2023-07-28 10:49:27,4496.45,113560,1,4473.08,32790,32681,2.1897229608417863,0
2023-07-28 10:49:27,4496.45,113560,1,4473.08,32769,32670,2.1897229608417863,0
2023-07-28 10:49:31,4496.45,113562,2,4473.08,32789,32674,2.1897229608417863,0
2023-07-28 10:49:32,4496.45,113563,1,4473.08,32779,32673,2.1897229608417863,0
2023-07-28 10:49:33,4495.55,113564,1,4473.08,32656,32861,2.169268880252717,0
2023-07-28 10:49:33,4495.55,113564,1,4473.08,32706,32788,2.169268880252717,0
2023-07-28 10:49:33,4495.55,113564,1,4473.08,32851,32773,2.169268880252717,0
2023-07-28 10:49:33,4495.55,113564,1,4473.08,32629,32820,2.169268880252717,0
2023-07-28 10:49:33,4495.55,113564,1,4473.08,32738,32739,2.169268880252717,0
2023-07-28 10:49:33,4495.55,113564,1,4473.08,32638,32742,2.169268880252717,0
2023-07-28 10:49:33,4495.55,113564,1,4473.08,32646,32742,2.169268880252717,0
2023-07-28 10:49:33,4495.55,113564,1,4473.08,32666,32742,2.169268880252717,0
2023-07-28 10:49:33,4495.55,113564,1,4473.08,32656,32742,2.169268880252717,0
2023-07-28 10:49:33,4495.55,113564,1,4473.08,32644,32742,2.169268880252717,0
2023-07-28 10:49:33,4495.55,113564,1,4473.08,32733,32771,2.169268880252717,0
2023-07-28 10:49:33,4495.55,113564,1,4473.08,32765,32749,2.169268880252717,0
2023-07-28 10:49:33,4495.55,113564,1,4473.08,32759,32760,2.169268880252717,0
2023-07-28 10:49:33,4495.55,113564,1,4473.08,32759,32760,2.169268880252717,0
2023-07-28 10:49:33,4495.55,113564,1,4473.08,32759,32760,2.169268880252717,0
2023-07-28 10:49:33,4495.55,113564,1,4473.08,32778,32744,2.169268880252717,0
2023-07-28 10:49:33,4495.5,113564,1,4473.08,32758,32754,2.168132542442209,0
2023-07-28 10:49:50,4495.5,113565,1,4473.08,32728,32749,2.168132542442209,0
2023-07-28 10:49:50,4495.5,113565,1,4473.08,32758,32770,2.168132542442209,0
2023-07-28 10:49:50,4495.5,113565,1,4473.08,32758,32777,2.168132542442209,0
2023-07-28 10:49:50,4495.5,113565,1,4473.08,32772,32767,2.168132542442209,0
2023-07-28 10:49:50,4495.5,113565,1,4473.08,32751,32775,2.168132542442209,0
2023-07-28 10:49:50,4495.5,113565,1,4473.08,32772,32756,2.168132542442209,0
2023-07-28 10:49:50,4495.5,113565,1,4473.08,32772,32756,2.168132542442209,0
2023-07-28 10:49:57,4495.5,113567,1,4473.08,32761,32771,2.168132542442209,0
2023-07-28 10:49:57,4498.15,113567,14,4473.08,32761,32774,2.2283584463989285,0
2023-07-28 10:49:59,4498.15,114067,14,4473.19,32792,32699,2.2283584463989285,0
2023-07-28 10:49:59,4498.15,114067,14,4473.19,32834,32702,2.2283584463989285,0
2023-07-28 10:49:59,4498.15,114067,14,4473.19,32739,32713,2.2283584463989285,0
2023-07-28 10:49:59,4496.85,114067,14,4473.19,32783,32702,2.1988136633258333,0
2023-07-28 10:50:03,4498.55,114667,8,4473.31,33149,31322,2.2374491488829755,0
2023-07-28 10:50:03,4498.55,114667,8,4473.31,33140,31368,2.2374491488829755,0
2023-07-28 10:50:06,4498.25,114686,9,4473.32,33070,31560,2.2306311220199455,0
2023-07-28 10:50:06,4498.3,114686,2,4473.32,32912,32508,2.231767459830454,0
2023-07-28 10:50:07,4498.3,114689,2,4473.32,32900,32480,2.231767459830454,0
2023-07-28 10:50:07,4498.3,114689,2,4473.32,32900,32480,2.231767459830454,0
2023-07-28 10:50:07,4498.25,114689,4,4473.32,32900,32480,2.2306311220199455,0
2023-07-28 10:50:10,4499.0,114843,23,4473.35,32950,32386,2.2476761891775103,0
2023-07-28 10:50:10,4499.0,114843,23,4473.35,32950,32386,2.2476761891775103,0
2023-07-28 10:50:10,4500.0,114843,18,4473.35,32976,32387,2.2704029453875965,0
2023-07-28 10:50:12,4499.0,115403,10,4473.48,33024,32086,2.2476761891775103,0
2023-07-28 10:50:13,4499.05,115406,2,4473.48,33021,32086,2.2488125269880186,0
2023-07-28 10:50:14,4501.0,115565,2,4473.52,33260,30941,2.2931297015976826,0
2023-07-28 10:50:15,4500.0,115571,1,4473.52,33290,30905,2.2704029453875965,0
2023-07-28 10:50:15,4500.0,115571,1,4473.52,33294,31860,2.2704029453875965,0
2023-07-28 10:50:15,4500.0,115571,1,4473.52,33294,31860,2.2704029453875965,0
2023-07-28 10:50:17,4500.0,115572,1,4473.52,33387,31871,2.2704029453875965,0
2023-07-28 10:50:17,4500.0,115572,1,4473.52,33390,31871,2.2704029453875965,0
2023-07-28 10:50:17,4500.0,115572,1,4473.52,33367,31874,2.2704029453875965,0
2023-07-28 10:50:17,4501.8,115572,9,4473.52,33423,31874,2.3113111065657557,0
2023-07-28 10:50:20,4501.8,115600,11,4473.53,33375,31850,2.3113111065657557,0
2023-07-28 10:50:20,4501.8,115600,11,4473.53,33375,31850,2.3113111065657557,0
2023-07-28 10:50:20,4501.8,115600,11,4473.53,33496,31849,2.3113111065657557,0
2023-07-28 10:50:20,4501.8,115600,11,4473.53,33496,31849,2.3113111065657557,0
2023-07-28 10:50:20,4500.0,115600,3,4473.53,33496,31850,2.2704029453875965,0
2023-07-28 10:50:23,4500.0,115614,2,4473.53,33459,31850,2.2704029453875965,0
2023-07-28 10:50:23,4500.0,115614,2,4473.53,33459,31850,2.2704029453875965,0
2023-07-28 10:50:23,4500.0,115614,2,4473.53,33459,31850,2.2704029453875965,0
2023-07-28 10:50:23,4501.8,115614,26,4473.53,33459,31850,2.3113111065657557,0
2023-07-28 10:50:25,4501.8,115659,26,4473.54,33464,31758,2.3113111065657557,0
2023-07-28 10:50:25,4501.8,115659,26,4473.54,33410,31748,2.3113111065657557,0
2023-07-28 10:50:25,4501.8,115659,26,4473.54,33410,31769,2.3113111065657557,0
2023-07-28 10:50:25,4501.8,115659,26,4473.54,33410,31735,2.3113111065657557,0
2023-07-28 10:50:25,4501.8,115659,26,4473.54,33411,31837,2.3113111065657557,0
2023-07-28 10:50:25,4501.8,115659,26,4473.54,33400,31832,2.3113111065657557,0
2023-07-28 10:50:31,4500.2,115759,20,4473.57,33309,31864,2.2749482966296095,0
2023-07-28 10:50:31,4501.85,115759,1,4473.57,33447,31732,2.312447444376264,0
2023-07-28 10:50:33,4501.15,115797,5,4473.57,33520,30862,2.296538715029187,0
2023-07-28 10:50:33,4501.15,115797,5,4473.57,33533,30894,2.296538715029187,0
2023-07-28 10:50:33,4501.15,115797,5,4473.57,33555,30916,2.296538715029187,0
2023-07-28 10:50:33,4501.15,115797,5,4473.57,33554,31807,2.296538715029187,0
2023-07-28 10:50:33,4501.15,115797,5,4473.57,33517,31811,2.296538715029187,0
2023-07-28 10:50:33,4500.3,115797,1,4473.57,33517,31811,2.2772209722506265,0
2023-07-28 10:50:38,4501.95,115803,3,4473.58,33414,31829,2.31472011999726,0
2023-07-28 10:50:38,4501.95,115803,3,4473.58,33356,31834,2.31472011999726,0
2023-07-28 10:50:38,4501.95,115803,3,4473.58,33135,31727,2.31472011999726,0
2023-07-28 10:50:38,4501.95,115803,3,4473.58,33291,31761,2.31472011999726,0
2023-07-28 10:50:38,4501.95,115803,3,4473.58,33288,31741,2.31472011999726,0
2023-07-28 10:50:38,4500.0,115803,1,4473.58,33288,31735,2.2704029453875965,0
2023-07-28 10:50:45,4500.0,115817,1,4473.58,33288,31736,2.2704029453875965,0
2023-07-28 10:50:45,4500.0,115817,1,4473.58,33290,31741,2.2704029453875965,0
2023-07-28 10:50:45,4500.0,115817,1,4473.58,33287,31755,2.2704029453875965,0
2023-07-28 10:50:45,4500.0,115817,1,4473.58,33334,31757,2.2704029453875965,0
2023-07-28 10:50:45,4500.0,115817,1,4473.58,33252,31762,2.2704029453875965,0
2023-07-28 10:50:45,4501.0,115817,1,4473.58,33282,31765,2.2931297015976826,0
2023-07-28 10:50:51,4501.0,115818,1,4473.58,33299,31760,2.2931297015976826,0
2023-07-28 10:50:53,4500.0,115828,1,4473.58,33334,31801,2.2704029453875965,0
2023-07-28 10:50:53,4500.0,115828,1,4473.58,33349,31794,2.2704029453875965,0
2023-07-28 10:50:55,4501.95,115833,3,4473.58,33356,31799,2.31472011999726,0
2023-07-28 10:50:55,4501.95,115833,3,4473.58,33355,31799,2.31472011999726,0
2023-07-28 10:50:55,4501.95,115833,3,4473.58,33356,31809,2.31472011999726,0
2023-07-28 10:50:55,4501.95,115833,3,4473.58,33350,31809,2.31472011999726,0
2023-07-28 10:50:55,4501.95,115833,3,4473.58,33350,31814,2.31472011999726,0
2023-07-28 10:50:55,4501.95,115833,3,4473.58,33350,31824,2.31472011999726,0
2023-07-28 10:50:55,4501.95,115833,1,4473.58,33350,31824,2.31472011999726,0
2023-07-28 10:51:00,4501.95,115834,1,4473.58,33358,31876,2.31472011999726,0
2023-07-28 10:51:01,4501.95,115835,1,4473.58,33361,31875,2.31472011999726,0
2023-07-28 10:51:01,4501.95,115835,10,4473.58,33361,31875,2.31472011999726,0
2023-07-28 10:51:02,4500.0,115850,3,4473.59,33390,31867,2.2704029453875965,0
2023-07-28 10:51:02,4500.0,115850,3,4473.59,33442,31867,2.2704029453875965,0
2023-07-28 10:51:02,4500.0,115850,3,4473.59,33439,31879,2.2704029453875965,0
2023-07-28 10:51:02,4500.0,115850,3,4473.59,33489,31887,2.2704029453875965,0
2023-07-28 10:51:02,4500.0,115850,3,4473.59,33489,31898,2.2704029453875965,0
2023-07-28 10:51:02,4500.0,115850,10,4473.59,33489,31898,2.2704029453875965,0
2023-07-28 10:51:08,4500.0,115860,10,4473.59,33478,31934,2.2704029453875965,0
2023-07-28 10:51:08,4500.0,115860,10,4473.59,33512,31941,2.2704029453875965,0
2023-07-28 10:51:10,4500.0,115922,3,4473.6,33456,31940,2.2704029453875965,0
2023-07-28 10:51:11,4500.0,115932,3,4473.61,33465,31967,2.2704029453875965,0
2023-07-28 10:51:11,4500.0,115932,3,4473.61,33467,31967,2.2704029453875965,0
2023-07-28 10:51:12,4501.95,115937,5,4473.61,33463,31965,2.31472011999726,0
2023-07-28 10:51:12,4501.95,115937,5,4473.61,33466,31956,2.31472011999726,0
2023-07-28 10:51:12,4501.95,115937,5,4473.61,33466,31956,2.31472011999726,0
2023-07-28 10:51:12,4501.95,115937,5,4473.61,33466,31966,2.31472011999726,0
2023-07-28 10:51:12,4502.0,115937,3,4473.61,33466,31953,2.3158564578077687,0
2023-07-28 10:51:17,4502.0,115948,3,4473.61,33468,32045,2.3158564578077687,0
2023-07-28 10:51:17,4500.0,115948,4,4473.61,33468,32045,2.2704029453875965,0
2023-07-28 10:51:19,4500.0,115967,10,4473.61,33442,32070,2.2704029453875965,0
2023-07-28 10:51:19,4500.0,115967,10,4473.61,33445,32070,2.2704029453875965,0
2023-07-28 10:51:19,4500.0,115967,10,4473.61,33450,32079,2.2704029453875965,0
2023-07-28 10:51:22,4502.0,115972,5,4473.62,33450,32062,2.3158564578077687,0
2023-07-28 10:51:22,4500.0,115972,2,4473.62,33450,32062,2.2704029453875965,0
2023-07-28 10:51:23,4500.0,115994,2,4473.62,33443,32115,2.2704029453875965,0
2023-07-28 10:51:23,4500.0,115994,2,4473.62,33445,32116,2.2704029453875965,0
2023-07-28 10:51:23,4500.0,115994,2,4473.62,33445,32124,2.2704029453875965,0
2023-07-28 10:51:23,4500.0,115994,2,4473.62,33450,31993,2.2704029453875965,0
2023-07-28 10:51:23,4500.0,115994,2,4473.62,33450,31993,2.2704029453875965,0
2023-07-28 10:51:23,4500.0,115994,2,4473.62,33450,32000,2.2704029453875965,0
2023-07-28 10:51:23,4500.0,115994,2,4473.62,33458,32005,2.2704029453875965,0
2023-07-28 10:51:23,4500.0,115994,2,4473.62,33450,32009,2.2704029453875965,0
2023-07-28 10:51:23,4500.0,115994,10,4473.62,33451,32026,2.2704029453875965,0
2023-07-28 10:51:33,4500.0,116004,10,4473.62,33441,32026,2.2704029453875965,0
2023-07-28 10:51:34,4500.0,116011,7,4473.62,33442,32040,2.2704029453875965,0
2023-07-28 10:51:34,4500.0,116011,7,4473.62,33451,32042,2.2704029453875965,0
2023-07-28 10:51:34,4500.0,116011,7,4473.62,33456,32051,2.2704029453875965,0
2023-07-28 10:51:34,4500.0,116011,7,4473.62,33456,32053,2.2704029453875965,0
2023-07-28 10:51:34,4500.0,116011,7,4473.62,33456,32044,2.2704029453875965,0
2023-07-28 10:51:34,4500.0,116011,7,4473.62,33448,32056,2.2704029453875965,0
2023-07-28 10:51:34,4500.0,116011,7,4473.62,33448,32055,2.2704029453875965,0
2023-07-28 10:51:34,4500.0,116011,7,4473.62,33453,32029,2.2704029453875965,0
2023-07-28 10:51:34,4500.0,116011,7,4473.62,33465,32029,2.2704029453875965,0
2023-07-28 10:51:34,4500.0,116011,7,4473.62,33441,32029,2.2704029453875965,0
2023-07-28 10:51:34,4500.0,116011,7,4473.62,33433,32039,2.2704029453875965,0
2023-07-28 10:51:34,4500.0,116011,1,4473.62,33433,32039,2.2704029453875965,0
2023-07-28 10:51:48,4500.0,116012,1,4473.62,33442,32050,2.2704029453875965,0
2023-07-28 10:51:50,4501.0,116013,1,4473.63,33449,32049,2.2931297015976826,0
2023-07-28 10:51:50,4500.0,116013,24,4473.63,33449,32049,2.2704029453875965,0
2023-07-28 10:51:51,4500.0,116038,24,4473.63,33400,32062,2.2704029453875965,0
2023-07-28 10:51:51,4500.0,116038,24,4473.63,33415,32052,2.2704029453875965,0
2023-07-28 10:51:51,4500.0,116038,24,4473.63,33415,32052,2.2704029453875965,0
2023-07-28 10:51:51,4500.0,116038,24,4473.63,33417,32048,2.2704029453875965,0
2023-07-28 10:51:51,4500.0,116038,24,4473.63,33415,32048,2.2704029453875965,0
2023-07-28 10:51:51,4500.0,116038,24,4473.63,33415,32048,2.2704029453875965,0
2023-07-28 10:51:51,4500.0,116038,24,4473.63,33418,32048,2.2704029453875965,0
2023-07-28 10:51:51,4500.0,116038,24,4473.63,33420,32048,2.2704029453875965,0
2023-07-28 10:51:51,4500.0,116038,24,4473.63,33428,32058,2.2704029453875965,0
2023-07-28 10:51:51,4500.0,116038,24,4473.63,33428,32058,2.2704029453875965,0
2023-07-28 10:51:51,4500.0,116038,24,4473.63,33428,32058,2.2704029453875965,0
2023-07-28 10:51:51,4500.0,116038,2,4473.63,33428,32058,2.2704029453875965,0
2023-07-28 10:52:04,4500.0,116040,2,4473.63,33409,32067,2.2704029453875965,0
2023-07-28 10:52:05,4500.0,116121,1,4473.65,33294,32148,2.2704029453875965,0
2023-07-28 10:52:05,4500.0,116121,1,4473.65,33294,32148,2.2704029453875965,0
2023-07-28 10:52:05,4501.0,116121,1,4473.65,33294,32148,2.2931297015976826,0
2023-07-28 10:52:06,4501.0,116123,1,4473.65,33324,32126,2.2931297015976826,0
2023-07-28 10:52:06,4500.0,116123,6,4473.65,33324,32126,2.2704029453875965,0
2023-07-28 10:52:09,4500.0,116243,2,4473.68,33125,32188,2.2704029453875965,0
2023-07-28 10:52:09,4500.0,116243,2,4473.68,33159,32163,2.2704029453875965,0
2023-07-28 10:52:09,4500.0,116243,2,4473.68,33140,32184,2.2704029453875965,0
2023-07-28 10:52:09,4500.0,116243,2,4473.68,33140,32184,2.2704029453875965,0
2023-07-28 10:52:16,4500.0,116264,2,4473.68,33071,32284,2.2704029453875965,0
2023-07-28 10:52:16,4500.0,116264,2,4473.68,33128,32205,2.2704029453875965,0
2023-07-28 10:52:16,4500.0,116264,2,4473.68,33105,32231,2.2704029453875965,0
2023-07-28 10:52:16,4500.0,116264,9,4473.68,33105,32231,2.2704029453875965,0
2023-07-28 10:52:24,4500.0,116311,9,4473.69,33180,32139,2.2704029453875965,0
2023-07-28 10:52:24,4500.0,116311,1,4473.69,33180,32139,2.2704029453875965,0
2023-07-28 10:52:24,4500.0,116311,1,4473.69,33180,32139,2.2704029453875965,0
2023-07-28 10:52:24,4500.0,116311,1,4473.69,33180,32139,2.2704029453875965,0
2023-07-28 10:52:27,4500.0,116437,1,4473.72,33155,32186,2.2704029453875965,0
2023-07-28 10:52:27,4500.0,116437,1,4473.72,33158,32147,2.2704029453875965,0
2023-07-28 10:52:27,4500.0,116437,10,4473.72,33158,32147,2.2704029453875965,0
2023-07-28 10:52:31,4500.1,116448,38,4473.72,33192,32189,2.2726756210086134,0
2023-07-28 10:52:36,4500.0,116501,1,4473.74,33231,32129,2.2704029453875965,0
2023-07-28 10:52:36,4500.0,116501,1,4473.74,33232,32333,2.2704029453875965,0
2023-07-28 10:52:36,4500.0,116501,1,4473.74,33320,32349,2.2704029453875965,0
2023-07-28 10:52:36,4500.0,116501,5,4473.74,33320,32349,2.2704029453875965,0
2023-07-28 10:52:42,4500.0,116507,5,4473.74,33304,32348,2.2704029453875965,0
2023-07-28 10:52:42,4500.0,116507,5,4473.74,33342,32347,2.2704029453875965,0
2023-07-28 10:52:42,4500.0,116507,5,4473.74,33411,32336,2.2704029453875965,0
2023-07-28 10:52:42,4500.0,116507,5,4473.74,33417,32301,2.2704029453875965,0
2023-07-28 10:52:42,4500.0,116507,5,4473.74,33453,32313,2.2704029453875965,0
2023-07-28 10:52:42,4501.0,116507,10,4473.74,33453,32313,2.2931297015976826,0
2023-07-28 10:52:57,4501.0,116517,10,4473.74,33481,32320,2.2931297015976826,0
2023-07-28 10:53:00,4502.0,116542,6,4473.75,33481,32362,2.3158564578077687,0
2023-07-28 10:53:00,4502.0,116542,30,4473.75,33481,32362,2.3158564578077687,0
2023-07-28 10:53:01,4502.0,116572,30,4473.75,33521,32309,2.3158564578077687,0
2023-07-28 10:53:01,4501.0,116572,50,4473.75,33521,32309,2.2931297015976826,0
2023-07-28 10:53:04,4501.0,116622,50,4473.76,33433,32327,2.2931297015976826,0
2023-07-28 10:53:04,4501.9,116622,1,4473.76,33433,32305,2.3135837821867518,0
2023-07-28 10:53:08,4501.9,116623,1,4473.76,33452,32322,2.3135837821867518,0
2023-07-28 10:53:08,4501.9,116623,1,4473.76,33463,32332,2.3135837821867518,0
2023-07-28 10:53:08,4501.9,116623,1,4473.76,33463,32329,2.3135837821867518,0
2023-07-28 10:53:08,4501.9,116623,1,4473.76,33463,32332,2.3135837821867518,0
2023-07-28 10:53:08,4501.0,116623,25,4473.76,33463,32332,2.2931297015976826,0
2023-07-28 10:53:12,4501.0,116658,10,4473.77,33455,32332,2.2931297015976826,0
2023-07-28 10:53:14,4501.0,116708,50,4473.78,33402,32282,2.2931297015976826,0
2023-07-28 10:53:14,4501.0,116708,50,4473.78,33402,32287,2.2931297015976826,0
2023-07-28 10:53:14,4501.0,116708,50,4473.78,33402,32288,2.2931297015976826,0
2023-07-28 10:53:14,4501.0,116708,50,4473.78,33381,32288,2.2931297015976826,0
2023-07-28 10:53:14,4501.0,116708,50,4473.78,33381,32288,2.2931297015976826,0
2023-07-28 10:53:14,4501.0,116708,50,4473.78,33381,32288,2.2931297015976826,0
2023-07-28 10:53:14,4501.0,116708,50,4473.78,33381,32288,2.2931297015976826,0
2023-07-28 10:53:23,4501.0,116723,15,4473.79,33341,32292,2.2931297015976826,0
2023-07-28 10:53:23,4501.0,116723,15,4473.79,33341,32292,2.2931297015976826,0
2023-07-28 10:53:23,4501.0,116723,15,4473.79,33341,32292,2.2931297015976826,0
2023-07-28 10:53:23,4501.0,116723,15,4473.79,33345,32292,2.2931297015976826,0
2023-07-28 10:53:23,4501.0,116723,15,4473.79,33345,32292,2.2931297015976826,0
2023-07-28 10:53:23,4501.0,116723,15,4473.79,33341,32292,2.2931297015976826,0
2023-07-28 10:53:23,4500.0,116723,2,4473.79,33341,32251,2.2704029453875965,0
2023-07-28 10:53:27,4500.0,116725,2,4473.79,33339,32251,2.2704029453875965,0
2023-07-28 10:53:27,4500.0,116725,2,4473.79,33340,32256,2.2704029453875965,0
2023-07-28 10:53:27,4500.0,116725,2,4473.79,33340,32264,2.2704029453875965,0
2023-07-28 10:53:31,4500.0,116727,2,4473.79,33338,32264,2.2704029453875965,0
2023-07-28 10:53:32,4501.9,116757,2,4473.8,33347,32203,2.3135837821867518,0
2023-07-28 10:53:32,4501.9,116757,2,4473.8,33344,32215,2.3135837821867518,0
2023-07-28 10:53:34,4501.9,116762,3,4473.8,33356,32244,2.3135837821867518,0
2023-07-28 10:53:34,4501.9,116762,3,4473.8,33356,32244,2.3135837821867518,0
2023-07-28 10:53:34,4500.0,116762,4,4473.8,33356,32244,2.2704029453875965,0
2023-07-28 10:53:37,4500.0,116792,4,4473.8,33305,32260,2.2704029453875965,0
2023-07-28 10:53:37,4500.0,116792,4,4473.8,33287,32270,2.2704029453875965,0
2023-07-28 10:53:37,4500.0,116792,4,4473.8,33302,32275,2.2704029453875965,0
2023-07-28 10:53:37,4500.0,116792,4,4473.8,33302,32275,2.2704029453875965,0
2023-07-28 10:53:37,4501.9,116792,2,4473.8,33302,32275,2.3135837821867518,0
2023-07-28 10:53:41,4501.9,116794,2,4473.8,33303,32273,2.3135837821867518,0
2023-07-28 10:53:41,4501.9,116794,2,4473.8,33309,32276,2.3135837821867518,0
2023-07-28 10:53:41,4501.9,116794,2,4473.8,33331,32245,2.3135837821867518,0
2023-07-28 10:53:41,4501.9,116794,2,4473.8,33331,32245,2.3135837821867518,0
2023-07-28 10:53:41,4501.9,116794,2,4473.8,33343,32285,2.3135837821867518,0
2023-07-28 10:53:41,4501.9,116794,2,4473.8,33370,32274,2.3135837821867518,0
2023-07-28 10:53:50,4501.9,116799,1,4473.81,33382,32248,2.3135837821867518,0
2023-07-28 10:53:50,4501.9,116799,1,4473.81,33382,32248,2.3135837821867518,0
2023-07-28 10:53:50,4501.9,116799,1,4473.81,33382,32269,2.3135837821867518,0
2023-07-28 10:53:50,4501.9,116799,1,4473.81,33382,32269,2.3135837821867518,0
2023-07-28 10:53:50,4501.9,116799,1,4473.81,33382,32269,2.3135837821867518,0
2023-07-28 10:53:50,4501.9,116799,1,4473.81,33382,32272,2.3135837821867518,0
2023-07-28 10:53:50,4501.9,116799,1,4473.81,33382,32269,2.3135837821867518,0
2023-07-28 10:53:50,4501.9,116799,1,4473.81,33379,32280,2.3135837821867518,0
2023-07-28 10:53:50,4501.9,116799,1,4473.81,33379,32285,2.3135837821867518,0
2023-07-28 10:53:50,4501.9,116799,1,4473.81,33379,32285,2.3135837821867518,0
2023-07-28 10:53:50,4501.9,116799,1,4473.81,33379,32285,2.3135837821867518,0
2023-07-28 10:53:50,4499.95,116799,1,4473.81,33379,32285,2.2692666075770878,0
2023-07-28 10:53:50,4496.3,116799,1,4473.81,33379,32285,2.186313947410282,0
2023-07-28 10:54:10,4492.8,117179,1,4473.88,32734,32654,2.1067703006749805,0
2023-07-28 10:54:10,4492.95,117179,1,4473.88,32660,32544,2.110179314106485,0
2023-07-28 10:54:10,4492.95,117179,2,4473.88,32660,32544,2.110179314106485,0
2023-07-28 10:54:10,4492.85,117179,1,4473.88,32660,32544,2.1079066384854888,0
2023-07-28 10:54:14,4492.85,117187,1,4473.89,32506,32513,2.1079066384854888,0
2023-07-28 10:54:14,4495.0,117187,2,4473.89,32506,32513,2.156769164337166,0
2023-07-28 10:54:16,4495.05,117210,1,4473.89,32568,32449,2.157905502147674,0
2023-07-28 10:54:16,4495.7,117210,1,4473.89,32568,32449,2.172677893684222,0
2023-07-28 10:54:19,4495.7,117213,1,4473.89,32752,32454,2.172677893684222,0
2023-07-28 10:54:19,4495.7,117213,1,4473.89,32752,32454,2.172677893684222,0
2023-07-28 10:54:19,4495.7,117213,16,4473.89,32752,32454,2.172677893684222,0
2023-07-28 10:54:19,4496.8,117213,3,4473.89,32752,32454,2.197677325515325,0
2023-07-28 10:54:23,4496.8,117235,3,4473.89,32858,32297,2.197677325515325,0
2023-07-28 10:54:23,4496.85,117235,1,4473.89,32858,32297,2.1988136633258333,0
2023-07-28 10:54:23,4496.85,117235,4,4473.89,32858,32297,2.1988136633258333,0
2023-07-28 10:54:28,4496.85,117258,4,4473.9,32872,32549,2.1988136633258333,0
2023-07-28 10:54:28,4496.9,117258,1,4473.9,32872,32549,2.199950001136321,0
2023-07-28 10:54:28,4497.35,117258,3,4473.9,32872,32549,2.2101770414308763,0
2023-07-28 10:54:31,4496.95,117420,3,4473.93,32947,31512,2.2010863389468294,0
2023-07-28 10:54:31,4496.95,117425,3,4473.93,32789,31793,2.2010863389468294,0
2023-07-28 10:54:31,4499.65,117425,1,4473.93,32789,31793,2.2624485807140577,0
2023-07-28 10:54:34,4499.9,117473,1,4473.94,32932,32840,2.2681302697665795,0
2023-07-28 10:54:39,4500.0,117563,2,4473.96,32843,31919,2.2704029453875965,0
2023-07-28 10:54:39,4500.0,117563,1,4473.96,32843,31919,2.2704029453875965,0
2023-07-28 10:54:39,4500.0,117563,8,4473.96,32843,31919,2.2704029453875965,0
2023-07-28 10:54:41,4498.35,117704,2,4473.99,32956,32452,2.2329037976409625,0
2023-07-28 10:54:41,4499.0,117704,2,4473.99,32956,32452,2.2476761891775103,0
2023-07-28 10:54:42,4499.0,117706,2,4474.0,33004,32797,2.2476761891775103,0
2023-07-28 10:54:47,4500.0,117860,16,4474.03,32945,33358,2.2704029453875965,0
2023-07-28 10:54:50,4500.0,117935,6,4474.05,32904,33703,2.2704029453875965,0
2023-07-28 10:54:50,4500.0,117935,6,4474.05,32991,35511,2.2704029453875965,0
2023-07-28 10:54:50,4500.0,117935,6,4474.05,32991,35511,2.2704029453875965,0
2023-07-28 10:54:54,4500.0,118000,4,4474.06,33092,34316,2.2704029453875965,0
2023-07-28 10:54:54,4500.0,118000,4,4474.06,33183,35084,2.2704029453875965,0
2023-07-28 10:54:54,4500.0,118000,4,4474.06,33228,35579,2.2704029453875965,0
2023-07-28 10:54:54,4500.0,118000,4,4474.06,33361,35629,2.2704029453875965,0
2023-07-28 10:54:54,4500.0,118000,13,4474.06,33361,35629,2.2704029453875965,0
2023-07-28 10:55:06,4500.0,118091,13,4474.08,33370,35656,2.2704029453875965,0
2023-07-28 10:55:06,4500.0,118091,13,4474.08,33376,35641,2.2704029453875965,0
2023-07-28 10:55:06,4500.0,118091,13,4474.08,33420,35646,2.2704029453875965,0
2023-07-28 10:55:10,4500.0,118096,2,4474.08,33449,35644,2.2704029453875965,0
2023-07-28 10:55:10,4500.0,118096,7,4474.08,33449,35644,2.2704029453875965,0
2023-07-28 10:55:11,4500.0,118103,7,4474.08,33445,35724,2.2704029453875965,0
2023-07-28 10:55:11,4500.0,118103,7,4474.08,33438,35708,2.2704029453875965,0
2023-07-28 10:55:11,4500.0,118103,7,4474.08,33438,35767,2.2704029453875965,0
2023-07-28 10:55:11,4500.5,118103,2,4474.08,33428,35777,2.2817663234926395,0
2023-07-28 10:55:15,4500.5,118105,2,4474.08,33504,35734,2.2817663234926395,0
2023-07-28 10:55:15,4500.5,118105,2,4474.08,33504,35734,2.2817663234926395,0
2023-07-28 10:55:15,4500.5,118105,2,4474.08,33579,35734,2.2817663234926395,0
2023-07-28 10:55:15,4500.5,118105,2,4474.08,33580,35738,2.2817663234926395,0
2023-07-28 10:55:15,4500.5,118105,2,4474.08,33580,35738,2.2817663234926395,0
2023-07-28 10:55:15,4500.5,118105,2,4474.08,33534,35776,2.2817663234926395,0
2023-07-28 10:55:15,4500.5,118105,2,4474.08,33557,35778,2.2817663234926395,0
2023-07-28 10:55:15,4500.5,118105,2,4474.08,33567,35763,2.2817663234926395,0
2023-07-28 10:55:15,4500.5,118105,2,4474.08,33579,35760,2.2817663234926395,0
2023-07-28 10:55:15,4500.5,118105,2,4474.08,33591,35751,2.2817663234926395,0
2023-07-28 10:55:15,4501.0,118105,1,4474.08,33591,35751,2.2931297015976826,0
2023-07-28 10:55:28,4501.0,118106,1,4474.08,33608,35752,2.2931297015976826,0
2023-07-28 10:55:28,4501.0,118106,1,4474.08,33584,35751,2.2931297015976826,0
2023-07-28 10:55:28,4501.0,118106,1,4474.08,33663,35749,2.2931297015976826,0
2023-07-28 10:55:28,4501.0,118106,1,4474.08,33663,35751,2.2931297015976826,0
2023-07-28 10:55:28,4500.0,118106,1,4474.08,33663,35751,2.2704029453875965,0
2023-07-28 10:55:32,4500.0,118116,1,4474.08,33672,35751,2.2704029453875965,0
2023-07-28 10:55:32,4500.0,118116,1,4474.08,33683,35756,2.2704029453875965,0
2023-07-28 10:55:32,4500.0,118116,1,4474.08,33673,35788,2.2704029453875965,0
2023-07-28 10:55:32,4500.0,118116,1,4474.08,33673,35783,2.2704029453875965,0
2023-07-28 10:55:32,4500.0,118116,1,4474.08,33673,35785,2.2704029453875965,0
2023-07-28 10:55:32,4500.0,118116,1,4474.08,33694,35784,2.2704029453875965,0
2023-07-28 10:55:39,4500.05,118117,1,4474.09,33700,35786,2.2715392831981047,0
2023-07-28 10:55:39,4500.05,118117,1,4474.09,33699,35808,2.2715392831981047,0
2023-07-28 10:55:39,4500.05,118117,1,4474.09,33690,35808,2.2715392831981047,0
2023-07-28 10:55:39,4500.0,118117,2,4474.09,33695,35808,2.2704029453875965,0
2023-07-28 10:55:44,4500.0,118122,2,4474.09,33672,35803,2.2704029453875965,0
2023-07-28 10:55:44,4500.0,118122,2,4474.09,33670,35806,2.2704029453875965,0
2023-07-28 10:55:44,4500.0,118122,2,4474.09,33670,35806,2.2704029453875965,0
2023-07-28 10:55:44,4500.0,118122,2,4474.09,33670,35806,2.2704029453875965,0
2023-07-28 10:55:44,4500.0,118122,2,4474.09,33670,35806,2.2704029453875965,0
2023-07-28 10:55:44,4500.0,118122,10,4474.09,33670,35804,2.2704029453875965,0
2023-07-28 10:55:52,4500.0,118272,10,4474.12,33624,35892,2.2704029453875965,0
2023-07-28 10:55:52,4500.0,118272,10,4474.12,33640,35974,2.2704029453875965,0
2023-07-28 10:55:52,4500.0,118272,10,4474.12,33640,36000,2.2704029453875965,0
2023-07-28 10:55:52,4500.0,118272,10,4474.12,33640,36025,2.2704029453875965,0
2023-07-28 10:55:52,4500.0,118272,10,4474.12,33622,36070,2.2704029453875965,0
2023-07-28 10:55:58,4500.1,118322,5,4474.13,33766,35300,2.2726756210086134,0
2023-07-28 10:55:58,4500.1,118322,5,4474.13,33759,35285,2.2726756210086134,0
2023-07-28 10:55:58,4500.1,118322,5,4474.13,33757,35976,2.2726756210086134,0
2023-07-28 10:55:58,4500.0,118322,4,4474.13,33757,35976,2.2704029453875965,0
2023-07-28 10:56:03,4500.0,118332,4,4474.13,33763,35976,2.2704029453875965,0
2023-07-28 10:56:03,4500.0,118332,4,4474.13,33764,35980,2.2704029453875965,0
2023-07-28 10:56:06,4500.0,118333,15,4474.13,33768,35880,2.2704029453875965,0
2023-07-28 10:56:06,4500.0,118358,15,4474.14,33743,35896,2.2704029453875965,0
2023-07-28 10:56:06,4500.0,118358,15,4474.14,33744,35896,2.2704029453875965,0
2023-07-28 10:56:06,4500.0,118358,3,4474.14,33744,35896,2.2704029453875965,0
2023-07-28 10:56:14,4500.0,118362,3,4474.14,33768,35886,2.2704029453875965,0
2023-07-28 10:56:14,4500.0,118362,3,4474.14,33786,35889,2.2704029453875965,0
2023-07-28 10:56:14,4501.0,118362,20,4474.14,33786,35889,2.2931297015976826,0
2023-07-28 10:56:19,4501.0,118477,20,4474.16,33972,34487,2.2931297015976826,0
2023-07-28 10:56:19,4501.0,118477,20,4474.16,33972,34487,2.2931297015976826,0
2023-07-28 10:56:19,4501.0,118477,20,4474.16,33972,34487,2.2931297015976826,0
2023-07-28 10:56:20,4503.0,118597,11,4474.19,34046,35120,2.338583214017855,0
2023-07-28 10:56:20,4503.0,118597,11,4474.19,34046,35120,2.338583214017855,0
2023-07-28 10:56:20,4503.0,118597,11,4474.19,34046,35120,2.338583214017855,0
2023-07-28 10:56:20,4503.0,118597,1,4474.19,34046,35120,2.338583214017855,0
2023-07-28 10:56:24,4503.0,118598,1,4474.19,33877,35009,2.338583214017855,0
2023-07-28 10:56:24,4503.0,118598,1,4474.19,33877,35009,2.338583214017855,0
2023-07-28 10:56:24,4503.0,118598,1,4474.19,33877,35009,2.338583214017855,0
2023-07-28 10:56:24,4503.0,118598,1,4474.19,33927,35024,2.338583214017855,0
2023-07-28 10:56:31,4500.6,118648,3,4474.2,33824,35079,2.2840389991136565,0
2023-07-28 10:56:31,4500.6,118648,2,4474.2,33824,35079,2.2840389991136565,0
2023-07-28 10:56:32,4500.6,118653,2,4474.21,33819,35104,2.2840389991136565,0
2023-07-28 10:56:32,4500.6,118653,2,4474.21,33799,35088,2.2840389991136565,0
2023-07-28 10:56:32,4500.6,118653,2,4474.21,33846,35088,2.2840389991136565,0
2023-07-28 10:56:32,4500.6,118653,2,4474.21,33809,35111,2.2840389991136565,0
2023-07-28 10:56:32,4500.6,118653,2,4474.21,33812,35102,2.2840389991136565,0
2023-07-28 10:56:32,4500.6,118653,2,4474.21,33832,35022,2.2840389991136565,0
2023-07-28 10:56:32,4500.6,118653,2,4474.21,33825,34988,2.2840389991136565,0
2023-07-28 10:56:32,4500.6,118653,2,4474.21,33856,34981,2.2840389991136565,0
2023-07-28 10:56:32,4500.6,118653,2,4474.21,34369,35470,2.2840389991136565,0
2023-07-28 10:56:32,4500.6,118653,2,4474.21,34369,35571,2.2840389991136565,0
2023-07-28 10:56:32,4500.65,118653,5,4474.21,34385,35521,2.285175336924144,0
2023-07-28 10:56:32,4500.65,118653,1,4474.21,34385,35521,2.285175336924144,0
2023-07-28 10:56:32,4500.65,118653,2,4474.21,34385,35521,2.285175336924144,0
2023-07-28 10:57:03,4500.65,118672,2,4474.21,34384,35559,2.285175336924144,0
2023-07-28 10:57:03,4500.65,118672,2,4474.21,34346,35568,2.285175336924144,0
2023-07-28 10:57:03,4500.65,118672,2,4474.21,34346,35588,2.285175336924144,0
2023-07-28 10:57:03,4500.65,118672,2,4474.21,34364,35600,2.285175336924144,0
2023-07-28 10:57:03,4500.65,118672,2,4474.21,34346,35600,2.285175336924144,0
2023-07-28 10:57:03,4500.65,118672,2,4474.21,34346,35600,2.285175336924144,0
2023-07-28 10:57:12,4500.65,118681,4,4474.21,34381,35626,2.285175336924144,0
2023-07-28 10:57:12,4500.65,118681,4,4474.21,34375,35605,2.285175336924144,0
2023-07-28 10:57:12,4500.65,118681,4,4474.21,34382,35616,2.285175336924144,0
2023-07-28 10:57:12,4500.65,118681,4,4474.21,34356,35610,2.285175336924144,0
2023-07-28 10:57:12,4500.65,118681,4,4474.21,34356,35610,2.285175336924144,0
2023-07-28 10:57:12,4500.65,118681,4,4474.21,34356,35609,2.285175336924144,0
2023-07-28 10:57:18,4500.65,118690,9,4474.21,34350,35648,2.285175336924144,0
2023-07-28 10:57:18,4500.65,118690,9,4474.21,34350,35641,2.285175336924144,0
2023-07-28 10:57:18,4500.65,118690,9,4474.21,34351,35663,2.285175336924144,0
2023-07-28 10:57:18,4500.65,118690,9,4474.21,34369,35652,2.285175336924144,0
2023-07-28 10:57:18,4500.65,118690,9,4474.21,34383,35635,2.285175336924144,0
2023-07-28 10:57:18,4500.65,118690,9,4474.21,34417,35639,2.285175336924144,0
2023-07-28 10:57:18,4500.65,118690,9,4474.21,34392,35650,2.285175336924144,0
2023-07-28 10:57:18,4500.65,118690,9,4474.21,34389,35664,2.285175336924144,0
2023-07-28 10:57:18,4500.65,118690,1,4474.21,34389,35664,2.285175336924144,0
2023-07-28 10:57:25,4500.65,118692,1,4474.21,34401,35646,2.285175336924144,0
2023-07-28 10:57:25,4500.65,118692,1,4474.21,34406,35622,2.285175336924144,0
2023-07-28 10:57:25,4500.65,118692,1,4474.21,34390,35629,2.285175336924144,0
2023-07-28 10:57:25,4500.65,118692,1,4474.21,34390,35679,2.285175336924144,0
2023-07-28 10:57:30,4500.65,118695,2,4474.22,34400,35838,2.285175336924144,0
2023-07-28 10:57:31,4500.65,118700,5,4474.22,34389,35801,2.285175336924144,0
2023-07-28 10:57:31,4500.65,118700,5,4474.22,34392,35801,2.285175336924144,0
2023-07-28 10:57:31,4500.65,118700,5,4474.22,34416,35826,2.285175336924144,0
2023-07-28 10:57:31,4500.65,118700,5,4474.22,34392,35799,2.285175336924144,0
2023-07-28 10:57:31,4500.65,118700,5,4474.22,34392,35799,2.285175336924144,0
2023-07-28 10:57:31,4500.65,118700,5,4474.22,34390,35826,2.285175336924144,0
2023-07-28 10:57:31,4500.65,118700,5,4474.22,34389,35814,2.285175336924144,0
2023-07-28 10:57:39,4500.65,118702,2,4474.22,34390,35841,2.285175336924144,0
2023-07-28 10:57:39,4500.65,118702,2,4474.22,34390,35841,2.285175336924144,0
2023-07-28 10:57:39,4500.65,118702,2,4474.22,34393,35832,2.285175336924144,0
2023-07-28 10:57:39,4500.65,118702,2,4474.22,34393,35832,2.285175336924144,0
2023-07-28 10:57:39,4500.65,118702,2,4474.22,34393,35848,2.285175336924144,0
2023-07-28 10:57:39,4500.65,118702,2,4474.22,34393,35848,2.285175336924144,0
2023-07-28 10:57:39,4500.65,118702,2,4474.22,34393,35848,2.285175336924144,0
2023-07-28 10:57:39,4500.65,118702,2,4474.22,34393,35848,2.285175336924144,0
2023-07-28 10:57:39,4500.65,118702,2,4474.22,34393,35848,2.285175336924144,0
2023-07-28 10:57:39,4500.65,118702,2,4474.22,34384,35858,2.285175336924144,0
2023-07-28 10:57:39,4500.65,118702,2,4474.22,34384,35858,2.285175336924144,0
2023-07-28 10:57:39,4500.65,118702,2,4474.22,34384,35886,2.285175336924144,0
2023-07-28 10:57:39,4500.65,118702,2,4474.22,34393,35836,2.285175336924144,0
2023-07-28 10:57:39,4500.65,118702,2,4474.22,34429,35845,2.285175336924144,0
2023-07-28 10:57:39,4500.65,118702,2,4474.22,34438,35870,2.285175336924144,0
2023-07-28 10:57:39,4500.65,118702,2,4474.22,34435,35842,2.285175336924144,0
2023-07-28 10:57:39,4500.65,118702,2,4474.22,34442,35817,2.285175336924144,0
2023-07-28 10:57:39,4500.65,118702,2,4474.22,34444,35817,2.285175336924144,0
2023-07-28 10:57:39,4500.65,118702,2,4474.22,34432,35817,2.285175336924144,0
2023-07-28 10:57:39,4500.65,118702,1,4474.22,34444,35817,2.285175336924144,0
2023-07-28 10:57:58,4500.65,118705,1,4474.22,34451,35842,2.285175336924144,0
2023-07-28 10:57:58,4500.65,118705,1,4474.22,34451,35842,2.285175336924144,0
2023-07-28 10:57:58,4500.65,118705,1,4474.22,34451,35852,2.285175336924144,0
2023-07-28 10:58:01,4500.65,118710,5,4474.22,34434,35854,2.285175336924144,0
2023-07-28 10:58:01,4500.65,118710,5,4474.22,34434,35854,2.285175336924144,0
2023-07-28 10:58:01,4500.65,118710,5,4474.22,34434,35882,2.285175336924144,0
2023-07-28 10:58:01,4500.65,118710,5,4474.22,34437,35882,2.285175336924144,0
2023-07-28 10:58:01,4500.65,118710,5,4474.22,34445,35854,2.285175336924144,0
2023-07-28 10:58:01,4500.65,118710,3,4474.22,34445,35854,2.285175336924144,0
2023-07-28 10:58:05,4500.65,118713,3,4474.22,34440,35894,2.285175336924144,0
2023-07-28 10:58:05,4500.65,118713,3,4474.22,34442,35898,2.285175336924144,0
2023-07-28 10:58:05,4500.65,118713,3,4474.22,34441,35898,2.285175336924144,0
2023-07-28 10:58:05,4500.65,118713,3,4474.22,34441,35896,2.285175336924144,0
2023-07-28 10:58:05,4500.65,118713,3,4474.22,34403,35886,2.285175336924144,0
2023-07-28 10:58:05,4500.65,118713,3,4474.22,34404,35904,2.285175336924144,0
2023-07-28 10:58:15,4500.65,118718,5,4474.22,34390,35924,2.285175336924144,0
2023-07-28 10:58:15,4500.65,118718,5,4474.22,34390,35924,2.285175336924144,0
2023-07-28 10:58:17,4500.6,118776,4,4474.23,33841,36161,2.2840389991136565,0
2023-07-28 10:58:17,4500.6,118776,4,4474.23,33841,36161,2.2840389991136565,0
2023-07-28 10:58:17,4500.6,118776,4,4474.23,33932,35949,2.2840389991136565,0
2023-07-28 10:58:17,4500.6,118776,4,4474.23,34119,35914,2.2840389991136565,0
2023-07-28 10:58:17,4500.6,118776,4,4474.23,34303,35919,2.2840389991136565,0
2023-07-28 10:58:17,4500.6,118776,4,4474.23,34315,35900,2.2840389991136565,0
2023-07-28 10:58:17,4500.6,118776,4,4474.23,34328,35892,2.2840389991136565,0
2023-07-28 10:58:17,4500.6,118776,4,4474.23,34182,35916,2.2840389991136565,0
2023-07-28 10:58:17,4500.6,118776,4,4474.23,34084,35950,2.2840389991136565,0
2023-07-28 10:58:17,4500.6,118776,4,4474.23,34289,35897,2.2840389991136565,0
2023-07-28 10:58:17,4500.6,118776,4,4474.23,34214,35885,2.2840389991136565,0
2023-07-28 10:58:17,4500.6,118776,4,4474.23,34221,35875,2.2840389991136565,0
2023-07-28 10:58:17,4500.6,118776,4,4474.23,34216,35906,2.2840389991136565,0
2023-07-28 10:58:17,4500.6,118776,4,4474.23,34104,35886,2.2840389991136565,0
2023-07-28 10:58:17,4502.65,118776,5,4474.23,34255,35893,2.330628849344316,0
2023-07-28 10:58:32,4502.65,118781,5,4474.23,34266,35860,2.330628849344316,0
2023-07-28 10:58:32,4502.65,118781,5,4474.23,34297,35867,2.330628849344316,0
2023-07-28 10:58:32,4502.65,118781,5,4474.23,34314,35865,2.330628849344316,0
2023-07-28 10:58:35,4502.65,118782,1,4474.23,34314,35861,2.330628849344316,0
2023-07-28 10:58:35,4500.2,118782,13,4474.23,34314,35861,2.2749482966296095,0
2023-07-28 10:58:37,4502.65,118805,3,4474.24,34295,35865,2.330628849344316,0
2023-07-28 10:58:37,4502.65,118805,3,4474.24,34301,35871,2.330628849344316,0
2023-07-28 10:58:37,4502.65,118805,3,4474.24,34322,35870,2.330628849344316,0
2023-07-28 10:58:37,4502.65,118805,3,4474.24,34341,35845,2.330628849344316,0
2023-07-28 10:58:37,4502.65,118805,3,4474.24,34329,35822,2.330628849344316,0
2023-07-28 10:58:37,4502.65,118805,3,4474.24,34313,35829,2.330628849344316,0
2023-07-28 10:58:37,4502.65,118805,3,4474.24,34308,35866,2.330628849344316,0
2023-07-28 10:58:37,4502.65,118805,3,4474.24,34308,35850,2.330628849344316,0
2023-07-28 10:58:37,4502.65,118805,3,4474.24,34328,35848,2.330628849344316,0
2023-07-28 10:58:46,4500.25,118811,6,4474.24,34322,35826,2.2760846344401178,0
2023-07-28 10:58:46,4500.25,118811,6,4474.24,34331,35849,2.2760846344401178,0
2023-07-28 10:58:46,4502.65,118811,1,4474.24,34331,35849,2.330628849344316,0
2023-07-28 10:58:47,4502.65,118812,1,4474.24,34334,35859,2.330628849344316,0
2023-07-28 10:58:47,4502.65,118812,1,4474.24,34313,35890,2.330628849344316,0
2023-07-28 10:58:47,4502.65,118812,1,4474.24,34302,35885,2.330628849344316,0
2023-07-28 10:58:47,4502.65,118812,1,4474.24,34335,35861,2.330628849344316,0
2023-07-28 10:58:47,4502.65,118812,1,4474.24,34332,35869,2.330628849344316,0
2023-07-28 10:58:47,4502.65,118812,1,4474.24,34305,35981,2.330628849344316,0
2023-07-28 10:58:47,4502.65,118812,1,4474.24,34238,36128,2.330628849344316,0
2023-07-28 10:58:47,4502.65,118812,1,4474.24,34234,36090,2.330628849344316,0
2023-07-28 10:58:47,4502.65,118812,1,4474.24,34234,36078,2.330628849344316,0
2023-07-28 10:58:47,4502.65,118812,1,4474.24,34224,36068,2.330628849344316,0
2023-07-28 10:58:47,4502.65,118812,1,4474.24,34252,36077,2.330628849344316,0
2023-07-28 10:58:47,4502.65,118812,1,4474.24,34428,36034,2.330628849344316,0
2023-07-28 10:58:47,4502.65,118812,1,4474.24,34266,36050,2.330628849344316,0
2023-07-28 10:58:47,4502.65,118812,1,4474.24,34282,36037,2.330628849344316,0
2023-07-28 10:58:47,4502.65,118812,1,4474.24,34282,36025,2.330628849344316,0
2023-07-28 10:58:47,4500.25,118812,1,4474.24,34282,36037,2.2760846344401178,0
2023-07-28 10:59:08,4502.0,118816,2,4474.24,34250,36086,2.3158564578077687,0
2023-07-28 10:59:08,4502.0,118816,2,4474.24,34261,36055,2.3158564578077687,0
2023-07-28 10:59:08,4502.0,118816,2,4474.24,34263,36067,2.3158564578077687,0
2023-07-28 10:59:08,4502.0,118816,2,4474.24,34263,36087,2.3158564578077687,0
2023-07-28 10:59:08,4502.0,118816,2,4474.24,34261,36087,2.3158564578077687,0
2023-07-28 10:59:08,4502.0,118816,2,4474.24,34255,36112,2.3158564578077687,0
2023-07-28 10:59:08,4502.0,118816,2,4474.24,34263,36112,2.3158564578077687,0
2023-07-28 10:59:08,4502.0,118816,2,4474.24,34260,36101,2.3158564578077687,0
2023-07-28 10:59:08,4502.0,118816,2,4474.24,34280,36092,2.3158564578077687,0
2023-07-28 10:59:08,4502.0,118816,2,4474.24,34270,36092,2.3158564578077687,0
2023-07-28 10:59:08,4502.0,118816,2,4474.24,34270,36106,2.3158564578077687,0
2023-07-28 10:59:08,4502.0,118816,2,4474.24,34270,36106,2.3158564578077687,0
2023-07-28 10:59:08,4502.0,118816,2,4474.24,34270,36106,2.3158564578077687,0
2023-07-28 10:59:08,4502.0,118816,2,4474.24,34287,36130,2.3158564578077687,0
2023-07-28 10:59:08,4502.0,118816,2,4474.24,34287,36130,2.3158564578077687,0
2023-07-28 10:59:08,4502.0,118816,2,4474.24,34287,36130,2.3158564578077687,0
2023-07-28 10:59:08,4502.0,118816,2,4474.24,34290,36132,2.3158564578077687,0
2023-07-28 10:59:08,4502.0,118816,2,4474.24,34268,36135,2.3158564578077687,0
2023-07-28 10:59:08,4502.0,118816,2,4474.24,34268,36135,2.3158564578077687,0
2023-07-28 10:59:08,4502.0,118816,2,4474.24,34276,36124,2.3158564578077687,0
2023-07-28 10:59:08,4502.0,118816,2,4474.24,34274,36120,2.3158564578077687,0
2023-07-28 10:59:08,4502.0,118816,2,4474.24,34268,36190,2.3158564578077687,0
2023-07-28 10:59:08,4502.0,118816,2,4474.24,34268,36190,2.3158564578077687,0
2023-07-28 10:59:08,4502.0,118816,2,4474.24,34268,36190,2.3158564578077687,0
2023-07-28 10:59:32,4500.0,118861,1,4474.25,34220,36190,2.2704029453875965,0
2023-07-28 10:59:32,4500.0,118861,1,4474.25,34224,36190,2.2704029453875965,0
2023-07-28 10:59:32,4500.0,118861,1,4474.25,34224,36190,2.2704029453875965,0
2023-07-28 10:59:32,4500.0,118861,1,4474.25,34224,36190,2.2704029453875965,0
2023-07-28 10:59:32,4500.0,118861,1,4474.25,34224,36181,2.2704029453875965,0
2023-07-28 10:59:32,4500.0,118861,1,4474.25,34224,36181,2.2704029453875965,0
2023-07-28 10:59:32,4500.0,118861,1,4474.25,34224,36193,2.2704029453875965,0
2023-07-28 10:59:32,4500.0,118861,1,4474.25,34215,36202,2.2704029453875965,0
2023-07-28 10:59:32,4500.0,118861,1,4474.25,34215,36229,2.2704029453875965,0
2023-07-28 10:59:32,4500.0,118861,1,4474.25,34215,36228,2.2704029453875965,0
2023-07-28 10:59:32,4500.0,118861,1,4474.25,34225,36216,2.2704029453875965,0
2023-07-28 10:59:32,4500.0,118861,1,4474.25,34227,36203,2.2704029453875965,0
2023-07-28 10:59:32,4500.0,118861,1,4474.25,34227,36203,2.2704029453875965,0
2023-07-28 10:59:32,4500.0,118861,1,4474.25,34228,36193,2.2704029453875965,0
2023-07-28 10:59:49,4500.0,118901,4,4474.26,34210,36172,2.2704029453875965,0
2023-07-28 10:59:49,4500.0,118901,4,4474.26,34212,36174,2.2704029453875965,0
2023-07-28 10:59:49,4500.0,118901,4,4474.26,34200,36225,2.2704029453875965,0
2023-07-28 10:59:49,4500.0,118901,4,4474.26,34201,36213,2.2704029453875965,0
2023-07-28 10:59:49,4500.0,118901,4,4474.26,34201,36185,2.2704029453875965,0
2023-07-28 10:59:49,4500.0,118901,4,4474.26,34201,36185,2.2704029453875965,0
2023-07-28 10:59:49,4500.0,118901,4,4474.26,34211,36185,2.2704029453875965,0
2023-07-28 10:59:49,4500.0,118901,4,4474.26,34211,36185,2.2704029453875965,0
2023-07-28 10:59:49,4500.0,118901,4,4474.26,34211,36185,2.2704029453875965,0
2023-07-28 10:59:49,4500.0,118901,4,4474.26,34211,36187,2.2704029453875965,0
2023-07-28 10:59:49,4500.0,118901,4,4474.26,34268,36025,2.2704029453875965,0
2023-07-28 10:59:49,4500.0,118901,4,4474.26,34298,36080,2.2704029453875965,0
2023-07-28 10:59:49,4500.0,118901,4,4474.26,34292,36090,2.2704029453875965,0
2023-07-28 10:59:49,4500.0,118901,4,4474.26,34277,36090,2.2704029453875965,0
2023-07-28 10:59:49,4500.0,118901,4,4474.26,34272,36111,2.2704029453875965,0
2023-07-28 11:00:06,4501.0,118921,18,4474.27,34262,36099,2.2931297015976826,0
2023-07-28 11:00:06,4501.0,118921,1,4474.27,34262,36099,2.2931297015976826,0
2023-07-28 11:00:06,4501.0,118921,4,4474.27,34262,36099,2.2931297015976826,0
2023-07-28 11:00:07,4501.0,118929,4,4474.27,34191,36485,2.2931297015976826,0
2023-07-28 11:00:07,4501.0,118929,4,4474.27,34308,36125,2.2931297015976826,0
2023-07-28 11:00:07,4501.0,118929,4,4474.27,34308,36124,2.2931297015976826,0
2023-07-28 11:00:07,4501.0,118929,4,4474.27,34267,36120,2.2931297015976826,0
2023-07-28 11:00:07,4501.0,118929,4,4474.27,34265,36120,2.2931297015976826,0
2023-07-28 11:00:07,4501.0,118929,4,4474.27,34251,36120,2.2931297015976826,0
2023-07-28 11:00:07,4501.0,118929,4,4474.27,34253,36130,2.2931297015976826,0
2023-07-28 11:00:07,4501.0,118929,4,4474.27,34253,36124,2.2931297015976826,0
2023-07-28 11:00:07,4501.0,118929,4,4474.27,34253,36182,2.2931297015976826,0
2023-07-28 11:00:07,4501.0,118929,4,4474.27,34263,36182,2.2931297015976826,0
2023-07-28 11:00:07,4500.0,118929,7,4474.27,34263,36182,2.2704029453875965,0
2023-07-28 11:00:35,4501.85,119029,4,4474.29,34177,36261,2.312447444376264,0
2023-07-28 11:00:37,4501.85,119038,1,4474.29,34238,36203,2.312447444376264,0
2023-07-28 11:00:37,4500.15,119038,1,4474.29,34238,36203,2.273811958819101,0
2023-07-28 11:00:41,4500.15,119040,1,4474.29,34234,36202,2.273811958819101,0
2023-07-28 11:00:41,4500.15,119040,1,4474.29,34234,36202,2.273811958819101,0
2023-07-28 11:00:41,4500.15,119040,1,4474.29,34236,36202,2.273811958819101,0
2023-07-28 11:00:41,4500.15,119040,1,4474.29,34224,36227,2.273811958819101,0
2023-07-28 11:00:41,4500.0,119040,3,4474.29,34224,36227,2.2704029453875965,0
2023-07-28 11:00:54,4500.0,119043,3,4474.29,34233,36227,2.2704029453875965,0
2023-07-28 11:00:54,4500.0,119043,3,4474.29,34257,36218,2.2704029453875965,0
2023-07-28 11:00:54,4500.0,119043,3,4474.29,34240,36230,2.2704029453875965,0
2023-07-28 11:00:54,4500.0,119043,3,4474.29,34258,36210,2.2704029453875965,0
2023-07-28 11:00:54,4500.0,119043,1,4474.29,34258,36210,2.2704029453875965,0
2023-07-28 11:00:54,4501.85,119043,1,4474.29,34258,36210,2.312447444376264,0
2023-07-28 11:01:07,4501.85,119054,1,4474.29,33749,35729,2.312447444376264,0
2023-07-28 11:01:07,4501.85,119054,1,4474.29,33762,35739,2.312447444376264,0
2023-07-28 11:01:07,4501.85,119054,1,4474.29,33754,35751,2.312447444376264,0
2023-07-28 11:01:07,4501.85,119054,1,4474.29,33747,35762,2.312447444376264,0
2023-07-28 11:01:07,4501.85,119054,1,4474.29,33757,35762,2.312447444376264,0
2023-07-28 11:01:07,4499.55,119054,3,4474.29,33757,35762,2.2601759050930617,0
2023-07-28 11:01:07,4501.3,119054,4,4474.29,33757,35762,2.2999477284607126,0
2023-07-28 11:01:21,4501.3,120068,4,4474.49,33664,35272,2.2999477284607126,0
2023-07-28 11:01:21,4502.0,120068,2,4474.49,33664,35272,2.3158564578077687,0
2023-07-28 11:01:22,4502.0,120078,26,4474.49,34268,35732,2.3158564578077687,0
2023-07-28 11:01:22,4502.65,120078,4,4474.49,34268,35732,2.330628849344316,0
2023-07-28 11:01:26,4502.65,120115,4,4474.5,33769,35796,2.330628849344316,0
2023-07-28 11:01:26,4502.65,120115,1,4474.5,33769,35796,2.330628849344316,0
2023-07-28 11:01:27,4502.65,120116,3,4474.5,33728,35815,2.330628849344316,0
2023-07-28 11:01:30,4502.65,120119,3,4474.5,33772,35754,2.330628849344316,0
2023-07-28 11:01:30,4500.9,120119,5,4474.5,33772,35754,2.2908570259766656,0
2023-07-28 11:01:33,4500.9,120138,5,4474.5,34234,36286,2.2908570259766656,0
2023-07-28 11:01:33,4500.9,120138,5,4474.5,34234,36286,2.2908570259766656,0
2023-07-28 11:01:33,4500.9,120138,5,4474.5,34234,36291,2.2908570259766656,0
2023-07-28 11:01:33,4500.9,120138,5,4474.5,34234,36291,2.2908570259766656,0
2023-07-28 11:01:33,4500.95,120138,1,4474.5,34234,36291,2.291993363787174,0
2023-07-28 11:01:46,4500.95,120143,1,4474.5,34207,36303,2.291993363787174,0
2023-07-28 11:01:46,4500.95,120143,1,4474.5,34225,36297,2.291993363787174,0
2023-07-28 11:01:46,4500.95,120143,1,4474.5,34225,36325,2.291993363787174,0
2023-07-28 11:01:46,4500.95,120143,1,4474.5,34241,36332,2.291993363787174,0
2023-07-28 11:01:46,4502.65,120143,126,4474.5,34241,36332,2.330628849344316,0
2023-07-28 11:01:46,4500.2,120143,2,4474.5,34241,36332,2.2749482966296095,0
2023-07-28 11:02:03,4500.2,120313,2,4474.54,34290,35628,2.2749482966296095,0
2023-07-28 11:02:03,4500.2,120313,2,4474.54,34290,35640,2.2749482966296095,0
2023-07-28 11:02:03,4500.2,120313,2,4474.54,34290,36342,2.2749482966296095,0
2023-07-28 11:02:03,4500.2,120313,2,4474.54,34271,36380,2.2749482966296095,0
2023-07-28 11:02:03,4500.2,120313,2,4474.54,34271,36380,2.2749482966296095,0
2023-07-28 11:02:03,4500.2,120313,2,4474.54,34271,36290,2.2749482966296095,0
2023-07-28 11:02:03,4500.2,120313,2,4474.54,34271,36290,2.2749482966296095,0
2023-07-28 11:02:03,4500.45,120313,13,4474.54,34271,36290,2.280629985682131,0
2023-07-28 11:02:03,4500.45,120313,13,4474.54,34271,36290,2.280629985682131,0
2023-07-28 11:02:03,4500.45,120313,13,4474.54,34271,36290,2.280629985682131,0
2023-07-28 11:02:23,4500.45,120346,13,4474.55,34257,36315,2.280629985682131,0
2023-07-28 11:02:23,4500.45,120346,13,4474.55,34257,36315,2.280629985682131,0
2023-07-28 11:02:23,4500.45,120346,13,4474.55,34257,36315,2.280629985682131,0
2023-07-28 11:02:23,4500.45,120346,13,4474.55,34257,36315,2.280629985682131,0
2023-07-28 11:02:23,4500.45,120346,13,4474.55,34257,36315,2.280629985682131,0
2023-07-28 11:02:23,4500.45,120346,13,4474.55,34247,36321,2.280629985682131,0
2023-07-28 11:02:30,4500.45,120349,3,4474.55,34196,36454,2.280629985682131,0
2023-07-28 11:02:30,4500.45,120349,3,4474.55,34196,36454,2.280629985682131,0
2023-07-28 11:02:30,4500.45,120349,4,4474.55,34196,36454,2.280629985682131,0
2023-07-28 11:02:35,4500.45,120357,4,4474.55,34191,36462,2.280629985682131,0
2023-07-28 11:02:35,4500.45,120357,4,4474.55,34197,36463,2.280629985682131,0
2023-07-28 11:02:35,4500.45,120357,5,4474.55,34197,36463,2.280629985682131,0
2023-07-28 11:02:35,4500.0,120357,1,4474.55,34197,36463,2.2704029453875965,0
2023-07-28 11:02:40,4500.0,120372,1,4474.56,34215,36431,2.2704029453875965,0
2023-07-28 11:02:40,4500.0,120372,1,4474.56,34215,36431,2.2704029453875965,0
2023-07-28 11:02:45,4500.0,120378,1,4474.56,34214,36449,2.2704029453875965,0
2023-07-28 11:02:45,4500.0,120378,1,4474.56,34227,36438,2.2704029453875965,0
2023-07-28 11:02:45,4500.0,120378,1,4474.56,34200,36438,2.2704029453875965,0
2023-07-28 11:02:45,4500.0,120378,1,4474.56,34224,36450,2.2704029453875965,0
2023-07-28 11:02:45,4500.0,120378,1,4474.56,34224,36450,2.2704029453875965,0
2023-07-28 11:02:45,4500.0,120378,1,4474.56,34224,36450,2.2704029453875965,0
2023-07-28 11:02:45,4500.0,120378,6,4474.56,34224,36450,2.2704029453875965,0
2023-07-28 11:02:45,4500.0,120378,1,4474.56,34224,36450,2.2704029453875965,0
2023-07-28 11:02:58,4500.0,120401,1,4474.56,33791,36486,2.2704029453875965,0
2023-07-28 11:02:58,4500.0,120401,1,4474.56,33970,36480,2.2704029453875965,0
2023-07-28 11:02:58,4500.0,120401,2,4474.56,33970,36480,2.2704029453875965,0
2023-07-28 11:03:05,4500.0,120407,2,4474.56,33710,36592,2.2704029453875965,0
2023-07-28 11:03:05,4500.0,120407,2,4474.56,33795,36601,2.2704029453875965,0
2023-07-28 11:03:05,4500.0,120407,2,4474.56,33670,36614,2.2704029453875965,0
2023-07-28 11:03:05,4500.0,120407,2,4474.56,33632,36580,2.2704029453875965,0
2023-07-28 11:03:05,4500.0,120407,2,4474.56,33746,36590,2.2704029453875965,0
2023-07-28 11:03:05,4496.4,120407,15,4474.56,33746,36590,2.188586623031278,0
2023-07-28 11:03:10,4496.4,120457,15,4474.57,33636,36668,2.188586623031278,0
2023-07-28 11:03:10,4496.4,120457,15,4474.57,33539,36751,2.188586623031278,0
2023-07-28 11:03:10,4496.4,120457,15,4474.57,33431,36746,2.188586623031278,0
2023-07-28 11:03:10,4496.4,120457,15,4474.57,33586,36656,2.188586623031278,0
2023-07-28 11:03:10,4496.4,120457,15,4474.57,33605,36673,2.188586623031278,0
2023-07-28 11:03:17,4497.85,120474,4,4474.58,33610,36652,2.2215404195359194,0
2023-07-28 11:03:17,4497.85,120474,4,4474.58,33616,36623,2.2215404195359194,0
2023-07-28 11:03:17,4497.85,120474,4,4474.58,33616,36623,2.2215404195359194,0
2023-07-28 11:03:17,4497.85,120474,4,4474.58,33618,36623,2.2215404195359194,0
2023-07-28 11:03:17,4497.85,120474,1,4474.58,33621,36621,2.2215404195359194,0
2023-07-28 11:03:21,4497.85,120583,1,4474.59,33681,36598,2.2215404195359194,0
2023-07-28 11:03:21,4497.85,120583,1,4474.59,33788,36571,2.2215404195359194,0
2023-07-28 11:03:21,4497.85,120583,1,4474.59,33788,36568,2.2215404195359194,0
2023-07-28 11:03:21,4497.85,120583,1,4474.59,33790,36569,2.2215404195359194,0
2023-07-28 11:03:21,4497.85,120583,1,4474.59,33769,36578,2.2215404195359194,0
2023-07-28 11:03:27,4497.85,120802,5,4474.63,33810,35948,2.2215404195359194,0
2023-07-28 11:03:27,4497.85,120802,5,4474.63,33839,35961,2.2215404195359194,0
2023-07-28 11:03:29,4499.35,120827,20,4474.64,33969,35887,2.2556305538510486,0
2023-07-28 11:03:29,4499.35,120827,20,4474.64,33925,36501,2.2556305538510486,0
2023-07-28 11:03:29,4499.35,120827,20,4474.64,33896,36512,2.2556305538510486,0
2023-07-28 11:03:29,4500.0,120827,2,4474.64,34006,36523,2.2704029453875965,0
2023-07-28 11:03:34,4500.0,120831,2,4474.64,34129,35843,2.2704029453875965,0
2023-07-28 11:03:34,4500.0,120831,2,4474.64,34154,35865,2.2704029453875965,0
2023-07-28 11:03:34,4500.0,120831,2,4474.64,34076,36519,2.2704029453875965,0
2023-07-28 11:03:38,4500.0,120846,4,4474.64,34056,36479,2.2704029453875965,0
2023-07-28 11:03:38,4500.0,120846,4,4474.64,34037,36495,2.2704029453875965,0
2023-07-28 11:03:38,4500.0,120846,4,4474.64,34202,36460,2.2704029453875965,0
2023-07-28 11:03:38,4500.0,120846,4,4474.64,34186,36449,2.2704029453875965,0
2023-07-28 11:03:38,4500.0,120846,4,4474.64,34193,36451,2.2704029453875965,0
2023-07-28 11:03:38,4500.0,120846,4,4474.64,34192,36451,2.2704029453875965,0
2023-07-28 11:03:38,4500.0,120846,4,4474.64,34223,36445,2.2704029453875965,0
2023-07-28 11:03:38,4500.0,120846,4,4474.64,34216,36448,2.2704029453875965,0
2023-07-28 11:03:38,4500.0,120846,4,4474.64,34220,36448,2.2704029453875965,0
2023-07-28 11:03:38,4500.0,120846,4,4474.64,34175,36448,2.2704029453875965,0
2023-07-28 11:03:38,4500.0,120846,4,4474.64,34175,36448,2.2704029453875965,0
2023-07-28 11:03:38,4500.0,120846,4,4474.64,34175,36430,2.2704029453875965,0
2023-07-28 11:03:38,4500.0,120846,4,4474.64,34175,36430,2.2704029453875965,0
2023-07-28 11:03:38,4500.0,120846,4,4474.64,34172,36444,2.2704029453875965,0
2023-07-28 11:03:38,4500.0,120846,4,4474.64,34172,36440,2.2704029453875965,0
2023-07-28 11:03:57,4500.0,120849,3,4474.64,34179,36445,2.2704029453875965,0
2023-07-28 11:03:57,4500.0,120849,3,4474.64,34180,36445,2.2704029453875965,0
2023-07-28 11:03:59,4500.0,120889,1,4474.65,34135,36538,2.2704029453875965,0
2023-07-28 11:03:59,4500.0,120889,1,4474.65,34137,36539,2.2704029453875965,0
2023-07-28 11:03:59,4500.0,120889,1,4474.65,34127,36555,2.2704029453875965,0
2023-07-28 11:03:59,4500.0,120889,1,4474.65,34139,36573,2.2704029453875965,0
2023-07-28 11:03:59,4500.0,120889,1,4474.65,34139,36541,2.2704029453875965,0
2023-07-28 11:03:59,4500.0,120889,1,4474.65,34139,36550,2.2704029453875965,0
2023-07-28 11:03:59,4500.0,120889,1,4474.65,34139,36550,2.2704029453875965,0
2023-07-28 11:04:05,4500.0,120890,1,4474.65,34156,36531,2.2704029453875965,0
2023-07-28 11:04:05,4500.0,120890,1,4474.65,34157,36530,2.2704029453875965,0
2023-07-28 11:04:08,4500.0,120900,1,4474.65,34131,36530,2.2704029453875965,0
2023-07-28 11:04:08,4500.0,120900,1,4474.65,34110,36531,2.2704029453875965,0
2023-07-28 11:04:08,4500.0,120900,1,4474.65,34124,36536,2.2704029453875965,0
2023-07-28 11:04:08,4500.0,120900,1,4474.65,34146,36518,2.2704029453875965,0
2023-07-28 11:04:08,4500.0,120900,1,4474.65,34165,36527,2.2704029453875965,0
2023-07-28 11:04:14,4500.0,120915,3,4474.66,34140,36535,2.2704029453875965,0
2023-07-28 11:04:15,4500.0,120916,1,4474.66,34129,36548,2.2704029453875965,0
2023-07-28 11:04:15,4500.0,120916,1,4474.66,34129,36548,2.2704029453875965,0
2023-07-28 11:04:15,4500.0,120916,1,4474.66,34129,36535,2.2704029453875965,0
2023-07-28 11:04:15,4500.0,120916,1,4474.66,34129,36524,2.2704029453875965,0
2023-07-28 11:04:20,4500.0,120917,1,4474.66,34128,36539,2.2704029453875965,0
2023-07-28 11:04:20,4500.45,120917,14,4474.66,34128,36539,2.280629985682131,0
2023-07-28 11:04:21,4500.45,120977,14,4474.67,34225,35765,2.280629985682131,0
2023-07-28 11:04:22,4501.9,120979,1,4474.67,34414,35614,2.3135837821867518,0
2023-07-28 11:04:22,4501.9,120979,1,4474.67,34540,35690,2.3135837821867518,0
2023-07-28 11:04:22,4501.9,120979,1,4474.67,34528,35690,2.3135837821867518,0
2023-07-28 11:04:22,4501.9,120979,1,4474.67,34528,35667,2.3135837821867518,0
2023-07-28 11:04:22,4501.9,120979,1,4474.67,34519,36270,2.3135837821867518,0
2023-07-28 11:04:22,4501.9,120979,1,4474.67,34519,36264,2.3135837821867518,0
2023-07-28 11:04:22,4500.0,120979,76,4474.67,34524,36261,2.2704029453875965,0
2023-07-28 11:04:30,4500.0,121229,76,4474.72,34397,36009,2.2704029453875965,0
2023-07-28 11:04:30,4500.0,121229,76,4474.72,34550,35993,2.2704029453875965,0
2023-07-28 11:04:30,4500.0,121229,76,4474.72,34550,35994,2.2704029453875965,0
2023-07-28 11:04:30,4500.0,121229,76,4474.72,34562,35994,2.2704029453875965,0
2023-07-28 11:04:35,4499.75,121230,1,4474.72,34597,35993,2.2647212563350747,0
2023-07-28 11:04:35,4499.75,121230,1,4474.72,34607,35983,2.2647212563350747,0
2023-07-28 11:04:35,4499.75,121230,1,4474.72,34607,35983,2.2647212563350747,0
2023-07-28 11:04:35,4499.75,121230,1,4474.72,34578,36021,2.2647212563350747,0
2023-07-28 11:04:35,4499.75,121230,1,4474.72,34571,36036,2.2647212563350747,0
2023-07-28 11:04:35,4499.75,121230,1,4474.72,34558,36137,2.2647212563350747,0
2023-07-28 11:04:35,4499.75,121230,1,4474.72,34558,36137,2.2647212563350747,0
2023-07-28 11:04:45,4500.0,121232,2,4474.72,34554,36136,2.2704029453875965,0
2023-07-28 11:04:45,4500.0,121232,2,4474.72,34554,36116,2.2704029453875965,0
2023-07-28 11:04:45,4500.0,121232,2,4474.72,34554,36116,2.2704029453875965,0
2023-07-28 11:04:45,4500.0,121232,2,4474.72,34557,36114,2.2704029453875965,0
2023-07-28 11:04:45,4500.0,121232,2,4474.72,34566,36069,2.2704029453875965,0
2023-07-28 11:04:45,4500.0,121232,1,4474.72,34566,36069,2.2704029453875965,0
2023-07-28 11:04:53,4500.0,121233,1,4474.72,34562,36069,2.2704029453875965,0
2023-07-28 11:04:55,4500.0,121234,1,4474.72,34563,36068,2.2704029453875965,0
2023-07-28 11:05:00,4500.1,121235,1,4474.72,34557,36073,2.2726756210086134,0
2023-07-28 11:05:00,4500.1,121235,1,4474.72,34557,36073,2.2726756210086134,0
2023-07-28 11:05:00,4500.0,121235,1,4474.72,34557,36073,2.2704029453875965,0
2023-07-28 11:05:03,4500.0,121237,1,4474.72,34542,36071,2.2704029453875965,0
2023-07-28 11:05:03,4500.0,121237,1,4474.72,34535,36071,2.2704029453875965,0
2023-07-28 11:05:05,4500.25,121238,1,4474.72,34655,35811,2.2760846344401178,0
2023-07-28 11:05:05,4500.25,121238,1,4474.72,34590,35830,2.2760846344401178,0
2023-07-28 11:05:05,4500.0,121238,2,4474.72,34590,35830,2.2704029453875965,0
2023-07-28 11:05:05,4500.25,121238,6,4474.72,34590,35830,2.2760846344401178,0
2023-07-28 11:05:08,4500.25,121246,6,4474.73,34577,35866,2.2760846344401178,0
2023-07-28 11:05:08,4500.25,121246,6,4474.73,34457,35976,2.2760846344401178,0
2023-07-28 11:05:08,4500.25,121246,6,4474.73,34466,35966,2.2760846344401178,0
2023-07-28 11:05:08,4500.0,121246,1,4474.73,34466,35966,2.2704029453875965,0
2023-07-28 11:05:15,4500.0,121247,1,4474.73,34461,35971,2.2704029453875965,0
2023-07-28 11:05:15,4500.0,121247,1,4474.73,34461,35971,2.2704029453875965,0
2023-07-28 11:05:15,4500.0,121247,1,4474.73,34453,35988,2.2704029453875965,0
2023-07-28 11:05:15,4500.0,121247,2,4474.73,34453,35988,2.2704029453875965,0
2023-07-28 11:05:15,4500.0,121247,1,4474.73,34453,35988,2.2704029453875965,0
2023-07-28 11:05:15,4500.0,121247,1,4474.73,34453,35988,2.2704029453875965,0
2023-07-28 11:05:24,4500.0,121275,1,4474.73,34402,35999,2.2704029453875965,0
2023-07-28 11:05:24,4500.0,121275,1,4474.73,34402,35999,2.2704029453875965,0
2023-07-28 11:05:24,4500.0,121275,1,4474.73,34402,35999,2.2704029453875965,0
2023-07-28 11:05:25,4500.0,121276,1,4474.73,34405,36019,2.2704029453875965,0
2023-07-28 11:05:25,4500.0,121276,4,4474.73,34405,36019,2.2704029453875965,0
2023-07-28 11:05:25,4500.0,121276,4,4474.73,34405,36019,2.2704029453875965,0
2023-07-28 11:05:25,4500.0,121276,4,4474.73,34405,36019,2.2704029453875965,0
2023-07-28 11:05:25,4500.0,121276,4,4474.73,34405,36019,2.2704029453875965,0
2023-07-28 11:05:26,4500.0,121286,4,4474.73,34395,36012,2.2704029453875965,0
2023-07-28 11:05:26,4500.0,121286,4,4474.73,34422,36003,2.2704029453875965,0
2023-07-28 11:05:26,4500.0,121286,4,4474.73,34420,35984,2.2704029453875965,0
2023-07-28 11:05:26,4500.0,121286,1,4474.73,34420,35984,2.2704029453875965,0
2023-07-28 11:05:26,4500.0,121286,2,4474.73,34420,35984,2.2704029453875965,0
2023-07-28 11:05:35,4500.0,121290,2,4474.73,34401,35965,2.2704029453875965,0
2023-07-28 11:05:35,4500.0,121290,2,4474.73,34422,35994,2.2704029453875965,0
2023-07-28 11:05:35,4500.0,121290,2,4474.73,34409,35993,2.2704029453875965,0
2023-07-28 11:05:35,4500.0,121290,2,4474.73,34409,35992,2.2704029453875965,0
2023-07-28 11:05:35,4500.0,121290,1,4474.73,34409,35992,2.2704029453875965,0
2023-07-28 11:05:45,4500.0,121291,1,4474.74,34394,36078,2.2704029453875965,0
2023-07-28 11:05:45,4500.0,121291,2,4474.74,34394,36078,2.2704029453875965,0
2023-07-28 11:05:47,4500.0,121340,2,4474.75,34331,36181,2.2704029453875965,0
2023-07-28 11:05:47,4500.0,121340,2,4474.75,34373,36201,2.2704029453875965,0
2023-07-28 11:05:55,4498.9,121341,1,4474.75,34280,36190,2.2454035135564934,0
2023-07-28 11:05:55,4499.4,121341,1,4474.75,34280,36190,2.2567668916615364,0
2023-07-28 11:05:55,4499.4,121342,1,4474.75,34307,36197,2.2567668916615364,0
2023-07-28 11:05:55,4499.4,121342,1,4474.75,34307,36197,2.2567668916615364,0
2023-07-28 11:05:58,4499.4,121351,1,4474.75,34092,36406,2.2567668916615364,0
2023-07-28 11:05:58,4499.4,121351,1,4474.75,33956,36498,2.2567668916615364,0
2023-07-28 11:06:05,4497.9,121352,1,4474.75,34142,36509,2.2226767573464072,0
2023-07-28 11:06:05,4497.9,121352,1,4474.75,34114,36507,2.2226767573464072,0
2023-07-28 11:06:05,4495.0,121352,10,4474.75,34116,36523,2.156769164337166,0
2023-07-28 11:06:09,4491.95,121457,16,4474.77,33280,37070,2.0874525578963987,0
2023-07-28 11:06:11,4490.05,121561,1,4474.78,33063,37047,2.0442717210972434,0
2023-07-28 11:06:11,4490.05,121561,1,4474.78,33118,37045,2.0442717210972434,0
2023-07-28 11:06:11,4494.5,121561,4,4474.78,33118,37045,2.1454057862321227,0
2023-07-28 11:06:13,4494.5,121861,4,4474.83,33218,36223,2.1454057862321227,0
2023-07-28 11:06:13,4490.25,121861,1,4474.83,33339,36184,2.0488170723392565,0
2023-07-28 11:06:15,4490.25,121862,1,4474.83,33336,36202,2.0488170723392565,0
2023-07-28 11:06:15,4490.25,121862,1,4474.83,33189,36890,2.0488170723392565,0
2023-07-28 11:06:15,4492.4,121862,1,4474.83,33189,36890,2.0976795981909335,0
2023-07-28 11:06:17,4492.4,121879,1,4474.83,33221,36845,2.0976795981909335,0
2023-07-28 11:06:17,4492.4,121879,1,4474.83,33212,36900,2.0976795981909335,0
2023-07-28 11:06:20,4492.75,121985,2,4474.85,33222,36299,2.105633962864472,0
2023-07-28 11:06:20,4492.75,121985,2,4474.85,33267,36184,2.105633962864472,0
2023-07-28 11:06:22,4493.15,121987,1,4474.85,33290,36185,2.114724665348498,0
2023-07-28 11:06:23,4490.95,121990,3,4474.85,33182,36257,2.0647258016863126,0
2023-07-28 11:06:24,4493.75,121992,1,4474.85,33181,36254,2.128360719074558,0
2023-07-28 11:06:24,4493.75,121992,1,4474.85,33181,36264,2.128360719074558,0
2023-07-28 11:06:26,4493.75,122010,6,4474.85,33252,36259,2.128360719074558,0
2023-07-28 11:06:27,4486.1,122814,2,4474.93,33179,36928,1.9545010340674074,0
2023-07-28 11:06:27,4493.05,122814,3,4474.93,33179,36928,2.112451989727502,0
2023-07-28 11:06:27,4493.05,122861,3,4474.94,33535,36753,2.112451989727502,0
2023-07-28 11:06:27,4493.05,122861,3,4474.94,33466,36838,2.112451989727502,0
2023-07-28 11:06:27,4493.05,122861,3,4474.94,33478,36855,2.112451989727502,0
2023-07-28 11:06:27,4493.05,122861,3,4474.94,33467,36799,2.112451989727502,0
2023-07-28 11:06:27,4492.1,122861,1,4474.94,33467,36799,2.0908615713279244,0
2023-07-28 11:06:33,4492.15,122863,1,4474.94,33356,36718,2.0919979091384118,0
2023-07-28 11:06:34,4492.45,122870,6,4474.94,33371,36651,2.098815936001442,0
2023-07-28 11:06:34,4492.45,122870,6,4474.94,33414,36646,2.098815936001442,0
2023-07-28 11:06:34,4492.45,122870,6,4474.94,33414,36654,2.098815936001442,0
2023-07-28 11:06:39,4493.55,122882,12,4474.94,33383,36715,2.123815367832545,0
2023-07-28 11:06:40,4493.65,122903,1,4474.94,33509,36672,2.126088043453541,0
2023-07-28 11:06:40,4493.65,122903,1,4474.94,33504,36704,2.126088043453541,0
2023-07-28 11:06:41,4494.65,122904,1,4474.94,33444,36670,2.148814799663627,0
2023-07-28 11:06:41,4494.65,122904,1,4474.94,33549,36728,2.148814799663627,0
2023-07-28 11:06:41,4494.65,122904,1,4474.94,33549,36725,2.148814799663627,0
2023-07-28 11:06:41,4494.65,122904,1,4474.94,33552,36724,2.148814799663627,0
2023-07-28 11:06:41,4494.65,122904,2,4474.94,33552,36724,2.148814799663627,0
2023-07-28 11:06:41,4494.95,122904,3,4474.94,33552,36724,2.155632826526657,0
2023-07-28 11:06:46,4494.95,122909,3,4474.95,33392,36107,2.155632826526657,0
2023-07-28 11:06:46,4494.95,122909,3,4474.95,33392,36110,2.155632826526657,0
2023-07-28 11:06:46,4494.95,122909,3,4474.95,33403,36120,2.155632826526657,0
2023-07-28 11:06:49,4494.65,122959,4,4474.95,33378,36124,2.148814799663627,0
2023-07-28 11:06:49,4494.65,122959,4,4474.95,33430,36124,2.148814799663627,0
2023-07-28 11:06:51,4494.95,122961,1,4474.95,33437,36121,2.155632826526657,0
2023-07-28 11:06:51,4494.95,122961,1,4474.95,33449,36121,2.155632826526657,0
2023-07-28 11:06:53,4494.95,122980,4,4474.96,33447,36120,2.155632826526657,0
2023-07-28 11:06:53,4495.0,122981,1,4474.96,33429,36113,2.156769164337166,0
2023-07-28 11:06:56,4495.4,122986,5,4474.96,33462,36132,2.165859866821192,0
2023-07-28 11:06:57,4495.65,122998,6,4474.96,33464,36090,2.1715415558737132,0
2023-07-28 11:06:57,4495.65,122998,6,4474.96,33475,36081,2.1715415558737132,0
2023-07-28 11:06:57,4495.65,122998,3,4474.96,33475,36081,2.1715415558737132,0
2023-07-28 11:06:59,4496.0,123004,1,4474.96,33460,36059,2.179495920547252,0
2023-07-28 11:06:59,4496.0,123004,1,4474.96,33490,36085,2.179495920547252,0
2023-07-28 11:06:59,4496.0,123004,1,4474.96,33480,36100,2.179495920547252,0
2023-07-28 11:06:59,4496.0,123004,1,4474.96,33480,36091,2.179495920547252,0
2023-07-28 11:06:59,4495.65,123004,13,4474.96,33480,36091,2.1715415558737132,0
2023-07-28 11:06:59,4496.1,123004,1,4474.96,33480,36091,2.181768596168269,0
2023-07-28 11:07:04,4495.7,123227,2,4475.0,33384,36062,2.172677893684222,0
2023-07-28 11:07:04,4495.7,123227,2,4475.0,33487,36023,2.172677893684222,0
2023-07-28 11:07:04,4495.7,123227,2,4475.0,33494,36573,2.172677893684222,0
2023-07-28 11:07:04,4496.2,123227,7,4475.0,33595,36398,2.184041271789265,0
2023-07-28 11:07:08,4496.2,123241,7,4475.0,33709,35852,2.184041271789265,0
2023-07-28 11:07:08,4496.2,123241,7,4475.0,33672,35844,2.184041271789265,0
2023-07-28 11:07:10,4493.65,123294,8,4475.01,33706,36017,2.126088043453541,0
2023-07-28 11:07:10,4493.65,123294,8,4475.01,33706,36017,2.126088043453541,0
2023-07-28 11:07:10,4493.65,123294,8,4475.01,33742,36609,2.126088043453541,0
2023-07-28 11:07:11,4495.75,123295,1,4475.01,33751,36617,2.17381423149473,0
2023-07-28 11:07:11,4495.75,123295,1,4475.01,33725,36635,2.17381423149473,0
2023-07-28 11:07:11,4495.75,123295,1,4475.01,33725,36642,2.17381423149473,0
2023-07-28 11:07:16,4495.75,123304,2,4475.01,33805,35979,2.17381423149473,0
2023-07-28 11:07:16,4495.75,123304,2,4475.01,33797,35974,2.17381423149473,0
2023-07-28 11:07:16,4495.75,123304,2,4475.01,33793,35975,2.17381423149473,0
2023-07-28 11:07:18,4497.75,123305,1,4475.01,33959,35910,2.2192677439149024,0
2023-07-28 11:07:18,4497.8,123305,1,4475.01,33934,35916,2.220404081725411,0
2023-07-28 11:07:19,4497.8,123306,1,4475.01,33818,36169,2.220404081725411,0
2023-07-28 11:07:19,4497.8,123306,1,4475.01,33817,36169,2.220404081725411,0
2023-07-28 11:07:22,4497.15,123308,1,4475.01,33952,35994,2.2056316901888424,0
2023-07-28 11:07:22,4497.15,123308,1,4475.01,33962,35995,2.2056316901888424,0
2023-07-28 11:07:22,4497.15,123308,1,4475.01,33959,35971,2.2056316901888424,0
2023-07-28 11:07:22,4497.15,123308,1,4475.01,33946,35985,2.2056316901888424,0
2023-07-28 11:07:22,4497.15,123308,1,4475.01,33909,36594,2.2056316901888424,0
2023-07-28 11:07:22,4497.15,123308,1,4475.01,33909,36628,2.2056316901888424,0
2023-07-28 11:07:28,4496.15,123328,2,4475.02,33907,36688,2.1829049339787563,0
2023-07-28 11:07:28,4496.15,123328,2,4475.02,33907,36688,2.1829049339787563,0
2023-07-28 11:07:28,4496.15,123328,2,4475.02,33906,36710,2.1829049339787563,0
2023-07-28 11:07:28,4497.15,123328,1,4475.02,33896,36761,2.2056316901888424,0
2023-07-28 11:07:30,4497.15,123329,1,4475.02,33896,36699,2.2056316901888424,0
2023-07-28 11:07:30,4495.55,123329,1,4475.02,33896,36699,2.169268880252717,0
2023-07-28 11:07:34,4497.9,123336,2,4475.02,33901,36726,2.2226767573464072,0
2023-07-28 11:07:34,4497.9,123336,2,4475.02,33939,36678,2.2226767573464072,0
2023-07-28 11:07:34,4497.9,123336,2,4475.02,33776,36756,2.2226767573464072,0
2023-07-28 11:07:34,4497.9,123336,2,4475.02,33840,36759,2.2226767573464072,0
2023-07-28 11:07:34,4497.9,123336,2,4475.02,33832,36780,2.2226767573464072,0
2023-07-28 11:07:34,4497.9,123336,2,4475.02,33827,36801,2.2226767573464072,0
2023-07-28 11:07:40,4496.6,123337,1,4475.02,33826,36781,2.193131974273312,0
2023-07-28 11:07:40,4496.6,123337,1,4475.02,33826,36822,2.193131974273312,0
2023-07-28 11:07:40,4496.6,123337,1,4475.02,33846,36804,2.193131974273312,0
2023-07-28 11:07:43,4497.85,123341,2,4475.02,33939,36703,2.2215404195359194,0
2023-07-28 11:07:43,4497.85,123341,2,4475.02,33936,36669,2.2215404195359194,0
2023-07-28 11:07:43,4497.85,123341,2,4475.02,33936,36666,2.2215404195359194,0
2023-07-28 11:07:43,4494.9,123341,9,4475.02,33936,36666,2.154496488716149,0
2023-07-28 11:07:46,4494.9,123351,9,4475.02,33892,36684,2.154496488716149,0
2023-07-28 11:07:46,4494.9,123351,9,4475.02,33894,36675,2.154496488716149,0
2023-07-28 11:07:46,4494.9,123351,9,4475.02,33894,36675,2.154496488716149,0
2023-07-28 11:07:46,4494.9,123351,9,4475.02,33888,36694,2.154496488716149,0
2023-07-28 11:07:46,4494.9,123351,9,4475.02,33872,36754,2.154496488716149,0
2023-07-28 11:07:46,4494.9,123351,9,4475.02,33872,36743,2.154496488716149,0
2023-07-28 11:07:46,4494.9,123351,9,4475.02,33872,36769,2.154496488716149,0
2023-07-28 11:07:46,4496.4,123351,1,4475.02,33872,36769,2.188586623031278,0
2023-07-28 11:07:53,4496.4,123353,1,4475.02,33883,36773,2.188586623031278,0
2023-07-28 11:07:53,4496.4,123353,1,4475.02,33910,36749,2.188586623031278,0
2023-07-28 11:07:53,4496.4,123353,1,4475.02,33915,36743,2.188586623031278,0
2023-07-28 11:07:53,4496.4,123353,1,4475.02,33927,36724,2.188586623031278,0
2023-07-28 11:07:59,4496.8,123355,2,4475.02,33915,36721,2.197677325515325,0
2023-07-28 11:07:59,4496.8,123355,2,4475.02,33935,36724,2.197677325515325,0
2023-07-28 11:07:59,4496.8,123355,2,4475.02,33903,36657,2.197677325515325,0
2023-07-28 11:07:59,4496.8,123355,2,4475.02,33887,36696,2.197677325515325,0
2023-07-28 11:07:59,4496.8,123355,2,4475.02,33905,36698,2.197677325515325,0
2023-07-28 11:08:05,4495.0,123357,1,4475.02,33874,36704,2.156769164337166,0
2023-07-28 11:08:05,4495.0,123357,1,4475.02,33504,36701,2.156769164337166,0
2023-07-28 11:08:05,4495.0,123357,1,4475.02,33705,36680,2.156769164337166,0
2023-07-28 11:08:05,4495.0,123357,1,4475.02,33594,36603,2.156769164337166,0
2023-07-28 11:08:05,4495.0,123357,1,4475.02,33727,36668,2.156769164337166,0
2023-07-28 11:08:05,4495.0,123357,1,4475.02,33707,36681,2.156769164337166,0
2023-07-28 11:08:05,4495.45,123357,1,4475.02,33697,36703,2.1669962046317,0
2023-07-28 11:08:05,4495.0,123357,4,4475.02,33697,36703,2.156769164337166,0
2023-07-28 11:08:11,4495.0,123362,4,4475.02,33757,36810,2.156769164337166,0
2023-07-28 11:08:11,4495.0,123362,4,4475.02,33691,36862,2.156769164337166,0
2023-07-28 11:08:11,4495.0,123362,4,4475.02,33666,36926,2.156769164337166,0
2023-07-28 11:08:11,4495.0,123362,4,4475.02,33780,36803,2.156769164337166,0
2023-07-28 11:08:11,4495.0,123362,4,4475.02,33788,36809,2.156769164337166,0
2023-07-28 11:08:11,4495.8,123362,1,4475.02,33788,36809,2.174950569305239,0
2023-07-28 11:08:17,4495.8,123363,1,4475.02,33756,36851,2.174950569305239,0
2023-07-28 11:08:17,4495.8,123363,1,4475.02,33742,36856,2.174950569305239,0
2023-07-28 11:08:17,4495.8,123363,1,4475.02,33720,36811,2.174950569305239,0
2023-07-28 11:08:17,4495.8,123363,1,4475.02,33717,36828,2.174950569305239,0
2023-07-28 11:08:17,4495.8,123363,1,4475.02,33699,36853,2.174950569305239,0
2023-07-28 11:08:17,4495.8,123363,1,4475.02,33699,36853,2.174950569305239,0
2023-07-28 11:08:17,4495.8,123363,1,4475.02,33699,36853,2.174950569305239,0
2023-07-28 11:08:25,4492.55,123364,1,4475.02,33694,36919,2.1010886116224587,0
2023-07-28 11:08:25,4492.55,123364,1,4475.02,33704,36922,2.1010886116224587,0
2023-07-28 11:08:25,4492.55,123364,1,4475.02,33691,36929,2.1010886116224587,0
2023-07-28 11:08:25,4492.55,123364,1,4475.02,33691,36929,2.1010886116224587,0
2023-07-28 11:08:25,4492.55,123364,1,4475.02,33691,36926,2.1010886116224587,0
2023-07-28 11:08:25,4492.55,123364,1,4475.02,33713,36931,2.1010886116224587,0
2023-07-28 11:08:25,4492.55,123364,1,4475.02,33722,36938,2.1010886116224587,0
2023-07-28 11:08:25,4493.25,123364,1,4475.02,33742,36925,2.116997340969515,0
2023-07-28 11:08:31,4493.25,123365,1,4475.02,33757,36809,2.116997340969515,0
2023-07-28 11:08:31,4493.25,123365,1,4475.02,33646,36818,2.116997340969515,0
2023-07-28 11:08:31,4493.25,123365,1,4475.02,33635,36826,2.116997340969515,0
2023-07-28 11:08:31,4493.25,123365,1,4475.02,33635,36849,2.116997340969515,0
2023-07-28 11:08:31,4493.25,123365,1,4475.02,33672,36845,2.116997340969515,0
2023-07-28 11:08:31,4491.95,123365,1,4475.02,33672,36842,2.0874525578963987,0
2023-07-28 11:08:37,4491.95,123368,1,4475.02,33660,36853,2.0874525578963987,0
2023-07-28 11:08:37,4491.95,123368,1,4475.02,33662,36852,2.0874525578963987,0
2023-07-28 11:08:37,4491.95,123368,1,4475.02,33667,36879,2.0874525578963987,0
2023-07-28 11:08:37,4491.95,123368,1,4475.02,33637,36879,2.0874525578963987,0
2023-07-28 11:08:37,4491.95,123368,1,4475.02,33637,36878,2.0874525578963987,0
2023-07-28 11:08:37,4491.95,123368,1,4475.02,33635,36878,2.0874525578963987,0
2023-07-28 11:08:44,4493.0,123369,1,4475.02,33629,36874,2.1113156519169936,0
2023-07-28 11:08:44,4493.0,123369,1,4475.02,33609,36889,2.1113156519169936,0
2023-07-28 11:08:44,4493.0,123369,1,4475.02,33619,36889,2.1113156519169936,0
2023-07-28 11:08:44,4493.0,123369,1,4475.02,33609,36889,2.1113156519169936,0
2023-07-28 11:08:44,4493.0,123369,1,4475.02,33609,36889,2.1113156519169936,0
2023-07-28 11:08:44,4493.0,123369,1,4475.02,33590,36867,2.1113156519169936,0
2023-07-28 11:08:44,4493.0,123369,1,4475.02,33600,36870,2.1113156519169936,0
2023-07-28 11:08:44,4493.0,123369,1,4475.02,33659,36868,2.1113156519169936,0
2023-07-28 11:08:44,4493.0,123369,1,4475.02,33650,36858,2.1113156519169936,0
2023-07-28 11:08:44,4491.95,123369,2,4475.02,33650,36858,2.0874525578963987,0
2023-07-28 11:08:55,4491.95,123371,2,4475.02,33666,36854,2.0874525578963987,0
2023-07-28 11:08:55,4491.95,123371,2,4475.02,33654,36885,2.0874525578963987,0
2023-07-28 11:08:55,4491.95,123371,2,4475.02,33645,36893,2.0874525578963987,0
2023-07-28 11:08:58,4492.45,123372,1,4475.02,33722,36849,2.098815936001442,0
2023-07-28 11:08:58,4492.7,123372,43,4475.02,33722,36853,2.1044976250539635,0
2023-07-28 11:09:00,4492.7,123416,43,4475.03,33634,36850,2.1044976250539635,0
2023-07-28 11:09:00,4492.7,123416,43,4475.03,33644,36851,2.1044976250539635,0
2023-07-28 11:09:00,4492.7,123416,43,4475.03,33653,36856,2.1044976250539635,0
2023-07-28 11:09:00,4492.7,123416,43,4475.03,33653,36899,2.1044976250539635,0
2023-07-28 11:09:00,4492.7,123416,43,4475.03,33653,36899,2.1044976250539635,0
2023-07-28 11:09:00,4493.0,123416,6,4475.03,33662,36884,2.1113156519169936,0
2023-07-28 11:09:07,4493.0,123432,6,4475.03,33693,36849,2.1113156519169936,0
2023-07-28 11:09:07,4493.0,123432,6,4475.03,33686,36856,2.1113156519169936,0
2023-07-28 11:09:09,4492.75,123433,1,4475.03,33658,36867,2.105633962864472,0
2023-07-28 11:09:10,4492.75,123435,1,4475.03,33655,36868,2.105633962864472,0
2023-07-28 11:09:10,4492.75,123435,1,4475.03,33658,36866,2.105633962864472,0
2023-07-28 11:09:10,4492.85,123435,1,4475.03,33649,36866,2.1079066384854888,0
2023-07-28 11:09:14,4492.85,123436,1,4475.03,33656,36865,2.1079066384854888,0
2023-07-28 11:09:14,4492.85,123436,1,4475.03,33639,36865,2.1079066384854888,0
2023-07-28 11:09:17,4494.25,123481,16,4475.04,33667,36841,2.139724097179601,0
2023-07-28 11:09:17,4494.25,123481,16,4475.04,33652,36833,2.139724097179601,0
2023-07-28 11:09:17,4494.25,123481,16,4475.04,33644,36845,2.139724097179601,0
2023-07-28 11:09:17,4494.25,123481,16,4475.04,33646,36915,2.139724097179601,0
2023-07-28 11:09:17,4494.25,123481,16,4475.04,33628,36915,2.139724097179601,0
2023-07-28 11:09:17,4494.25,123481,16,4475.04,33628,36912,2.139724097179601,0
2023-07-28 11:09:23,4492.9,123484,1,4475.04,33666,36915,2.1090429762959766,0
2023-07-28 11:09:23,4492.9,123484,1,4475.04,33680,36903,2.1090429762959766,0
2023-07-28 11:09:23,4492.9,123484,1,4475.04,33680,36877,2.1090429762959766,0
2023-07-28 11:09:23,4492.9,123484,1,4475.04,33680,36877,2.1090429762959766,0
2023-07-28 11:09:23,4492.9,123484,1,4475.04,33671,36877,2.1090429762959766,0
2023-07-28 11:09:23,4492.9,123484,1,4475.04,33671,36877,2.1090429762959766,0
2023-07-28 11:09:23,4493.35,123484,1,4475.04,33671,36877,2.119270016590532,0
2023-07-28 11:09:29,4493.35,123485,1,4475.04,33677,36348,2.119270016590532,0
2023-07-28 11:09:29,4493.35,123485,1,4475.04,33677,36348,2.119270016590532,0
2023-07-28 11:09:32,4493.35,123515,1,4475.04,33615,36989,2.119270016590532,0
2023-07-28 11:09:32,4493.35,123515,1,4475.04,33626,36996,2.119270016590532,0
2023-07-28 11:09:32,4493.35,123515,1,4475.04,33626,36999,2.119270016590532,0
2023-07-28 11:09:35,4490.9,123516,1,4475.04,33652,36952,2.0635894638758043,0
2023-07-28 11:09:35,4490.9,123516,1,4475.04,33652,36952,2.0635894638758043,0
2023-07-28 11:09:35,4490.9,123516,1,4475.04,33652,36964,2.0635894638758043,0
2023-07-28 11:09:38,4493.4,123524,5,4475.05,33665,36919,2.1204063544010197,0
2023-07-28 11:09:38,4493.4,123524,5,4475.05,33689,36911,2.1204063544010197,0
2023-07-28 11:09:38,4493.4,123524,5,4475.05,33666,36950,2.1204063544010197,0
2023-07-28 11:09:38,4493.4,123524,5,4475.05,33587,37089,2.1204063544010197,0
2023-07-28 11:09:38,4493.4,123524,5,4475.05,33587,37067,2.1204063544010197,0
2023-07-28 11:09:38,4493.4,123524,5,4475.05,33581,37112,2.1204063544010197,0
2023-07-28 11:09:38,4493.4,123524,5,4475.05,33581,37106,2.1204063544010197,0
2023-07-28 11:09:38,4491.95,123524,1,4475.05,33581,37106,2.0874525578963987,0
2023-07-28 11:09:45,4490.75,123527,1,4475.05,33562,36533,2.0601804504442995,0
2023-07-28 11:09:45,4490.75,123527,1,4475.05,33586,36533,2.0601804504442995,0
2023-07-28 11:09:45,4490.75,123527,1,4475.05,33574,37074,2.0601804504442995,0
2023-07-28 11:09:45,4490.75,123527,1,4475.05,33574,37064,2.0601804504442995,0
2023-07-28 11:09:45,4490.75,123527,1,4475.05,33579,37116,2.0601804504442995,0
2023-07-28 11:09:50,4489.45,123777,8,4475.08,33477,37217,2.0306356673711834,0
2023-07-28 11:09:50,4489.45,123777,8,4475.08,33485,37170,2.0306356673711834,0
2023-07-28 11:09:50,4489.45,123777,8,4475.08,33503,37163,2.0306356673711834,0
2023-07-28 11:09:50,4489.45,123777,8,4475.08,33448,37262,2.0306356673711834,0
2023-07-28 11:09:50,4489.45,123777,8,4475.08,33534,37243,2.0306356673711834,0
2023-07-28 11:09:55,4489.5,123778,1,4475.08,33533,37228,2.031772005181692,0
2023-07-28 11:09:56,4491.7,123866,3,4475.09,33602,37165,2.0817708688438774,0
2023-07-28 11:09:56,4491.7,123866,3,4475.09,33620,37168,2.0817708688438774,0
2023-07-28 11:09:56,4491.7,123866,3,4475.09,33622,37146,2.0817708688438774,0
2023-07-28 11:09:56,4491.7,123866,3,4475.09,33610,37146,2.0817708688438774,0
2023-07-28 11:09:56,4491.7,123866,3,4475.09,33616,37136,2.0817708688438774,0
2023-07-28 11:09:56,4490.25,123866,1,4475.09,33616,37136,2.0488170723392565,0
2023-07-28 11:10:00,4490.25,123867,1,4475.09,33653,37063,2.0488170723392565,0
2023-07-28 11:10:00,4490.25,123867,1,4475.09,33654,37048,2.0488170723392565,0
2023-07-28 11:10:02,4491.6,123873,3,4475.09,33706,37009,2.0794981932228813,0
2023-07-28 11:10:02,4491.6,123873,3,4475.09,33687,37006,2.0794981932228813,0
2023-07-28 11:10:02,4491.6,123873,3,4475.09,33469,37000,2.0794981932228813,0
2023-07-28 11:10:02,4491.6,123873,3,4475.09,33472,36993,2.0794981932228813,0
2023-07-28 11:10:02,4491.6,123873,3,4475.09,33518,36983,2.0794981932228813,0
2023-07-28 11:10:02,4492.4,123873,6,4475.09,33518,36995,2.0976795981909335,0
2023-07-28 11:10:08,4492.4,123879,6,4475.09,33536,36457,2.0976795981909335,0
2023-07-28 11:10:08,4492.4,123879,6,4475.09,33536,36458,2.0976795981909335,0
2023-07-28 11:10:08,4492.4,123879,2,4475.09,33536,36458,2.0976795981909335,0
2023-07-28 11:10:10,4492.4,123881,2,4475.09,33519,36458,2.0976795981909335,0
2023-07-28 11:10:10,4492.4,123881,2,4475.09,33519,36981,2.0976795981909335,0
2023-07-28 11:10:10,4492.4,123881,2,4475.09,33519,36981,2.0976795981909335,0
2023-07-28 11:10:13,4492.4,123899,2,4475.09,33513,37062,2.0976795981909335,0
2023-07-28 11:10:15,4491.0,123900,1,4475.09,33515,37069,2.0658621394968213,0
2023-07-28 11:10:15,4491.0,123900,1,4475.09,33543,37069,2.0658621394968213,0
2023-07-28 11:10:15,4491.0,123900,1,4475.09,33543,37069,2.0658621394968213,0
2023-07-28 11:10:18,4489.3,123955,12,4475.1,33532,37129,2.027226653939679,0
2023-07-28 11:10:18,4489.3,123955,12,4475.1,33537,37129,2.027226653939679,0
2023-07-28 11:10:18,4489.3,123955,12,4475.1,33542,37186,2.027226653939679,0
2023-07-28 11:10:18,4489.3,123955,12,4475.1,33542,37189,2.027226653939679,0
2023-07-28 11:10:18,4489.3,123955,12,4475.1,33542,37186,2.027226653939679,0
2023-07-28 11:10:18,4490.5,123955,1,4475.1,33542,37186,2.0544987613917782,0
2023-07-28 11:10:24,4490.5,123957,1,4475.1,33726,36540,2.0544987613917782,0
2023-07-28 11:10:24,4490.55,123957,1,4475.1,33726,36540,2.0556350992022865,0
2023-07-28 11:10:25,4490.55,123958,1,4475.1,33667,36553,2.0556350992022865,0
2023-07-28 11:10:25,4490.55,123958,1,4475.1,33609,37078,2.0556350992022865,0
2023-07-28 11:10:25,4490.55,123958,1,4475.1,33609,37079,2.0556350992022865,0
2023-07-28 11:10:25,4492.15,123958,1,4475.1,33609,37079,2.0919979091384118,0
2023-07-28 11:10:28,4492.15,123959,1,4475.1,33609,37078,2.0919979091384118,0
2023-07-28 11:10:28,4492.15,123959,1,4475.1,33613,37075,2.0919979091384118,0
2023-07-28 11:10:30,4492.15,123966,4,4475.1,33630,37055,2.0919979091384118,0
2023-07-28 11:10:30,4492.1,123966,2,4475.1,33630,37055,2.0908615713279244,0
2023-07-28 11:10:32,4492.1,123968,2,4475.1,33642,37049,2.0908615713279244,0
2023-07-28 11:10:35,4492.15,123969,1,4475.1,33641,37060,2.0919979091384118,0
2023-07-28 11:10:35,4492.15,123969,1,4475.1,33641,37040,2.0919979091384118,0
2023-07-28 11:10:35,4492.15,123969,1,4475.1,33641,37040,2.0919979091384118,0
2023-07-28 11:10:37,4492.15,123970,1,4475.1,33641,37039,2.0919979091384118,0
2023-07-28 11:10:39,4492.15,123972,1,4475.1,33618,37048,2.0919979091384118,0
2023-07-28 11:10:39,4492.15,123972,1,4475.1,33621,37145,2.0919979091384118,0
2023-07-28 11:10:39,4492.15,123972,1,4475.1,33623,37148,2.0919979091384118,0
2023-07-28 11:10:43,4489.25,123973,1,4475.1,33379,37241,2.0260903161291703,0
2023-07-28 11:10:45,4489.3,123974,1,4475.1,33376,37238,2.027226653939679,0
2023-07-28 11:10:45,4489.3,123974,1,4475.1,33372,37238,2.027226653939679,0
2023-07-28 11:10:45,4489.3,123974,1,4475.1,33372,37243,2.027226653939679,0
2023-07-28 11:10:45,4490.6,123974,1,4475.1,33372,37231,2.056771437012795,0
2023-07-28 11:10:49,4489.3,123977,1,4475.1,33411,37197,2.027226653939679,0
2023-07-28 11:10:49,4489.3,123977,1,4475.1,33425,37175,2.027226653939679,0
2023-07-28 11:10:49,4489.3,123977,1,4475.1,33415,37152,2.027226653939679,0
2023-07-28 11:10:49,4489.3,123977,1,4475.1,33415,37153,2.027226653939679,0
2023-07-28 11:10:49,4489.3,123977,1,4475.1,33415,37153,2.027226653939679,0
2023-07-28 11:10:55,4489.3,123978,1,4475.1,33414,37152,2.027226653939679,0
2023-07-28 11:10:55,4489.3,123978,1,4475.1,33406,37152,2.027226653939679,0
2023-07-28 11:10:55,4489.3,123978,1,4475.1,33406,37152,2.027226653939679,0
2023-07-28 11:10:55,4489.3,123978,1,4475.1,33406,37135,2.027226653939679,0
2023-07-28 11:10:55,4490.75,123978,6,4475.1,33406,37135,2.0601804504442995,0
2023-07-28 11:11:01,4490.75,123998,6,4475.1,33395,37116,2.0601804504442995,0
2023-07-28 11:11:01,4490.75,123998,6,4475.1,33402,37116,2.0601804504442995,0
2023-07-28 11:11:01,4490.75,123998,6,4475.1,33410,37116,2.0601804504442995,0
2023-07-28 11:11:01,4490.75,123998,6,4475.1,33420,37113,2.0601804504442995,0
2023-07-28 11:11:01,4490.75,123998,6,4475.1,33420,37115,2.0601804504442995,0
2023-07-28 11:11:01,4490.75,123998,6,4475.1,33438,37103,2.0601804504442995,0
2023-07-28 11:11:01,4490.75,123998,1,4475.1,33438,37103,2.0601804504442995,0
2023-07-28 11:11:07,4490.75,124005,1,4475.11,33417,37133,2.0601804504442995,0
2023-07-28 11:11:07,4487.55,124005,1,4475.11,33417,37133,1.987454830572028,0
2023-07-28 11:11:10,4487.55,124055,1,4475.11,33384,37187,1.987454830572028,0
2023-07-28 11:11:10,4487.75,124055,1,4475.11,33394,37184,1.9920001818140411,0
2023-07-28 11:11:15,4487.75,124056,1,4475.11,33404,37280,1.9920001818140411,0
2023-07-28 11:11:15,4490.0,124056,5,4475.11,33404,37280,2.043135383286735,0
2023-07-28 11:11:15,4490.0,124056,1,4475.11,33404,37280,2.043135383286735,0
2023-07-28 11:11:19,4490.0,124074,1,4475.11,33507,37190,2.043135383286735,0
2023-07-28 11:11:19,4488.85,124074,1,4475.11,33507,37190,2.0169996136451442,0
2023-07-28 11:11:21,4488.85,124076,1,4475.11,33561,37172,2.0169996136451442,0
2023-07-28 11:11:21,4490.0,124076,1,4475.11,33561,37172,2.043135383286735,0
2023-07-28 11:11:21,4490.0,124076,1,4475.11,33561,37172,2.043135383286735,0
2023-07-28 11:11:23,4490.0,124077,1,4475.11,33531,37171,2.043135383286735,0
2023-07-28 11:11:23,4490.0,124077,1,4475.11,33531,37171,2.043135383286735,0
2023-07-28 11:11:23,4490.0,124077,1,4475.11,33531,37171,2.043135383286735,0
2023-07-28 11:11:26,4490.0,124078,1,4475.11,33559,36658,2.043135383286735,0
2023-07-28 11:11:26,4490.0,124078,1,4475.11,33559,36658,2.043135383286735,0
2023-07-28 11:11:26,4491.8,124078,3,4475.11,33559,36658,2.0840435444648944,0
2023-07-28 11:11:30,4491.2,124101,1,4475.12,33578,36555,2.0704074907388343,0
2023-07-28 11:11:30,4492.1,124101,15,4475.12,33578,36555,2.0908615713279244,0
2023-07-28 11:11:32,4492.1,124117,15,4475.12,33527,37028,2.0908615713279244,0
2023-07-28 11:11:32,4492.1,124117,15,4475.12,33538,37031,2.0908615713279244,0
2023-07-28 11:11:32,4492.0,124117,3,4475.12,33538,37031,2.0885888957069074,0
2023-07-28 11:11:36,4492.0,124124,3,4475.12,33602,36971,2.0885888957069074,0
2023-07-28 11:11:36,4491.95,124124,4,4475.12,33602,36971,2.0874525578963987,0
2023-07-28 11:11:39,4491.95,124130,4,4475.12,33450,37103,2.0874525578963987,0
2023-07-28 11:11:39,4491.95,124130,4,4475.12,33488,37085,2.0874525578963987,0
2023-07-28 11:11:39,4491.05,124130,1,4475.12,33488,37085,2.0669984773073296,0
2023-07-28 11:11:44,4491.05,124131,1,4475.12,33487,37084,2.0669984773073296,0
2023-07-28 11:11:44,4491.05,124131,1,4475.12,33487,37084,2.0669984773073296,0
2023-07-28 11:11:44,4491.05,124131,1,4475.12,33487,37084,2.0669984773073296,0
2023-07-28 11:11:47,4491.05,124133,1,4475.12,33541,37085,2.0669984773073296,0
2023-07-28 11:11:47,4491.05,124133,1,4475.12,33479,37154,2.0669984773073296,0
2023-07-28 11:11:47,4491.05,124133,1,4475.12,33494,37166,2.0669984773073296,0
2023-07-28 11:11:47,4487.95,124133,1,4475.12,33494,37166,1.9965455330560544,0
2023-07-28 11:11:55,4487.95,124134,1,4475.12,33483,37165,1.9965455330560544,0
2023-07-28 11:11:55,4487.95,124134,1,4475.12,33485,37165,1.9965455330560544,0
2023-07-28 11:11:55,4487.95,124134,1,4475.12,33515,37169,1.9965455330560544,0
2023-07-28 11:11:55,4487.95,124134,1,4475.12,33511,37250,1.9965455330560544,0
2023-07-28 11:12:05,4487.6,124135,1,4475.12,33488,37275,1.9885911683825366,0
2023-07-28 11:12:07,4487.55,124136,1,4475.12,33455,37290,1.987454830572028,0
2023-07-28 11:12:07,4487.55,124136,1,4475.12,33456,37291,1.987454830572028,0
2023-07-28 11:12:07,4487.55,124136,1,4475.12,33376,37297,1.987454830572028,0
2023-07-28 11:12:07,4488.3,124136,1,4475.12,33376,37297,2.004499897729593,0
2023-07-28 11:12:15,4487.65,124138,1,4475.12,33398,37251,1.9897275061930244,0
2023-07-28 11:12:15,4487.65,124138,1,4475.12,33365,37232,1.9897275061930244,0
2023-07-28 11:12:15,4487.65,124138,1,4475.12,33257,37256,1.9897275061930244,0
2023-07-28 11:12:15,4487.65,124138,1,4475.12,33307,37208,1.9897275061930244,0
2023-07-28 11:12:15,4487.5,124138,1,4475.12,33312,37208,1.9863184927615196,0
2023-07-28 11:12:25,4487.5,124139,1,4475.12,33424,37207,1.9863184927615196,0
2023-07-28 11:12:25,4487.5,124139,1,4475.12,33437,37195,1.9863184927615196,0
2023-07-28 11:12:25,4487.5,124139,1,4475.12,33405,37198,1.9863184927615196,0
2023-07-28 11:12:25,4487.8,124139,1,4475.12,33405,37198,1.9931365196245496,0
2023-07-28 11:12:33,4487.8,124140,1,4475.12,33386,37198,1.9931365196245496,0
2023-07-28 11:12:33,4487.9,124140,23,4475.12,33386,37198,1.995409195245546,0
2023-07-28 11:12:33,4488.0,124140,1,4475.12,33386,37198,1.9976818708665627,0
2023-07-28 11:12:36,4488.0,124165,1,4475.12,33395,36654,1.9976818708665627,0
2023-07-28 11:12:36,4488.0,124165,1,4475.12,33311,36669,1.9976818708665627,0
2023-07-28 11:12:36,4489.05,124165,1,4475.12,33311,36669,2.0215449648871573,0
2023-07-28 11:12:43,4489.05,124174,1,4475.13,33336,36653,2.0215449648871573,0
2023-07-28 11:12:43,4489.05,124174,1,4475.13,33368,37137,2.0215449648871573,0
2023-07-28 11:12:43,4490.25,124174,1,4475.13,33368,37137,2.0488170723392565,0
2023-07-28 11:12:49,4490.25,124175,1,4475.13,33410,37099,2.0488170723392565,0
2023-07-28 11:12:49,4490.25,124175,1,4475.13,33387,37116,2.0488170723392565,0
2023-07-28 11:12:49,4488.0,124175,22,4475.13,33387,37116,1.9976818708665627,0
2023-07-28 11:12:53,4488.0,124200,22,4475.13,33363,37150,1.9976818708665627,0
2023-07-28 11:12:53,4489.15,124200,1,4475.13,33363,37150,2.0238176405081534,0
2023-07-28 11:12:54,4489.15,124201,1,4475.13,33366,37131,2.0238176405081534,0
2023-07-28 11:12:54,4489.15,124201,1,4475.13,33357,37140,2.0238176405081534,0
2023-07-28 11:12:54,4489.15,124201,1,4475.13,33357,37140,2.0238176405081534,0
2023-07-28 11:13:00,4489.15,124204,1,4475.13,33373,37144,2.0238176405081534,0
2023-07-28 11:13:00,4489.15,124204,3,4475.13,33373,37144,2.0238176405081534,0
2023-07-28 11:13:03,4489.15,124209,3,4475.13,33374,37179,2.0238176405081534,0
2023-07-28 11:13:03,4488.15,124209,1,4475.13,33374,37179,2.0010908842980673,0
2023-07-28 11:13:05,4488.15,124210,1,4475.13,33374,37172,2.0010908842980673,0
2023-07-28 11:13:05,4490.9,124210,2,4475.13,33374,37172,2.0635894638758043,0
2023-07-28 11:13:09,4490.9,124255,2,4475.13,33360,37156,2.0635894638758043,0
2023-07-28 11:13:12,4488.15,124260,1,4475.14,33352,37154,2.0010908842980673,0
2023-07-28 11:13:15,4488.0,124320,25,4475.14,33218,37316,1.9976818708665627,0
2023-07-28 11:13:15,4488.0,124320,25,4475.14,33339,37265,1.9976818708665627,0
2023-07-28 11:13:15,4488.0,124320,25,4475.14,33390,37272,1.9976818708665627,0
2023-07-28 11:13:15,4488.15,124320,1,4475.14,33390,37272,2.0010908842980673,0
2023-07-28 11:13:23,4488.15,124330,1,4475.14,33402,37176,2.0010908842980673,0
2023-07-28 11:13:23,4488.15,124330,3,4475.14,33402,37176,2.0010908842980673,0
2023-07-28 11:13:23,4487.5,124330,1,4475.14,33402,37176,1.9863184927615196,0
2023-07-28 11:13:25,4487.5,124358,1,4475.15,33355,37241,1.9863184927615196,0
2023-07-28 11:13:25,4488.55,124358,12,4475.15,33355,37241,2.0101815867821142,0
2023-07-28 11:13:26,4488.55,124370,12,4475.15,33389,37157,2.0101815867821142,0
2023-07-28 11:13:26,4487.5,124370,9,4475.15,33389,37157,1.9863184927615196,0
2023-07-28 11:13:30,4487.5,124390,9,4475.15,33386,37211,1.9863184927615196,0
2023-07-28 11:13:30,4487.5,124390,9,4475.15,33373,37226,1.9863184927615196,0
2023-07-28 11:13:30,4487.55,124390,1,4475.15,33373,37226,1.987454830572028,0
2023-07-28 11:13:36,4488.3,124392,1,4475.15,33403,37190,2.004499897729593,0
2023-07-28 11:13:36,4488.3,124392,1,4475.15,33403,37205,2.004499897729593,0
2023-07-28 11:13:36,4488.3,124392,1,4475.15,33394,37246,2.004499897729593,0
2023-07-28 11:13:36,4488.7,124392,1,4475.15,33394,37246,2.013590600213619,0
2023-07-28 11:13:42,4488.7,124394,1,4475.15,33332,36667,2.013590600213619,0
2023-07-28 11:13:42,4488.7,124394,1,4475.15,33246,37187,2.013590600213619,0
2023-07-28 11:13:42,4489.95,124394,2,4475.15,33246,37187,2.0419990454762265,0
2023-07-28 11:13:49,4489.95,124397,1,4475.15,33282,37116,2.0419990454762265,0
2023-07-28 11:13:49,4489.95,124397,1,4475.15,33273,37109,2.0419990454762265,0
2023-07-28 11:13:55,4489.15,124399,1,4475.15,33242,37108,2.0238176405081534,0
2023-07-28 11:13:55,4489.5,124399,1,4475.15,33242,37108,2.031772005181692,0
2023-07-28 11:13:56,4489.5,124400,1,4475.15,33234,37112,2.031772005181692,0
2023-07-28 11:13:56,4489.5,124400,1,4475.15,33239,37113,2.031772005181692,0
2023-07-28 11:13:56,4487.5,124400,8,4475.15,33239,37113,1.9863184927615196,0
2023-07-28 11:14:01,4487.5,124420,8,4475.15,33252,37238,1.9863184927615196,0
2023-07-28 11:14:01,4487.5,124420,3,4475.15,33252,37238,1.9863184927615196,0
2023-07-28 11:14:05,4487.5,124430,1,4475.15,33251,37237,1.9863184927615196,0
2023-07-28 11:14:05,4487.5,124430,1,4475.15,33256,37237,1.9863184927615196,0
2023-07-28 11:14:05,4487.5,124430,1,4475.15,33255,37247,1.9863184927615196,0
2023-07-28 11:14:05,4487.5,124430,1,4475.15,33255,37246,1.9863184927615196,0
2023-07-28 11:14:05,4487.5,124430,1,4475.15,33255,37237,1.9863184927615196,0
2023-07-28 11:14:05,4487.5,124430,1,4475.15,33280,37255,1.9863184927615196,0
2023-07-28 11:14:05,4488.55,124430,1,4475.15,33280,37255,2.0101815867821142,0
2023-07-28 11:14:11,4488.55,124432,1,4475.15,33388,37158,2.0101815867821142,0
2023-07-28 11:14:11,4488.55,124432,1,4475.15,33388,37158,2.0101815867821142,0
2023-07-28 11:14:11,4488.55,124432,1,4475.15,33388,37288,2.0101815867821142,0
2023-07-28 11:14:11,4488.55,124432,1,4475.15,33389,37288,2.0101815867821142,0
2023-07-28 11:14:11,4489.45,124432,1,4475.15,33389,37288,2.0306356673711834,0
2023-07-28 11:14:17,4489.45,124433,1,4475.15,33372,37297,2.0306356673711834,0
2023-07-28 11:14:17,4489.45,124433,1,4475.15,33372,37290,2.0306356673711834,0
2023-07-28 11:14:17,4489.45,124433,1,4475.15,33305,37401,2.0306356673711834,0
2023-07-28 11:14:21,4489.1,124438,4,4475.15,33328,37333,2.022681302697666,0
2023-07-28 11:14:21,4489.1,124438,4,4475.15,33315,37306,2.022681302697666,0
2023-07-28 11:14:21,4489.1,124438,4,4475.15,33316,37306,2.022681302697666,0
2023-07-28 11:14:21,4489.1,124438,2,4475.15,33316,37306,2.022681302697666,0
2023-07-28 11:14:24,4489.1,124440,2,4475.15,33306,37306,2.022681302697666,0
2023-07-28 11:14:24,4489.1,124440,2,4475.15,33306,37306,2.022681302697666,0
2023-07-28 11:14:26,4487.55,124443,1,4475.15,33214,37361,1.987454830572028,0
2023-07-28 11:14:26,4487.55,124444,1,4475.15,33273,37408,1.987454830572028,0
2023-07-28 11:14:26,4487.55,124444,1,4475.15,33273,37408,1.987454830572028,0
2023-07-28 11:14:26,4487.55,124444,1,4475.15,33450,37389,1.987454830572028,0
2023-07-28 11:14:26,4487.55,124444,1,4475.15,33450,37389,1.987454830572028,0
2023-07-28 11:14:26,4487.5,124444,1,4475.15,33453,37156,1.9863184927615196,0
2023-07-28 11:14:30,4487.5,124445,1,4475.15,33429,37161,1.9863184927615196,0
2023-07-28 11:14:30,4487.5,124445,1,4475.15,33430,37161,1.9863184927615196,0
2023-07-28 11:14:31,4489.25,124470,2,4475.16,33479,36590,2.0260903161291703,0
2023-07-28 11:14:31,4489.25,124470,2,4475.16,33469,36590,2.0260903161291703,0
2023-07-28 11:14:31,4489.25,124470,2,4475.16,33471,36590,2.0260903161291703,0
2023-07-28 11:14:31,4489.25,124470,2,4475.16,33477,36572,2.0260903161291703,0
2023-07-28 11:14:31,4489.25,124470,2,4475.16,33467,36572,2.0260903161291703,0
2023-07-28 11:14:31,4489.5,124470,3,4475.16,33457,37072,2.031772005181692,0
2023-07-28 11:14:38,4487.6,124488,9,4475.16,33413,37085,1.9885911683825366,0
2023-07-28 11:14:38,4487.6,124488,9,4475.16,33413,37085,1.9885911683825366,0
2023-07-28 11:14:38,4487.6,124488,9,4475.16,33416,37069,1.9885911683825366,0
2023-07-28 11:14:38,4487.6,124488,9,4475.16,33426,37105,1.9885911683825366,0
2023-07-28 11:14:38,4487.6,124488,9,4475.16,33414,37118,1.9885911683825366,0
2023-07-28 11:14:38,4487.6,124488,9,4475.16,33414,37108,1.9885911683825366,0
2023-07-28 11:14:38,4487.6,124488,9,4475.16,33414,37098,1.9885911683825366,0
2023-07-28 11:14:45,4488.5,124490,1,4475.16,33407,37085,2.009045248971606,0
2023-07-28 11:14:45,4488.5,124491,1,4475.16,33420,37084,2.009045248971606,0
2023-07-28 11:14:45,4488.5,124491,1,4475.16,33448,37077,2.009045248971606,0
2023-07-28 11:14:45,4488.5,124491,1,4475.16,33427,37071,2.009045248971606,0
2023-07-28 11:14:45,4488.5,124491,1,4475.16,33421,37070,2.009045248971606,0
2023-07-28 11:14:45,4488.75,124491,2,4475.16,33431,37081,2.0147269380241273,0
2023-07-28 11:14:51,4488.75,124493,2,4475.16,33399,37094,2.0147269380241273,0
2023-07-28 11:14:51,4488.75,124493,2,4475.16,33399,37094,2.0147269380241273,0
2023-07-28 11:14:51,4488.75,124493,2,4475.16,33399,37094,2.0147269380241273,0
2023-07-28 11:14:51,4488.75,124493,2,4475.16,33429,37084,2.0147269380241273,0
2023-07-28 11:14:51,4488.75,124493,2,4475.16,33404,37086,2.0147269380241273,0
2023-07-28 11:14:51,4488.55,124493,1,4475.16,33399,37096,2.0101815867821142,0
2023-07-28 11:14:57,4488.55,124494,1,4475.16,33398,37106,2.0101815867821142,0
2023-07-28 11:14:57,4488.55,124494,1,4475.16,33404,37106,2.0101815867821142,0
2023-07-28 11:14:57,4488.55,124494,1,4475.16,33416,37100,2.0101815867821142,0
2023-07-28 11:14:57,4488.55,124494,1,4475.16,33416,37101,2.0101815867821142,0
2023-07-28 11:14:57,4488.55,124494,1,4475.16,33416,37094,2.0101815867821142,0
2023-07-28 11:15:04,4487.7,124524,29,4475.16,33380,37104,1.990863844003533,0
2023-07-28 11:15:04,4487.7,124524,29,4475.16,33389,37109,1.990863844003533,0
2023-07-28 11:15:04,4487.7,124524,29,4475.16,33382,37100,1.990863844003533,0
2023-07-28 11:15:04,4487.7,124524,29,4475.16,33382,37100,1.990863844003533,0
2023-07-28 11:15:04,4488.55,124524,2,4475.16,33382,37100,2.0101815867821142,0
2023-07-28 11:15:11,4487.7,124545,11,4475.16,33375,36716,1.990863844003533,0
2023-07-28 11:15:11,4487.7,124545,11,4475.16,33362,36717,1.990863844003533,0
2023-07-28 11:15:11,4487.7,124545,11,4475.16,33386,37156,1.990863844003533,0
2023-07-28 11:15:11,4487.7,124545,3,4475.16,33386,37156,1.990863844003533,0
2023-07-28 11:15:18,4487.7,124551,3,4475.17,33381,37140,1.990863844003533,0
2023-07-28 11:15:22,4488.5,124591,11,4475.17,33386,36641,2.009045248971606,0
2023-07-28 11:15:22,4488.5,124591,11,4475.17,33383,36853,2.009045248971606,0
2023-07-28 11:15:28,4488.5,124606,8,4475.17,33385,37309,2.009045248971606,0
2023-07-28 11:15:28,4488.5,124606,8,4475.17,33387,37313,2.009045248971606,0
2023-07-28 11:15:28,4488.5,124606,8,4475.17,33374,37309,2.009045248971606,0
2023-07-28 11:15:28,4488.0,124606,1,4475.17,33374,37309,1.9976818708665627,0
2023-07-28 11:15:34,4488.0,124607,1,4475.17,33375,37322,1.9976818708665627,0
2023-07-28 11:15:34,4487.5,124607,3,4475.17,33375,37322,1.9863184927615196,0
2023-07-28 11:15:36,4487.5,124628,3,4475.17,33373,37323,1.9863184927615196,0
2023-07-28 11:15:36,4488.5,124628,25,4475.17,33373,37323,2.009045248971606,0
2023-07-28 11:15:40,4488.5,124653,25,4475.18,33399,36835,2.009045248971606,0
2023-07-28 11:15:40,4487.55,124653,4,4475.18,33399,36835,1.987454830572028,0
2023-07-28 11:15:43,4487.55,124668,4,4475.18,33395,36828,1.987454830572028,0
2023-07-28 11:15:43,4489.95,124668,3,4475.18,33395,36828,2.0419990454762265,0
2023-07-28 11:15:44,4489.95,124673,3,4475.18,33359,36826,2.0419990454762265,0
2023-07-28 11:15:44,4488.65,124673,8,4475.18,33359,36826,2.0124542624031103,0
2023-07-28 11:15:49,4489.0,124685,2,4475.18,33368,37261,2.020408627076649,0
2023-07-28 11:15:49,4488.65,124685,2,4475.18,33368,37261,2.0124542624031103,0
2023-07-28 11:15:49,4486.0,124685,4,4475.18,33368,37261,1.9522283584463904,0
2023-07-28 11:15:50,4486.0,124897,4,4475.2,33343,37380,1.9522283584463904,0
2023-07-28 11:15:50,4486.0,124897,4,4475.2,33376,37403,1.9522283584463904,0
2023-07-28 11:15:50,4486.0,124897,4,4475.2,33370,37415,1.9522283584463904,0
