2023-07-28 10:47:09,1952.95,1117510,73,1949.81,93420,136880,0.6415872197887166,0
2023-07-28 10:47:09,1952.95,1117510,73,1949.81,93714,137178,0.6415872197887166,0
2023-07-28 10:47:09,1952.05,1117510,50,1949.81,93731,137179,0.595207420767841,0
2023-07-28 10:47:11,1952.05,1117560,50,1949.81,93401,137249,0.595207420767841,0
2023-07-28 10:47:13,1952.05,1117693,93,1949.81,94387,137181,0.595207420767841,0
2023-07-28 10:47:13,1952.05,1117693,20,1949.81,94387,137181,0.595207420767841,0
2023-07-28 10:47:13,1952.05,1117713,20,1949.81,94503,137149,0.595207420767841,0
2023-07-28 10:47:13,1952.05,1117713,20,1949.81,94545,137083,0.595207420767841,0
2023-07-28 10:47:13,1952.05,1117713,20,1949.81,94444,137693,0.595207420767841,0
2023-07-28 10:47:17,1952.1,1117738,25,1949.81,94432,137707,0.5977840762689981,0
2023-07-28 10:47:17,1952.1,1117744,6,1949.81,94559,137925,0.5977840762689981,0
2023-07-28 10:47:18,1952.5,1117745,1,1949.81,94532,137913,0.6183973202782788,0
2023-07-28 10:47:20,1952.5,1117889,36,1949.81,94777,137200,0.6183973202782788,0
2023-07-28 10:47:20,1952.5,1117889,2,1949.81,94777,137200,0.6183973202782788,0
2023-07-28 10:47:20,1952.5,1117891,2,1949.81,94544,137489,0.6183973202782788,0
2023-07-28 10:47:20,1952.5,1117891,2,1949.81,94544,137489,0.6183973202782788,0
2023-07-28 10:47:20,1952.15,1117891,84,1949.81,94572,137499,0.600360731770167,0
2023-07-28 10:47:22,1952.05,1118015,100,1949.81,94560,137842,0.595207420767841,0
2023-07-28 10:47:22,1952.15,1118015,1,1949.81,94560,137842,0.600360731770167,0
2023-07-28 10:47:24,1952.1,1119185,10,1949.81,94690,136619,0.5977840762689981,0
2023-07-28 10:47:24,1952.5,1119185,339,1949.81,94690,136619,0.6183973202782788,0
2023-07-28 10:47:26,1952.35,1119702,15,1949.82,95423,134641,0.6106673537747956,0
2023-07-28 10:47:26,1952.35,1119702,15,1949.82,95423,134641,0.6106673537747956,0
2023-07-28 10:47:27,1952.55,1119705,3,1949.82,95757,135434,0.6209739757794359,0
2023-07-28 10:47:28,1953.5,1119740,33,1949.82,95962,135457,0.6699304303014687,0
2023-07-28 10:47:30,1953.45,1119757,17,1949.82,95721,135054,0.6673537748003115,0
2023-07-28 10:47:31,1953.85,1119854,57,1949.82,93955,135005,0.6879670188095804,0
2023-07-28 10:47:31,1953.85,1119854,57,1949.82,95863,135054,0.6879670188095804,0
2023-07-28 10:47:31,1953.85,1119854,57,1949.82,95793,135129,0.6879670188095804,0
2023-07-28 10:47:31,1953.05,1119854,3,1949.82,95793,135129,0.6467405307910309,0
2023-07-28 10:47:34,1953.05,1119857,3,1949.82,95648,134829,0.6467405307910309,0
2023-07-28 10:47:35,1953.0,1119873,1,1949.82,95944,135124,0.6441638752898737,0
2023-07-28 10:47:35,1953.3,1119873,11,1949.82,95944,135124,0.6596238082968283,0
2023-07-28 10:47:35,1953.35,1119873,70,1949.82,95944,135124,0.6622004637979855,0
2023-07-28 10:47:37,1953.45,1119998,23,1949.82,95968,134582,0.6673537748003115,0
2023-07-28 10:47:38,1953.85,1120032,10,1949.82,95849,133906,0.6879670188095804,0
2023-07-28 10:47:39,1953.85,1120066,10,1949.82,95519,134050,0.6879670188095804,0
2023-07-28 10:47:39,1953.45,1120066,1,1949.82,95519,134050,0.6673537748003115,0
2023-07-28 10:47:40,1953.8,1120067,1,1949.82,95809,133931,0.6853903633084233,0
2023-07-28 10:47:41,1953.8,1120068,1,1949.82,95913,134357,0.6853903633084233,0
2023-07-28 10:47:41,1953.8,1120068,1,1949.82,95942,134323,0.6853903633084233,0
2023-07-28 10:47:41,1953.8,1120068,1,1949.82,95941,134349,0.6853903633084233,0
2023-07-28 10:47:45,1953.8,1120158,57,1949.82,95662,133794,0.6853903633084233,0
2023-07-28 10:47:45,1953.8,1120158,2,1949.82,95962,134239,0.6853903633084233,0
2023-07-28 10:47:47,1953.8,1120308,10,1949.82,95662,134165,0.6853903633084233,0
2023-07-28 10:47:47,1953.8,1120318,10,1949.82,95954,134429,0.6853903633084233,0
2023-07-28 10:47:47,1953.8,1120318,33,1949.82,95954,134429,0.6853903633084233,0
2023-07-28 10:47:49,1953.05,1120498,4,1949.82,95509,134376,0.6467405307910309,0
2023-07-28 10:47:49,1953.05,1120498,4,1949.82,95722,133987,0.6467405307910309,0
2023-07-28 10:47:49,1953.05,1120498,4,1949.82,95734,134419,0.6467405307910309,0
2023-07-28 10:47:49,1953.05,1120498,4,1949.82,95754,134412,0.6467405307910309,0
2023-07-28 10:47:49,1953.05,1120498,4,1949.82,95655,134388,0.6467405307910309,0
2023-07-28 10:47:54,1953.55,1120530,32,1949.82,95774,134258,0.6725070858026259,0
2023-07-28 10:47:54,1953.55,1120530,3,1949.82,95774,134404,0.6725070858026259,0
2023-07-28 10:47:56,1953.5,1120548,10,1949.82,95763,134396,0.6699304303014687,0
2023-07-28 10:47:56,1953.5,1120548,10,1949.82,95763,134396,0.6699304303014687,0
2023-07-28 10:47:56,1953.5,1120548,10,1949.82,95729,134377,0.6699304303014687,0
2023-07-28 10:47:56,1953.5,1120548,10,1949.82,95729,134210,0.6699304303014687,0
2023-07-28 10:47:56,1953.5,1120548,10,1949.82,95455,134366,0.6699304303014687,0
2023-07-28 10:48:00,1953.5,1120549,1,1949.82,95997,134835,0.6699304303014687,0
2023-07-28 10:48:00,1953.0,1120549,287,1949.82,95997,134835,0.6441638752898737,0
2023-07-28 10:48:02,1953.5,1120871,2,1949.82,96305,134713,0.6699304303014687,0
2023-07-28 10:48:02,1953.5,1120873,2,1949.82,96354,134724,0.6699304303014687,0
2023-07-28 10:48:02,1953.5,1120873,2,1949.82,96386,134411,0.6699304303014687,0
2023-07-28 10:48:02,1953.5,1120873,2,1949.82,96396,134414,0.6699304303014687,0
2023-07-28 10:48:02,1953.5,1120873,2,1949.82,96397,134422,0.6699304303014687,0
2023-07-28 10:48:08,1953.5,1120878,1,1949.82,96295,134972,0.6699304303014687,0
2023-07-28 10:48:08,1953.5,1120878,1,1949.82,96305,135117,0.6699304303014687,0
2023-07-28 10:48:08,1953.5,1120878,2,1949.82,96305,135117,0.6699304303014687,0
2023-07-28 10:48:10,1953.5,1120884,2,1949.82,96305,135111,0.6699304303014687,0
2023-07-28 10:48:11,1953.05,1120886,2,1949.82,96294,135112,0.6467405307910309,0
2023-07-28 10:48:13,1953.0,1120906,20,1949.82,96283,135209,0.6441638752898737,0
2023-07-28 10:48:13,1954.55,1120906,6,1949.82,96283,135209,0.7240401958258157,0
2023-07-28 10:48:13,1954.55,1121894,6,1949.82,97167,132543,0.7240401958258157,0
2023-07-28 10:48:13,1954.55,1121894,6,1949.82,97415,133250,0.7240401958258157,0
2023-07-28 10:48:13,1955.0,1121894,374,1949.82,97310,132950,0.7472300953362535,0
2023-07-28 10:48:16,1955.0,1122394,374,1949.83,97775,132784,0.7472300953362535,0
2023-07-28 10:48:17,1955.0,1122759,225,1949.83,97415,133103,0.7472300953362535,0
2023-07-28 10:48:19,1955.0,1123258,17,1949.83,96655,133334,0.7472300953362535,0
2023-07-28 10:48:19,1955.1,1123258,1,1949.83,96655,133334,0.7523834063385678,0
2023-07-28 10:48:19,1955.1,1123269,1,1949.83,96756,133180,0.7523834063385678,0
2023-07-28 10:48:19,1955.1,1123269,1,1949.83,96762,133180,0.7523834063385678,0
2023-07-28 10:48:19,1955.1,1123269,26,1949.83,96762,133180,0.7523834063385678,0
2023-07-28 10:48:23,1955.0,1123324,1,1949.83,96429,132831,0.7472300953362535,0
2023-07-28 10:48:23,1955.0,1123324,1,1949.83,96729,132998,0.7472300953362535,0
2023-07-28 10:48:23,1955.0,1123324,22,1949.83,96729,132998,0.7472300953362535,0
2023-07-28 10:48:25,1955.0,1123347,1,1949.83,96560,133003,0.7472300953362535,0
2023-07-28 10:48:25,1955.0,1123347,1,1949.83,96826,133003,0.7472300953362535,0
2023-07-28 10:48:27,1955.0,1123647,300,1949.83,97839,133068,0.7472300953362535,0
2023-07-28 10:48:27,1955.0,1123647,200,1949.83,97839,133068,0.7472300953362535,0
2023-07-28 10:48:28,1955.0,1124247,300,1949.83,96904,133638,0.7472300953362535,0
2023-07-28 10:48:28,1955.0,1124247,300,1949.83,97071,133165,0.7472300953362535,0
2023-07-28 10:48:28,1955.0,1124247,300,1949.83,97189,133083,0.7472300953362535,0
2023-07-28 10:48:28,1955.0,1124247,300,1949.83,97189,133083,0.7472300953362535,0
2023-07-28 10:48:28,1955.0,1124247,300,1949.83,96910,133126,0.7472300953362535,0
2023-07-28 10:48:33,1955.0,1127695,100,1949.85,95351,133536,0.7472300953362535,0
2023-07-28 10:48:33,1955.0,1133496,100,1949.88,95309,134022,0.7472300953362535,0
2023-07-28 10:48:34,1955.0,1133954,56,1949.88,96425,133556,0.7472300953362535,0
2023-07-28 10:48:34,1955.0,1133954,56,1949.88,96840,133276,0.7472300953362535,0
2023-07-28 10:48:38,1954.35,1134131,27,1949.88,96822,133578,0.7137335738211754,0
2023-07-28 10:48:38,1954.4,1134131,10,1949.88,96822,133578,0.7163102293223443,0
2023-07-28 10:48:39,1954.6,1134314,1,1949.88,96322,134232,0.7266168513269728,0
2023-07-28 10:48:39,1954.6,1134314,1,1949.88,96322,134232,0.7266168513269728,0
2023-07-28 10:48:40,1954.05,1134514,100,1949.88,96341,134744,0.6982736408142208,0
2023-07-28 10:48:41,1954.05,1134622,8,1949.88,96333,134752,0.6982736408142208,0
2023-07-28 10:48:41,1954.05,1135014,200,1949.88,96325,134436,0.6982736408142208,0
2023-07-28 10:48:41,1954.05,1135014,99,1949.88,96325,134436,0.6982736408142208,0
2023-07-28 10:48:43,1954.05,1136013,5,1949.89,95636,134779,0.6982736408142208,0
2023-07-28 10:48:45,1954.05,1136218,100,1949.89,95790,134530,0.6982736408142208,0
2023-07-28 10:48:45,1954.05,1136218,100,1949.89,95797,134279,0.6982736408142208,0
2023-07-28 10:48:45,1954.05,1136218,100,1949.89,95868,134300,0.6982736408142208,0
2023-07-28 10:48:45,1954.05,1136218,100,1949.89,95768,134467,0.6982736408142208,0
2023-07-28 10:48:45,1954.05,1136218,100,1949.89,95768,134462,0.6982736408142208,0
2023-07-28 10:48:45,1954.05,1136218,100,1949.89,95768,134462,0.6982736408142208,0
2023-07-28 10:48:50,1954.05,1136719,100,1949.89,95768,134487,0.6982736408142208,0
2023-07-28 10:48:50,1954.45,1136719,1,1949.89,95768,134487,0.7188868848235015,0
2023-07-28 10:48:51,1954.45,1136721,1,1949.89,96068,133935,0.7188868848235015,0
2023-07-28 10:48:51,1954.05,1136721,100,1949.89,96068,133935,0.6982736408142208,0
2023-07-28 10:48:54,1954.05,1136821,100,1949.89,96098,134394,0.6982736408142208,0
2023-07-28 10:48:56,1954.05,1139599,81,1949.9,94772,134428,0.6982736408142208,0
2023-07-28 10:48:56,1954.05,1140599,30,1949.9,94889,134184,0.6982736408142208,0
2023-07-28 10:48:56,1954.05,1140599,30,1949.9,95294,134592,0.6982736408142208,0
2023-07-28 10:48:56,1954.05,1140599,30,1949.9,95340,134644,0.6982736408142208,0
2023-07-28 10:48:56,1954.05,1140599,30,1949.9,96205,134003,0.6982736408142208,0
2023-07-28 10:48:56,1954.05,1140599,30,1949.9,96221,134249,0.6982736408142208,0
2023-07-28 10:49:01,1953.35,1140681,10,1949.9,96075,134119,0.6622004637979855,0
2023-07-28 10:49:01,1953.35,1140681,10,1949.9,95813,134475,0.6622004637979855,0
2023-07-28 10:49:01,1953.35,1140681,10,1949.9,96102,134436,0.6622004637979855,0
2023-07-28 10:49:05,1953.75,1140701,20,1949.9,96104,134410,0.6828137078072661,0
2023-07-28 10:49:05,1953.45,1140701,3,1949.9,96104,134410,0.6673537748003115,0
2023-07-28 10:49:05,1953.45,1140701,1,1949.9,96104,134410,0.6673537748003115,0
2023-07-28 10:49:06,1953.45,1140705,1,1949.9,96098,134449,0.6673537748003115,0
2023-07-28 10:49:10,1953.75,1140712,7,1949.9,96098,134464,0.6828137078072661,0
2023-07-28 10:49:10,1953.05,1140712,24,1949.9,96098,134464,0.6467405307910309,0
2023-07-28 10:49:11,1953.75,1140794,50,1949.9,96172,134162,0.6828137078072661,0
2023-07-28 10:49:11,1953.75,1140794,50,1949.9,96152,134184,0.6828137078072661,0
2023-07-28 10:49:14,1953.2,1140826,10,1949.9,96129,134283,0.6544704972945141,0
2023-07-28 10:49:14,1953.2,1140826,10,1949.9,96161,134246,0.6544704972945141,0
2023-07-28 10:49:14,1953.75,1140826,100,1949.9,96161,134232,0.6828137078072661,0
2023-07-28 10:49:17,1953.3,1140948,10,1949.9,96016,134217,0.6596238082968283,0
2023-07-28 10:49:28,1952.0,1141096,21,1949.9,95984,134691,0.5926307652666838,0
2023-07-28 10:49:28,1952.0,1141096,21,1949.9,95954,134910,0.5926307652666838,0
2023-07-28 10:49:28,1952.05,1141096,28,1949.9,95984,134691,0.595207420767841,0
2023-07-28 10:49:31,1952.5,1141126,2,1949.9,95968,134662,0.6183973202782788,0
2023-07-28 10:49:32,1954.05,1143697,14,1949.91,96255,134445,0.6982736408142208,0
2023-07-28 10:49:32,1954.05,1143697,200,1949.91,96255,134445,0.6982736408142208,0
2023-07-28 10:49:34,1954.05,1143902,155,1949.91,96114,134552,0.6982736408142208,0
2023-07-28 10:49:35,1954.5,1144693,63,1949.92,96319,134514,0.7214635403246586,0
2023-07-28 10:49:35,1954.5,1144693,63,1949.92,96319,134514,0.7214635403246586,0
2023-07-28 10:49:36,1954.05,1146383,845,1949.92,95455,134435,0.6982736408142208,0
2023-07-28 10:49:37,1954.05,1146683,300,1949.92,96830,133972,0.6982736408142208,0
2023-07-28 10:49:37,1954.05,1146683,300,1949.92,96830,133972,0.6982736408142208,0
2023-07-28 10:49:37,1954.05,1146683,100,1949.92,96830,133972,0.6982736408142208,0
2023-07-28 10:49:39,1954.05,1146783,100,1949.92,96680,134376,0.6982736408142208,0
2023-07-28 10:49:39,1954.05,1146783,300,1949.92,96683,134406,0.6982736408142208,0
2023-07-28 10:49:44,1954.05,1147088,5,1949.92,96763,134104,0.6982736408142208,0
2023-07-28 10:49:45,1954.5,1147089,1,1949.92,96784,133470,0.7214635403246586,0
2023-07-28 10:49:45,1954.5,1147089,1,1949.92,96784,133770,0.7214635403246586,0
2023-07-28 10:49:45,1954.5,1147089,1,1949.92,96682,133775,0.7214635403246586,0
2023-07-28 10:49:45,1954.5,1147089,1,1949.92,96747,133778,0.7214635403246586,0
2023-07-28 10:49:45,1954.5,1147089,1,1949.92,96876,133901,0.7214635403246586,0
2023-07-28 10:49:45,1954.5,1147089,1,1949.92,96901,134536,0.7214635403246586,0
2023-07-28 10:49:45,1954.5,1147089,1,1949.92,96901,134539,0.7214635403246586,0
2023-07-28 10:49:45,1954.5,1147089,1,1949.92,96901,133700,0.7214635403246586,0
2023-07-28 10:49:45,1954.5,1147089,1,1949.92,96901,133732,0.7214635403246586,0
2023-07-28 10:49:45,1955.0,1147089,456,1949.92,96945,134972,0.7472300953362535,0
2023-07-28 10:49:56,1955.05,1154427,300,1949.96,98171,132622,0.7498067508374107,0
2023-07-28 10:49:56,1955.05,1154427,300,1949.96,98516,130548,0.7498067508374107,0
2023-07-28 10:49:59,1956.35,1154677,43,1949.96,98421,130769,0.8167997938675552,0
2023-07-28 10:49:59,1956.35,1154677,43,1949.96,98163,130433,0.8167997938675552,0
2023-07-28 10:49:59,1955.3,1154677,1,1949.96,98163,130433,0.7626900283432082,0
2023-07-28 10:50:01,1955.05,1154678,58,1949.96,98085,130926,0.7498067508374107,0
2023-07-28 10:50:03,1955.05,1154911,133,1949.96,97793,131041,0.7498067508374107,0
2023-07-28 10:50:03,1955.85,1154911,10,1949.96,97793,131029,0.7910332388559602,0
2023-07-28 10:50:05,1955.85,1154921,10,1949.96,97879,131465,0.7910332388559602,0
2023-07-28 10:50:05,1955.85,1154921,28,1949.96,97879,131465,0.7910332388559602,0
2023-07-28 10:50:08,1955.85,1154949,28,1949.96,97883,131701,0.7910332388559602,0
2023-07-28 10:50:08,1955.85,1154949,28,1949.96,97595,131829,0.7910332388559602,0
2023-07-28 10:50:08,1955.6,1154949,1,1949.96,97595,131809,0.7781499613501628,0
2023-07-28 10:50:11,1955.6,1155086,136,1949.96,97644,131216,0.7781499613501628,0
2023-07-28 10:50:11,1955.6,1155086,136,1949.96,97660,131409,0.7781499613501628,0
2023-07-28 10:50:11,1955.6,1155086,136,1949.96,97675,131298,0.7781499613501628,0
2023-07-28 10:50:11,1955.6,1155086,136,1949.96,97579,131299,0.7781499613501628,0
2023-07-28 10:50:11,1955.6,1155086,136,1949.96,97579,131303,0.7781499613501628,0
2023-07-28 10:50:11,1955.6,1155086,136,1949.96,97600,131571,0.7781499613501628,0
2023-07-28 10:50:18,1955.05,1156086,685,1949.96,97795,131655,0.7498067508374107,0
2023-07-28 10:50:18,1955.4,1156087,1,1949.96,97826,131633,0.7678433393455342,0
2023-07-28 10:50:19,1955.05,1156139,52,1949.96,97774,131648,0.7498067508374107,0
2023-07-28 10:50:19,1955.05,1156139,52,1949.96,97774,131648,0.7498067508374107,0
2023-07-28 10:50:19,1955.05,1156139,52,1949.96,97759,131388,0.7498067508374107,0
2023-07-28 10:50:19,1955.05,1156139,52,1949.96,97731,131069,0.7498067508374107,0
2023-07-28 10:50:19,1956.0,1156139,51,1949.96,97731,131069,0.7987632053594435,0
2023-07-28 10:50:22,1956.0,1156702,51,1949.97,97351,131488,0.7987632053594435,0
2023-07-28 10:50:22,1956.0,1156702,51,1949.97,97372,131404,0.7987632053594435,0
2023-07-28 10:50:22,1955.75,1156702,51,1949.97,97372,131404,0.785879927853646,0
2023-07-28 10:50:24,1955.75,1156753,51,1949.97,97323,131473,0.785879927853646,0
2023-07-28 10:50:24,1955.75,1156753,51,1949.97,97323,131473,0.785879927853646,0
2023-07-28 10:50:24,1955.75,1156753,51,1949.97,97323,131791,0.785879927853646,0
2023-07-28 10:50:24,1955.75,1156753,2,1949.97,97323,131791,0.785879927853646,0
2023-07-28 10:50:26,1955.75,1156755,2,1949.97,97337,131493,0.785879927853646,0
2023-07-28 10:50:26,1955.75,1156755,2,1949.97,97440,131053,0.785879927853646,0
2023-07-28 10:50:26,1955.75,1156755,2,1949.97,97440,131050,0.785879927853646,0
2023-07-28 10:50:26,1955.75,1156755,2,1949.97,97449,131050,0.785879927853646,0
2023-07-28 10:50:26,1955.75,1156755,2,1949.97,97427,131050,0.785879927853646,0
2023-07-28 10:50:31,1954.95,1156786,8,1949.97,96327,131683,0.7446534398350964,0
2023-07-28 10:50:31,1954.95,1156786,8,1949.97,96132,131735,0.7446534398350964,0
2023-07-28 10:50:31,1954.95,1156786,8,1949.97,96325,131535,0.7446534398350964,0
2023-07-28 10:50:31,1954.95,1156786,8,1949.97,96285,131847,0.7446534398350964,0
2023-07-28 10:50:31,1954.95,1156786,8,1949.97,96285,131853,0.7446534398350964,0
2023-07-28 10:50:31,1954.95,1156786,8,1949.97,96285,132159,0.7446534398350964,0
2023-07-28 10:50:31,1954.95,1156786,8,1949.97,96299,132499,0.7446534398350964,0
2023-07-28 10:50:31,1954.95,1156786,8,1949.97,96274,132199,0.7446534398350964,0
2023-07-28 10:50:31,1954.05,1156786,20,1949.97,96274,132199,0.6982736408142208,0
2023-07-28 10:50:40,1954.05,1156826,20,1949.97,96491,132006,0.6982736408142208,0
2023-07-28 10:50:40,1954.05,1156826,20,1949.97,96517,132595,0.6982736408142208,0
2023-07-28 10:50:40,1954.05,1156826,20,1949.97,96502,132639,0.6982736408142208,0
2023-07-28 10:50:44,1953.4,1156846,19,1949.97,96413,132623,0.6647771192991544,0
2023-07-28 10:50:44,1953.4,1156846,19,1949.97,96450,132621,0.6647771192991544,0
2023-07-28 10:50:44,1953.4,1156846,19,1949.97,96211,132358,0.6647771192991544,0
2023-07-28 10:50:44,1953.4,1156846,19,1949.97,96212,132663,0.6647771192991544,0
2023-07-28 10:50:44,1953.45,1156846,32,1949.97,96212,132663,0.6673537748003115,0
2023-07-28 10:50:48,1953.45,1157112,32,1949.97,95574,132854,0.6673537748003115,0
2023-07-28 10:50:48,1953.45,1157112,32,1949.97,95294,133014,0.6673537748003115,0
2023-07-28 10:50:50,1951.2,1157425,17,1949.97,94845,132868,0.5514042772481342,0
2023-07-28 10:50:50,1951.2,1157425,17,1949.97,94845,132868,0.5514042772481342,0
2023-07-28 10:50:50,1951.2,1157425,17,1949.97,94877,132894,0.5514042772481342,0
2023-07-28 10:50:50,1951.2,1157425,17,1949.97,94901,132529,0.5514042772481342,0
2023-07-28 10:50:50,1951.35,1157425,20,1949.97,94901,132529,0.5591342437516057,0
2023-07-28 10:50:53,1952.35,1157468,2,1949.97,94984,132921,0.6106673537747956,0
2023-07-28 10:50:53,1952.35,1157468,2,1949.97,95072,132460,0.6106673537747956,0
2023-07-28 10:50:53,1952.65,1157468,20,1949.97,95072,132460,0.626127286781762,0
2023-07-28 10:50:55,1952.65,1157488,20,1949.97,94998,133209,0.626127286781762,0
2023-07-28 10:50:55,1952.65,1157488,20,1949.97,94998,132610,0.626127286781762,0
2023-07-28 10:50:55,1952.65,1157488,20,1949.97,95060,133091,0.626127286781762,0
2023-07-28 10:50:55,1952.35,1157488,4,1949.97,94868,132570,0.6106673537747956,0
2023-07-28 10:50:58,1951.25,1157492,3,1949.97,94805,132417,0.5539809327492914,0
2023-07-28 10:50:59,1951.25,1157572,3,1949.97,94761,132644,0.5539809327492914,0
2023-07-28 10:51:01,1951.15,1157587,6,1949.97,94746,132640,0.5488276217469771,0
2023-07-28 10:51:01,1951.15,1157587,6,1949.97,94790,133198,0.5488276217469771,0
2023-07-28 10:51:03,1951.9,1157588,1,1949.97,94792,133189,0.5874774542643696,0
2023-07-28 10:51:03,1951.9,1157588,2,1949.97,94792,133189,0.5874774542643696,0
2023-07-28 10:51:03,1951.9,1157590,2,1949.97,94771,132942,0.5874774542643696,0
2023-07-28 10:51:05,1951.6,1157595,5,1949.97,94830,132909,0.5720175212574032,0
2023-07-28 10:51:05,1951.6,1157595,5,1949.97,94830,132912,0.5720175212574032,0
2023-07-28 10:51:05,1950.2,1157595,9,1949.97,94830,132912,0.49987116722494435,0
2023-07-28 10:51:08,1950.15,1157888,9,1949.97,95160,132234,0.4972945117237872,0
2023-07-28 10:51:08,1950.15,1157888,9,1949.97,95218,132530,0.4972945117237872,0
2023-07-28 10:51:08,1950.15,1157888,9,1949.97,95229,132218,0.4972945117237872,0
2023-07-28 10:51:11,1953.95,1174635,13,1950.02,95974,127758,0.6931203298119065,0
2023-07-28 10:51:12,1954.65,1174854,6,1950.02,96148,127922,0.7291935068281418,0
2023-07-28 10:51:13,1953.3,1174864,10,1950.02,96264,128010,0.6596238082968283,0
2023-07-28 10:51:14,1953.65,1174865,1,1950.02,96243,127898,0.6776603968049518,0
2023-07-28 10:51:15,1952.95,1175205,28,1950.02,96047,128720,0.6415872197887166,0
2023-07-28 10:51:15,1952.95,1175205,28,1950.02,96105,131044,0.6415872197887166,0
2023-07-28 10:51:15,1952.6,1175205,2,1950.02,95816,131068,0.6235506312805931,0
2023-07-28 10:51:19,1952.6,1175211,2,1950.02,95387,131321,0.6235506312805931,0
2023-07-28 10:51:19,1952.6,1175211,2,1950.02,95452,131310,0.6235506312805931,0
2023-07-28 10:51:19,1952.6,1175211,2,1950.02,95452,131340,0.6235506312805931,0
2023-07-28 10:51:19,1952.6,1175211,2,1950.02,94227,131734,0.6235506312805931,0
2023-07-28 10:51:23,1952.25,1175216,2,1950.02,94677,131759,0.6055140427724813,0
2023-07-28 10:51:24,1952.0,1175246,5,1950.02,94633,130796,0.5926307652666838,0
2023-07-28 10:51:24,1952.0,1175246,5,1950.02,94633,130796,0.5926307652666838,0
2023-07-28 10:51:24,1952.0,1175246,5,1950.02,94854,130789,0.5926307652666838,0
2023-07-28 10:51:26,1951.3,1175346,32,1950.02,94935,130782,0.5565575882504485,0
2023-07-28 10:51:26,1950.95,1175346,3,1950.02,94937,130820,0.5385209997423368,0
2023-07-28 10:51:28,1950.95,1175352,3,1950.02,93970,131739,0.5385209997423368,0
2023-07-28 10:51:28,1950.95,1175352,3,1950.02,93969,131839,0.5385209997423368,0
2023-07-28 10:51:31,1950.9,1175436,25,1950.02,93938,132095,0.5359443442411796,0
2023-07-28 10:51:31,1950.9,1175436,25,1950.02,93938,132095,0.5359443442411796,0
2023-07-28 10:51:31,1950.9,1175436,25,1950.02,93936,132112,0.5359443442411796,0
2023-07-28 10:51:33,1951.2,1175461,13,1950.02,93608,132485,0.5514042772481342,0
2023-07-28 10:51:34,1948.55,1180795,16,1950.02,87186,132875,0.41484153568667637,0
2023-07-28 10:51:34,1947.05,1180795,11,1950.02,87186,132875,0.3375418706518915,0
2023-07-28 10:51:36,1947.05,1181263,13,1950.02,87471,132462,0.3375418706518915,0
2023-07-28 10:51:36,1947.05,1181263,13,1950.02,88117,132545,0.3375418706518915,0
2023-07-28 10:51:37,1948.25,1181436,18,1950.02,88254,132461,0.3993816026797217,0
2023-07-28 10:51:37,1948.25,1181436,18,1950.02,88429,132351,0.3993816026797217,0
2023-07-28 10:51:37,1948.25,1181436,33,1950.02,88327,132188,0.3993816026797217,0
2023-07-28 10:51:40,1948.3,1181785,147,1950.02,88032,132572,0.4019582581808789,0
2023-07-28 10:51:40,1959.25,1181785,21,1950.02,88032,132572,0.9662458129348106,0
2023-07-28 10:51:40,1962.2,1181785,13,1950.02,88032,132572,1.1182684875032232,0
2023-07-28 10:51:42,1960.85,1200687,102,1950.12,91767,124278,1.0486987889719097,0
2023-07-28 10:51:43,1961.95,1201109,3,1950.13,91770,125615,1.1053852099974257,0
2023-07-28 10:51:43,1961.0,1201109,5,1950.13,91770,125615,1.0564287554753928,0
2023-07-28 10:51:44,1961.0,1201138,5,1950.13,91923,125344,1.0564287554753928,0
2023-07-28 10:51:44,1961.3,1201138,26,1950.13,91923,125344,1.0718886884823475,0
2023-07-28 10:51:46,1961.75,1201915,1,1950.13,91980,125497,1.0950785879927853,0
2023-07-28 10:51:47,1962.45,1202093,7,1950.13,92677,125549,1.1311517650090206,0
2023-07-28 10:51:47,1961.95,1202093,6,1950.13,92717,125875,1.1053852099974257,0
2023-07-28 10:51:49,1960.8,1202480,4,1950.14,92537,125617,1.0461221334707527,0
2023-07-28 10:51:50,1960.7,1202499,8,1950.14,92526,125677,1.0409688224684384,0
2023-07-28 10:51:50,1960.7,1202499,8,1950.14,92587,125872,1.0409688224684384,0
2023-07-28 10:51:52,1959.45,1202889,14,1950.14,92033,125977,0.976552434939451,0
2023-07-28 10:51:52,1959.4,1203035,6,1950.14,91827,126165,0.9739757794382938,0
2023-07-28 10:51:52,1959.4,1203035,4,1950.14,91827,126165,0.9739757794382938,0
2023-07-28 10:51:54,1959.45,1203245,61,1950.14,92969,125875,0.976552434939451,0
2023-07-28 10:51:54,1959.55,1203245,1,1950.14,92969,125875,0.9817057459417653,0
2023-07-28 10:51:54,1960.55,1203246,2,1950.14,92986,126659,1.0332388559649552,0
2023-07-28 10:51:55,1959.45,1203248,11,1950.14,93004,126615,0.976552434939451,0
2023-07-28 10:51:57,1959.3,1203302,11,1950.14,93191,126943,0.9688224684359678,0
2023-07-28 10:51:57,1959.3,1203302,11,1950.14,93191,126943,0.9688224684359678,0
2023-07-28 10:51:57,1958.95,1203302,1,1950.14,93197,126906,0.950785879927856,0
2023-07-28 10:51:59,1958.95,1203303,1,1950.14,93261,126923,0.950785879927856,0
2023-07-28 10:51:59,1958.95,1203303,1,1950.14,93925,127046,0.950785879927856,0
2023-07-28 10:51:59,1958.95,1203303,1,1950.14,93987,127046,0.950785879927856,0
2023-07-28 10:51:59,1958.2,1203303,3,1950.14,93987,127046,0.9121360474104636,0
2023-07-28 10:52:02,1958.2,1203460,3,1950.15,94101,126918,0.9121360474104636,0
2023-07-28 10:52:03,1957.55,1203577,9,1950.15,93301,126974,0.8786395258953854,0
2023-07-28 10:52:03,1957.55,1203577,9,1950.15,94345,126892,0.8786395258953854,0
2023-07-28 10:52:03,1957.55,1203577,9,1950.15,94068,126981,0.8786395258953854,0
2023-07-28 10:52:07,1958.0,1203581,4,1950.15,94141,126677,0.9018294254058232,0
2023-07-28 10:52:07,1958.0,1203581,2,1950.15,94141,126677,0.9018294254058232,0
2023-07-28 10:52:08,1957.8,1203640,1,1950.15,94257,127121,0.891522803401183,0
2023-07-28 10:52:09,1957.15,1203679,11,1950.15,94414,126874,0.8580262818861165,0
2023-07-28 10:52:10,1957.1,1203691,1,1950.15,93767,127073,0.8554496263849476,0
2023-07-28 10:52:10,1957.1,1203691,1,1950.15,93767,127073,0.8554496263849476,0
2023-07-28 10:52:11,1956.85,1203716,15,1950.15,93795,127493,0.8425663488791502,0
2023-07-28 10:52:11,1956.85,1203716,15,1950.15,93795,127345,0.8425663488791502,0
2023-07-28 10:52:11,1957.95,1203716,11,1950.15,93795,127345,0.8992527699046661,0
2023-07-28 10:52:13,1957.95,1204386,11,1950.15,94954,126965,0.8992527699046661,0
2023-07-28 10:52:13,1957.95,1204386,11,1950.15,94776,126899,0.8992527699046661,0
2023-07-28 10:52:13,1957.95,1204386,11,1950.15,94348,126924,0.8992527699046661,0
2023-07-28 10:52:13,1957.95,1204386,11,1950.15,94397,126924,0.8992527699046661,0
2023-07-28 10:52:13,1957.55,1204386,3,1950.15,94397,126924,0.8786395258953854,0
2023-07-28 10:52:13,1956.65,1204386,3,1950.15,94397,126924,0.8322597268745215,0
2023-07-28 10:52:19,1955.2,1205070,14,1950.15,91882,128078,0.7575367173408939,0
2023-07-28 10:52:19,1955.2,1205070,14,1950.15,91841,128040,0.7575367173408939,0
2023-07-28 10:52:19,1955.2,1205070,14,1950.15,92102,127991,0.7575367173408939,0
2023-07-28 10:52:19,1955.25,1205070,4,1950.15,92523,127956,0.760113372842051,0
2023-07-28 10:52:22,1955.25,1205074,4,1950.15,92514,128319,0.760113372842051,0
2023-07-28 10:52:22,1955.65,1205074,6,1950.15,92514,128319,0.7807266168513317,0
2023-07-28 10:52:25,1955.25,1205331,250,1950.16,92862,127951,0.760113372842051,0
2023-07-28 10:52:25,1955.25,1205331,250,1950.16,92848,127968,0.760113372842051,0
2023-07-28 10:52:25,1955.65,1205331,14,1950.16,93520,127034,0.7807266168513317,0
2023-07-28 10:52:28,1956.5,1205674,2,1950.16,93364,128104,0.8245297603710384,0
2023-07-28 10:52:28,1956.5,1205674,2,1950.16,93364,128104,0.8245297603710384,0
2023-07-28 10:52:29,1956.0,1207587,1,1950.17,93008,127247,0.7987632053594435,0
2023-07-28 10:52:29,1956.0,1207587,1,1950.17,93633,127082,0.7987632053594435,0
2023-07-28 10:52:29,1957.6,1207587,20,1950.17,93818,127449,0.8812161813965426,0
2023-07-28 10:52:32,1957.65,1207733,13,1950.17,94079,127019,0.8837928368977115,0
2023-07-28 10:52:33,1957.2,1207833,73,1950.17,94142,126794,0.8606029373872737,0
2023-07-28 10:52:33,1957.2,1207833,9,1950.17,94142,126794,0.8606029373872737,0
2023-07-28 10:52:33,1957.2,1207842,9,1950.17,94449,126951,0.8606029373872737,0
2023-07-28 10:52:33,1957.2,1207842,9,1950.17,94449,126951,0.8606029373872737,0
2023-07-28 10:52:36,1957.3,1207913,10,1950.17,94507,127357,0.865756248389588,0
2023-07-28 10:52:36,1957.3,1207913,10,1950.17,94466,127426,0.865756248389588,0
2023-07-28 10:52:36,1957.4,1207913,1,1950.17,94472,127399,0.870909559391914,0
2023-07-28 10:52:39,1957.4,1207915,1,1950.17,94434,127438,0.870909559391914,0
2023-07-28 10:52:39,1957.95,1207915,1,1950.17,94434,127438,0.8992527699046661,0
2023-07-28 10:52:40,1957.95,1207917,1,1950.17,94220,127451,0.8992527699046661,0
2023-07-28 10:52:42,1958.0,1207922,4,1950.17,94326,126774,0.9018294254058232,0
2023-07-28 10:52:43,1958.0,1207987,65,1950.17,94302,127218,0.9018294254058232,0
2023-07-28 10:52:45,1957.15,1208134,47,1950.17,93904,127386,0.8580262818861165,0
2023-07-28 10:52:45,1957.15,1208134,47,1950.17,93883,127376,0.8580262818861165,0
2023-07-28 10:52:45,1957.2,1208134,25,1950.17,93883,127376,0.8606029373872737,0
2023-07-28 10:52:49,1957.1,1208159,4,1950.17,93798,127426,0.8554496263849476,0
2023-07-28 10:52:50,1957.1,1208223,4,1950.17,93945,127430,0.8554496263849476,0
2023-07-28 10:52:50,1957.1,1208223,4,1950.17,93945,127131,0.8554496263849476,0
2023-07-28 10:52:50,1957.1,1208223,4,1950.17,93955,127131,0.8554496263849476,0
2023-07-28 10:52:50,1957.1,1208223,4,1950.17,94049,127150,0.8554496263849476,0
2023-07-28 10:52:50,1957.1,1208223,4,1950.17,94047,127176,0.8554496263849476,0
2023-07-28 10:52:50,1958.0,1208223,25,1950.17,94052,127171,0.9018294254058232,0
2023-07-28 10:52:57,1958.0,1208248,25,1950.17,94052,127146,0.9018294254058232,0
2023-07-28 10:52:57,1958.0,1208248,25,1950.17,94176,127104,0.9018294254058232,0
2023-07-28 10:52:57,1958.0,1208248,25,1950.17,94176,127109,0.9018294254058232,0
2023-07-28 10:52:57,1958.0,1208248,25,1950.17,93713,127670,0.9018294254058232,0
2023-07-28 10:53:02,1957.55,1208258,10,1950.17,93729,127333,0.8786395258953854,0
2023-07-28 10:53:02,1957.55,1208258,10,1950.17,93729,128078,0.8786395258953854,0
2023-07-28 10:53:02,1957.7,1208258,5,1950.17,93729,128078,0.8863694923988686,0
2023-07-28 10:53:03,1957.7,1208288,5,1950.17,93734,128324,0.8863694923988686,0
2023-07-28 10:53:03,1957.65,1208288,5,1950.17,93734,128324,0.8837928368977115,0
2023-07-28 10:53:04,1957.65,1208293,5,1950.17,93734,128390,0.8837928368977115,0
2023-07-28 10:53:04,1957.75,1208293,6,1950.17,93734,128390,0.8889461479000258,0
2023-07-28 10:53:05,1957.75,1208320,6,1950.17,93706,128351,0.8889461479000258,0
2023-07-28 10:53:05,1957.75,1208320,6,1950.17,93711,128415,0.8889461479000258,0
2023-07-28 10:53:05,1957.75,1208320,6,1950.17,93818,128415,0.8889461479000258,0
2023-07-28 10:53:05,1957.7,1208320,5,1950.17,93818,128415,0.8863694923988686,0
2023-07-28 10:53:08,1957.7,1208325,5,1950.17,93813,128465,0.8863694923988686,0
2023-07-28 10:53:08,1957.7,1208325,5,1950.17,93813,128435,0.8863694923988686,0
2023-07-28 10:53:08,1957.7,1208325,5,1950.17,93813,128446,0.8863694923988686,0
2023-07-28 10:53:08,1957.1,1208325,75,1950.17,93813,128446,0.8554496263849476,0
2023-07-28 10:53:12,1956.85,1208400,3,1950.17,90503,128332,0.8425663488791502,0
2023-07-28 10:53:12,1956.85,1208600,3,1950.17,93280,128273,0.8425663488791502,0
2023-07-28 10:53:12,1956.85,1208600,3,1950.17,93292,128464,0.8425663488791502,0
2023-07-28 10:53:12,1956.65,1208600,5,1950.17,93292,128464,0.8322597268745215,0
2023-07-28 10:53:15,1956.65,1208611,5,1950.17,93274,128553,0.8322597268745215,0
2023-07-28 10:53:15,1956.65,1208611,5,1950.17,93278,128775,0.8322597268745215,0
2023-07-28 10:53:15,1956.25,1208611,11,1950.17,93278,128775,0.8116464828652409,0
2023-07-28 10:53:18,1956.25,1208691,11,1950.17,93307,128781,0.8116464828652409,0
2023-07-28 10:53:18,1955.95,1208691,10,1950.17,93333,128806,0.7961865498582863,0
2023-07-28 10:53:21,1955.0,1208858,8,1950.17,92997,128840,0.7472300953362535,0
2023-07-28 10:53:21,1955.0,1208858,57,1950.17,92997,128840,0.7472300953362535,0
2023-07-28 10:53:21,1955.0,1208973,57,1950.17,93068,129123,0.7472300953362535,0
2023-07-28 10:53:21,1955.0,1208973,57,1950.17,93068,129123,0.7472300953362535,0
2023-07-28 10:53:21,1955.0,1208973,57,1950.17,93080,128833,0.7472300953362535,0
2023-07-28 10:53:21,1955.0,1208973,57,1950.17,93080,128833,0.7472300953362535,0
2023-07-28 10:53:21,1955.0,1208973,57,1950.17,93131,128840,0.7472300953362535,0
2023-07-28 10:53:25,1955.3,1208993,20,1950.17,93119,128854,0.7626900283432082,0
2023-07-28 10:53:25,1955.3,1208993,20,1950.17,93119,128854,0.7626900283432082,0
2023-07-28 10:53:26,1955.3,1208995,2,1950.17,93192,128865,0.7626900283432082,0
2023-07-28 10:53:26,1955.3,1208995,2,1950.17,91792,129242,0.7626900283432082,0
2023-07-28 10:53:29,1955.95,1208997,2,1950.17,91685,130722,0.7961865498582863,0
2023-07-28 10:53:29,1955.95,1208997,2,1950.17,93229,130437,0.7961865498582863,0
2023-07-28 10:53:29,1955.95,1208997,2,1950.17,93199,130736,0.7961865498582863,0
2023-07-28 10:53:29,1955.95,1208997,2,1950.17,93202,130812,0.7961865498582863,0
2023-07-28 10:53:29,1955.95,1208997,2,1950.17,93209,130993,0.7961865498582863,0
2023-07-28 10:53:29,1955.95,1208997,2,1950.17,93209,130986,0.7961865498582863,0
2023-07-28 10:53:29,1955.95,1208997,2,1950.17,93223,130855,0.7961865498582863,0
2023-07-28 10:53:29,1955.95,1208997,2,1950.17,93223,130867,0.7961865498582863,0
2023-07-28 10:53:29,1955.95,1208997,2,1950.17,93141,128784,0.7961865498582863,0
2023-07-28 10:53:39,1955.1,1209094,35,1950.17,92818,129142,0.7523834063385678,0
2023-07-28 10:53:40,1955.0,1209104,1,1950.17,92867,129018,0.7472300953362535,0
2023-07-28 10:53:42,1955.1,1209106,2,1950.17,92923,129016,0.7523834063385678,0
2023-07-28 10:53:42,1955.0,1209106,13,1950.17,92923,129016,0.7472300953362535,0
2023-07-28 10:53:42,1955.0,1209128,13,1950.17,92752,128725,0.7472300953362535,0
2023-07-28 10:53:43,1955.0,1209208,79,1950.17,93016,128616,0.7472300953362535,0
2023-07-28 10:53:43,1955.0,1209208,79,1950.17,92972,128799,0.7472300953362535,0
2023-07-28 10:53:43,1954.7,1209208,5,1950.17,92972,128799,0.7317701623292989,0
2023-07-28 10:53:46,1955.5,1209216,2,1950.17,92970,128855,0.7729966503478485,0
2023-07-28 10:53:46,1955.5,1209216,2,1950.17,92970,128855,0.7729966503478485,0
2023-07-28 10:53:46,1955.5,1209216,2,1950.17,93119,128801,0.7729966503478485,0
2023-07-28 10:53:46,1955.5,1209216,2,1950.17,93224,128733,0.7729966503478485,0
2023-07-28 10:53:46,1955.5,1209216,2,1950.17,93304,128828,0.7729966503478485,0
2023-07-28 10:53:46,1955.5,1209216,2,1950.17,93154,128762,0.7729966503478485,0
2023-07-28 10:53:46,1955.5,1209216,2,1950.17,93232,128765,0.7729966503478485,0
2023-07-28 10:53:46,1955.5,1209216,2,1950.17,93232,128746,0.7729966503478485,0
2023-07-28 10:53:46,1955.5,1209216,2,1950.17,93179,128938,0.7729966503478485,0
2023-07-28 10:53:46,1955.5,1209216,2,1950.17,93162,129004,0.7729966503478485,0
2023-07-28 10:53:55,1954.95,1209316,3,1950.18,93178,129071,0.7446534398350964,0
2023-07-28 10:53:56,1954.95,1209366,34,1950.18,93191,128935,0.7446534398350964,0
2023-07-28 10:53:56,1954.9,1209366,2,1950.18,93191,128935,0.7420767843339392,0
2023-07-28 10:53:58,1955.25,1209379,1,1950.18,92888,129008,0.760113372842051,0
2023-07-28 10:53:58,1955.25,1209379,1,1950.18,92888,129008,0.760113372842051,0
2023-07-28 10:53:58,1955.25,1209379,1,1950.18,94079,128648,0.760113372842051,0
2023-07-28 10:53:59,1955.25,1209579,1,1950.18,94099,128665,0.760113372842051,0
2023-07-28 10:53:59,1956.0,1209579,1,1950.18,94099,128665,0.7987632053594435,0
2023-07-28 10:54:01,1956.0,1209580,1,1950.18,93816,128746,0.7987632053594435,0
2023-07-28 10:54:02,1955.55,1209594,10,1950.18,94368,128753,0.7755733058490056,0
2023-07-28 10:54:03,1955.3,1209702,3,1950.18,93760,128336,0.7626900283432082,0
2023-07-28 10:54:03,1955.3,1209702,3,1950.18,93586,128956,0.7626900283432082,0
2023-07-28 10:54:03,1955.3,1209702,3,1950.18,93613,128872,0.7626900283432082,0
2023-07-28 10:54:03,1955.9,1209702,6,1950.18,93613,128872,0.7936098943571291,0
2023-07-28 10:54:06,1955.95,1209708,19,1950.18,93553,128799,0.7961865498582863,0
2023-07-28 10:54:07,1955.95,1209736,19,1950.18,93563,128810,0.7961865498582863,0
2023-07-28 10:54:07,1955.0,1209736,10,1950.18,93563,128810,0.7472300953362535,0
2023-07-28 10:54:08,1955.0,1209761,10,1950.18,93875,128918,0.7472300953362535,0
2023-07-28 10:54:08,1954.9,1209761,3,1950.18,93875,128918,0.7420767843339392,0
2023-07-28 10:54:09,1954.9,1209961,3,1950.18,93886,128980,0.7420767843339392,0
2023-07-28 10:54:11,1955.3,1210011,18,1950.18,93171,129544,0.7626900283432082,0
2023-07-28 10:54:11,1955.3,1210011,18,1950.18,93207,129516,0.7626900283432082,0
2023-07-28 10:54:12,1954.7,1212570,16,1950.19,93287,129457,0.7317701623292989,0
2023-07-28 10:54:12,1954.7,1212820,16,1950.19,93354,129564,0.7317701623292989,0
2023-07-28 10:54:14,1954.4,1212944,62,1950.19,93166,129781,0.7163102293223443,0
2023-07-28 10:54:14,1954.4,1212944,62,1950.19,93436,129873,0.7163102293223443,0
2023-07-28 10:54:14,1954.4,1212944,6,1950.19,93436,129883,0.7163102293223443,0
2023-07-28 10:54:17,1954.7,1212994,6,1950.19,93247,129223,0.7317701623292989,0
2023-07-28 10:54:17,1954.7,1213000,6,1950.19,93253,129350,0.7317701623292989,0
2023-07-28 10:54:19,1954.95,1213052,32,1950.19,93274,129317,0.7446534398350964,0
2023-07-28 10:54:19,1954.5,1213052,150,1950.19,93274,129317,0.7214635403246586,0
2023-07-28 10:54:20,1955.0,1213207,5,1950.19,93291,129376,0.7472300953362535,0
2023-07-28 10:54:20,1955.0,1213207,5,1950.19,93550,129096,0.7472300953362535,0
2023-07-28 10:54:20,1954.4,1213207,1,1950.19,93589,129115,0.7163102293223443,0
2023-07-28 10:54:23,1954.4,1213208,1,1950.19,93588,129115,0.7163102293223443,0
2023-07-28 10:54:23,1954.4,1213208,1,1950.19,93588,129115,0.7163102293223443,0
2023-07-28 10:54:23,1954.4,1213208,1,1950.19,93581,129538,0.7163102293223443,0
2023-07-28 10:54:23,1954.4,1213208,1,1950.19,93537,129560,0.7163102293223443,0
2023-07-28 10:54:27,1954.4,1213255,47,1950.19,93528,129879,0.7163102293223443,0
2023-07-28 10:54:27,1954.9,1213255,3,1950.19,93528,129879,0.7420767843339392,0
2023-07-28 10:54:28,1954.15,1213632,1,1950.19,92883,129887,0.7034269518165468,0
2023-07-28 10:54:29,1954.0,1213720,3,1950.19,92699,129530,0.6956969853130637,0
2023-07-28 10:54:29,1954.0,1213723,3,1950.19,92739,129545,0.6956969853130637,0
2023-07-28 10:54:32,1954.0,1213726,2,1950.19,92357,129567,0.6956969853130637,0
2023-07-28 10:54:32,1954.0,1213726,2,1950.19,92393,129571,0.6956969853130637,0
2023-07-28 10:54:32,1954.0,1213726,2,1950.19,92409,129565,0.6956969853130637,0
2023-07-28 10:54:32,1954.0,1213726,2,1950.19,92414,130024,0.6956969853130637,0
2023-07-28 10:54:32,1953.3,1213726,1,1950.19,92414,130024,0.6596238082968283,0
2023-07-28 10:54:36,1953.3,1213727,1,1950.19,92349,131483,0.6596238082968283,0
2023-07-28 10:54:36,1954.0,1213727,50,1950.19,92349,131483,0.6956969853130637,0
2023-07-28 10:54:37,1954.0,1213895,50,1950.19,92385,132461,0.6956969853130637,0
2023-07-28 10:54:37,1954.0,1213895,50,1950.19,92481,132705,0.6956969853130637,0
2023-07-28 10:54:37,1954.0,1213895,50,1950.19,92483,132928,0.6956969853130637,0
2023-07-28 10:54:37,1954.0,1213895,50,1950.19,92551,132869,0.6956969853130637,0
2023-07-28 10:54:37,1954.0,1213895,50,1950.19,92516,132869,0.6956969853130637,0
2023-07-28 10:54:37,1954.95,1213895,2,1950.19,92516,132869,0.7446534398350964,0
2023-07-28 10:54:43,1954.6,1214095,1,1950.19,92567,133105,0.7266168513269728,0
2023-07-28 10:54:44,1954.6,1214096,1,1950.19,92538,133931,0.7266168513269728,0
2023-07-28 10:54:44,1954.6,1214096,1,1950.19,92570,133921,0.7266168513269728,0
2023-07-28 10:54:44,1954.6,1214096,1,1950.19,92551,133941,0.7266168513269728,0
2023-07-28 10:54:44,1954.6,1214096,1,1950.19,92551,133921,0.7266168513269728,0
2023-07-28 10:54:44,1954.6,1214096,1,1950.19,92511,133912,0.7266168513269728,0
2023-07-28 10:54:44,1954.6,1214096,1,1950.19,92551,133893,0.7266168513269728,0
2023-07-28 10:54:44,1954.6,1214096,1,1950.19,92551,133893,0.7266168513269728,0
2023-07-28 10:54:53,1954.9,1214146,5,1950.19,92878,133934,0.7420767843339392,0
2023-07-28 10:54:53,1954.9,1214146,5,1950.19,92872,134140,0.7420767843339392,0
2023-07-28 10:54:53,1954.9,1214146,5,1950.19,92873,134140,0.7420767843339392,0
2023-07-28 10:54:53,1954.9,1214146,5,1950.19,92873,134130,0.7420767843339392,0
2023-07-28 10:54:53,1954.9,1214146,5,1950.19,92870,134186,0.7420767843339392,0
2023-07-28 10:54:53,1954.9,1214146,2,1950.19,92870,134186,0.7420767843339392,0
2023-07-28 10:54:58,1954.9,1214148,2,1950.19,92902,134189,0.7420767843339392,0
2023-07-28 10:55:01,1955.0,1214480,212,1950.2,91372,133924,0.7472300953362535,0
2023-07-28 10:55:01,1955.0,1214480,212,1950.2,92867,133924,0.7472300953362535,0
2023-07-28 10:55:01,1955.0,1214480,212,1950.2,92877,133430,0.7472300953362535,0
2023-07-28 10:55:01,1955.0,1214480,212,1950.2,92577,133429,0.7472300953362535,0
2023-07-28 10:55:01,1955.0,1214480,212,1950.2,92535,133665,0.7472300953362535,0
2023-07-28 10:55:01,1955.0,1214480,212,1950.2,92560,133901,0.7472300953362535,0
2023-07-28 10:55:01,1955.0,1214480,212,1950.2,92560,133917,0.7472300953362535,0
2023-07-28 10:55:01,1954.95,1214480,6,1950.2,92560,133917,0.7446534398350964,0
2023-07-28 10:55:08,1954.95,1214510,6,1950.2,92550,134097,0.7446534398350964,0
2023-07-28 10:55:08,1954.95,1214510,6,1950.2,92406,134097,0.7446534398350964,0
2023-07-28 10:55:08,1954.95,1214510,6,1950.2,92406,134304,0.7446534398350964,0
2023-07-28 10:55:13,1954.1,1214518,7,1950.2,92416,134395,0.700850296315378,0
2023-07-28 10:55:13,1954.1,1214518,7,1950.2,92607,134395,0.700850296315378,0
2023-07-28 10:55:13,1954.1,1214518,7,1950.2,92606,134392,0.700850296315378,0
2023-07-28 10:55:13,1954.9,1214518,25,1950.2,92606,134392,0.7420767843339392,0
2023-07-28 10:55:16,1954.9,1214643,25,1950.2,92823,134869,0.7420767843339392,0
2023-07-28 10:55:16,1954.9,1214643,25,1950.2,92790,134771,0.7420767843339392,0
2023-07-28 10:55:16,1954.9,1214643,25,1950.2,92736,135005,0.7420767843339392,0
2023-07-28 10:55:16,1954.9,1214643,25,1950.2,92712,135042,0.7420767843339392,0
2023-07-28 10:55:16,1954.9,1214643,25,1950.2,92712,135097,0.7420767843339392,0
2023-07-28 10:55:16,1954.9,1214643,25,1950.2,92712,135087,0.7420767843339392,0
2023-07-28 10:55:24,1954.05,1214646,3,1950.2,92724,135077,0.6982736408142208,0
2023-07-28 10:55:24,1954.8,1214646,20,1950.2,92744,135082,0.7369234733316132,0
2023-07-28 10:55:26,1954.8,1214666,20,1950.2,92754,134722,0.7369234733316132,0
2023-07-28 10:55:26,1954.8,1214666,20,1950.2,92792,134999,0.7369234733316132,0
2023-07-28 10:55:29,1954.8,1214668,2,1950.2,92812,135115,0.7369234733316132,0
2023-07-28 10:55:29,1954.8,1214668,2,1950.2,91304,135128,0.7369234733316132,0
2023-07-28 10:55:29,1954.8,1214668,2,1950.2,92801,134538,0.7369234733316132,0
2023-07-28 10:55:29,1954.8,1214668,2,1950.2,92801,135138,0.7369234733316132,0
2023-07-28 10:55:29,1954.0,1214668,41,1950.2,92801,135138,0.6956969853130637,0
2023-07-28 10:55:32,1954.0,1214768,41,1950.2,92676,135151,0.6956969853130637,0
2023-07-28 10:55:32,1954.8,1214768,6,1950.2,92676,135290,0.7369234733316132,0
2023-07-28 10:55:34,1954.8,1214774,6,1950.2,92689,135294,0.7369234733316132,0
2023-07-28 10:55:34,1954.8,1214774,4,1950.2,92689,135294,0.7369234733316132,0
2023-07-28 10:55:35,1954.8,1214782,4,1950.2,92689,135286,0.7369234733316132,0
2023-07-28 10:55:35,1954.8,1214782,4,1950.2,92680,134633,0.7369234733316132,0
2023-07-28 10:55:35,1954.8,1214782,4,1950.2,92685,134634,0.7369234733316132,0
2023-07-28 10:55:35,1954.8,1214782,4,1950.2,92685,134635,0.7369234733316132,0
2023-07-28 10:55:35,1954.8,1214782,4,1950.2,92685,134622,0.7369234733316132,0
2023-07-28 10:55:40,1954.9,1214857,29,1950.2,92865,134588,0.7420767843339392,0
2023-07-28 10:55:41,1954.0,1214882,25,1950.2,92939,134581,0.6956969853130637,0
2023-07-28 10:55:41,1954.0,1214882,6,1950.2,92939,134581,0.6956969853130637,0
2023-07-28 10:55:42,1954.0,1214888,6,1950.2,92932,134581,0.6956969853130637,0
2023-07-28 10:55:42,1954.0,1214888,6,1950.2,92977,134581,0.6956969853130637,0
2023-07-28 10:55:42,1954.0,1214888,6,1950.2,92977,134553,0.6956969853130637,0
2023-07-28 10:55:42,1954.0,1214888,6,1950.2,92601,135330,0.6956969853130637,0
2023-07-28 10:55:42,1954.0,1214888,6,1950.2,92762,135255,0.6956969853130637,0
2023-07-28 10:55:42,1954.0,1214888,6,1950.2,92723,134915,0.6956969853130637,0
2023-07-28 10:55:42,1954.0,1214888,6,1950.2,92769,134915,0.6956969853130637,0
2023-07-28 10:55:42,1954.05,1214888,5,1950.2,92769,134915,0.6982736408142208,0
2023-07-28 10:55:50,1954.05,1214893,5,1950.2,92727,135282,0.6982736408142208,0
2023-07-28 10:55:50,1954.85,1214893,1,1950.2,92727,135282,0.7395001288327704,0
2023-07-28 10:55:51,1954.85,1214894,1,1950.2,92772,135011,0.7395001288327704,0
2023-07-28 10:55:51,1954.85,1214894,4,1950.2,92772,135011,0.7395001288327704,0
2023-07-28 10:55:52,1954.85,1214918,1,1950.2,92729,135350,0.7395001288327704,0
2023-07-28 10:55:53,1954.85,1214919,1,1950.2,92750,135302,0.7395001288327704,0
2023-07-28 10:55:53,1954.85,1214919,1,1950.2,92750,135302,0.7395001288327704,0
2023-07-28 10:55:53,1954.85,1214919,1,1950.2,92766,135230,0.7395001288327704,0
2023-07-28 10:55:53,1954.85,1214919,1,1950.2,92762,135315,0.7395001288327704,0
2023-07-28 10:55:57,1954.85,1215013,9,1950.2,92701,135240,0.7395001288327704,0
2023-07-28 10:55:58,1954.85,1215072,33,1950.2,92780,135121,0.7395001288327704,0
2023-07-28 10:55:58,1954.9,1215072,11,1950.2,92780,135121,0.7420767843339392,0
2023-07-28 10:55:59,1954.9,1215086,3,1950.2,92759,135137,0.7420767843339392,0
2023-07-28 10:55:59,1954.9,1215086,3,1950.2,92574,135187,0.7420767843339392,0
2023-07-28 10:55:59,1954.05,1215086,10,1950.2,92574,135187,0.6982736408142208,0
2023-07-28 10:56:01,1954.05,1215096,10,1950.2,92736,134745,0.6982736408142208,0
2023-07-28 10:56:01,1954.05,1215096,2,1950.2,92736,134745,0.6982736408142208,0
2023-07-28 10:56:02,1953.55,1215298,33,1950.2,92684,134717,0.6725070858026259,0
2023-07-28 10:56:03,1954.05,1215349,22,1950.2,92501,135027,0.6982736408142208,0
2023-07-28 10:56:04,1954.9,1215403,16,1950.2,93024,135319,0.7420767843339392,0
2023-07-28 10:56:04,1954.9,1215403,16,1950.2,93024,135319,0.7420767843339392,0
2023-07-28 10:56:05,1954.2,1215467,10,1950.2,93047,135077,0.706003607317704,0
2023-07-28 10:56:06,1954.9,1215482,13,1950.2,93126,134752,0.7420767843339392,0
2023-07-28 10:56:08,1954.95,1216103,3,1950.2,93298,133091,0.7446534398350964,0
2023-07-28 10:56:08,1955.15,1216103,22,1950.2,93298,133091,0.7549600618397367,0
2023-07-28 10:56:09,1955.4,1216129,3,1950.2,93350,133240,0.7678433393455342,0
2023-07-28 10:56:10,1955.5,1216130,1,1950.2,93408,133161,0.7729966503478485,0
2023-07-28 10:56:10,1953.0,1216130,4,1950.2,93408,133161,0.6441638752898737,0
2023-07-28 10:56:12,1953.25,1217855,24,1950.21,90436,133671,0.6570471527956712,0
2023-07-28 10:56:13,1955.0,1218224,24,1950.21,92765,132272,0.7472300953362535,0
2023-07-28 10:56:13,1956.25,1218224,24,1950.21,92765,132272,0.8116464828652409,0
2023-07-28 10:56:14,1956.45,1218313,9,1950.21,92769,132478,0.8219531048698813,0
2023-07-28 10:56:15,1956.45,1218316,3,1950.21,92810,132498,0.8219531048698813,0
2023-07-28 10:56:17,1956.8,1218450,52,1950.21,93575,131792,0.839989693377993,0
2023-07-28 10:56:18,1957.45,1218984,14,1950.21,92777,129797,0.8734862148930711,0
2023-07-28 10:56:18,1958.0,1218984,107,1950.21,92777,129797,0.9018294254058232,0
2023-07-28 10:56:19,1958.0,1219091,107,1950.21,94734,130022,0.9018294254058232,0
2023-07-28 10:56:20,1958.0,1219112,21,1950.21,91757,129855,0.9018294254058232,0
2023-07-28 10:56:20,1958.0,1219112,4,1950.21,94507,130263,0.9018294254058232,0
2023-07-28 10:56:21,1958.0,1219116,4,1950.21,94514,130383,0.9018294254058232,0
2023-07-28 10:56:21,1958.0,1219116,1,1950.21,94514,130383,0.9018294254058232,0
2023-07-28 10:56:23,1957.15,1223158,1,1950.24,94164,130432,0.8580262818861165,0
2023-07-28 10:56:23,1957.15,1223158,1,1950.24,94164,130432,0.8580262818861165,0
2023-07-28 10:56:23,1956.7,1224301,24,1950.24,92891,130216,0.8348363823756787,0
2023-07-28 10:56:24,1957.05,1224522,69,1950.25,93518,130289,0.8528729708837905,0
2023-07-28 10:56:24,1957.05,1224522,69,1950.25,93518,130289,0.8528729708837905,0
2023-07-28 10:56:25,1954.15,1225498,11,1950.25,91533,130444,0.7034269518165468,0
2023-07-28 10:56:25,1955.7,1225498,12,1950.25,91533,130444,0.7833032723524889,0
2023-07-28 10:56:27,1955.5,1226420,6,1950.25,92597,130625,0.7729966503478485,0
2023-07-28 10:56:27,1955.6,1226420,2,1950.25,92597,130625,0.7781499613501628,0
2023-07-28 10:56:28,1955.6,1226456,8,1950.25,91105,131281,0.7781499613501628,0
2023-07-28 10:56:29,1955.45,1226462,6,1950.25,92563,131134,0.7704199948466913,0
2023-07-28 10:56:30,1955.45,1226463,1,1950.25,92550,131641,0.7704199948466913,0
2023-07-28 10:56:32,1954.95,1226473,2,1950.25,92461,131169,0.7446534398350964,0
2023-07-28 10:56:32,1954.95,1226473,10,1950.25,92461,131169,0.7446534398350964,0
2023-07-28 10:56:33,1954.3,1226560,4,1950.25,92491,131537,0.7111569183200183,0
2023-07-28 10:56:33,1954.3,1226560,4,1950.25,92516,131468,0.7111569183200183,0
2023-07-28 10:56:34,1954.95,1226564,4,1950.25,92490,131198,0.7446534398350964,0
2023-07-28 10:56:34,1954.95,1226564,1,1950.25,92490,131198,0.7446534398350964,0
2023-07-28 10:56:35,1954.95,1226565,1,1950.25,92509,131525,0.7446534398350964,0
2023-07-28 10:56:35,1954.95,1226565,1,1950.25,92510,131584,0.7446534398350964,0
2023-07-28 10:56:35,1954.95,1226565,1,1950.25,92571,131663,0.7446534398350964,0
2023-07-28 10:56:41,1954.3,1226567,1,1950.25,92395,131370,0.7111569183200183,0
2023-07-28 10:56:41,1954.3,1226567,1,1950.25,92473,131772,0.7111569183200183,0
2023-07-28 10:56:41,1954.3,1226567,1,1950.25,92445,131782,0.7111569183200183,0
2023-07-28 10:56:41,1953.95,1226567,13,1950.25,92445,131782,0.6931203298119065,0
2023-07-28 10:56:43,1954.8,1226595,6,1950.25,92183,131303,0.7369234733316132,0
2023-07-28 10:56:45,1953.8,1226602,1,1950.25,91713,132625,0.6853903633084233,0
2023-07-28 10:56:45,1953.8,1226602,1,1950.25,91712,132728,0.6853903633084233,0
2023-07-28 10:56:45,1954.1,1226602,1,1950.25,91712,132728,0.700850296315378,0
2023-07-28 10:56:45,1953.5,1226602,60,1950.25,91712,132728,0.6699304303014687,0
2023-07-28 10:56:47,1953.5,1226663,60,1950.25,92751,132278,0.6699304303014687,0
2023-07-28 10:56:47,1953.35,1226663,30,1950.25,92751,132278,0.6622004637979855,0
2023-07-28 10:56:49,1953.7,1227203,156,1950.26,93460,130611,0.680237052306109,0
2023-07-28 10:56:49,1955.2,1227311,10,1950.26,93742,131484,0.7575367173408939,0
2023-07-28 10:56:50,1955.7,1227333,16,1950.26,93714,130952,0.7833032723524889,0
2023-07-28 10:56:51,1954.85,1227340,1,1950.26,93740,131231,0.7395001288327704,0
2023-07-28 10:56:52,1954.95,1227342,2,1950.26,93635,131589,0.7446534398350964,0
2023-07-28 10:56:52,1954.95,1227342,2,1950.26,93707,131574,0.7446534398350964,0
2023-07-28 10:56:52,1954.95,1227342,2,1950.26,92173,131269,0.7446534398350964,0
2023-07-28 10:56:52,1954.15,1227342,7,1950.26,92173,131269,0.7034269518165468,0
2023-07-28 10:56:55,1954.15,1227392,7,1950.26,93752,131575,0.7034269518165468,0
2023-07-28 10:56:56,1955.0,1227402,7,1950.26,92278,131278,0.7472300953362535,0
2023-07-28 10:56:57,1955.0,1227406,2,1950.26,90766,131608,0.7472300953362535,0
2023-07-28 10:56:57,1955.0,1227406,1,1950.26,90766,131608,0.7472300953362535,0
2023-07-28 10:56:58,1955.0,1227407,1,1950.26,93814,131592,0.7472300953362535,0
2023-07-28 10:56:58,1955.0,1227407,1,1950.26,93719,131814,0.7472300953362535,0
2023-07-28 10:56:58,1955.0,1227407,1,1950.26,93926,131318,0.7472300953362535,0
2023-07-28 10:57:01,1954.45,1227413,6,1950.26,93950,131598,0.7188868848235015,0
2023-07-28 10:57:01,1955.0,1227413,1,1950.26,93950,131598,0.7472300953362535,0
2023-07-28 10:57:02,1955.0,1227415,1,1950.26,93957,131543,0.7472300953362535,0
2023-07-28 10:57:02,1955.0,1227415,1,1950.26,93964,131568,0.7472300953362535,0
2023-07-28 10:57:02,1955.0,1227415,1,1950.26,93950,131567,0.7472300953362535,0
2023-07-28 10:57:02,1955.0,1227415,1,1950.26,93964,131542,0.7472300953362535,0
2023-07-28 10:57:02,1955.0,1227415,1,1950.26,93964,131709,0.7472300953362535,0
2023-07-28 10:57:02,1955.0,1227415,1,1950.26,93964,131594,0.7472300953362535,0
2023-07-28 10:57:02,1955.0,1227415,1,1950.26,93964,131583,0.7472300953362535,0
2023-07-28 10:57:02,1955.0,1227415,1,1950.26,93973,132000,0.7472300953362535,0
2023-07-28 10:57:02,1955.0,1227415,1,1950.26,93966,131983,0.7472300953362535,0
2023-07-28 10:57:02,1955.0,1227415,1,1950.26,93953,132283,0.7472300953362535,0
2023-07-28 10:57:02,1955.0,1227415,1,1950.26,93954,132283,0.7472300953362535,0
2023-07-28 10:57:14,1955.0,1227416,1,1950.26,93954,132282,0.7472300953362535,0
2023-07-28 10:57:14,1955.0,1227416,1,1950.26,93954,132282,0.7472300953362535,0
2023-07-28 10:57:14,1955.0,1227416,1,1950.26,94100,132282,0.7472300953362535,0
2023-07-28 10:57:14,1955.0,1227416,1,1950.26,93957,132169,0.7472300953362535,0
2023-07-28 10:57:14,1955.0,1227416,1,1950.26,93957,132169,0.7472300953362535,0
2023-07-28 10:57:14,1955.0,1227416,1,1950.26,93934,132217,0.7472300953362535,0
2023-07-28 10:57:14,1955.0,1227416,5,1950.26,93934,132217,0.7472300953362535,0
2023-07-28 10:57:22,1955.0,1227421,5,1950.26,93978,132262,0.7472300953362535,0
2023-07-28 10:57:22,1955.0,1227421,1,1950.26,93978,132262,0.7472300953362535,0
2023-07-28 10:57:23,1955.0,1227432,10,1950.26,94234,132243,0.7472300953362535,0
2023-07-28 10:57:24,1955.0,1227434,2,1950.26,94234,132242,0.7472300953362535,0
2023-07-28 10:57:25,1955.0,1227435,1,1950.26,94227,132258,0.7472300953362535,0
2023-07-28 10:57:25,1954.45,1227435,2,1950.26,94227,132258,0.7188868848235015,0
2023-07-28 10:57:26,1954.45,1227437,2,1950.26,94227,131958,0.7188868848235015,0
2023-07-28 10:57:26,1954.45,1227437,2,1950.26,94275,132258,0.7188868848235015,0
2023-07-28 10:57:28,1955.0,1227438,1,1950.26,94256,132250,0.7472300953362535,0
2023-07-28 10:57:28,1955.0,1227438,1,1950.26,94256,132250,0.7472300953362535,0
2023-07-28 10:57:28,1955.0,1227438,1,1950.26,94313,131321,0.7472300953362535,0
2023-07-28 10:57:32,1954.85,1227440,1,1950.26,94386,131732,0.7395001288327704,0
2023-07-28 10:57:32,1954.25,1227440,3,1950.26,94386,131732,0.7085802628188611,0
2023-07-28 10:57:33,1954.25,1227805,24,1950.26,93379,132516,0.7085802628188611,0
2023-07-28 10:57:33,1954.25,1227805,24,1950.26,93379,132516,0.7085802628188611,0
2023-07-28 10:57:34,1954.25,1227817,12,1950.26,93220,132763,0.7085802628188611,0
2023-07-28 10:57:34,1954.25,1227817,12,1950.26,93220,132763,0.7085802628188611,0
2023-07-28 10:57:35,1954.45,1227819,2,1950.26,93085,132663,0.7188868848235015,0
2023-07-28 10:57:37,1954.3,1227880,7,1950.26,93117,132646,0.7111569183200183,0
2023-07-28 10:57:37,1953.4,1227883,1,1950.26,93133,132643,0.6647771192991544,0
2023-07-28 10:57:37,1953.4,1227883,1,1950.26,93133,132643,0.6647771192991544,0
2023-07-28 10:57:38,1953.35,1227898,6,1950.26,93568,132336,0.6622004637979855,0
2023-07-28 10:57:40,1954.75,1227902,1,1950.26,93728,132389,0.7343468178304561,0
2023-07-28 10:57:40,1954.75,1227902,1,1950.26,93236,132593,0.7343468178304561,0
2023-07-28 10:57:40,1954.75,1227902,1,1950.26,93230,132325,0.7343468178304561,0
2023-07-28 10:57:40,1954.75,1227902,1,1950.26,93471,132729,0.7343468178304561,0
2023-07-28 10:57:43,1954.8,1228052,25,1950.26,93519,132541,0.7369234733316132,0
2023-07-28 10:57:43,1954.8,1228052,25,1950.26,93519,132541,0.7369234733316132,0
2023-07-28 10:57:44,1955.0,1228057,5,1950.26,93973,132415,0.7472300953362535,0
2023-07-28 10:57:46,1955.0,1228058,1,1950.26,93973,132414,0.7472300953362535,0
2023-07-28 10:57:47,1953.85,1228158,1,1950.26,92487,132420,0.6879670188095804,0
2023-07-28 10:57:48,1954.95,1228182,4,1950.26,92500,132377,0.7446534398350964,0
2023-07-28 10:57:49,1954.95,1228184,2,1950.26,94050,132385,0.7446534398350964,0
2023-07-28 10:57:49,1954.95,1228186,2,1950.26,94053,132383,0.7446534398350964,0
2023-07-28 10:57:49,1954.95,1228186,2,1950.26,94052,132352,0.7446534398350964,0
2023-07-28 10:57:49,1954.95,1228186,2,1950.26,94062,132363,0.7446534398350964,0
2023-07-28 10:57:49,1954.95,1228186,2,1950.26,93956,132396,0.7446534398350964,0
2023-07-28 10:57:54,1954.85,1228192,1,1950.26,93996,131988,0.7395001288327704,0
2023-07-28 10:57:54,1954.85,1228192,1,1950.26,94174,132240,0.7395001288327704,0
2023-07-28 10:57:54,1954.85,1228192,1,1950.26,94145,132035,0.7395001288327704,0
2023-07-28 10:57:54,1954.85,1228192,1,1950.26,94163,132335,0.7395001288327704,0
2023-07-28 10:57:59,1953.8,1228417,38,1950.26,92842,133085,0.6853903633084233,0
2023-07-28 10:58:00,1953.85,1228614,11,1950.26,92988,132831,0.6879670188095804,0
2023-07-28 10:58:01,1954.25,1228718,2,1950.26,93556,133160,0.7085802628188611,0
2023-07-28 10:58:03,1954.25,1228721,1,1950.26,93584,132878,0.7085802628188611,0
2023-07-28 10:58:03,1954.25,1228722,1,1950.26,93590,132901,0.7085802628188611,0
2023-07-28 10:58:03,1954.25,1228722,1,1950.26,93532,132852,0.7085802628188611,0
2023-07-28 10:58:03,1954.25,1228722,90,1950.26,93532,132852,0.7085802628188611,0
2023-07-28 10:58:07,1954.25,1228812,90,1950.26,93537,132762,0.7085802628188611,0
2023-07-28 10:58:07,1954.25,1228830,18,1950.26,93532,132744,0.7085802628188611,0
2023-07-28 10:58:08,1954.25,1228834,4,1950.26,93529,132750,0.7085802628188611,0
2023-07-28 10:58:09,1953.2,1228862,3,1950.26,93285,132887,0.6544704972945141,0
2023-07-28 10:58:11,1954.2,1228870,1,1950.26,93319,132875,0.706003607317704,0
2023-07-28 10:58:11,1953.05,1228870,9,1950.26,93319,132875,0.6467405307910309,0
2023-07-28 10:58:12,1953.95,1228894,4,1950.26,93506,132952,0.6931203298119065,0
2023-07-28 10:58:12,1953.95,1228894,4,1950.26,93506,132952,0.6931203298119065,0
2023-07-28 10:58:13,1953.95,1228895,1,1950.26,93638,132958,0.6931203298119065,0
2023-07-28 10:58:13,1953.95,1228895,1,1950.26,93611,133046,0.6931203298119065,0
2023-07-28 10:58:13,1952.95,1228895,10,1950.26,93611,133046,0.6415872197887166,0
2023-07-28 10:58:15,1952.95,1228907,2,1950.26,93350,133093,0.6415872197887166,0
2023-07-28 10:58:16,1953.95,1228989,14,1950.26,95726,132685,0.6931203298119065,0
2023-07-28 10:58:16,1953.95,1228989,3,1950.26,95726,132685,0.6931203298119065,0
2023-07-28 10:58:17,1953.95,1228994,3,1950.26,95739,132659,0.6931203298119065,0
2023-07-28 10:58:17,1953.95,1228994,1,1950.26,95739,132659,0.6931203298119065,0
2023-07-28 10:58:19,1953.95,1228995,1,1950.26,95823,132709,0.6931203298119065,0
2023-07-28 10:58:20,1955.0,1229499,84,1950.26,97142,131688,0.7472300953362535,0
2023-07-28 10:58:21,1954.4,1232605,2,1950.27,95589,132722,0.7163102293223443,0
2023-07-28 10:58:22,1954.4,1232711,35,1950.27,95541,132760,0.7163102293223443,0
2023-07-28 10:58:24,1954.4,1232736,4,1950.27,95623,132779,0.7163102293223443,0
2023-07-28 10:58:25,1954.4,1232737,1,1950.27,95480,132810,0.7163102293223443,0
2023-07-28 10:58:25,1953.25,1232737,300,1950.27,95480,132810,0.6570471527956712,0
2023-07-28 10:58:26,1954.5,1233316,44,1950.27,96020,132055,0.7214635403246586,0
2023-07-28 10:58:27,1954.95,1233335,14,1950.27,98031,132494,0.7446534398350964,0
2023-07-28 10:58:28,1955.0,1233339,4,1950.27,98102,132525,0.7472300953362535,0
2023-07-28 10:58:30,1955.0,1235820,80,1950.28,98236,131531,0.7472300953362535,0
2023-07-28 10:58:30,1955.0,1235820,80,1950.28,98236,131531,0.7472300953362535,0
2023-07-28 10:58:31,1954.1,1235873,3,1950.28,98099,131650,0.700850296315378,0
2023-07-28 10:58:31,1954.1,1235873,3,1950.28,98099,131650,0.700850296315378,0
2023-07-28 10:58:32,1954.8,1235900,13,1950.28,98255,131592,0.7369234733316132,0
2023-07-28 10:58:33,1954.8,1235903,3,1950.28,98318,131613,0.7369234733316132,0
2023-07-28 10:58:35,1954.8,1235904,1,1950.28,98337,131278,0.7369234733316132,0
2023-07-28 10:58:35,1954.1,1235904,1,1950.28,98519,131579,0.700850296315378,0
2023-07-28 10:58:36,1954.8,1235916,2,1950.28,100299,131609,0.7369234733316132,0
2023-07-28 10:58:36,1954.8,1235916,2,1950.28,100264,131604,0.7369234733316132,0
2023-07-28 10:58:36,1954.8,1235916,2,1950.28,100464,131619,0.7369234733316132,0
2023-07-28 10:58:36,1954.8,1235916,2,1950.28,100503,131888,0.7369234733316132,0
2023-07-28 10:58:41,1954.55,1235918,2,1950.28,100808,131888,0.7240401958258157,0
2023-07-28 10:58:41,1954.8,1235918,1,1950.28,100808,131888,0.7369234733316132,0
2023-07-28 10:58:42,1954.8,1235919,1,1950.28,100639,131898,0.7369234733316132,0
2023-07-28 10:58:42,1955.0,1235919,141,1950.28,100639,131898,0.7472300953362535,0
2023-07-28 10:58:44,1955.0,1236060,141,1950.28,100635,131785,0.7472300953362535,0
2023-07-28 10:58:44,1955.0,1236088,28,1950.28,100719,131769,0.7472300953362535,0
2023-07-28 10:58:45,1955.0,1236094,6,1950.28,101674,131959,0.7472300953362535,0
2023-07-28 10:58:45,1955.0,1236094,5,1950.28,101674,131959,0.7472300953362535,0
2023-07-28 10:58:47,1955.0,1236102,2,1950.28,101674,131987,0.7472300953362535,0
2023-07-28 10:58:48,1955.0,1236105,1,1950.28,101560,131982,0.7472300953362535,0
2023-07-28 10:58:49,1955.0,1236117,2,1950.28,101560,131970,0.7472300953362535,0
2023-07-28 10:58:49,1955.0,1236117,2,1950.28,101560,131979,0.7472300953362535,0
2023-07-28 10:58:50,1954.85,1236167,50,1950.28,101473,131942,0.7395001288327704,0
2023-07-28 10:58:51,1955.0,1236213,16,1950.28,101398,132222,0.7472300953362535,0
2023-07-28 10:58:51,1955.0,1236213,4,1950.28,101398,132222,0.7472300953362535,0
2023-07-28 10:58:52,1955.0,1236217,4,1950.28,101398,132258,0.7472300953362535,0
2023-07-28 10:58:54,1954.75,1239918,3,1950.3,97228,133070,0.7343468178304561,0
2023-07-28 10:58:55,1954.95,1240807,16,1950.3,95121,131795,0.7446534398350964,0
2023-07-28 10:58:57,1955.0,1240836,21,1950.3,95145,131813,0.7472300953362535,0
2023-07-28 10:58:57,1955.0,1240836,6,1950.3,95145,131813,0.7472300953362535,0
2023-07-28 10:58:58,1955.0,1241460,104,1950.3,95221,131733,0.7472300953362535,0
2023-07-28 10:58:58,1955.0,1241546,21,1950.3,95187,131714,0.7472300953362535,0
2023-07-28 10:58:58,1955.0,1241546,38,1950.3,95187,131714,0.7472300953362535,0
2023-07-28 10:58:59,1955.0,1241584,38,1950.3,95147,131704,0.7472300953362535,0
2023-07-28 10:58:59,1955.0,1241584,8,1950.3,95147,131704,0.7472300953362535,0
2023-07-28 10:59:00,1955.0,1241592,8,1950.3,95117,131462,0.7472300953362535,0
2023-07-28 10:59:01,1955.0,1241593,1,1950.3,95117,131439,0.7472300953362535,0
2023-07-28 10:59:01,1953.75,1241593,25,1950.3,95117,131439,0.6828137078072661,0
2023-07-28 10:59:04,1953.95,1242459,22,1950.31,93875,132602,0.6931203298119065,0
2023-07-28 10:59:04,1953.95,1242465,2,1950.31,93973,132328,0.6931203298119065,0
2023-07-28 10:59:04,1954.0,1242465,1,1950.31,93973,132328,0.6956969853130637,0
2023-07-28 10:59:05,1954.0,1242466,1,1950.31,94122,132580,0.6956969853130637,0
2023-07-28 10:59:05,1954.0,1242466,1,1950.31,94172,132463,0.6956969853130637,0
2023-07-28 10:59:05,1952.5,1242466,6,1950.31,94164,132257,0.6183973202782788,0
2023-07-28 10:59:09,1953.95,1243468,62,1950.31,94116,131884,0.6931203298119065,0
2023-07-28 10:59:10,1954.15,1243502,4,1950.31,94093,131976,0.7034269518165468,0
2023-07-28 10:59:11,1954.25,1243508,4,1950.31,94250,131759,0.7085802628188611,0
2023-07-28 10:59:11,1954.4,1243508,2,1950.31,94250,131759,0.7163102293223443,0
2023-07-28 10:59:13,1954.4,1243510,2,1950.31,94177,132095,0.7163102293223443,0
2023-07-28 10:59:13,1954.4,1243510,2,1950.31,94189,132098,0.7163102293223443,0
2023-07-28 10:59:13,1954.4,1243510,2,1950.31,94163,132698,0.7163102293223443,0
2023-07-28 10:59:13,1954.4,1243510,2,1950.31,94163,132691,0.7163102293223443,0
2023-07-28 10:59:13,1954.4,1243510,2,1950.31,94182,132691,0.7163102293223443,0
2023-07-28 10:59:13,1954.4,1243510,2,1950.31,94177,132365,0.7163102293223443,0
2023-07-28 10:59:13,1954.4,1243510,2,1950.31,94224,132658,0.7163102293223443,0
2023-07-28 10:59:13,1954.4,1243510,2,1950.31,94224,132658,0.7163102293223443,0
2023-07-28 10:59:13,1954.4,1243510,2,1950.31,94182,132668,0.7163102293223443,0
2023-07-28 10:59:13,1954.4,1243510,2,1950.31,94182,132668,0.7163102293223443,0
2023-07-28 10:59:13,1954.4,1243510,2,1950.31,94182,132668,0.7163102293223443,0
2023-07-28 10:59:13,1954.4,1243510,2,1950.31,94182,132668,0.7163102293223443,0
2023-07-28 10:59:13,1954.4,1243510,2,1950.31,94300,131694,0.7163102293223443,0
2023-07-28 10:59:13,1954.4,1243510,2,1950.31,94321,131959,0.7163102293223443,0
2023-07-28 10:59:13,1954.4,1243510,2,1950.31,94321,131959,0.7163102293223443,0
2023-07-28 10:59:13,1954.4,1243510,2,1950.31,94352,131946,0.7163102293223443,0
2023-07-28 10:59:13,1954.4,1243510,2,1950.31,94352,131946,0.7163102293223443,0
2023-07-28 10:59:13,1954.4,1243510,95,1950.31,94352,131946,0.7163102293223443,0
2023-07-28 10:59:28,1954.85,1243630,2,1950.31,93156,131875,0.7395001288327704,0
2023-07-28 10:59:29,1955.0,1243634,4,1950.31,95123,131686,0.7472300953362535,0
2023-07-28 10:59:30,1955.0,1243635,1,1950.31,95162,131714,0.7472300953362535,0
2023-07-28 10:59:30,1955.0,1243635,1,1950.31,95173,131854,0.7472300953362535,0
2023-07-28 10:59:32,1955.0,1243657,22,1950.31,95196,131714,0.7472300953362535,0
2023-07-28 10:59:32,1955.0,1243657,4,1950.31,95196,131714,0.7472300953362535,0
2023-07-28 10:59:33,1955.0,1243662,1,1950.31,95183,131649,0.7472300953362535,0
2023-07-28 10:59:34,1955.0,1243898,227,1950.31,95490,131853,0.7472300953362535,0
2023-07-28 10:59:34,1955.0,1243898,227,1950.31,95490,131853,0.7472300953362535,0
2023-07-28 10:59:35,1955.0,1243978,32,1950.31,95431,131538,0.7472300953362535,0
2023-07-28 10:59:36,1955.7,1244000,1,1950.31,95461,131849,0.7833032723524889,0
2023-07-28 10:59:37,1955.7,1244037,9,1950.31,95560,131371,0.7833032723524889,0
2023-07-28 10:59:37,1954.0,1244037,123,1950.31,95560,131371,0.6956969853130637,0
2023-07-28 10:59:39,1954.0,1244773,6,1950.31,94195,131629,0.6956969853130637,0
2023-07-28 10:59:40,1954.85,1245016,12,1950.31,92951,130918,0.7395001288327704,0
2023-07-28 10:59:40,1954.85,1245016,6,1950.31,92951,130918,0.7395001288327704,0
2023-07-28 10:59:41,1954.85,1245029,4,1950.31,92925,131402,0.7395001288327704,0
2023-07-28 10:59:42,1953.65,1245030,14,1950.31,94026,133119,0.6776603968049518,0
2023-07-28 10:59:43,1953.2,1245047,3,1950.31,93588,132464,0.6544704972945141,0
2023-07-28 10:59:43,1953.2,1245047,3,1950.31,93588,132464,0.6544704972945141,0
2023-07-28 10:59:44,1953.2,1245050,1,1950.31,93813,132230,0.6544704972945141,0
2023-07-28 10:59:46,1953.25,1245110,50,1950.31,93483,132278,0.6570471527956712,0
2023-07-28 10:59:46,1953.25,1245124,2,1950.31,93462,132375,0.6570471527956712,0
2023-07-28 10:59:47,1953.15,1245209,5,1950.31,93383,132663,0.651893841793357,0
2023-07-28 10:59:48,1953.3,1245213,4,1950.31,93408,132966,0.6596238082968283,0
2023-07-28 10:59:49,1953.0,1245274,11,1950.31,93698,132645,0.6441638752898737,0
2023-07-28 10:59:49,1952.55,1245274,40,1950.31,93698,132645,0.6209739757794359,0
2023-07-28 10:59:51,1953.2,1245326,10,1950.31,93633,132951,0.6544704972945141,0
2023-07-28 10:59:51,1953.15,1245326,11,1950.31,93633,132951,0.651893841793357,0
2023-07-28 10:59:51,1953.15,1245340,11,1950.31,93583,132945,0.651893841793357,0
2023-07-28 10:59:51,1953.0,1245340,2,1950.31,93583,132945,0.6441638752898737,0
2023-07-28 10:59:53,1953.0,1245342,2,1950.31,93752,132965,0.6441638752898737,0
2023-07-28 10:59:53,1953.0,1245342,2,1950.31,93743,132848,0.6441638752898737,0
2023-07-28 10:59:53,1953.0,1245342,2,1950.31,93768,132651,0.6441638752898737,0
2023-07-28 10:59:53,1953.2,1245342,1,1950.31,93768,132651,0.6544704972945141,0
2023-07-28 10:59:57,1953.2,1245408,4,1950.31,93723,132639,0.6544704972945141,0
2023-07-28 10:59:57,1952.55,1245409,1,1950.31,93686,132729,0.6209739757794359,0
2023-07-28 10:59:58,1953.15,1245412,3,1950.31,93444,132915,0.651893841793357,0
2023-07-28 11:00:00,1952.5,1245462,50,1950.31,93396,132962,0.6183973202782788,0
2023-07-28 11:00:00,1953.2,1245472,2,1950.31,93415,132941,0.6544704972945141,0
2023-07-28 11:00:01,1953.3,1245475,1,1950.31,93624,132960,0.6596238082968283,0
2023-07-28 11:00:01,1953.3,1245475,1,1950.31,93624,132960,0.6596238082968283,0
2023-07-28 11:00:03,1953.3,1245479,3,1950.31,93700,132733,0.6596238082968283,0
2023-07-28 11:00:03,1953.3,1245479,1,1950.31,93700,132733,0.6596238082968283,0
2023-07-28 11:00:04,1953.3,1245480,1,1950.31,93697,132732,0.6596238082968283,0
2023-07-28 11:00:04,1953.3,1245480,1,1950.31,93700,132732,0.6596238082968283,0
2023-07-28 11:00:06,1953.3,1245490,10,1950.31,93701,132712,0.6596238082968283,0
2023-07-28 11:00:06,1953.3,1245490,2,1950.31,93701,132712,0.6596238082968283,0
2023-07-28 11:00:07,1954.95,1245763,46,1950.31,95160,131976,0.7446534398350964,0
2023-07-28 11:00:08,1954.55,1245887,6,1950.31,93051,131894,0.7240401958258157,0
2023-07-28 11:00:09,1954.6,1245897,4,1950.31,94578,131661,0.7266168513269728,0
2023-07-28 11:00:09,1954.15,1245897,1,1950.31,94578,131661,0.7034269518165468,0
2023-07-28 11:00:11,1954.15,1245899,1,1950.31,93911,132363,0.7034269518165468,0
2023-07-28 11:00:11,1954.15,1245899,1,1950.31,94114,132363,0.7034269518165468,0
2023-07-28 11:00:11,1954.15,1245899,1,1950.31,94124,132420,0.7034269518165468,0
2023-07-28 11:00:11,1954.15,1245899,9,1950.31,94124,132420,0.7034269518165468,0
2023-07-28 11:00:14,1954.25,1246030,22,1950.32,93915,132089,0.7085802628188611,0
2023-07-28 11:00:15,1954.2,1246041,5,1950.32,94116,132111,0.706003607317704,0
2023-07-28 11:00:16,1954.2,1246043,1,1950.32,94131,132144,0.706003607317704,0
2023-07-28 11:00:16,1954.2,1246043,2,1950.32,94131,132144,0.706003607317704,0
2023-07-28 11:00:17,1954.2,1246046,1,1950.32,94133,132130,0.706003607317704,0
2023-07-28 11:00:17,1954.2,1246046,1,1950.32,94133,132280,0.706003607317704,0
2023-07-28 11:00:17,1954.2,1246046,1,1950.32,94133,132280,0.706003607317704,0
2023-07-28 11:00:17,1954.2,1246046,1,1950.32,94103,132285,0.706003607317704,0
2023-07-28 11:00:17,1954.15,1246046,10,1950.32,94103,132285,0.7034269518165468,0
2023-07-28 11:00:22,1954.15,1246068,10,1950.32,94222,132255,0.7034269518165468,0
2023-07-28 11:00:22,1954.15,1246068,3,1950.32,94222,132255,0.7034269518165468,0
2023-07-28 11:00:23,1954.0,1246218,31,1950.32,94439,131951,0.6956969853130637,0
2023-07-28 11:00:23,1954.0,1246254,31,1950.32,94445,132112,0.6956969853130637,0
2023-07-28 11:00:24,1954.0,1246262,6,1950.32,94431,132104,0.6956969853130637,0
2023-07-28 11:00:25,1953.95,1246264,1,1950.32,94170,132265,0.6931203298119065,0
2023-07-28 11:00:26,1954.0,1246265,1,1950.32,93963,132563,0.6956969853130637,0
2023-07-28 11:00:28,1953.2,1246316,1,1950.32,93992,132511,0.6544704972945141,0
2023-07-28 11:00:28,1953.2,1246316,10,1950.32,93992,132511,0.6544704972945141,0
2023-07-28 11:00:28,1953.2,1246326,2,1950.32,94005,132471,0.6544704972945141,0
2023-07-28 11:00:30,1953.2,1246329,1,1950.32,94005,132448,0.6544704972945141,0
2023-07-28 11:00:30,1953.2,1246329,1,1950.32,94220,132457,0.6544704972945141,0
2023-07-28 11:00:30,1952.75,1246329,2,1950.32,94224,132452,0.6312805977840763,0
2023-07-28 11:00:33,1953.2,1246768,73,1950.32,94059,132430,0.6544704972945141,0
2023-07-28 11:00:34,1953.2,1246783,15,1950.32,94074,132430,0.6544704972945141,0
2023-07-28 11:00:34,1953.2,1246783,3,1950.32,94074,132430,0.6544704972945141,0
2023-07-28 11:00:36,1953.2,1246792,6,1950.32,94081,132415,0.6544704972945141,0
2023-07-28 11:00:36,1953.2,1246792,2,1950.32,94081,132415,0.6544704972945141,0
2023-07-28 11:00:36,1953.2,1246795,2,1950.32,94136,132414,0.6544704972945141,0
2023-07-28 11:00:36,1952.55,1246795,4,1950.32,94136,132414,0.6209739757794359,0
2023-07-28 11:00:38,1952.55,1246820,4,1950.32,94003,132434,0.6209739757794359,0
2023-07-28 11:00:38,1953.25,1246825,5,1950.32,94003,132410,0.6570471527956712,0
2023-07-28 11:00:40,1953.25,1246862,7,1950.32,93999,132727,0.6570471527956712,0
2023-07-28 11:00:40,1953.25,1246887,25,1950.32,93999,132702,0.6570471527956712,0
2023-07-28 11:00:40,1953.25,1246887,4,1950.32,93999,132702,0.6570471527956712,0
2023-07-28 11:00:41,1953.25,1246911,4,1950.32,94125,132679,0.6570471527956712,0
2023-07-28 11:00:42,1952.6,1246914,2,1950.32,94046,132682,0.6235506312805931,0
2023-07-28 11:00:42,1953.1,1246914,1,1950.32,94046,132682,0.649317186292188,0
2023-07-28 11:00:43,1953.4,1246915,1,1950.32,94024,132382,0.6647771192991544,0
2023-07-28 11:00:44,1953.4,1246916,1,1950.32,94000,132649,0.6647771192991544,0
2023-07-28 11:00:46,1952.55,1247054,24,1950.32,94006,132497,0.6209739757794359,0
2023-07-28 11:00:46,1953.1,1247054,29,1950.32,94006,132497,0.649317186292188,0
2023-07-28 11:00:46,1953.1,1247088,29,1950.32,94001,132463,0.649317186292188,0
2023-07-28 11:00:48,1953.35,1247094,6,1950.32,94036,132178,0.6622004637979855,0
2023-07-28 11:00:48,1953.3,1247094,183,1950.32,94036,132178,0.6596238082968283,0
2023-07-28 11:00:49,1953.15,1247367,9,1950.32,94042,132253,0.651893841793357,0
2023-07-28 11:00:49,1953.15,1247367,9,1950.32,94042,132253,0.651893841793357,0
2023-07-28 11:00:50,1952.55,1247430,32,1950.32,93993,132241,0.6209739757794359,0
2023-07-28 11:00:51,1953.4,1247443,3,1950.32,94011,132248,0.6647771192991544,0
2023-07-28 11:00:52,1953.25,1247446,3,1950.32,94019,132189,0.6570471527956712,0
2023-07-28 11:00:52,1953.25,1247446,3,1950.32,94022,132165,0.6570471527956712,0
2023-07-28 11:00:52,1953.25,1247446,3,1950.32,94152,132471,0.6570471527956712,0
2023-07-28 11:00:52,1953.25,1247446,3,1950.32,94152,132470,0.6570471527956712,0
2023-07-28 11:00:52,1952.9,1247446,150,1950.32,94152,132470,0.6390105642875594,0
2023-07-28 11:00:56,1952.9,1247596,150,1950.32,94176,132336,0.6390105642875594,0
2023-07-28 11:00:58,1953.2,1247626,30,1950.32,94176,132306,0.6544704972945141,0
2023-07-28 11:00:58,1953.2,1247626,7,1950.32,94176,132306,0.6544704972945141,0
2023-07-28 11:00:59,1953.2,1247641,8,1950.32,94204,132291,0.6544704972945141,0
2023-07-28 11:01:00,1953.0,1247642,1,1950.32,93900,132345,0.6441638752898737,0
2023-07-28 11:01:00,1953.0,1247642,1,1950.32,93900,132345,0.6441638752898737,0
2023-07-28 11:01:01,1953.0,1247688,8,1950.32,93901,132279,0.6441638752898737,0
2023-07-28 11:01:01,1953.0,1247688,3,1950.32,93901,132279,0.6441638752898737,0
2023-07-28 11:01:02,1953.0,1247693,2,1950.32,94110,132274,0.6441638752898737,0
2023-07-28 11:01:03,1953.0,1247694,1,1950.32,94116,132267,0.6441638752898737,0
2023-07-28 11:01:04,1952.9,1247695,1,1950.32,94117,132281,0.6390105642875594,0
2023-07-28 11:01:04,1952.9,1247695,1,1950.32,94145,132281,0.6390105642875594,0
2023-07-28 11:01:07,1952.5,1247995,300,1950.32,93817,132352,0.6183973202782788,0
2023-07-28 11:01:07,1952.8,1247995,60,1950.32,93817,132352,0.6338572532852335,0
2023-07-28 11:01:08,1952.8,1248057,2,1950.32,93835,132297,0.6338572532852335,0
2023-07-28 11:01:08,1952.8,1248057,2,1950.32,93835,132299,0.6338572532852335,0
2023-07-28 11:01:09,1952.5,1248077,2,1950.32,93830,132276,0.6183973202782788,0
2023-07-28 11:01:09,1952.8,1248077,7,1950.32,93830,132276,0.6338572532852335,0
2023-07-28 11:01:11,1953.0,1248114,7,1950.32,92458,132146,0.6441638752898737,0
2023-07-28 11:01:11,1953.0,1248114,4,1950.32,92458,132146,0.6441638752898737,0
2023-07-28 11:01:12,1953.0,1248118,4,1950.32,93939,132441,0.6441638752898737,0
2023-07-28 11:01:12,1953.0,1248118,2,1950.32,93939,132441,0.6441638752898737,0
2023-07-28 11:01:13,1953.0,1248121,2,1950.32,94920,133436,0.6441638752898737,0
2023-07-28 11:01:15,1953.0,1248238,100,1950.32,94913,133350,0.6441638752898737,0
2023-07-28 11:01:15,1953.65,1248238,22,1950.32,94913,133350,0.6776603968049518,0
2023-07-28 11:01:15,1952.6,1248238,10,1950.32,94913,133350,0.6235506312805931,0
2023-07-28 11:01:17,1953.45,1248278,6,1950.32,95006,133320,0.6673537748003115,0
2023-07-28 11:01:18,1953.5,1248280,2,1950.32,94960,132905,0.6699304303014687,0
2023-07-28 11:01:18,1953.5,1248280,2,1950.32,94971,132895,0.6699304303014687,0
2023-07-28 11:01:18,1953.6,1248280,10,1950.32,94967,132896,0.675083741303783,0
2023-07-28 11:01:22,1953.55,1248292,2,1950.32,94987,132887,0.6725070858026259,0
2023-07-28 11:01:22,1952.75,1248292,11,1950.32,94987,132887,0.6312805977840763,0
2023-07-28 11:01:24,1953.55,1248321,5,1950.32,93104,132898,0.6725070858026259,0
2023-07-28 11:01:24,1953.6,1248322,1,1950.32,94619,132883,0.675083741303783,0
2023-07-28 11:01:24,1953.6,1248322,1,1950.32,94609,133211,0.675083741303783,0
2023-07-28 11:01:24,1953.6,1248322,1,1950.32,94605,133204,0.675083741303783,0
2023-07-28 11:01:29,1953.7,1248392,3,1950.32,94558,133477,0.680237052306109,0
2023-07-28 11:01:29,1953.65,1248392,3,1950.32,94558,133477,0.6776603968049518,0
2023-07-28 11:01:29,1953.65,1248409,3,1950.32,94550,133187,0.6776603968049518,0
2023-07-28 11:01:29,1952.6,1248409,12,1950.32,94550,133187,0.6235506312805931,0
2023-07-28 11:01:31,1952.6,1248443,12,1950.32,94554,133212,0.6235506312805931,0
2023-07-28 11:01:31,1953.15,1248443,7,1950.32,94554,133212,0.651893841793357,0
2023-07-28 11:01:32,1953.15,1248450,7,1950.32,94390,133223,0.651893841793357,0
2023-07-28 11:01:32,1952.2,1248450,43,1950.32,94390,133223,0.6029373872713242,0
2023-07-28 11:01:33,1952.2,1248751,43,1950.32,94176,133289,0.6029373872713242,0
2023-07-28 11:01:33,1952.6,1248751,20,1950.32,94176,133289,0.6235506312805931,0
2023-07-28 11:01:34,1952.6,1248971,100,1950.32,94359,133077,0.6235506312805931,0
2023-07-28 11:01:34,1953.05,1248971,5,1950.32,94359,133077,0.6467405307910309,0
2023-07-28 11:01:34,1952.5,1248971,2,1950.32,94359,133077,0.6183973202782788,0
2023-07-28 11:01:37,1952.5,1249104,2,1950.32,93620,133215,0.6183973202782788,0
2023-07-28 11:01:37,1952.75,1249104,22,1950.32,93620,133215,0.6312805977840763,0
2023-07-28 11:01:38,1952.9,1249131,5,1950.32,93880,133034,0.6390105642875594,0
2023-07-28 11:01:38,1952.9,1249131,5,1950.32,93880,133034,0.6390105642875594,0
2023-07-28 11:01:39,1952.9,1249136,5,1950.32,93874,133044,0.6390105642875594,0
2023-07-28 11:01:39,1952.9,1249136,1,1950.32,93874,133044,0.6390105642875594,0
2023-07-28 11:01:40,1952.9,1249137,1,1950.32,93765,133295,0.6390105642875594,0
2023-07-28 11:01:40,1952.9,1249137,1,1950.32,93762,133312,0.6390105642875594,0
2023-07-28 11:01:40,1952.9,1249137,1,1950.32,93682,133031,0.6390105642875594,0
2023-07-28 11:01:40,1952.9,1249137,1,1950.32,93621,133096,0.6390105642875594,0
2023-07-28 11:01:40,1952.9,1249137,1,1950.32,93626,132987,0.6390105642875594,0
2023-07-28 11:01:40,1952.9,1249137,1,1950.32,93637,132959,0.6390105642875594,0
2023-07-28 11:01:40,1952.9,1249137,1,1950.32,93537,133018,0.6390105642875594,0
2023-07-28 11:01:40,1952.9,1249137,1,1950.32,93530,132995,0.6390105642875594,0
2023-07-28 11:01:40,1951.7,1249137,21,1950.32,93527,132995,0.5771708322597292,0
2023-07-28 11:01:53,1952.65,1249229,3,1950.32,93599,133231,0.626127286781762,0
2023-07-28 11:01:53,1952.65,1249229,3,1950.32,93621,133000,0.626127286781762,0
2023-07-28 11:01:53,1953.2,1249229,35,1950.32,93621,133000,0.6544704972945141,0
2023-07-28 11:01:54,1953.05,1249543,11,1950.32,93917,132957,0.6467405307910309,0
2023-07-28 11:01:55,1953.2,1249554,2,1950.32,94048,132946,0.6544704972945141,0
2023-07-28 11:01:57,1952.3,1249571,3,1950.32,94018,132977,0.6080906982736385,0
2023-07-28 11:01:58,1952.9,1249578,1,1950.32,94057,132931,0.6390105642875594,0
2023-07-28 11:01:58,1952.9,1249578,1,1950.32,94057,132931,0.6390105642875594,0
2023-07-28 11:02:00,1952.95,1249579,1,1950.32,94000,132930,0.6415872197887166,0
2023-07-28 11:02:00,1952.95,1249579,1,1950.32,93986,133116,0.6415872197887166,0
2023-07-28 11:02:00,1952.95,1249579,1,1950.32,93853,133121,0.6415872197887166,0
2023-07-28 11:02:00,1952.95,1249579,1,1950.32,93852,133151,0.6415872197887166,0
2023-07-28 11:02:00,1952.95,1249579,1,1950.32,93852,133151,0.6415872197887166,0
2023-07-28 11:02:00,1952.95,1249579,1,1950.32,93734,133244,0.6415872197887166,0
2023-07-28 11:02:00,1952.95,1249579,1,1950.32,93764,133222,0.6415872197887166,0
2023-07-28 11:02:00,1952.95,1249579,2,1950.32,93764,133222,0.6415872197887166,0
2023-07-28 11:02:07,1953.1,1249960,6,1950.32,93531,133128,0.649317186292188,0
2023-07-28 11:02:09,1953.05,1249973,13,1950.32,93514,133350,0.6467405307910309,0
2023-07-28 11:02:10,1953.5,1249991,4,1950.32,93498,133358,0.6699304303014687,0
2023-07-28 11:02:11,1953.5,1249996,1,1950.32,93500,132973,0.6699304303014687,0
2023-07-28 11:02:11,1953.5,1249996,1,1950.32,93500,132973,0.6699304303014687,0
2023-07-28 11:02:12,1953.35,1249998,1,1950.32,93434,133387,0.6622004637979855,0
2023-07-28 11:02:13,1952.5,1250338,13,1950.32,93784,133430,0.6183973202782788,0
2023-07-28 11:02:13,1951.8,1250338,1,1950.32,93784,133430,0.5823241432620435,0
2023-07-28 11:02:14,1953.25,1251163,35,1950.33,93212,132994,0.6570471527956712,0
2023-07-28 11:02:15,1951.7,1251473,80,1950.33,92825,133576,0.5771708322597292,0
2023-07-28 11:02:17,1952.55,1251559,14,1950.33,92777,133643,0.6209739757794359,0
2023-07-28 11:02:17,1952.35,1251579,3,1950.33,92782,133773,0.6106673537747956,0
2023-07-28 11:02:17,1952.5,1251579,1,1950.33,92782,133773,0.6183973202782788,0
2023-07-28 11:02:18,1952.5,1251580,1,1950.33,92870,133678,0.6183973202782788,0
2023-07-28 11:02:18,1952.5,1251580,1,1950.33,92896,133595,0.6183973202782788,0
2023-07-28 11:02:21,1952.25,1251603,23,1950.33,92779,133525,0.6055140427724813,0
2023-07-28 11:02:21,1952.45,1251603,11,1950.33,92779,133525,0.6158206647771216,0
2023-07-28 11:02:22,1952.9,1251904,5,1950.33,93109,133202,0.6390105642875594,0
2023-07-28 11:02:22,1952.45,1251904,49,1950.33,93109,133202,0.6158206647771216,0
2023-07-28 11:02:23,1952.9,1251991,13,1950.33,93063,133215,0.6390105642875594,0
2023-07-28 11:02:23,1952.9,1251991,13,1950.33,93063,133215,0.6390105642875594,0
2023-07-28 11:02:24,1952.9,1252004,13,1950.33,93246,133308,0.6390105642875594,0
2023-07-28 11:02:24,1952.95,1252004,3,1950.33,93246,133308,0.6415872197887166,0
2023-07-28 11:02:26,1952.2,1252367,60,1950.33,92812,133499,0.6029373872713242,0
2023-07-28 11:02:26,1952.2,1252367,60,1950.33,92812,133499,0.6029373872713242,0
2023-07-28 11:02:26,1951.2,1252522,6,1950.33,93079,133686,0.5514042772481342,0
2023-07-28 11:02:26,1951.2,1252522,6,1950.33,93079,133686,0.5514042772481342,0
2023-07-28 11:02:28,1952.55,1252635,19,1950.33,93121,133253,0.6209739757794359,0
2023-07-28 11:02:28,1952.3,1252658,22,1950.33,93105,133391,0.6080906982736385,0
2023-07-28 11:02:28,1952.25,1252658,6,1950.33,93105,133391,0.6055140427724813,0
2023-07-28 11:02:30,1952.4,1252741,45,1950.33,93088,133347,0.6132440092759645,0
2023-07-28 11:02:31,1952.55,1253100,19,1950.33,93104,133469,0.6209739757794359,0
2023-07-28 11:02:31,1952.55,1253100,19,1950.33,93104,133469,0.6209739757794359,0
2023-07-28 11:02:32,1952.5,1253112,12,1950.33,92933,133454,0.6183973202782788,0
2023-07-28 11:02:34,1952.65,1253129,5,1950.33,92985,133287,0.626127286781762,0
2023-07-28 11:02:34,1952.5,1253129,1,1950.33,92990,133655,0.6183973202782788,0
2023-07-28 11:02:35,1952.7,1253131,1,1950.33,93237,133531,0.6287039422829191,0
2023-07-28 11:02:37,1952.9,1253206,13,1950.33,93322,133229,0.6390105642875594,0
2023-07-28 11:02:38,1953.05,1253224,5,1950.33,93289,133219,0.6467405307910309,0
2023-07-28 11:02:39,1952.9,1253225,1,1950.33,93239,133266,0.6390105642875594,0
2023-07-28 11:02:39,1952.0,1253225,14,1950.33,93215,133505,0.5926307652666838,0
2023-07-28 11:02:41,1952.7,1253248,4,1950.33,93275,133486,0.6287039422829191,0
2023-07-28 11:02:41,1952.7,1253248,17,1950.33,93275,133486,0.6287039422829191,0
2023-07-28 11:02:42,1952.9,1253290,4,1950.33,93324,133631,0.6390105642875594,0
2023-07-28 11:02:43,1953.0,1253295,5,1950.33,93341,133363,0.6441638752898737,0
2023-07-28 11:02:43,1952.75,1253295,1,1950.33,93341,133363,0.6312805977840763,0
2023-07-28 11:02:44,1952.75,1253301,1,1950.33,92640,133362,0.6312805977840763,0
2023-07-28 11:02:45,1952.75,1253302,1,1950.33,92789,133377,0.6312805977840763,0
2023-07-28 11:02:45,1952.75,1253302,1,1950.33,92823,133450,0.6312805977840763,0
2023-07-28 11:02:45,1952.4,1253302,1,1950.33,92823,133450,0.6132440092759645,0
2023-07-28 11:02:49,1952.45,1253305,1,1950.33,91305,133397,0.6158206647771216,0
2023-07-28 11:02:49,1952.4,1253305,9,1950.33,91305,133397,0.6132440092759645,0
2023-07-28 11:02:50,1952.4,1253316,2,1950.33,92656,133339,0.6132440092759645,0
2023-07-28 11:02:50,1952.4,1253316,2,1950.33,92666,133317,0.6132440092759645,0
2023-07-28 11:02:53,1952.4,1253317,1,1950.33,92682,133314,0.6132440092759645,0
2023-07-28 11:02:53,1952.4,1253317,1,1950.33,92668,133342,0.6132440092759645,0
2023-07-28 11:02:55,1951.65,1253318,1,1950.33,92720,133332,0.574594176758572,0
2023-07-28 11:02:56,1952.4,1253376,10,1950.33,92808,133260,0.6132440092759645,0
2023-07-28 11:02:57,1952.4,1253378,2,1950.33,92789,133286,0.6132440092759645,0
2023-07-28 11:02:58,1952.4,1253379,1,1950.33,92789,133298,0.6132440092759645,0
2023-07-28 11:02:58,1952.4,1253379,1,1950.33,92799,133293,0.6132440092759645,0
2023-07-28 11:03:01,1952.4,1253476,58,1950.33,92799,133133,0.6132440092759645,0
2023-07-28 11:03:01,1952.4,1253476,58,1950.33,92799,133158,0.6132440092759645,0
2023-07-28 11:03:02,1952.4,1253499,4,1950.33,92812,133194,0.6132440092759645,0
2023-07-28 11:03:03,1952.4,1253500,1,1950.33,92832,133195,0.6132440092759645,0
2023-07-28 11:03:03,1952.4,1253500,1,1950.33,92832,133153,0.6132440092759645,0
2023-07-28 11:03:03,1952.4,1253500,1,1950.33,92848,133075,0.6132440092759645,0
2023-07-28 11:03:03,1952.05,1253500,11,1950.33,92848,133075,0.595207420767841,0
2023-07-28 11:03:08,1952.4,1253513,2,1950.33,92942,133061,0.6132440092759645,0
2023-07-28 11:03:09,1952.4,1253514,1,1950.33,92835,133061,0.6132440092759645,0
2023-07-28 11:03:10,1952.4,1253516,2,1950.33,92720,133050,0.6132440092759645,0
2023-07-28 11:03:10,1952.4,1253516,2,1950.33,92716,133049,0.6132440092759645,0
2023-07-28 11:03:10,1952.4,1253516,2,1950.33,93080,133083,0.6132440092759645,0
2023-07-28 11:03:14,1952.0,1253546,30,1950.33,93067,132963,0.5926307652666838,0
2023-07-28 11:03:14,1951.65,1253685,26,1950.33,92587,133073,0.574594176758572,0
2023-07-28 11:03:16,1951.35,1253866,13,1950.33,92640,133081,0.5591342437516057,0
2023-07-28 11:03:16,1952.4,1253901,35,1950.33,92670,132992,0.6132440092759645,0
2023-07-28 11:03:18,1952.4,1254081,7,1950.33,92581,132963,0.6132440092759645,0
2023-07-28 11:03:18,1952.4,1254081,7,1950.33,92602,133010,0.6132440092759645,0
2023-07-28 11:03:20,1952.4,1254196,1,1950.33,92566,132996,0.6132440092759645,0
2023-07-28 11:03:20,1952.4,1254196,1,1950.33,92566,132996,0.6132440092759645,0
2023-07-28 11:03:21,1952.4,1254200,4,1950.33,92621,132973,0.6132440092759645,0
2023-07-28 11:03:22,1952.4,1254225,5,1950.33,92617,133011,0.6132440092759645,0
2023-07-28 11:03:23,1952.4,1254226,1,1950.33,92517,133005,0.6132440092759645,0
2023-07-28 11:03:23,1952.4,1254226,1,1950.33,92467,133109,0.6132440092759645,0
2023-07-28 11:03:23,1952.4,1254226,1,1950.33,92520,133153,0.6132440092759645,0
2023-07-28 11:03:23,1952.4,1254226,1,1950.33,92525,133245,0.6132440092759645,0
2023-07-28 11:03:23,1952.4,1254226,1,1950.33,92628,133068,0.6132440092759645,0
2023-07-28 11:03:23,1952.4,1254226,1,1950.33,92745,133091,0.6132440092759645,0
2023-07-28 11:03:23,1952.4,1254226,1,1950.33,92790,133091,0.6132440092759645,0
2023-07-28 11:03:23,1952.4,1254226,1,1950.33,92791,133077,0.6132440092759645,0
2023-07-28 11:03:23,1952.4,1254226,1,1950.33,92791,133087,0.6132440092759645,0
2023-07-28 11:03:32,1952.4,1254231,5,1950.33,92953,133028,0.6132440092759645,0
2023-07-28 11:03:33,1952.4,1254232,1,1950.33,92953,133027,0.6132440092759645,0
2023-07-28 11:03:34,1952.4,1254292,10,1950.33,92976,132966,0.6132440092759645,0
2023-07-28 11:03:34,1952.4,1254292,2,1950.33,92976,132966,0.6132440092759645,0
2023-07-28 11:03:35,1952.4,1254294,2,1950.33,92996,132983,0.6132440092759645,0
2023-07-28 11:03:36,1952.95,1254345,6,1950.33,92938,132968,0.6415872197887166,0
2023-07-28 11:03:36,1952.95,1254345,2,1950.33,92938,132968,0.6415872197887166,0
2023-07-28 11:03:37,1952.95,1254347,2,1950.33,92923,132966,0.6415872197887166,0
2023-07-28 11:03:37,1952.95,1254347,2,1950.33,92924,132966,0.6415872197887166,0
2023-07-28 11:03:40,1951.8,1254386,6,1950.33,92934,133026,0.5823241432620435,0
2023-07-28 11:03:41,1952.5,1254486,42,1950.33,92271,133173,0.6183973202782788,0
2023-07-28 11:03:41,1952.6,1254486,20,1950.33,92271,133173,0.6235506312805931,0
2023-07-28 11:03:42,1952.6,1254506,20,1950.33,90871,133161,0.6235506312805931,0
2023-07-28 11:03:42,1952.6,1254506,4,1950.33,90871,133161,0.6235506312805931,0
2023-07-28 11:03:43,1952.6,1254512,1,1950.33,92385,133135,0.6235506312805931,0
2023-07-28 11:03:44,1953.0,1255332,4,1950.33,92404,132964,0.6441638752898737,0
2023-07-28 11:03:45,1952.95,1255359,4,1950.33,92902,132968,0.6415872197887166,0
2023-07-28 11:03:45,1952.95,1255359,2,1950.33,92902,132968,0.6415872197887166,0
2023-07-28 11:03:47,1952.95,1255367,2,1950.33,92934,132957,0.6415872197887166,0
2023-07-28 11:03:47,1953.0,1255367,1,1950.33,92934,132957,0.6441638752898737,0
2023-07-28 11:03:48,1951.55,1255712,19,1950.33,90688,132488,0.5694408657562461,0
2023-07-28 11:03:49,1952.9,1255781,6,1950.33,92913,132445,0.6390105642875594,0
2023-07-28 11:03:50,1952.95,1255798,3,1950.33,92933,132400,0.6415872197887166,0
2023-07-28 11:03:51,1952.95,1255807,2,1950.33,92920,132391,0.6415872197887166,0
2023-07-28 11:03:53,1952.9,1255825,3,1950.33,92885,132372,0.6390105642875594,0
2023-07-28 11:03:54,1953.0,1255829,1,1950.33,93069,132857,0.6441638752898737,0
2023-07-28 11:03:54,1953.0,1255829,1,1950.33,93069,132857,0.6441638752898737,0
2023-07-28 11:03:55,1953.0,1255830,1,1950.33,93069,132869,0.6441638752898737,0
2023-07-28 11:03:55,1953.0,1255830,1,1950.33,93088,132869,0.6441638752898737,0
2023-07-28 11:03:58,1952.25,1255840,10,1950.33,93020,132787,0.6055140427724813,0
2023-07-28 11:03:58,1953.0,1255840,7,1950.33,93020,132748,0.6441638752898737,0
2023-07-28 11:03:58,1953.0,1255840,1,1950.33,93020,132748,0.6441638752898737,0
2023-07-28 11:03:59,1953.0,1255854,1,1950.33,93069,132762,0.6441638752898737,0
2023-07-28 11:03:59,1953.0,1255854,1,1950.33,93069,132762,0.6441638752898737,0
2023-07-28 11:03:59,1953.0,1255854,1,1950.33,93069,132762,0.6441638752898737,0
2023-07-28 11:03:59,1953.0,1255854,1,1950.33,93035,132762,0.6441638752898737,0
2023-07-28 11:03:59,1953.0,1255854,1,1950.33,93028,132762,0.6441638752898737,0
2023-07-28 11:04:07,1953.0,1255927,1,1950.33,93032,132672,0.6441638752898737,0
2023-07-28 11:04:08,1953.7,1255986,24,1950.33,91484,132397,0.680237052306109,0
2023-07-28 11:04:09,1953.0,1256346,37,1950.33,93114,132273,0.6441638752898737,0
2023-07-28 11:04:09,1952.6,1256346,1,1950.33,93114,132273,0.6235506312805931,0
2023-07-28 11:04:10,1953.45,1256388,21,1950.33,93146,132144,0.6673537748003115,0
2023-07-28 11:04:10,1953.45,1256388,21,1950.33,93146,132144,0.6673537748003115,0
2023-07-28 11:04:11,1953.55,1256397,9,1950.33,93051,132165,0.6725070858026259,0
2023-07-28 11:04:12,1953.65,1256398,1,1950.33,93022,132183,0.6776603968049518,0
2023-07-28 11:04:12,1953.65,1256398,1,1950.33,93022,132183,0.6776603968049518,0
2023-07-28 11:04:12,1953.65,1256398,1,1950.33,93051,132245,0.6776603968049518,0
2023-07-28 11:04:12,1953.65,1256398,1,1950.33,93051,132245,0.6776603968049518,0
2023-07-28 11:04:14,1953.65,1256400,1,1950.33,92970,132322,0.6776603968049518,0
2023-07-28 11:04:14,1953.65,1256400,1,1950.33,92970,132319,0.6776603968049518,0
2023-07-28 11:04:14,1952.55,1256400,1,1950.33,92970,132319,0.6209739757794359,0
2023-07-28 11:04:16,1953.65,1256654,29,1950.33,93105,132586,0.6776603968049518,0
2023-07-28 11:04:17,1953.65,1256705,29,1950.33,93174,132458,0.6776603968049518,0
2023-07-28 11:04:17,1953.7,1256705,10,1950.33,93174,132458,0.680237052306109,0
2023-07-28 11:04:18,1953.7,1256715,2,1950.33,93242,132826,0.680237052306109,0
2023-07-28 11:04:19,1953.7,1256717,2,1950.33,93215,132824,0.680237052306109,0
2023-07-28 11:04:19,1953.7,1256717,6,1950.33,93156,132579,0.680237052306109,0
2023-07-28 11:04:22,1953.45,1256728,2,1950.33,93220,132478,0.6673537748003115,0
2023-07-28 11:04:22,1953.45,1256728,1,1950.33,93220,132478,0.6673537748003115,0
2023-07-28 11:04:23,1953.45,1256729,1,1950.33,93457,132521,0.6673537748003115,0
2023-07-28 11:04:23,1953.45,1256729,1,1950.33,93472,132333,0.6673537748003115,0
2023-07-28 11:04:23,1953.45,1256729,1,1950.33,93472,132348,0.6673537748003115,0
2023-07-28 11:04:23,1953.45,1256729,1,1950.33,93453,132370,0.6673537748003115,0
2023-07-28 11:04:23,1953.45,1256729,1,1950.33,93337,132346,0.6673537748003115,0
2023-07-28 11:04:23,1953.45,1256729,1,1950.33,93319,132296,0.6673537748003115,0
2023-07-28 11:04:23,1953.45,1256729,1,1950.33,93311,132398,0.6673537748003115,0
2023-07-28 11:04:32,1953.7,1256737,1,1950.33,93399,132332,0.680237052306109,0
2023-07-28 11:04:33,1953.45,1256892,26,1950.33,93336,132650,0.6673537748003115,0
2023-07-28 11:04:34,1953.7,1256934,5,1950.33,93358,132332,0.680237052306109,0
2023-07-28 11:04:35,1953.5,1256940,3,1950.33,93350,132601,0.6699304303014687,0
2023-07-28 11:04:36,1953.5,1256948,2,1950.33,93370,132725,0.6699304303014687,0
2023-07-28 11:04:36,1953.5,1256948,2,1950.33,93370,132725,0.6699304303014687,0
2023-07-28 11:04:37,1953.65,1256951,1,1950.33,93325,132662,0.6776603968049518,0
2023-07-28 11:04:37,1953.65,1256951,1,1950.33,93319,132688,0.6776603968049518,0
2023-07-28 11:04:37,1953.65,1256951,1,1950.33,93319,132661,0.6776603968049518,0
2023-07-28 11:04:37,1952.45,1256951,1,1950.33,93319,132661,0.6158206647771216,0
2023-07-28 11:04:40,1953.2,1256956,1,1950.33,93016,132665,0.6544704972945141,0
2023-07-28 11:04:40,1953.2,1256956,1,1950.33,93507,132801,0.6544704972945141,0
2023-07-28 11:04:42,1953.5,1256958,2,1950.33,93522,132799,0.6699304303014687,0
2023-07-28 11:04:43,1953.5,1256959,1,1950.33,93668,132809,0.6699304303014687,0
2023-07-28 11:04:44,1953.5,1256983,12,1950.33,93730,132811,0.6699304303014687,0
2023-07-28 11:04:45,1953.5,1256986,3,1950.33,93730,132808,0.6699304303014687,0
2023-07-28 11:04:46,1953.5,1257005,18,1950.33,93740,132745,0.6699304303014687,0
2023-07-28 11:04:47,1953.65,1257009,4,1950.33,93740,132786,0.6776603968049518,0
2023-07-28 11:04:47,1953.65,1257009,1,1950.33,93740,132786,0.6776603968049518,0
2023-07-28 11:04:47,1953.65,1257010,18,1950.33,93896,132594,0.6776603968049518,0
2023-07-28 11:04:48,1953.65,1257028,18,1950.33,93917,132576,0.6776603968049518,0
2023-07-28 11:04:48,1953.7,1257028,2,1950.33,93917,132576,0.680237052306109,0
2023-07-28 11:04:50,1953.05,1257102,3,1950.33,93819,132593,0.6467405307910309,0
2023-07-28 11:04:50,1953.7,1257102,14,1950.33,93819,132593,0.680237052306109,0
2023-07-28 11:04:52,1953.7,1257119,3,1950.33,92317,132570,0.680237052306109,0
2023-07-28 11:04:53,1953.7,1257121,1,1950.33,92369,132598,0.680237052306109,0
2023-07-28 11:04:53,1953.95,1257121,34,1950.33,92369,132598,0.6931203298119065,0
2023-07-28 11:04:53,1954.5,1257121,26,1950.33,92369,132598,0.7214635403246586,0
2023-07-28 11:04:55,1954.6,1257511,12,1950.34,94112,132368,0.7266168513269728,0
2023-07-28 11:04:56,1954.6,1257518,7,1950.34,94112,132367,0.7266168513269728,0
2023-07-28 11:04:57,1954.25,1257538,5,1950.34,93931,132502,0.7085802628188611,0
2023-07-28 11:04:57,1954.3,1257538,1,1950.34,93931,132502,0.7111569183200183,0
2023-07-28 11:04:57,1954.3,1257539,1,1950.34,93924,132838,0.7111569183200183,0
2023-07-28 11:04:57,1954.4,1257539,1,1950.34,93924,132838,0.7163102293223443,0
2023-07-28 11:04:58,1954.4,1257540,1,1950.34,92427,133384,0.7163102293223443,0
2023-07-28 11:04:58,1954.4,1257540,1,1950.34,93670,133242,0.7163102293223443,0
2023-07-28 11:04:58,1954.4,1257540,1,1950.34,93680,132975,0.7163102293223443,0
2023-07-28 11:04:58,1953.7,1257540,5,1950.34,93680,132975,0.680237052306109,0
2023-07-28 11:05:03,1953.7,1257546,1,1950.34,93680,133269,0.680237052306109,0
2023-07-28 11:05:03,1954.3,1257546,2,1950.34,93680,133269,0.7111569183200183,0
2023-07-28 11:05:06,1954.35,1258026,9,1950.34,93755,133291,0.7137335738211754,0
2023-07-28 11:05:07,1954.4,1258042,16,1950.34,93784,133100,0.7163102293223443,0
2023-07-28 11:05:07,1954.4,1258042,2,1950.34,93784,133100,0.7163102293223443,0
2023-07-28 11:05:08,1954.4,1258048,4,1950.34,94096,133065,0.7163102293223443,0
2023-07-28 11:05:09,1953.95,1258049,1,1950.34,93836,133036,0.6931203298119065,0
2023-07-28 11:05:09,1953.95,1258049,1,1950.34,93870,133716,0.6931203298119065,0
2023-07-28 11:05:09,1953.95,1258049,3,1950.34,93870,133716,0.6931203298119065,0
2023-07-28 11:05:12,1953.95,1258052,3,1950.34,93889,133705,0.6931203298119065,0
2023-07-28 11:05:12,1953.95,1258052,3,1950.34,93895,133705,0.6931203298119065,0
2023-07-28 11:05:14,1953.6,1258648,83,1950.34,93752,132983,0.675083741303783,0
2023-07-28 11:05:15,1953.6,1258948,4,1950.34,93665,132966,0.675083741303783,0
2023-07-28 11:05:15,1954.5,1258948,51,1950.34,93665,132966,0.7214635403246586,0
2023-07-28 11:05:16,1954.5,1259008,51,1950.34,93697,132660,0.7214635403246586,0
2023-07-28 11:05:18,1954.95,1259380,63,1950.34,94222,132184,0.7446534398350964,0
2023-07-28 11:05:19,1954.95,1259394,5,1950.34,94032,132083,0.7446534398350964,0
2023-07-28 11:05:19,1954.85,1259394,3,1950.34,94032,132083,0.7395001288327704,0
2023-07-28 11:05:20,1954.85,1259397,3,1950.34,94039,132109,0.7395001288327704,0
2023-07-28 11:05:20,1954.85,1259397,3,1950.34,94091,132335,0.7395001288327704,0
2023-07-28 11:05:20,1954.85,1259397,3,1950.34,94046,132180,0.7395001288327704,0
2023-07-28 11:05:20,1954.85,1259397,3,1950.34,94046,132180,0.7395001288327704,0
2023-07-28 11:05:20,1954.85,1259397,3,1950.34,94041,131724,0.7395001288327704,0
2023-07-28 11:05:20,1954.85,1259397,3,1950.34,94041,131724,0.7395001288327704,0
2023-07-28 11:05:20,1954.85,1259397,3,1950.34,94041,131724,0.7395001288327704,0
2023-07-28 11:05:20,1954.85,1259397,3,1950.34,94041,131724,0.7395001288327704,0
2023-07-28 11:05:20,1954.7,1259397,4,1950.34,94379,132105,0.7317701623292989,0
2023-07-28 11:05:20,1954.7,1259397,4,1950.34,94379,132105,0.7317701623292989,0
2023-07-28 11:05:26,1954.65,1259427,5,1950.34,93930,132474,0.7291935068281418,0
2023-07-28 11:05:27,1954.3,1259428,1,1950.34,93933,132425,0.7111569183200183,0
2023-07-28 11:05:28,1954.35,1259429,1,1950.34,93949,132158,0.7137335738211754,0
2023-07-28 11:05:28,1954.35,1259429,1,1950.34,93964,132229,0.7137335738211754,0
2023-07-28 11:05:28,1954.35,1259429,1,1950.34,93931,132210,0.7137335738211754,0
2023-07-28 11:05:28,1954.35,1259429,1,1950.34,93933,132255,0.7137335738211754,0
2023-07-28 11:05:28,1954.35,1259429,1,1950.34,93819,132554,0.7137335738211754,0
2023-07-28 11:05:28,1954.25,1259429,6,1950.34,93819,132554,0.7085802628188611,0
2023-07-28 11:05:34,1954.25,1259464,1,1950.34,93850,132386,0.7085802628188611,0
2023-07-28 11:05:35,1954.25,1259465,1,1950.34,93876,132437,0.7085802628188611,0
2023-07-28 11:05:35,1954.25,1259465,1,1950.34,93683,132464,0.7085802628188611,0
2023-07-28 11:05:35,1954.25,1259465,50,1950.34,93683,132464,0.7085802628188611,0
2023-07-28 11:05:37,1954.25,1259525,10,1950.34,93631,132390,0.7085802628188611,0
2023-07-28 11:05:38,1954.25,1259527,2,1950.34,93757,132398,0.7085802628188611,0
2023-07-28 11:05:38,1954.65,1259527,23,1950.34,93757,132398,0.7291935068281418,0
2023-07-28 11:05:39,1954.25,1259645,9,1950.34,93809,132671,0.7085802628188611,0
2023-07-28 11:05:39,1953.55,1259645,7,1950.34,93809,132671,0.6725070858026259,0
2023-07-28 11:05:41,1954.4,1259668,1,1950.34,93988,132812,0.7163102293223443,0
2023-07-28 11:05:42,1954.4,1259669,1,1950.34,93897,132804,0.7163102293223443,0
2023-07-28 11:05:42,1954.4,1259669,1,1950.34,93883,132770,0.7163102293223443,0
2023-07-28 11:05:42,1954.4,1259669,1,1950.34,93780,132861,0.7163102293223443,0
2023-07-28 11:05:42,1954.15,1259669,9,1950.34,93780,132861,0.7034269518165468,0
2023-07-28 11:05:45,1954.15,1259680,2,1950.34,93723,132569,0.7034269518165468,0
2023-07-28 11:05:47,1953.55,1259710,5,1950.34,93833,132643,0.6725070858026259,0
2023-07-28 11:05:49,1953.15,1259712,1,1950.34,93797,132642,0.651893841793357,0
2023-07-28 11:05:49,1953.55,1259712,5,1950.34,93797,132642,0.6725070858026259,0
2023-07-28 11:05:49,1953.55,1259712,1,1950.34,93797,132642,0.6725070858026259,0
