2023-07-28 10:49:29,2470.65,1062395,9,2458.47,173041,313895,1.73982869379015,0
2023-07-28 10:49:30,2471.0,1062445,50,2458.47,172794,313834,1.7542414758688811,0
2023-07-28 10:49:31,2471.65,1062450,2,2458.47,172609,314001,1.7810080711579641,0
2023-07-28 10:49:31,2471.7,1062450,5,2458.47,172609,314001,1.7830670400263435,0
2023-07-28 10:49:33,2470.65,1062458,1,2458.47,172594,314128,1.73982869379015,0
2023-07-28 10:49:33,2470.65,1062458,1,2458.47,172594,314128,1.73982869379015,0
2023-07-28 10:49:33,2470.65,1062458,1,2458.47,172594,314228,1.73982869379015,0
2023-07-28 10:49:33,2470.65,1062458,1,2458.47,172594,314228,1.73982869379015,0
2023-07-28 10:49:35,2470.65,1062459,1,2458.47,172409,314228,1.73982869379015,0
2023-07-28 10:49:35,2470.65,1062459,1,2458.47,172462,314233,1.73982869379015,0
2023-07-28 10:49:35,2470.65,1062459,1,2458.47,172497,314241,1.73982869379015,0
2023-07-28 10:49:35,2470.65,1062459,1,2458.47,172563,314247,1.73982869379015,0
2023-07-28 10:49:38,2470.65,1062464,5,2458.47,172387,314416,1.73982869379015,0
2023-07-28 10:49:40,2471.0,1062466,2,2458.47,172475,314382,1.7542414758688811,0
2023-07-28 10:49:40,2471.0,1062466,2,2458.47,172510,314367,1.7542414758688811,0
2023-07-28 10:49:42,2470.6,1062474,8,2458.47,172491,314368,1.7377697249217516,0
2023-07-28 10:49:42,2470.6,1062474,8,2458.47,173032,314425,1.7377697249217516,0
2023-07-28 10:49:44,2470.55,1062524,19,2458.47,172922,314471,1.7357107560533722,0
2023-07-28 10:49:44,2472.0,1062524,17,2458.47,172922,314471,1.7954208532366953,0
2023-07-28 10:49:45,2470.95,1064574,30,2458.49,171334,313573,1.7521825070004828,0
2023-07-28 10:49:45,2470.95,1064574,30,2458.49,171179,314160,1.7521825070004828,0
2023-07-28 10:49:47,2472.05,1064575,1,2458.49,172296,313590,1.7974798221050934,0
2023-07-28 10:49:48,2472.0,1064577,1,2458.49,171975,313735,1.7954208532366953,0
2023-07-28 10:49:48,2472.7,1064577,5,2458.49,171975,313735,1.8242464173941577,0
2023-07-28 10:49:48,2472.7,1064597,5,2458.49,171732,313938,1.8242464173941577,0
2023-07-28 10:49:48,2471.4,1064597,40,2458.49,171732,313938,1.7707132268160104,0
2023-07-28 10:49:50,2472.55,1064778,1,2458.49,171826,313988,1.8180695107890006,0
2023-07-28 10:49:50,2472.55,1064778,1,2458.49,171856,313699,1.8180695107890006,0
2023-07-28 10:49:50,2472.55,1064778,1,2458.49,172464,314214,1.8180695107890006,0
2023-07-28 10:49:50,2472.55,1064778,1,2458.49,171522,314245,1.8180695107890006,0
2023-07-28 10:49:54,2471.0,1064808,25,2458.5,172505,314040,1.7542414758688811,0
2023-07-28 10:49:54,2472.0,1064808,1,2458.5,172883,314255,1.7954208532366953,0
2023-07-28 10:49:55,2472.0,1064811,1,2458.5,174462,314491,1.7954208532366953,0
2023-07-28 10:49:57,2472.0,1064813,2,2458.5,174406,314278,1.7954208532366953,0
2023-07-28 10:49:57,2472.0,1064813,2,2458.5,174419,314771,1.7954208532366953,0
2023-07-28 10:49:57,2471.1,1064813,10,2458.5,174419,314771,1.7583594136056586,0
2023-07-28 10:49:58,2471.1,1064823,10,2458.5,174287,314653,1.7583594136056586,0
2023-07-28 10:49:58,2471.05,1064823,61,2458.5,174287,314653,1.7563004447372792,0
2023-07-28 10:49:59,2471.05,1064892,61,2458.5,175009,314378,1.7563004447372792,0
2023-07-28 10:49:59,2472.0,1064892,19,2458.5,175009,314378,1.7954208532366953,0
2023-07-28 10:50:01,2472.0,1064914,3,2458.5,175293,314323,1.7954208532366953,0
2023-07-28 10:50:01,2471.15,1064938,6,2458.5,175269,314324,1.760418382474057,0
2023-07-28 10:50:02,2471.05,1065138,35,2458.5,175128,314623,1.7563004447372792,0
2023-07-28 10:50:04,2472.0,1065238,100,2458.5,175107,314819,1.7954208532366953,0
2023-07-28 10:50:05,2471.05,1065243,5,2458.5,175099,315030,1.7563004447372792,0
2023-07-28 10:50:06,2472.0,1065276,5,2458.5,175657,314775,1.7954208532366953,0
2023-07-28 10:50:07,2472.0,1065282,6,2458.5,175445,314782,1.7954208532366953,0
2023-07-28 10:50:08,2471.35,1065285,1,2458.5,175312,315105,1.7686542579476123,0
2023-07-28 10:50:08,2471.3,1065285,69,2458.5,175312,315105,1.766595289079233,0
2023-07-28 10:50:09,2471.3,1065428,69,2458.5,174916,315204,1.766595289079233,0
2023-07-28 10:50:11,2471.05,1065448,20,2458.5,174920,315419,1.7563004447372792,0
2023-07-28 10:50:11,2472.0,1065448,1,2458.5,174984,315532,1.7954208532366953,0
2023-07-28 10:50:11,2470.95,1065448,24,2458.5,174984,315532,1.7521825070004828,0
2023-07-28 10:50:13,2470.9,1066427,2,2458.51,172542,315946,1.7501235381321034,0
2023-07-28 10:50:13,2471.0,1066427,2,2458.51,172542,315946,1.7542414758688811,0
2023-07-28 10:50:13,2471.0,1066528,2,2458.52,173444,315613,1.7542414758688811,0
2023-07-28 10:50:15,2469.95,1066755,18,2458.52,173430,315679,1.7110031296326687,0
2023-07-28 10:50:16,2471.0,1066757,2,2458.52,173850,312886,1.7542414758688811,0
2023-07-28 10:50:16,2471.0,1066757,2,2458.52,174175,315543,1.7542414758688811,0
2023-07-28 10:50:16,2470.3,1066757,1,2458.52,174175,315543,1.7254159117114185,0
2023-07-28 10:50:18,2471.0,1066793,35,2458.52,174108,315535,1.7542414758688811,0
2023-07-28 10:50:18,2471.0,1066793,35,2458.52,173667,316381,1.7542414758688811,0
2023-07-28 10:50:18,2471.0,1066793,35,2458.52,173667,316381,1.7542414758688811,0
2023-07-28 10:50:18,2471.0,1066793,35,2458.52,173739,316487,1.7542414758688811,0
2023-07-28 10:50:18,2470.0,1066793,40,2458.52,173739,316487,1.713062098501067,0
2023-07-28 10:50:21,2470.3,1066833,2,2458.52,173555,316138,1.7254159117114185,0
2023-07-28 10:50:21,2470.3,1066833,2,2458.52,173555,316138,1.7254159117114185,0
2023-07-28 10:50:22,2470.3,1066835,2,2458.52,174071,316493,1.7254159117114185,0
2023-07-28 10:50:22,2470.3,1066835,2,2458.52,173801,316609,1.7254159117114185,0
2023-07-28 10:50:22,2470.3,1066835,8,2458.52,173801,316609,1.7254159117114185,0
2023-07-28 10:50:25,2470.3,1066843,8,2458.52,174138,316643,1.7254159117114185,0
2023-07-28 10:50:25,2470.3,1066843,8,2458.52,174321,316520,1.7254159117114185,0
2023-07-28 10:50:25,2470.3,1066843,30,2458.52,174321,316520,1.7254159117114185,0
2023-07-28 10:50:25,2470.4,1066843,24,2458.52,174321,316520,1.7295338494481962,0
2023-07-28 10:50:28,2470.4,1067148,24,2458.52,174173,316129,1.7295338494481962,0
2023-07-28 10:50:28,2470.4,1067148,24,2458.52,174142,316363,1.7295338494481962,0
2023-07-28 10:50:28,2470.4,1067148,24,2458.52,171846,316619,1.7295338494481962,0
2023-07-28 10:50:28,2471.0,1067148,151,2458.52,172173,316510,1.7542414758688811,0
2023-07-28 10:50:32,2471.0,1067334,35,2458.52,173067,316326,1.7542414758688811,0
2023-07-28 10:50:32,2471.0,1067334,35,2458.52,173067,316326,1.7542414758688811,0
2023-07-28 10:50:33,2470.95,1067359,25,2458.53,172720,316217,1.7521825070004828,0
2023-07-28 10:50:33,2470.95,1067359,25,2458.53,171843,315979,1.7521825070004828,0
2023-07-28 10:50:36,2471.0,1067370,11,2458.53,172336,316273,1.7542414758688811,0
2023-07-28 10:50:36,2471.0,1067372,2,2458.53,172317,316308,1.7542414758688811,0
2023-07-28 10:50:36,2471.0,1067372,4,2458.53,172317,316308,1.7542414758688811,0
2023-07-28 10:50:37,2471.0,1067488,4,2458.53,171954,316005,1.7542414758688811,0
2023-07-28 10:50:38,2470.95,1067498,10,2458.53,172623,316385,1.7521825070004828,0
2023-07-28 10:50:39,2471.0,1067504,6,2458.53,172469,316193,1.7542414758688811,0
2023-07-28 10:50:40,2471.0,1067650,141,2458.53,172860,316317,1.7542414758688811,0
2023-07-28 10:50:40,2471.0,1067650,141,2458.53,172860,316317,1.7542414758688811,0
2023-07-28 10:50:40,2471.0,1067650,141,2458.53,172704,316263,1.7542414758688811,0
2023-07-28 10:50:40,2471.0,1067650,141,2458.53,173103,316479,1.7542414758688811,0
2023-07-28 10:50:40,2470.95,1067650,7,2458.53,173103,316479,1.7521825070004828,0
2023-07-28 10:50:42,2470.95,1067657,7,2458.53,173117,316529,1.7521825070004828,0
2023-07-28 10:50:42,2470.25,1067657,19,2458.53,173117,316529,1.7233569428430204,0
2023-07-28 10:50:44,2471.0,1067962,5,2458.53,172560,316678,1.7542414758688811,0
2023-07-28 10:50:44,2471.0,1067962,5,2458.53,172118,316830,1.7542414758688811,0
2023-07-28 10:50:44,2471.0,1067962,5,2458.53,171644,316883,1.7542414758688811,0
2023-07-28 10:50:44,2470.2,1067962,11,2458.53,171644,316883,1.7212979739746221,0
2023-07-28 10:50:47,2470.2,1067990,17,2458.53,172443,317064,1.7212979739746221,0
2023-07-28 10:50:48,2470.2,1067996,6,2458.53,172556,316580,1.7212979739746221,0
2023-07-28 10:50:48,2470.2,1067996,6,2458.53,172556,316580,1.7212979739746221,0
2023-07-28 10:50:48,2470.2,1067996,6,2458.53,173085,316568,1.7212979739746221,0
2023-07-28 10:50:48,2471.0,1067996,10,2458.53,173085,316568,1.7542414758688811,0
2023-07-28 10:50:50,2470.2,1068057,32,2458.53,171160,316598,1.7212979739746221,0
2023-07-28 10:50:50,2470.2,1068057,32,2458.53,173026,316575,1.7212979739746221,0
2023-07-28 10:50:50,2470.2,1068057,32,2458.53,173108,316550,1.7212979739746221,0
2023-07-28 10:50:53,2470.1,1068077,20,2458.53,172991,316424,1.7171800362378444,0
2023-07-28 10:50:53,2470.1,1068077,20,2458.53,172991,316560,1.7171800362378444,0
2023-07-28 10:50:53,2470.1,1068077,20,2458.53,172911,316560,1.7171800362378444,0
2023-07-28 10:50:53,2470.05,1068077,10,2458.53,172991,316560,1.715121067369465,0
2023-07-28 10:50:57,2470.05,1068087,10,2458.53,172990,317006,1.715121067369465,0
2023-07-28 10:50:57,2470.05,1068087,10,2458.53,172990,317039,1.715121067369465,0
2023-07-28 10:50:59,2470.05,1068107,20,2458.53,169227,317195,1.715121067369465,0
2023-07-28 10:50:59,2469.65,1068107,6,2458.53,169227,317195,1.6986493164223355,0
2023-07-28 10:51:01,2469.25,1068160,1,2458.53,171211,316924,1.6821775654752062,0
2023-07-28 10:51:02,2469.9,1068185,10,2458.53,170898,316823,1.7089441607642892,0
2023-07-28 10:51:03,2469.0,1068190,2,2458.53,171410,316475,1.6718827211332528,0
2023-07-28 10:51:03,2469.0,1068190,2,2458.53,171951,316516,1.6718827211332528,0
2023-07-28 10:51:03,2469.0,1068190,2,2458.53,171939,316532,1.6718827211332528,0
2023-07-28 10:51:03,2469.0,1068190,2,2458.53,171937,316616,1.6718827211332528,0
2023-07-28 10:51:03,2469.0,1068190,2,2458.53,171350,316611,1.6718827211332528,0
2023-07-28 10:51:10,2469.15,1068330,12,2458.54,171012,316806,1.6780596277384285,0
2023-07-28 10:51:10,2469.1,1068330,1,2458.54,171897,317235,1.6760006588700302,0
2023-07-28 10:51:10,2469.95,1068330,3,2458.54,171897,317235,1.7110031296326687,0
2023-07-28 10:51:12,2469.95,1068334,3,2458.54,170821,317248,1.7110031296326687,0
2023-07-28 10:51:13,2469.1,1068395,61,2458.54,170530,317423,1.6760006588700302,0
2023-07-28 10:51:13,2469.1,1068395,5,2458.54,170530,317423,1.6760006588700302,0
2023-07-28 10:51:15,2469.1,1068435,16,2458.54,171733,317370,1.6760006588700302,0
2023-07-28 10:51:15,2469.1,1068435,16,2458.54,171733,317370,1.6760006588700302,0
2023-07-28 10:51:15,2469.1,1068435,16,2458.54,171156,317274,1.6760006588700302,0
2023-07-28 10:51:15,2470.4,1068435,8,2458.54,171156,317274,1.7295338494481962,0
2023-07-28 10:51:17,2470.4,1068470,8,2458.54,171072,317300,1.7295338494481962,0
2023-07-28 10:51:17,2470.4,1068470,8,2458.54,171094,317353,1.7295338494481962,0
2023-07-28 10:51:17,2470.0,1068470,38,2458.54,171094,317353,1.713062098501067,0
2023-07-28 10:51:20,2469.1,1068508,25,2458.54,171693,317470,1.6760006588700302,0
2023-07-28 10:51:21,2469.1,1068535,2,2458.54,171645,317719,1.6760006588700302,0
2023-07-28 10:51:21,2469.1,1068535,2,2458.54,171651,317615,1.6760006588700302,0
2023-07-28 10:51:21,2469.1,1068535,2,2458.54,171382,317697,1.6760006588700302,0
2023-07-28 10:51:27,2470.0,1068705,104,2458.54,171745,317707,1.713062098501067,0
2023-07-28 10:51:27,2469.1,1068705,5,2458.54,171745,317707,1.6760006588700302,0
2023-07-28 10:51:27,2469.1,1068745,5,2458.54,170511,317757,1.6760006588700302,0
2023-07-28 10:51:29,2469.0,1068803,5,2458.54,172329,318036,1.6718827211332528,0
2023-07-28 10:51:30,2468.2,1068918,21,2458.54,171605,319268,1.6389392192389938,0
2023-07-28 10:51:30,2468.2,1068918,21,2458.54,171605,319268,1.6389392192389938,0
2023-07-28 10:51:30,2468.2,1068918,21,2458.54,172839,318816,1.6389392192389938,0
2023-07-28 10:51:32,2468.3,1068968,26,2458.54,172460,319117,1.6430571569757901,0
2023-07-28 10:51:33,2468.45,1068969,1,2458.54,172715,318422,1.6492340635809473,0
2023-07-28 10:51:33,2468.45,1068969,5,2458.54,172715,318422,1.6492340635809473,0
2023-07-28 10:51:34,2468.1,1069138,20,2458.54,171254,318501,1.634821281502216,0
2023-07-28 10:51:34,2469.55,1069138,47,2458.54,172507,318565,1.694531378685558,0
2023-07-28 10:51:35,2469.55,1069438,47,2458.55,171249,318521,1.694531378685558,0
2023-07-28 10:51:35,2468.25,1069438,9,2458.55,171249,318521,1.640998188107392,0
2023-07-28 10:51:37,2468.25,1069456,9,2458.55,171193,318667,1.640998188107392,0
2023-07-28 10:51:37,2468.25,1069456,9,2458.55,170690,318692,1.640998188107392,0
2023-07-28 10:51:39,2469.35,1069466,1,2458.55,170624,318488,1.686295503211984,0
2023-07-28 10:51:39,2468.2,1069466,1,2458.55,170624,318488,1.6389392192389938,0
2023-07-28 10:51:39,2468.2,1069466,1,2458.55,170624,318488,1.6389392192389938,0
2023-07-28 10:51:41,2468.75,1069508,3,2458.55,172282,318049,1.661587876791299,0
2023-07-28 10:51:42,2470.0,1070147,89,2458.55,173086,318193,1.713062098501067,0
2023-07-28 10:51:42,2470.0,1070147,89,2458.55,172835,318684,1.713062098501067,0
2023-07-28 10:51:44,2471.0,1070680,31,2458.56,170613,317381,1.7542414758688811,0
2023-07-28 10:51:44,2471.0,1070680,31,2458.56,171167,318548,1.7542414758688811,0
2023-07-28 10:51:46,2469.7,1070681,1,2458.56,171804,318793,1.7007082852907152,0
2023-07-28 10:51:48,2470.6,1070698,17,2458.56,171273,318821,1.7377697249217516,0
2023-07-28 10:51:48,2469.5,1070719,19,2458.56,171065,318825,1.6924724098171597,0
2023-07-28 10:51:49,2469.5,1070720,1,2458.56,171438,318682,1.6924724098171597,0
2023-07-28 10:51:49,2470.0,1070720,1,2458.56,171438,318682,1.713062098501067,0
2023-07-28 10:51:49,2470.0,1070720,10,2458.56,171438,318682,1.713062098501067,0
2023-07-28 10:51:52,2470.0,1070735,4,2458.56,171691,318941,1.713062098501067,0
2023-07-28 10:51:52,2470.0,1070735,4,2458.56,171691,319164,1.713062098501067,0
2023-07-28 10:51:52,2470.0,1070735,4,2458.56,170791,319173,1.713062098501067,0
2023-07-28 10:51:52,2470.5,1070735,6,2458.56,170791,319173,1.733651787184974,0
2023-07-28 10:51:54,2470.5,1070741,6,2458.56,171733,319096,1.733651787184974,0
2023-07-28 10:51:54,2470.5,1070741,6,2458.56,171715,318796,1.733651787184974,0
2023-07-28 10:51:54,2470.55,1070741,23,2458.56,171715,318796,1.7357107560533722,0
2023-07-28 10:51:57,2470.9,1070774,1,2458.56,172081,318865,1.7501235381321034,0
2023-07-28 10:51:57,2470.0,1070774,4,2458.56,172081,318865,1.713062098501067,0
2023-07-28 10:51:58,2470.0,1070832,8,2458.56,172418,318815,1.713062098501067,0
2023-07-28 10:51:58,2470.0,1070832,8,2458.56,172418,318815,1.713062098501067,0
2023-07-28 10:51:58,2470.0,1070832,8,2458.56,172255,319342,1.713062098501067,0
2023-07-28 10:51:58,2470.0,1070832,8,2458.56,172327,319447,1.713062098501067,0
2023-07-28 10:51:58,2470.0,1070832,8,2458.56,172154,319575,1.713062098501067,0
2023-07-28 10:51:58,2470.0,1070832,8,2458.56,172106,319629,1.713062098501067,0
2023-07-28 10:52:06,2470.8,1070837,5,2458.56,172225,319618,1.7460056003953257,0
2023-07-28 10:52:07,2469.35,1070902,3,2458.56,170479,320112,1.686295503211984,0
2023-07-28 10:52:08,2471.0,1071575,231,2458.57,172043,319051,1.7542414758688811,0
2023-07-28 10:52:09,2470.85,1071603,25,2458.57,171808,319684,1.7480645692637051,0
2023-07-28 10:52:09,2470.85,1071603,25,2458.57,171808,319684,1.7480645692637051,0
2023-07-28 10:52:09,2470.85,1071603,25,2458.57,171820,319520,1.7480645692637051,0
2023-07-28 10:52:09,2470.0,1071603,5,2458.57,171820,319520,1.713062098501067,0
2023-07-28 10:52:11,2470.0,1071608,5,2458.57,172131,319465,1.713062098501067,0
2023-07-28 10:52:11,2470.0,1071608,5,2458.57,172366,319389,1.713062098501067,0
2023-07-28 10:52:11,2470.7,1071608,3,2458.57,172366,319389,1.7418876626585293,0
2023-07-28 10:52:12,2470.7,1071611,3,2458.57,172285,321561,1.7418876626585293,0
2023-07-28 10:52:14,2469.55,1071681,18,2458.57,172471,321530,1.694531378685558,0
2023-07-28 10:52:14,2469.55,1071681,18,2458.57,172471,321530,1.694531378685558,0
2023-07-28 10:52:14,2470.8,1071681,2,2458.57,171577,321524,1.7460056003953257,0
2023-07-28 10:52:16,2470.8,1071683,2,2458.57,171218,321650,1.7460056003953257,0
2023-07-28 10:52:16,2468.8,1071683,10,2458.57,171914,321549,1.6636468456596973,0
2023-07-28 10:52:20,2468.8,1071693,10,2458.57,171907,321833,1.6636468456596973,0
2023-07-28 10:52:20,2468.8,1071693,10,2458.57,171238,321892,1.6636468456596973,0
2023-07-28 10:52:22,2469.7,1071718,13,2458.57,171961,321836,1.7007082852907152,0
2023-07-28 10:52:22,2469.7,1071718,1,2458.57,171961,321836,1.7007082852907152,0
2023-07-28 10:52:23,2469.7,1071729,10,2458.57,171330,321356,1.7007082852907152,0
2023-07-28 10:52:24,2469.7,1071730,1,2458.57,171947,321404,1.7007082852907152,0
2023-07-28 10:52:25,2469.55,1071745,15,2458.57,169785,321925,1.694531378685558,0
2023-07-28 10:52:25,2469.55,1071745,15,2458.57,171406,322023,1.694531378685558,0
2023-07-28 10:52:25,2469.55,1071745,10,2458.57,171406,322023,1.694531378685558,0
2023-07-28 10:52:27,2469.55,1071755,10,2458.57,171886,322083,1.694531378685558,0
2023-07-28 10:52:27,2468.9,1071755,1,2458.57,171886,322083,1.667764783396475,0
2023-07-28 10:52:28,2468.9,1071780,1,2458.57,171777,322005,1.667764783396475,0
2023-07-28 10:52:28,2469.95,1071780,6,2458.57,171777,322005,1.7110031296326687,0
2023-07-28 10:52:30,2469.95,1071796,6,2458.57,171776,322035,1.7110031296326687,0
2023-07-28 10:52:30,2469.95,1071796,6,2458.57,170969,321984,1.7110031296326687,0
2023-07-28 10:52:30,2469.95,1071796,6,2458.57,171624,322039,1.7110031296326687,0
2023-07-28 10:52:30,2469.5,1071796,5,2458.57,171624,322039,1.6924724098171597,0
2023-07-28 10:52:33,2469.5,1071801,5,2458.57,171442,321954,1.6924724098171597,0
2023-07-28 10:52:33,2469.5,1071801,5,2458.57,172128,322060,1.6924724098171597,0
2023-07-28 10:52:33,2469.5,1071801,5,2458.57,171054,322103,1.6924724098171597,0
2023-07-28 10:52:37,2468.95,1071802,1,2458.57,171430,322065,1.6698237522648545,0
2023-07-28 10:52:37,2468.95,1071802,1,2458.57,171250,322111,1.6698237522648545,0
2023-07-28 10:52:37,2468.95,1071802,20,2458.57,171250,322111,1.6698237522648545,0
2023-07-28 10:52:39,2468.95,1071822,20,2458.57,171517,322131,1.6698237522648545,0
2023-07-28 10:52:39,2468.95,1071822,5,2458.57,171517,322131,1.6698237522648545,0
2023-07-28 10:52:40,2468.95,1071827,5,2458.57,171901,322113,1.6698237522648545,0
2023-07-28 10:52:40,2468.95,1071827,5,2458.57,171697,322202,1.6698237522648545,0
2023-07-28 10:52:43,2470.0,1071830,1,2458.57,171697,322395,1.713062098501067,0
2023-07-28 10:52:43,2470.0,1071830,2,2458.57,171697,322395,1.713062098501067,0
2023-07-28 10:52:43,2470.0,1071832,2,2458.57,172143,321303,1.713062098501067,0
2023-07-28 10:52:45,2469.85,1071859,27,2458.57,171588,321138,1.706885191895891,0
2023-07-28 10:52:45,2468.7,1071859,1,2458.57,171492,321228,1.659528907922901,0
2023-07-28 10:52:48,2469.9,1072186,196,2458.58,171149,321467,1.7089441607642892,0
2023-07-28 10:52:48,2469.9,1072186,196,2458.58,170999,321457,1.7089441607642892,0
2023-07-28 10:52:48,2469.9,1072186,196,2458.58,170999,321457,1.7089441607642892,0
2023-07-28 10:52:48,2469.9,1072186,196,2458.58,171641,321315,1.7089441607642892,0
2023-07-28 10:52:48,2469.25,1072186,50,2458.58,171641,321315,1.6821775654752062,0
2023-07-28 10:52:49,2469.25,1072829,50,2458.58,171148,320790,1.6821775654752062,0
2023-07-28 10:52:49,2469.25,1072829,50,2458.58,171688,321205,1.6821775654752062,0
2023-07-28 10:52:52,2468.05,1072951,86,2458.58,171428,321520,1.6327623126338366,0
2023-07-28 10:52:52,2468.05,1072951,86,2458.58,171438,321035,1.6327623126338366,0
2023-07-28 10:52:52,2468.05,1072951,86,2458.58,172212,321027,1.6327623126338366,0
2023-07-28 10:52:52,2468.05,1072951,86,2458.58,170909,321231,1.6327623126338366,0
2023-07-28 10:52:52,2469.65,1072951,4,2458.58,172089,321232,1.6986493164223355,0
2023-07-28 10:52:57,2469.65,1072955,4,2458.58,172637,321388,1.6986493164223355,0
2023-07-28 10:52:59,2469.0,1073020,1,2458.58,171692,321278,1.6718827211332528,0
2023-07-28 10:53:01,2468.25,1073042,20,2458.58,171736,321417,1.640998188107392,0
2023-07-28 10:53:01,2468.25,1073042,20,2458.58,171721,321391,1.640998188107392,0
2023-07-28 10:53:01,2468.25,1073042,20,2458.58,172063,321450,1.640998188107392,0
2023-07-28 10:53:01,2468.25,1073042,20,2458.58,172011,321569,1.640998188107392,0
2023-07-28 10:53:01,2468.25,1073042,20,2458.58,171093,321371,1.640998188107392,0
2023-07-28 10:53:01,2468.25,1073042,20,2458.58,171883,321910,1.640998188107392,0
2023-07-28 10:53:01,2468.25,1073042,20,2458.58,171252,321712,1.640998188107392,0
2023-07-28 10:53:01,2468.25,1073042,2,2458.58,171298,321360,1.640998188107392,0
2023-07-28 10:53:08,2468.25,1073064,20,2458.58,171896,321730,1.640998188107392,0
2023-07-28 10:53:08,2468.25,1073064,20,2458.58,171296,321784,1.640998188107392,0
2023-07-28 10:53:08,2468.25,1073064,20,2458.58,171612,321919,1.640998188107392,0
2023-07-28 10:53:12,2468.25,1073065,1,2458.58,171904,321813,1.640998188107392,0
2023-07-28 10:53:13,2469.0,1073069,4,2458.58,171519,321424,1.6718827211332528,0
2023-07-28 10:53:13,2468.25,1073069,10,2458.58,171519,321424,1.640998188107392,0
2023-07-28 10:53:14,2468.25,1073094,12,2458.59,171507,321633,1.640998188107392,0
2023-07-28 10:53:14,2468.25,1073094,12,2458.59,171207,321735,1.640998188107392,0
2023-07-28 10:53:14,2468.25,1073094,12,2458.59,171807,321708,1.640998188107392,0
2023-07-28 10:53:18,2469.0,1073095,1,2458.59,171801,321562,1.6718827211332528,0
2023-07-28 10:53:18,2469.0,1073095,1,2458.59,171842,321500,1.6718827211332528,0
2023-07-28 10:53:18,2469.0,1073095,1,2458.59,171555,321547,1.6718827211332528,0
2023-07-28 10:53:18,2468.25,1073095,1,2458.59,171555,321547,1.640998188107392,0
2023-07-28 10:53:21,2468.25,1073101,1,2458.59,171587,321439,1.640998188107392,0
2023-07-28 10:53:21,2468.25,1073101,2,2458.59,171587,321439,1.640998188107392,0
2023-07-28 10:53:22,2468.25,1073106,2,2458.59,171858,321684,1.640998188107392,0
2023-07-28 10:53:22,2468.25,1073106,8,2458.59,171858,321684,1.640998188107392,0
2023-07-28 10:53:24,2468.25,1073115,1,2458.59,171808,321688,1.640998188107392,0
2023-07-28 10:53:24,2468.25,1073115,1,2458.59,171808,321688,1.640998188107392,0
2023-07-28 10:53:24,2468.25,1073115,1,2458.59,171664,321688,1.640998188107392,0
2023-07-28 10:53:24,2468.25,1073115,1,2458.59,171664,321688,1.640998188107392,0
2023-07-28 10:53:24,2467.95,1073115,1,2458.59,171019,321713,1.6286443748970403,0
2023-07-28 10:53:24,2466.55,1073115,67,2458.59,171019,321713,1.5709932465821153,0
2023-07-28 10:53:24,2467.0,1073115,12,2458.59,171019,321713,1.5895239663976242,0
2023-07-28 10:53:27,2467.2,1075216,5,2458.6,170085,321471,1.5977598418711796,0
2023-07-28 10:53:29,2467.2,1075221,5,2458.6,170321,321171,1.5977598418711796,0
2023-07-28 10:53:29,2467.15,1075221,33,2458.6,170910,321737,1.5957008730028002,0
2023-07-28 10:53:32,2468.7,1075673,9,2458.61,168061,321820,1.659528907922901,0
2023-07-28 10:53:32,2468.7,1075673,9,2458.61,168061,321820,1.659528907922901,0
2023-07-28 10:53:32,2468.7,1075673,9,2458.61,168713,321964,1.659528907922901,0
2023-07-28 10:53:32,2468.7,1075673,9,2458.61,170735,321951,1.659528907922901,0
2023-07-28 10:53:32,2468.7,1075673,9,2458.61,170928,322509,1.659528907922901,0
2023-07-28 10:53:32,2468.7,1075673,9,2458.61,170933,322493,1.659528907922901,0
2023-07-28 10:53:38,2467.7,1075683,10,2458.61,170457,323059,1.6183495305550868,0
2023-07-28 10:53:38,2467.7,1075683,10,2458.61,170073,322767,1.6183495305550868,0
2023-07-28 10:53:38,2467.7,1075683,10,2458.61,170305,323291,1.6183495305550868,0
2023-07-28 10:53:38,2468.5,1075683,1,2458.61,170305,323291,1.6512930324493456,0
2023-07-28 10:53:41,2468.5,1075684,1,2458.61,170561,322688,1.6512930324493456,0
2023-07-28 10:53:43,2468.5,1075850,161,2458.61,171051,322248,1.6512930324493456,0
2023-07-28 10:53:44,2468.0,1075891,1,2458.61,170746,322566,1.6307033437654384,0
2023-07-28 10:53:44,2468.0,1075911,20,2458.61,170615,322585,1.6307033437654384,0
2023-07-28 10:53:44,2468.0,1075911,20,2458.61,169460,322301,1.6307033437654384,0
2023-07-28 10:53:44,2467.65,1075911,4,2458.61,169396,322591,1.6162905616867072,0
2023-07-28 10:53:48,2468.0,1075924,9,2458.61,170407,322148,1.6307033437654384,0
2023-07-28 10:53:48,2468.0,1075924,9,2458.61,170316,321641,1.6307033437654384,0
2023-07-28 10:53:48,2468.0,1075924,9,2458.61,170607,321479,1.6307033437654384,0
2023-07-28 10:53:48,2468.0,1075924,5,2458.61,170607,321479,1.6307033437654384,0
2023-07-28 10:53:51,2467.65,1075937,48,2458.61,170657,321613,1.6162905616867072,0
2023-07-28 10:53:52,2467.65,1076037,48,2458.61,170367,321629,1.6162905616867072,0
2023-07-28 10:53:52,2467.65,1076037,2,2458.61,170316,321663,1.6162905616867072,0
2023-07-28 10:53:52,2467.65,1076037,2,2458.61,170316,321663,1.6162905616867072,0
2023-07-28 10:53:54,2467.65,1076041,2,2458.61,170178,321618,1.6162905616867072,0
2023-07-28 10:53:54,2467.65,1076041,2,2458.61,170171,321644,1.6162905616867072,0
2023-07-28 10:53:54,2467.65,1076041,2,2458.61,170205,321638,1.6162905616867072,0
2023-07-28 10:53:54,2467.65,1076041,1,2458.61,170205,321638,1.6162905616867072,0
2023-07-28 10:53:58,2467.65,1076251,156,2458.61,170202,321969,1.6162905616867072,0
2023-07-28 10:53:58,2468.0,1076251,4,2458.61,170202,321969,1.6307033437654384,0
2023-07-28 10:53:59,2468.0,1076261,4,2458.61,168700,321955,1.6307033437654384,0
2023-07-28 10:54:01,2467.45,1076295,21,2458.61,169220,322176,1.608054686213133,0
2023-07-28 10:54:02,2467.45,1076320,25,2458.61,169771,322209,1.608054686213133,0
2023-07-28 10:54:02,2467.45,1076320,25,2458.61,168874,322178,1.608054686213133,0
2023-07-28 10:54:02,2467.45,1076320,25,2458.61,170243,321560,1.608054686213133,0
2023-07-28 10:54:02,2467.0,1076320,28,2458.61,170243,321560,1.5895239663976242,0
2023-07-28 10:54:02,2467.2,1076320,30,2458.61,170243,321560,1.5977598418711796,0
2023-07-28 10:54:05,2467.2,1076495,30,2458.61,169418,322630,1.5977598418711796,0
2023-07-28 10:54:05,2467.2,1076495,30,2458.61,169418,322675,1.5977598418711796,0
2023-07-28 10:54:05,2467.2,1076495,30,2458.61,169138,322680,1.5977598418711796,0
2023-07-28 10:54:05,2467.2,1076495,30,2458.61,169438,322706,1.5977598418711796,0
2023-07-28 10:54:05,2466.15,1076495,91,2458.61,169438,322706,1.554521495634986,0
2023-07-28 10:54:10,2465.65,1076838,76,2458.62,169803,322244,1.5339318069510788,0
2023-07-28 10:54:11,2466.45,1076888,50,2458.62,170031,322494,1.566875308845319,0
2023-07-28 10:54:11,2466.45,1076888,50,2458.62,170190,322445,1.566875308845319,0
2023-07-28 10:54:11,2465.7,1076888,1,2458.62,170277,322368,1.5359907758194584,0
2023-07-28 10:54:11,2465.65,1076888,1,2458.62,170277,322368,1.5339318069510788,0
2023-07-28 10:54:14,2465.65,1076890,1,2458.62,170923,322599,1.5339318069510788,0
2023-07-28 10:54:15,2465.05,1076947,26,2458.62,169939,322519,1.509224180530394,0
2023-07-28 10:54:15,2466.55,1076947,48,2458.62,169939,322519,1.5709932465821153,0
2023-07-28 10:54:17,2468.0,1077302,159,2458.62,170312,321997,1.6307033437654384,0
2023-07-28 10:54:17,2468.0,1077302,159,2458.62,170312,321997,1.6307033437654384,0
2023-07-28 10:54:18,2467.35,1077327,2,2458.62,171145,321948,1.6039367484763556,0
2023-07-28 10:54:18,2468.0,1077327,1,2458.62,171145,321948,1.6307033437654384,0
2023-07-28 10:54:19,2467.75,1077626,134,2458.62,169404,322557,1.6204084994234849,0
2023-07-28 10:54:19,2466.55,1077626,68,2458.62,169404,322557,1.5709932465821153,0
2023-07-28 10:54:19,2466.55,1077826,68,2458.62,170632,322242,1.5709932465821153,0
2023-07-28 10:54:21,2467.05,1077831,5,2458.62,170594,322411,1.5915829352660225,0
2023-07-28 10:54:21,2467.05,1077831,5,2458.62,170598,322070,1.5915829352660225,0
2023-07-28 10:54:21,2466.85,1077831,3,2458.62,170040,322401,1.5833470597924484,0
2023-07-28 10:54:23,2467.95,1077834,1,2458.62,170150,322529,1.6286443748970403,0
2023-07-28 10:54:25,2466.85,1077867,1,2458.62,169751,323270,1.5833470597924484,0
2023-07-28 10:54:27,2466.95,1077868,1,2458.62,169733,323440,1.587464997529226,0
2023-07-28 10:54:27,2466.95,1077868,1,2458.62,170303,323774,1.587464997529226,0
2023-07-28 10:54:29,2467.05,1077903,35,2458.62,169593,324409,1.5915829352660225,0
2023-07-28 10:54:29,2466.95,1077903,100,2458.62,169593,324409,1.587464997529226,0
2023-07-28 10:54:30,2466.95,1078003,100,2458.62,169298,324370,1.587464997529226,0
2023-07-28 10:54:32,2466.9,1078008,5,2458.62,170232,324319,1.5854060286608467,0
2023-07-28 10:54:32,2466.15,1078008,13,2458.62,170232,324319,1.554521495634986,0
2023-07-28 10:54:33,2466.15,1078021,13,2458.62,170432,323997,1.554521495634986,0
2023-07-28 10:54:33,2466.15,1078021,13,2458.62,170401,324297,1.554521495634986,0
2023-07-28 10:54:34,2466.95,1078066,16,2458.63,169576,324682,1.587464997529226,0
2023-07-28 10:54:34,2466.95,1078066,16,2458.63,171041,325164,1.587464997529226,0
2023-07-28 10:54:34,2466.95,1078066,16,2458.63,170705,324969,1.587464997529226,0
2023-07-28 10:54:38,2466.95,1078071,5,2458.63,171435,324632,1.587464997529226,0
2023-07-28 10:54:40,2466.95,1078087,16,2458.63,171346,324799,1.587464997529226,0
2023-07-28 10:54:40,2466.2,1078087,14,2458.63,171046,325100,1.5565804645033654,0
2023-07-28 10:54:42,2466.2,1078107,14,2458.63,171033,325225,1.5565804645033654,0
2023-07-28 10:54:43,2466.2,1078128,15,2458.63,170944,325384,1.5565804645033654,0
2023-07-28 10:54:43,2466.2,1078128,15,2458.63,171005,325797,1.5565804645033654,0
2023-07-28 10:54:46,2466.2,1078181,2,2458.63,170783,326089,1.5565804645033654,0
2023-07-28 10:54:46,2466.2,1078181,2,2458.63,171683,326127,1.5565804645033654,0
2023-07-28 10:54:46,2466.2,1078181,2,2458.63,171683,326127,1.5565804645033654,0
2023-07-28 10:54:46,2466.2,1078181,2,2458.63,170796,326122,1.5565804645033654,0
2023-07-28 10:54:46,2466.2,1078181,2,2458.63,171762,326164,1.5565804645033654,0
2023-07-28 10:54:46,2466.95,1078181,173,2458.63,171762,326164,1.587464997529226,0
2023-07-28 10:54:49,2466.95,1078594,173,2458.63,171811,326243,1.587464997529226,0
2023-07-28 10:54:49,2466.55,1078595,1,2458.63,172191,324804,1.5709932465821153,0
2023-07-28 10:54:49,2466.8,1078595,10,2458.63,172191,324804,1.581288090924069,0
2023-07-28 10:54:51,2466.65,1078611,2,2458.63,171772,325180,1.575111184318893,0
2023-07-28 10:54:51,2466.65,1078611,2,2458.63,171772,325180,1.575111184318893,0
2023-07-28 10:54:51,2466.65,1078611,2,2458.63,171046,326240,1.575111184318893,0
2023-07-28 10:54:53,2466.6,1078612,1,2458.63,170141,326510,1.573052215450495,0
2023-07-28 10:54:53,2466.7,1078612,2,2458.63,172086,326808,1.5771701531872726,0
2023-07-28 10:54:54,2466.7,1078615,2,2458.63,172299,326919,1.5771701531872726,0
2023-07-28 10:54:54,2466.7,1078615,2,2458.63,171514,327603,1.5771701531872726,0
2023-07-28 10:54:54,2466.45,1078615,4,2458.63,171514,327603,1.566875308845319,0
2023-07-28 10:54:57,2467.25,1078620,1,2458.63,171384,327736,1.5998188107395779,0
2023-07-28 10:54:57,2467.25,1078620,1,2458.63,171642,327876,1.5998188107395779,0
2023-07-28 10:54:57,2466.2,1078620,21,2458.63,171642,327876,1.5565804645033654,0
2023-07-28 10:54:59,2466.2,1078641,21,2458.63,171040,327867,1.5565804645033654,0
2023-07-28 10:54:59,2467.45,1078641,1,2458.63,171148,327735,1.608054686213133,0
2023-07-28 10:55:01,2467.45,1078653,1,2458.63,171687,328134,1.608054686213133,0
2023-07-28 10:55:02,2467.5,1078654,1,2458.63,171980,328176,1.6101136550815314,0
2023-07-28 10:55:03,2466.8,1078656,2,2458.63,172252,328116,1.581288090924069,0
2023-07-28 10:55:04,2466.35,1078676,12,2458.63,171907,328358,1.5627573711085412,0
2023-07-28 10:55:04,2466.35,1078676,12,2458.63,172096,328187,1.5627573711085412,0
2023-07-28 10:55:04,2466.25,1078676,1,2458.63,172096,328187,1.5586394333717637,0
2023-07-28 10:55:06,2466.25,1078796,1,2458.63,169449,328156,1.5586394333717637,0
2023-07-28 10:55:07,2466.35,1078816,20,2458.63,172057,328322,1.5627573711085412,0
2023-07-28 10:55:07,2466.35,1078816,20,2458.63,172234,328157,1.5627573711085412,0
2023-07-28 10:55:07,2466.3,1078816,5,2458.63,172234,328157,1.5606984022401618,0
2023-07-28 10:55:12,2466.25,1078880,5,2458.63,171071,328148,1.5586394333717637,0
2023-07-28 10:55:12,2466.35,1078880,2,2458.63,172291,327950,1.5627573711085412,0
2023-07-28 10:55:14,2466.35,1078882,2,2458.63,172574,327913,1.5627573711085412,0
2023-07-28 10:55:14,2466.35,1078882,2,2458.63,172508,327953,1.5627573711085412,0
2023-07-28 10:55:14,2466.35,1078882,4,2458.63,172508,327953,1.5627573711085412,0
2023-07-28 10:55:17,2466.2,1078900,1,2458.63,172790,328073,1.5565804645033654,0
2023-07-28 10:55:17,2466.2,1078900,1,2458.63,172795,328424,1.5565804645033654,0
2023-07-28 10:55:17,2466.2,1078900,1,2458.63,172748,328409,1.5565804645033654,0
2023-07-28 10:55:17,2466.2,1078900,1,2458.63,172733,327962,1.5565804645033654,0
2023-07-28 10:55:17,2466.7,1078900,10,2458.63,172585,328045,1.5771701531872726,0
2023-07-28 10:55:24,2466.1,1078960,35,2458.63,171908,328524,1.5524625267665877,0
2023-07-28 10:55:24,2466.3,1078960,10,2458.63,171908,328524,1.5606984022401618,0
2023-07-28 10:55:25,2466.3,1078970,10,2458.63,171963,328677,1.5606984022401618,0
2023-07-28 10:55:25,2466.3,1078970,10,2458.63,172050,328609,1.5606984022401618,0
2023-07-28 10:55:25,2466.1,1078970,37,2458.63,172050,328604,1.5524625267665877,0
2023-07-28 10:55:28,2466.1,1079047,37,2458.63,171966,328482,1.5524625267665877,0
2023-07-28 10:55:30,2466.9,1079053,5,2458.63,171965,328479,1.5854060286608467,0
2023-07-28 10:55:30,2466.0,1079053,1,2458.63,171965,328479,1.54834458902981,0
2023-07-28 10:55:30,2466.0,1079203,1,2458.63,171904,328630,1.54834458902981,0
2023-07-28 10:55:30,2466.0,1079203,1,2458.63,172054,328589,1.54834458902981,0
2023-07-28 10:55:30,2467.0,1079203,16,2458.63,172054,328589,1.5895239663976242,0
2023-07-28 10:55:33,2466.05,1080461,19,2458.64,169743,329009,1.5504035578982083,0
2023-07-28 10:55:35,2466.0,1080464,3,2458.64,170565,329190,1.54834458902981,0
2023-07-28 10:55:35,2466.0,1080464,3,2458.64,169965,329197,1.54834458902981,0
2023-07-28 10:55:35,2466.0,1080464,3,2458.64,170279,329200,1.54834458902981,0
2023-07-28 10:55:35,2467.0,1080464,20,2458.64,170279,329200,1.5895239663976242,0
2023-07-28 10:55:37,2467.0,1080867,18,2458.65,171716,327862,1.5895239663976242,0
2023-07-28 10:55:38,2467.0,1080885,18,2458.65,172017,327848,1.5895239663976242,0
2023-07-28 10:55:39,2467.0,1081304,7,2458.65,168477,327345,1.5895239663976242,0
2023-07-28 10:55:40,2466.6,1081355,1,2458.65,171646,327109,1.573052215450495,0
2023-07-28 10:55:40,2466.6,1081355,1,2458.65,171646,327109,1.573052215450495,0
2023-07-28 10:55:41,2468.0,1081455,4,2458.65,172674,327298,1.6307033437654384,0
2023-07-28 10:55:41,2466.95,1081455,5,2458.65,172674,327298,1.587464997529226,0
2023-07-28 10:55:43,2466.95,1081460,5,2458.65,170709,327401,1.587464997529226,0
2023-07-28 10:55:43,2466.95,1081460,4,2458.65,170709,327401,1.587464997529226,0
2023-07-28 10:55:44,2466.95,1081464,4,2458.65,171584,327404,1.587464997529226,0
2023-07-28 10:55:44,2468.0,1081464,3,2458.65,171584,327404,1.6307033437654384,0
2023-07-28 10:55:46,2468.0,1081667,57,2458.65,172565,327109,1.6307033437654384,0
2023-07-28 10:55:46,2468.0,1081667,57,2458.65,172691,326979,1.6307033437654384,0
2023-07-28 10:55:46,2468.0,1081667,57,2458.65,172105,326973,1.6307033437654384,0
2023-07-28 10:55:46,2468.0,1081667,10,2458.65,172105,326973,1.6307033437654384,0
2023-07-28 10:55:49,2468.0,1081677,10,2458.65,172333,327305,1.6307033437654384,0
2023-07-28 10:55:49,2468.0,1081677,210,2458.65,172333,327305,1.6307033437654384,0
2023-07-28 10:55:50,2468.0,1081967,45,2458.65,170752,327012,1.6307033437654384,0
2023-07-28 10:55:50,2468.0,1081967,45,2458.65,170752,327012,1.6307033437654384,0
2023-07-28 10:55:50,2468.0,1081967,45,2458.65,172577,327139,1.6307033437654384,0
2023-07-28 10:55:53,2467.6,1081972,3,2458.65,172629,327159,1.614231592818309,0
2023-07-28 10:55:54,2466.85,1081984,9,2458.65,171535,327125,1.5833470597924484,0
2023-07-28 10:55:54,2466.45,1081984,3,2458.65,171535,327125,1.566875308845319,0
2023-07-28 10:55:55,2467.9,1082289,14,2458.66,172049,327185,1.6265854060286609,0
2023-07-28 10:55:55,2467.65,1082364,20,2458.66,172721,327095,1.6162905616867072,0
2023-07-28 10:55:55,2467.65,1082364,20,2458.66,173296,326688,1.6162905616867072,0
2023-07-28 10:55:58,2467.1,1082374,8,2458.66,173219,326638,1.5936419041344019,0
2023-07-28 10:55:58,2468.0,1082374,75,2458.66,173219,326638,1.6307033437654384,0
2023-07-28 10:55:59,2468.0,1082464,7,2458.66,173381,326789,1.6307033437654384,0
2023-07-28 10:55:59,2468.0,1082464,7,2458.66,173241,326916,1.6307033437654384,0
2023-07-28 10:55:59,2467.15,1082464,10,2458.66,173241,326916,1.5957008730028002,0
2023-07-28 10:56:01,2467.15,1082492,8,2458.66,172457,327146,1.5957008730028002,0
2023-07-28 10:56:01,2467.85,1082492,10,2458.66,172457,327146,1.6245264371602626,0
2023-07-28 10:56:02,2468.85,1082681,1,2458.66,173463,326129,1.6657058145280768,0
2023-07-28 10:56:04,2469.65,1082719,1,2458.66,173541,325993,1.6986493164223355,0
2023-07-28 10:56:05,2469.75,1082765,1,2458.66,173746,325373,1.7027672541591132,0
2023-07-28 10:56:05,2469.6,1082815,50,2458.66,173651,325638,1.6965903475539375,0
2023-07-28 10:56:05,2469.85,1082815,1,2458.66,173651,325638,1.706885191895891,0
2023-07-28 10:56:06,2469.85,1082847,1,2458.66,174217,325643,1.706885191895891,0
2023-07-28 10:56:06,2469.85,1082847,1,2458.66,174217,325646,1.706885191895891,0
2023-07-28 10:56:06,2469.85,1082847,1,2458.66,169570,325806,1.706885191895891,0
2023-07-28 10:56:06,2469.7,1082847,3,2458.66,169570,325806,1.7007082852907152,0
2023-07-28 10:56:09,2469.7,1082944,3,2458.66,173372,325642,1.7007082852907152,0
2023-07-28 10:56:09,2469.7,1082944,3,2458.66,173392,325642,1.7007082852907152,0
2023-07-28 10:56:09,2469.7,1082944,3,2458.66,174009,325674,1.7007082852907152,0
2023-07-28 10:56:13,2470.65,1084218,1,2458.68,174404,324720,1.73982869379015,0
2023-07-28 10:56:13,2470.1,1084218,18,2458.68,174404,324720,1.7171800362378444,0
2023-07-28 10:56:14,2471.0,1084368,34,2458.68,174209,324667,1.7542414758688811,0
2023-07-28 10:56:15,2471.25,1086973,1,2458.71,173248,319922,1.7645363202108346,0
2023-07-28 10:56:17,2471.5,1087181,8,2458.71,174795,321282,1.774831164552788,0
2023-07-28 10:56:17,2471.5,1087293,10,2458.71,174306,321236,1.774831164552788,0
2023-07-28 10:56:17,2471.5,1087293,10,2458.71,173724,321056,1.774831164552788,0
2023-07-28 10:56:17,2471.3,1087293,3,2458.71,173724,321056,1.766595289079233,0
2023-07-28 10:56:19,2471.3,1087296,100,2458.71,174218,321053,1.766595289079233,0
2023-07-28 10:56:20,2471.3,1087396,100,2458.71,174412,321045,1.766595289079233,0
2023-07-28 10:56:20,2472.0,1087396,41,2458.71,174412,321045,1.7954208532366953,0
2023-07-28 10:56:21,2472.0,1088172,41,2458.72,174673,319590,1.7954208532366953,0
2023-07-28 10:56:21,2472.0,1088172,41,2458.72,174673,319590,1.7954208532366953,0
2023-07-28 10:56:21,2472.0,1088172,41,2458.72,174673,319590,1.7954208532366953,0
2023-07-28 10:56:21,2473.0,1088172,5,2458.72,174673,319590,1.8366002306045095,0
2023-07-28 10:56:24,2473.0,1088838,5,2458.73,174617,318297,1.8366002306045095,0
2023-07-28 10:56:24,2473.0,1088838,5,2458.73,174617,318297,1.8366002306045095,0
2023-07-28 10:56:25,2472.2,1088845,7,2458.73,174684,318365,1.8036567287102505,0
2023-07-28 10:56:25,2472.2,1088845,7,2458.73,174684,318365,1.8036567287102505,0
2023-07-28 10:56:26,2472.95,1088880,3,2458.73,174652,318561,1.8345412617361112,0
2023-07-28 10:56:28,2472.35,1088890,10,2458.73,174383,318529,1.8098336353154265,0
2023-07-28 10:56:28,2472.0,1088912,1,2458.73,174064,318836,1.7954208532366953,0
2023-07-28 10:56:28,2472.65,1088912,1,2458.73,174064,318836,1.8221874485257783,0
2023-07-28 10:56:29,2472.65,1088913,1,2458.73,174422,319836,1.8221874485257783,0
2023-07-28 10:56:29,2472.0,1088913,282,2458.73,174574,319981,1.7954208532366953,0
2023-07-28 10:56:32,2470.95,1089562,6,2458.74,173555,321763,1.7521825070004828,0
2023-07-28 10:56:32,2470.95,1089562,6,2458.74,173555,321787,1.7521825070004828,0
2023-07-28 10:56:32,2470.95,1089605,5,2458.74,172528,321580,1.7521825070004828,0
2023-07-28 10:56:34,2470.45,1089606,1,2458.74,172419,321340,1.7315928183165759,0
2023-07-28 10:56:34,2470.35,1089606,1,2458.74,172716,321593,1.7274748805797981,0
2023-07-28 10:56:35,2470.35,1089607,1,2458.74,172715,321646,1.7274748805797981,0
2023-07-28 10:56:37,2469.95,1089615,1,2458.74,171535,321313,1.7110031296326687,0
2023-07-28 10:56:37,2469.15,1089615,1,2458.74,171535,321313,1.6780596277384285,0
2023-07-28 10:56:38,2468.25,1089726,1,2458.74,172465,321177,1.640998188107392,0
2023-07-28 10:56:39,2469.3,1089738,12,2458.74,172439,321102,1.6842365343436043,0
2023-07-28 10:56:39,2469.3,1089738,12,2458.74,172439,321102,1.6842365343436043,0
2023-07-28 10:56:39,2469.3,1089738,12,2458.74,172398,321119,1.6842365343436043,0
2023-07-28 10:56:39,2469.6,1089738,6,2458.74,172398,321119,1.6965903475539375,0
2023-07-28 10:56:40,2469.75,1089788,5,2458.74,172794,321080,1.7027672541591132,0
2023-07-28 10:56:42,2470.65,1089835,38,2458.74,172124,321147,1.73982869379015,0
2023-07-28 10:56:42,2469.85,1089835,1,2458.74,172124,321147,1.706885191895891,0
2023-07-28 10:56:44,2471.65,1089936,18,2458.74,173871,321366,1.7810080711579641,0
2023-07-28 10:56:44,2470.25,1089936,14,2458.74,173871,321366,1.7233569428430204,0
2023-07-28 10:56:46,2470.25,1089961,14,2458.74,172507,321125,1.7233569428430204,0
2023-07-28 10:56:47,2471.1,1089966,4,2458.74,172988,321394,1.7583594136056586,0
2023-07-28 10:56:47,2471.1,1089966,4,2458.74,172767,321174,1.7583594136056586,0
2023-07-28 10:56:47,2470.35,1089966,11,2458.74,172767,321174,1.7274748805797981,0
2023-07-28 10:56:50,2470.45,1089981,1,2458.74,172949,321304,1.7315928183165759,0
2023-07-28 10:56:50,2471.1,1089987,1,2458.74,174237,320797,1.7583594136056586,0
2023-07-28 10:56:52,2471.0,1090037,50,2458.74,173110,320859,1.7542414758688811,0
2023-07-28 10:56:52,2471.0,1090037,50,2458.74,172835,320841,1.7542414758688811,0
2023-07-28 10:56:53,2470.9,1090038,1,2458.74,173518,320544,1.7501235381321034,0
2023-07-28 10:56:53,2470.9,1090038,1,2458.74,173519,320894,1.7501235381321034,0
2023-07-28 10:56:53,2472.0,1090038,1,2458.74,173519,320894,1.7954208532366953,0
2023-07-28 10:56:55,2472.0,1090158,1,2458.75,173638,321362,1.7954208532366953,0
2023-07-28 10:56:55,2472.0,1090158,6,2458.75,173638,321362,1.7954208532366953,0
2023-07-28 10:56:56,2472.0,1090164,6,2458.75,173707,321612,1.7954208532366953,0
2023-07-28 10:56:57,2471.1,1090169,5,2458.75,173387,321576,1.7583594136056586,0
2023-07-28 10:56:57,2471.1,1090169,5,2458.75,174105,321548,1.7583594136056586,0
2023-07-28 10:56:57,2471.1,1090169,5,2458.75,174106,321548,1.7583594136056586,0
2023-07-28 10:56:57,2471.1,1090169,5,2458.75,173979,321796,1.7583594136056586,0
2023-07-28 10:57:02,2470.8,1090898,36,2458.75,172468,321605,1.7460056003953257,0
2023-07-28 10:57:02,2469.75,1090898,25,2458.75,172468,321605,1.7027672541591132,0
2023-07-28 10:57:02,2469.75,1090948,25,2458.75,172657,318788,1.7027672541591132,0
2023-07-28 10:57:03,2470.8,1091013,4,2458.75,172196,321918,1.7460056003953257,0
2023-07-28 10:57:05,2471.0,1091017,4,2458.75,172786,322012,1.7542414758688811,0
2023-07-28 10:57:05,2471.0,1091017,4,2458.75,173971,320207,1.7542414758688811,0
2023-07-28 10:57:05,2470.05,1091017,14,2458.75,172938,321928,1.715121067369465,0
2023-07-28 10:57:07,2470.05,1091217,14,2458.76,171993,322171,1.715121067369465,0
2023-07-28 10:57:07,2470.05,1091217,14,2458.76,172423,322264,1.715121067369465,0
2023-07-28 10:57:07,2470.4,1091217,20,2458.76,172423,322264,1.7295338494481962,0
2023-07-28 10:57:10,2470.4,1091237,20,2458.76,172559,322134,1.7295338494481962,0
2023-07-28 10:57:11,2470.15,1091239,1,2458.76,172951,322242,1.7192390051062427,0
2023-07-28 10:57:11,2470.9,1091249,10,2458.76,172951,322232,1.7501235381321034,0
2023-07-28 10:57:11,2470.9,1091249,10,2458.76,171206,322299,1.7501235381321034,0
2023-07-28 10:57:11,2470.85,1091249,2,2458.76,171206,322299,1.7480645692637051,0
2023-07-28 10:57:13,2470.85,1091359,30,2458.76,172033,322483,1.7480645692637051,0
2023-07-28 10:57:14,2470.1,1091399,10,2458.76,172945,322411,1.7171800362378444,0
2023-07-28 10:57:14,2470.1,1091399,10,2458.76,172961,322521,1.7171800362378444,0
2023-07-28 10:57:14,2470.1,1091399,10,2458.76,172946,322623,1.7171800362378444,0
2023-07-28 10:57:14,2470.1,1091399,10,2458.76,172949,322423,1.7171800362378444,0
2023-07-28 10:57:14,2470.1,1091399,10,2458.76,172949,322503,1.7171800362378444,0
2023-07-28 10:57:14,2470.1,1091399,10,2458.76,171979,322601,1.7171800362378444,0
2023-07-28 10:57:14,2470.1,1091399,10,2458.76,172894,323000,1.7171800362378444,0
2023-07-28 10:57:23,2470.1,1091407,8,2458.76,171954,323012,1.7171800362378444,0
2023-07-28 10:57:24,2469.9,1091460,14,2458.76,171663,322959,1.7089441607642892,0
2023-07-28 10:57:24,2471.0,1091460,10,2458.76,172835,322518,1.7542414758688811,0
2023-07-28 10:57:26,2471.0,1091470,10,2458.76,171999,322560,1.7542414758688811,0
2023-07-28 10:57:26,2470.95,1091470,2,2458.76,171999,322560,1.7521825070004828,0
2023-07-28 10:57:28,2469.45,1091872,50,2458.76,172203,322772,1.6904134409487614,0
2023-07-28 10:57:28,2469.45,1091872,50,2458.76,172203,322772,1.6904134409487614,0
2023-07-28 10:57:28,2469.45,1091872,50,2458.76,172742,322375,1.6904134409487614,0
2023-07-28 10:57:28,2470.8,1091872,2,2458.76,172766,322676,1.7460056003953257,0
2023-07-28 10:57:30,2470.8,1091874,2,2458.76,172924,322568,1.7460056003953257,0
2023-07-28 10:57:32,2470.85,1091879,1,2458.76,172948,322625,1.7480645692637051,0
2023-07-28 10:57:32,2470.85,1091879,1,2458.76,172685,322605,1.7480645692637051,0
2023-07-28 10:57:32,2470.85,1091879,1,2458.76,172311,322626,1.7480645692637051,0
2023-07-28 10:57:32,2470.85,1091879,1,2458.76,172461,322602,1.7480645692637051,0
2023-07-28 10:57:32,2469.4,1091879,10,2458.76,172461,322602,1.688354472080382,0
2023-07-28 10:57:35,2469.4,1091889,10,2458.76,172912,323056,1.688354472080382,0
2023-07-28 10:57:35,2469.4,1091889,10,2458.76,172760,322927,1.688354472080382,0
2023-07-28 10:57:35,2469.4,1091889,10,2458.76,171908,322712,1.688354472080382,0
2023-07-28 10:57:35,2469.65,1091889,1,2458.76,171908,322712,1.6986493164223355,0
2023-07-28 10:57:38,2469.65,1091890,1,2458.76,173887,322885,1.6986493164223355,0
2023-07-28 10:57:38,2469.65,1091890,1,2458.76,173908,322882,1.6986493164223355,0
2023-07-28 10:57:41,2470.5,1091990,100,2458.77,172302,322808,1.733651787184974,0
2023-07-28 10:57:41,2470.5,1091990,100,2458.77,172602,322832,1.733651787184974,0
2023-07-28 10:57:41,2470.4,1091990,1,2458.77,172602,322832,1.7295338494481962,0
2023-07-28 10:57:42,2470.4,1091991,1,2458.77,171858,322849,1.7295338494481962,0
2023-07-28 10:57:44,2470.5,1092021,30,2458.77,172658,322898,1.733651787184974,0
2023-07-28 10:57:44,2470.4,1092065,39,2458.77,172017,323023,1.7295338494481962,0
2023-07-28 10:57:44,2470.4,1092065,39,2458.77,171654,324286,1.7295338494481962,0
2023-07-28 10:57:46,2470.1,1092066,1,2458.77,172307,324340,1.7171800362378444,0
2023-07-28 10:57:46,2470.1,1092066,1,2458.77,172064,324323,1.7171800362378444,0
2023-07-28 10:57:46,2470.5,1092066,20,2458.77,172064,324323,1.733651787184974,0
2023-07-28 10:57:48,2470.5,1092106,20,2458.77,170707,324395,1.733651787184974,0
2023-07-28 10:57:50,2469.4,1092107,1,2458.77,171720,324278,1.688354472080382,0
2023-07-28 10:57:51,2468.75,1092912,2,2458.77,170422,324970,1.661587876791299,0
2023-07-28 10:57:51,2468.75,1092912,2,2458.77,170091,324977,1.661587876791299,0
2023-07-28 10:57:52,2468.7,1092922,10,2458.77,170478,324845,1.659528907922901,0
2023-07-28 10:57:52,2468.7,1092922,10,2458.77,170478,324845,1.659528907922901,0
2023-07-28 10:57:52,2468.7,1092922,10,2458.77,171692,324795,1.659528907922901,0
2023-07-28 10:57:52,2468.7,1092922,10,2458.77,171369,324972,1.659528907922901,0
2023-07-28 10:57:55,2468.9,1092942,18,2458.77,171973,324512,1.667764783396475,0
2023-07-28 10:57:55,2468.9,1092942,18,2458.77,170978,324911,1.667764783396475,0
2023-07-28 10:57:58,2468.95,1092992,43,2458.77,171712,325058,1.6698237522648545,0
2023-07-28 10:57:58,2468.95,1092992,43,2458.77,171759,325015,1.6698237522648545,0
2023-07-28 10:57:58,2469.75,1092992,1,2458.77,171759,325015,1.7027672541591132,0
2023-07-28 10:58:00,2469.75,1092993,1,2458.77,171625,324710,1.7027672541591132,0
2023-07-28 10:58:00,2469.75,1092993,1,2458.77,171598,324611,1.7027672541591132,0
2023-07-28 10:58:00,2468.75,1092993,23,2458.77,171598,324611,1.661587876791299,0
2023-07-28 10:58:02,2468.75,1093043,23,2458.78,173983,324736,1.661587876791299,0
2023-07-28 10:58:02,2469.75,1093043,5,2458.78,173983,324736,1.7027672541591132,0
2023-07-28 10:58:04,2469.75,1093048,5,2458.78,173885,324730,1.7027672541591132,0
2023-07-28 10:58:05,2468.65,1093110,1,2458.78,173059,324689,1.6574699390545213,0
2023-07-28 10:58:05,2468.6,1093114,4,2458.78,173856,324515,1.6554109701861233,0
2023-07-28 10:58:05,2468.6,1093114,4,2458.78,173853,325002,1.6554109701861233,0
2023-07-28 10:58:07,2469.65,1093115,1,2458.78,174170,324952,1.6986493164223355,0
2023-07-28 10:58:09,2468.5,1093125,1,2458.78,173802,325049,1.6512930324493456,0
2023-07-28 10:58:09,2469.65,1093138,3,2458.78,173826,324925,1.6986493164223355,0
2023-07-28 10:58:10,2469.6,1093144,1,2458.78,173868,325165,1.6965903475539375,0
2023-07-28 10:58:10,2469.6,1093144,1,2458.78,173868,325165,1.6965903475539375,0
2023-07-28 10:58:10,2469.6,1093144,1,2458.78,173863,325135,1.6965903475539375,0
2023-07-28 10:58:10,2468.35,1093144,32,2458.78,173863,325135,1.6451161258441698,0
2023-07-28 10:58:12,2468.35,1093194,32,2458.78,173503,324861,1.6451161258441698,0
2023-07-28 10:58:12,2468.35,1093194,32,2458.78,173503,324469,1.6451161258441698,0
2023-07-28 10:58:12,2468.35,1093194,32,2458.78,172984,324442,1.6451161258441698,0
2023-07-28 10:58:12,2468.5,1093194,1,2458.78,172984,324442,1.6512930324493456,0
2023-07-28 10:58:15,2468.5,1093195,1,2458.78,172142,324773,1.6512930324493456,0
2023-07-28 10:58:15,2468.5,1093195,1,2458.78,174188,324715,1.6512930324493456,0
2023-07-28 10:58:15,2468.5,1093195,1,2458.78,173588,324657,1.6512930324493456,0
2023-07-28 10:58:15,2468.5,1093195,1,2458.78,174196,324654,1.6512930324493456,0
2023-07-28 10:58:21,2468.45,1093210,9,2458.78,172669,324637,1.6492340635809473,0
2023-07-28 10:58:21,2469.55,1093302,9,2458.78,173047,324579,1.694531378685558,0
2023-07-28 10:58:21,2469.15,1093302,1,2458.78,173047,324579,1.6780596277384285,0
2023-07-28 10:58:23,2469.15,1093303,1,2458.78,174017,324505,1.6780596277384285,0
2023-07-28 10:58:26,2468.8,1093304,1,2458.78,173832,325161,1.6636468456596973,0
2023-07-28 10:58:26,2469.15,1093304,5,2458.78,173832,325161,1.6780596277384285,0
2023-07-28 10:58:26,2469.15,1093309,5,2458.78,173585,334552,1.6780596277384285,0
2023-07-28 10:58:26,2469.15,1093309,10,2458.78,173585,334552,1.6780596277384285,0
2023-07-28 10:58:27,2469.15,1093319,10,2458.78,173383,334479,1.6780596277384285,0
2023-07-28 10:58:27,2469.15,1093319,10,2458.78,173683,334445,1.6780596277384285,0
2023-07-28 10:58:30,2468.25,1093324,4,2458.78,173383,334419,1.640998188107392,0
2023-07-28 10:58:30,2468.25,1093324,4,2458.78,172783,334419,1.640998188107392,0
2023-07-28 10:58:30,2468.25,1093324,4,2458.78,173547,334396,1.640998188107392,0
2023-07-28 10:58:30,2468.25,1093324,4,2458.78,172667,334384,1.640998188107392,0
2023-07-28 10:58:30,2469.0,1093324,300,2458.78,172667,334384,1.6718827211332528,0
2023-07-28 10:58:35,2469.0,1093939,300,2458.78,174341,333470,1.6718827211332528,0
2023-07-28 10:58:35,2468.2,1093939,4,2458.78,172279,333684,1.6389392192389938,0
2023-07-28 10:58:37,2468.2,1093943,4,2458.78,173538,333628,1.6389392192389938,0
2023-07-28 10:58:38,2469.0,1093946,3,2458.78,174183,333613,1.6718827211332528,0
2023-07-28 10:58:38,2469.0,1093946,3,2458.78,172685,333650,1.6718827211332528,0
2023-07-28 10:58:38,2469.0,1093946,3,2458.78,173182,333699,1.6718827211332528,0
2023-07-28 10:58:38,2469.0,1093946,3,2458.78,174163,333687,1.6718827211332528,0
2023-07-28 10:58:38,2469.0,1093946,3,2458.78,174125,333755,1.6718827211332528,0
2023-07-28 10:58:43,2469.0,1094046,100,2458.78,172429,333677,1.6718827211332528,0
2023-07-28 10:58:45,2469.0,1094248,100,2458.79,174417,333621,1.6718827211332528,0
2023-07-28 10:58:45,2469.0,1094248,100,2458.79,174417,333621,1.6718827211332528,0
2023-07-28 10:58:46,2469.0,1094348,100,2458.79,175268,333264,1.6718827211332528,0
2023-07-28 10:58:47,2468.2,1094373,25,2458.79,175843,333177,1.6389392192389938,0
2023-07-28 10:58:49,2470.0,1094692,2,2458.79,175137,333102,1.713062098501067,0
2023-07-28 10:58:49,2468.35,1094692,6,2458.79,175137,333102,1.6451161258441698,0
2023-07-28 10:58:49,2468.35,1098438,6,2458.82,170947,332468,1.6451161258441698,0
2023-07-28 10:58:49,2468.35,1098438,6,2458.82,172194,332448,1.6451161258441698,0
2023-07-28 10:58:49,2468.35,1098438,6,2458.82,171895,332448,1.6451161258441698,0
2023-07-28 10:58:49,2468.35,1098438,38,2458.82,171895,332448,1.6451161258441698,0
2023-07-28 10:58:52,2468.35,1098488,38,2458.82,172346,331813,1.6451161258441698,0
2023-07-28 10:58:52,2468.35,1098488,38,2458.82,173134,332409,1.6451161258441698,0
2023-07-28 10:58:52,2467.55,1098488,1,2458.82,173134,332409,1.6121726239499297,0
2023-07-28 10:58:56,2467.55,1098489,1,2458.82,173129,332513,1.6121726239499297,0
2023-07-28 10:58:57,2468.0,1098589,100,2458.82,173078,332457,1.6307033437654384,0
2023-07-28 10:58:58,2467.25,1098593,1,2458.82,172889,332563,1.5998188107395779,0
2023-07-28 10:58:58,2467.25,1098593,1,2458.82,172879,332571,1.5998188107395779,0
2023-07-28 10:59:00,2467.0,1098597,1,2458.82,173381,332552,1.5895239663976242,0
2023-07-28 10:59:00,2467.0,1098597,1,2458.82,173412,332560,1.5895239663976242,0
2023-07-28 10:59:00,2467.0,1098597,3,2458.82,173412,332560,1.5895239663976242,0
2023-07-28 10:59:02,2467.0,1098600,3,2458.82,173423,332224,1.5895239663976242,0
2023-07-28 10:59:02,2467.0,1098600,3,2458.82,173423,332524,1.5895239663976242,0
2023-07-28 10:59:02,2467.25,1098600,10,2458.82,173423,332524,1.5998188107395779,0
2023-07-28 10:59:05,2467.25,1098800,10,2458.83,173242,332196,1.5998188107395779,0
2023-07-28 10:59:05,2467.55,1098800,2,2458.83,173242,332196,1.6121726239499297,0
2023-07-28 10:59:06,2467.55,1098803,3,2458.83,173284,332207,1.6121726239499297,0
2023-07-28 10:59:06,2467.55,1098813,3,2458.83,173269,332269,1.6121726239499297,0
2023-07-28 10:59:06,2467.55,1098813,3,2458.83,172136,328399,1.6121726239499297,0
2023-07-28 10:59:06,2467.55,1098813,3,2458.83,173354,332176,1.6121726239499297,0
2023-07-28 10:59:06,2467.55,1098813,3,2458.83,173300,332288,1.6121726239499297,0
2023-07-28 10:59:06,2467.55,1098813,3,2458.83,172551,332279,1.6121726239499297,0
2023-07-28 10:59:06,2467.55,1098813,3,2458.83,172903,332761,1.6121726239499297,0
2023-07-28 10:59:06,2467.55,1098813,3,2458.83,171170,332512,1.6121726239499297,0
2023-07-28 10:59:15,2466.95,1098834,18,2458.83,172929,332796,1.587464997529226,0
2023-07-28 10:59:15,2466.95,1098834,18,2458.83,171429,332717,1.587464997529226,0
2023-07-28 10:59:17,2466.25,1098984,23,2458.83,172250,332523,1.5586394333717637,0
2023-07-28 10:59:17,2466.25,1098984,23,2458.83,173009,332895,1.5586394333717637,0
2023-07-28 10:59:17,2466.25,1098984,23,2458.83,173073,332834,1.5586394333717637,0
2023-07-28 10:59:17,2466.25,1098984,23,2458.83,173137,332835,1.5586394333717637,0
2023-07-28 10:59:17,2466.25,1098984,23,2458.83,172373,332785,1.5586394333717637,0
2023-07-28 10:59:17,2466.25,1098984,23,2458.83,173048,332808,1.5586394333717637,0
2023-07-28 10:59:17,2466.25,1098984,23,2458.83,173048,332808,1.5586394333717637,0
2023-07-28 10:59:17,2466.25,1098984,23,2458.83,173113,332808,1.5586394333717637,0
2023-07-28 10:59:23,2466.25,1099362,78,2458.83,170905,332848,1.5586394333717637,0
2023-07-28 10:59:23,2466.25,1099362,78,2458.83,170905,332848,1.5586394333717637,0
2023-07-28 10:59:23,2466.25,1099362,78,2458.83,171906,332797,1.5586394333717637,0
2023-07-28 10:59:23,2466.25,1099362,78,2458.83,171906,332797,1.5586394333717637,0
2023-07-28 10:59:23,2466.25,1099362,78,2458.83,172661,332791,1.5586394333717637,0
2023-07-28 10:59:27,2466.2,1099462,7,2458.83,172415,332671,1.5565804645033654,0
2023-07-28 10:59:27,2466.2,1099462,7,2458.83,169892,332689,1.5565804645033654,0
2023-07-28 10:59:27,2466.2,1099462,7,2458.83,171260,332918,1.5565804645033654,0
2023-07-28 10:59:27,2466.2,1099462,7,2458.83,172357,332781,1.5565804645033654,0
2023-07-28 10:59:27,2466.2,1099462,7,2458.83,172712,332783,1.5565804645033654,0
2023-07-28 10:59:33,2466.05,1099562,80,2458.83,172228,332570,1.5504035578982083,0
2023-07-28 10:59:35,2467.25,1099572,8,2458.83,172620,332851,1.5998188107395779,0
2023-07-28 10:59:35,2467.25,1099572,8,2458.83,172619,332757,1.5998188107395779,0
2023-07-28 10:59:35,2467.25,1099572,8,2458.83,172170,332685,1.5998188107395779,0
2023-07-28 10:59:35,2467.25,1099572,8,2458.83,172851,332809,1.5998188107395779,0
2023-07-28 10:59:39,2467.2,1099597,25,2458.83,172072,333237,1.5977598418711796,0
2023-07-28 10:59:40,2466.05,1099610,9,2458.83,172440,333204,1.5504035578982083,0
2023-07-28 10:59:40,2466.05,1099610,9,2458.83,172440,333204,1.5504035578982083,0
2023-07-28 10:59:41,2466.05,1099710,14,2458.83,172864,332921,1.5504035578982083,0
2023-07-28 10:59:43,2466.2,1099712,2,2458.83,172604,332927,1.5565804645033654,0
2023-07-28 10:59:44,2467.25,1099838,1,2458.83,172333,332843,1.5998188107395779,0
2023-07-28 10:59:44,2466.25,1099841,1,2458.83,171959,332809,1.5586394333717637,0
2023-07-28 10:59:45,2467.4,1099851,10,2458.83,172833,332797,1.6059957173447537,0
2023-07-28 10:59:45,2467.4,1099851,10,2458.83,172918,332775,1.6059957173447537,0
2023-07-28 10:59:45,2467.4,1099851,10,2458.83,172886,332811,1.6059957173447537,0
2023-07-28 10:59:45,2467.4,1099851,10,2458.83,172887,332826,1.6059957173447537,0
2023-07-28 10:59:45,2467.4,1099851,10,2458.83,172861,333004,1.6059957173447537,0
2023-07-28 10:59:51,2466.0,1099916,9,2458.83,172765,332913,1.54834458902981,0
2023-07-28 10:59:51,2466.0,1099916,9,2458.83,172765,332585,1.54834458902981,0
2023-07-28 10:59:51,2466.0,1099916,9,2458.83,171856,332807,1.54834458902981,0
2023-07-28 10:59:51,2466.0,1099916,9,2458.83,172756,332845,1.54834458902981,0
2023-07-28 10:59:51,2466.0,1099916,9,2458.83,173049,332497,1.54834458902981,0
2023-07-28 10:59:51,2466.0,1099916,9,2458.83,173175,332505,1.54834458902981,0
2023-07-28 10:59:51,2466.0,1099916,9,2458.83,172482,332542,1.54834458902981,0
2023-07-28 10:59:51,2466.05,1099916,3,2458.83,172482,332542,1.5504035578982083,0
2023-07-28 10:59:57,2466.05,1099919,3,2458.83,170094,332780,1.5504035578982083,0
2023-07-28 10:59:57,2466.05,1099919,3,2458.83,171935,332830,1.5504035578982083,0
2023-07-28 10:59:57,2465.95,1099919,11,2458.83,172814,332848,1.546285620161412,0
2023-07-28 11:00:00,2466.0,1100175,1,2458.84,172973,332949,1.54834458902981,0
2023-07-28 11:00:01,2467.0,1100177,1,2458.84,171917,332727,1.5895239663976242,0
2023-07-28 11:00:01,2467.0,1100177,1,2458.84,172734,332781,1.5895239663976242,0
2023-07-28 11:00:04,2465.9,1100202,23,2458.84,172670,332887,1.5442266512930325,0
2023-07-28 11:00:04,2466.0,1100202,1,2458.84,172670,332887,1.54834458902981,0
2023-07-28 11:00:05,2465.95,1100205,1,2458.84,172941,332917,1.546285620161412,0
2023-07-28 11:00:06,2465.95,1100217,10,2458.84,172929,332925,1.546285620161412,0
2023-07-28 11:00:07,2465.95,1100218,1,2458.84,172912,332925,1.546285620161412,0
2023-07-28 11:00:07,2465.95,1100218,1,2458.84,172912,332925,1.546285620161412,0
2023-07-28 11:00:09,2467.0,1100219,1,2458.84,172942,333015,1.5895239663976242,0
2023-07-28 11:00:09,2465.9,1100219,3,2458.84,172942,333015,1.5442266512930325,0
2023-07-28 11:00:11,2465.9,1100242,20,2458.84,172898,333086,1.5442266512930325,0
2023-07-28 11:00:11,2465.9,1100242,20,2458.84,172764,333211,1.5442266512930325,0
2023-07-28 11:00:11,2465.9,1100242,20,2458.84,172797,332560,1.5442266512930325,0
2023-07-28 11:00:11,2465.9,1100242,20,2458.84,172537,333146,1.5442266512930325,0
2023-07-28 11:00:15,2466.1,1100243,1,2458.84,171241,333216,1.5524625267665877,0
2023-07-28 11:00:16,2466.0,1100253,5,2458.84,173404,332828,1.54834458902981,0
2023-07-28 11:00:16,2466.0,1100253,5,2458.84,173404,332828,1.54834458902981,0
2023-07-28 11:00:16,2466.0,1100253,5,2458.84,173484,333254,1.54834458902981,0
2023-07-28 11:00:16,2466.0,1100253,5,2458.84,172586,333255,1.54834458902981,0
2023-07-28 11:00:16,2467.0,1100253,13,2458.84,172586,333255,1.5895239663976242,0
2023-07-28 11:00:19,2467.0,1100348,13,2458.84,172707,333175,1.5895239663976242,0
2023-07-28 11:00:19,2467.0,1100348,13,2458.84,172712,333175,1.5895239663976242,0
2023-07-28 11:00:22,2466.0,1100350,2,2458.84,173601,333223,1.54834458902981,0
2023-07-28 11:00:22,2466.0,1100350,2,2458.84,173608,332884,1.54834458902981,0
2023-07-28 11:00:22,2466.0,1100350,2,2458.84,173308,333184,1.54834458902981,0
2023-07-28 11:00:22,2466.0,1100350,2,2458.84,173579,332908,1.54834458902981,0
2023-07-28 11:00:22,2466.0,1100350,2,2458.84,173079,333213,1.54834458902981,0
2023-07-28 11:00:22,2466.0,1100350,2,2458.84,173433,333250,1.54834458902981,0
2023-07-28 11:00:22,2466.0,1100350,2,2458.84,173433,333250,1.54834458902981,0
2023-07-28 11:00:27,2466.0,1100352,2,2458.84,173717,333257,1.54834458902981,0
2023-07-28 11:00:27,2466.0,1100352,2,2458.84,173706,333198,1.54834458902981,0
2023-07-28 11:00:27,2466.0,1100352,2,2458.84,173711,333221,1.54834458902981,0
2023-07-28 11:00:27,2466.0,1100352,2,2458.84,173711,333221,1.54834458902981,0
2023-07-28 11:00:32,2467.0,1100464,25,2458.84,174449,332613,1.5895239663976242,0
2023-07-28 11:00:32,2467.0,1100464,25,2458.84,173758,332729,1.5895239663976242,0
2023-07-28 11:00:32,2467.0,1100464,25,2458.84,174195,332590,1.5895239663976242,0
2023-07-28 11:00:32,2467.0,1100464,25,2458.84,174331,332622,1.5895239663976242,0
2023-07-28 11:00:32,2467.0,1100464,25,2458.84,174084,332585,1.5895239663976242,0
2023-07-28 11:00:32,2467.4,1100464,25,2458.84,174084,332585,1.6059957173447537,0
2023-07-28 11:00:37,2467.4,1100491,25,2458.84,173596,332533,1.6059957173447537,0
2023-07-28 11:00:38,2466.75,1100505,14,2458.84,172568,332485,1.5792291220556707,0
2023-07-28 11:00:38,2466.55,1100505,3,2458.84,172568,332485,1.5709932465821153,0
2023-07-28 11:00:41,2466.45,1100678,96,2458.84,173297,333083,1.566875308845319,0
2023-07-28 11:00:42,2467.4,1100680,1,2458.84,173302,333032,1.6059957173447537,0
2023-07-28 11:00:43,2467.4,1100682,2,2458.84,173250,333029,1.6059957173447537,0
2023-07-28 11:00:43,2467.4,1100682,2,2458.84,173354,333028,1.6059957173447537,0
2023-07-28 11:00:43,2467.4,1100682,2,2458.84,173423,333053,1.6059957173447537,0
2023-07-28 11:00:43,2467.4,1100682,2,2458.84,173423,333053,1.6059957173447537,0
2023-07-28 11:00:43,2467.4,1100682,2,2458.84,173413,332877,1.6059957173447537,0
2023-07-28 11:00:43,2467.6,1100682,7,2458.84,173413,332877,1.614231592818309,0
2023-07-28 11:00:48,2467.6,1100689,7,2458.84,173342,332767,1.614231592818309,0
2023-07-28 11:00:49,2466.5,1100690,1,2458.84,173690,332748,1.5689342777137172,0
2023-07-28 11:00:49,2466.5,1100690,1,2458.84,173690,332778,1.5689342777137172,0
2023-07-28 11:00:49,2466.5,1100690,1,2458.84,173383,332588,1.5689342777137172,0
2023-07-28 11:00:49,2467.6,1100690,1,2458.84,173383,332588,1.614231592818309,0
2023-07-28 11:00:53,2467.6,1100691,1,2458.84,173379,332740,1.614231592818309,0
2023-07-28 11:00:53,2466.65,1100691,1,2458.84,173379,332740,1.575111184318893,0
2023-07-28 11:00:54,2466.65,1100692,1,2458.84,173654,332609,1.575111184318893,0
2023-07-28 11:00:54,2467.6,1100692,9,2458.84,173547,332729,1.614231592818309,0
2023-07-28 11:00:57,2467.0,1100703,2,2458.84,175022,332768,1.5895239663976242,0
2023-07-28 11:00:57,2467.0,1100703,2,2458.84,174780,332443,1.5895239663976242,0
2023-07-28 11:00:57,2467.0,1100703,40,2458.84,174780,332443,1.5895239663976242,0
2023-07-28 11:01:00,2467.0,1100755,2,2458.84,174970,332907,1.5895239663976242,0
2023-07-28 11:01:00,2467.0,1100755,2,2458.84,175853,332756,1.5895239663976242,0
2023-07-28 11:01:00,2468.45,1100755,1,2458.84,175853,332756,1.6492340635809473,0
2023-07-28 11:01:03,2468.0,1100925,5,2458.84,175229,332469,1.6307033437654384,0
2023-07-28 11:01:05,2468.75,1100928,1,2458.84,175981,332466,1.661587876791299,0
2023-07-28 11:01:05,2468.1,1100928,10,2458.84,175981,332466,1.634821281502216,0
2023-07-28 11:01:06,2468.1,1100938,10,2458.84,172493,332449,1.634821281502216,0
2023-07-28 11:01:09,2468.3,1100940,2,2458.84,174771,332587,1.6430571569757901,0
2023-07-28 11:01:09,2468.95,1100940,3,2458.84,174771,332587,1.6698237522648545,0
2023-07-28 11:01:09,2468.2,1100940,3,2458.84,174771,332587,1.6389392192389938,0
2023-07-28 11:01:11,2468.2,1100948,3,2458.84,174804,332651,1.6389392192389938,0
2023-07-28 11:01:11,2468.1,1100948,38,2458.84,174804,332651,1.634821281502216,0
2023-07-28 11:01:12,2468.1,1101077,38,2458.84,173624,332767,1.634821281502216,0
2023-07-28 11:01:12,2468.0,1101077,1,2458.84,173624,332767,1.6307033437654384,0
2023-07-28 11:01:13,2468.0,1101078,1,2458.84,174935,332847,1.6307033437654384,0
2023-07-28 11:01:13,2468.0,1101078,1,2458.84,174041,332956,1.6307033437654384,0
2023-07-28 11:01:16,2468.0,1101081,1,2458.84,174968,332942,1.6307033437654384,0
2023-07-28 11:01:16,2468.0,1101081,1,2458.84,174968,332942,1.6307033437654384,0
2023-07-28 11:01:16,2469.0,1101081,6,2458.84,174440,332852,1.6718827211332528,0
2023-07-28 11:01:18,2469.0,1101087,6,2458.84,175393,332773,1.6718827211332528,0
2023-07-28 11:01:18,2469.0,1101087,6,2458.84,175395,332803,1.6718827211332528,0
2023-07-28 11:01:18,2469.0,1101087,6,2458.84,172927,332692,1.6718827211332528,0
2023-07-28 11:01:18,2469.0,1101087,6,2458.84,175632,332719,1.6718827211332528,0
2023-07-28 11:01:18,2469.0,1101087,7,2458.84,175333,332703,1.6718827211332528,0
2023-07-28 11:01:24,2469.0,1101138,7,2458.84,175165,332570,1.6718827211332528,0
2023-07-28 11:01:24,2469.45,1101138,5,2458.84,175165,332570,1.6904134409487614,0
2023-07-28 11:01:25,2469.0,1101148,10,2458.84,175233,332714,1.6718827211332528,0
2023-07-28 11:01:26,2469.0,1101158,10,2458.84,175268,333034,1.6718827211332528,0
2023-07-28 11:01:26,2469.45,1101158,7,2458.84,175268,333034,1.6904134409487614,0
2023-07-28 11:01:27,2469.55,1101265,79,2458.84,175067,333179,1.694531378685558,0
2023-07-28 11:01:27,2469.0,1101265,1,2458.84,175067,333179,1.6718827211332528,0
2023-07-28 11:01:29,2469.85,1101766,23,2458.85,174848,332988,1.706885191895891,0
2023-07-28 11:01:29,2469.85,1101766,23,2458.85,174848,332988,1.706885191895891,0
2023-07-28 11:01:30,2469.75,1101966,40,2458.85,174909,332826,1.7027672541591132,0
2023-07-28 11:01:30,2469.75,1101966,40,2458.85,174983,332829,1.7027672541591132,0
2023-07-28 11:01:30,2469.0,1101966,100,2458.85,174983,332829,1.6718827211332528,0
2023-07-28 11:01:34,2469.7,1102137,1,2458.85,174937,332936,1.7007082852907152,0
2023-07-28 11:01:34,2469.0,1102137,5,2458.85,174937,332936,1.6718827211332528,0
2023-07-28 11:01:34,2469.0,1102142,5,2458.85,174889,333014,1.6718827211332528,0
2023-07-28 11:01:34,2469.0,1102142,5,2458.85,175100,332932,1.6718827211332528,0
2023-07-28 11:01:34,2470.0,1102142,31,2458.85,175100,332932,1.713062098501067,0
2023-07-28 11:01:37,2470.0,1102242,31,2458.85,175185,332744,1.713062098501067,0
2023-07-28 11:01:37,2470.0,1102242,31,2458.85,175008,332875,1.713062098501067,0
2023-07-28 11:01:37,2470.0,1102242,31,2458.85,174085,332645,1.713062098501067,0
2023-07-28 11:01:37,2470.0,1102242,31,2458.85,175138,332870,1.713062098501067,0
2023-07-28 11:01:37,2470.0,1102242,31,2458.85,175148,332851,1.713062098501067,0
2023-07-28 11:01:37,2469.05,1102242,10,2458.85,174586,332948,1.6739416900016508,0
2023-07-28 11:01:43,2469.05,1102252,10,2458.85,174633,332951,1.6739416900016508,0
2023-07-28 11:01:43,2470.0,1102252,12,2458.85,174633,332951,1.713062098501067,0
2023-07-28 11:01:46,2470.0,1102295,54,2458.85,175216,332878,1.713062098501067,0
2023-07-28 11:01:46,2470.0,1102375,54,2458.85,175559,332776,1.713062098501067,0
2023-07-28 11:01:46,2470.0,1102375,54,2458.85,175538,332816,1.713062098501067,0
2023-07-28 11:01:49,2470.0,1102385,1,2458.85,175334,332777,1.713062098501067,0
2023-07-28 11:01:49,2470.0,1102385,1,2458.85,175425,332932,1.713062098501067,0
2023-07-28 11:01:49,2470.0,1102385,1,2458.85,175400,332852,1.713062098501067,0
2023-07-28 11:01:53,2469.2,1102410,25,2458.86,175350,332865,1.680118596606808,0
2023-07-28 11:01:54,2469.2,1102412,2,2458.86,175333,332889,1.680118596606808,0
2023-07-28 11:01:54,2469.2,1102412,2,2458.86,175371,332815,1.680118596606808,0
2023-07-28 11:01:54,2469.2,1102412,2,2458.86,175371,332806,1.680118596606808,0
2023-07-28 11:01:54,2470.65,1102412,1,2458.86,175371,332806,1.73982869379015,0
2023-07-28 11:01:58,2470.0,1102813,10,2458.86,174892,332102,1.713062098501067,0
2023-07-28 11:01:59,2470.0,1102815,2,2458.86,175927,332198,1.713062098501067,0
2023-07-28 11:01:59,2470.95,1102815,1,2458.86,175927,332198,1.7521825070004828,0
2023-07-28 11:01:59,2470.95,1102819,1,2458.86,174864,332300,1.7521825070004828,0
2023-07-28 11:01:59,2470.95,1102819,1,2458.86,175500,332338,1.7521825070004828,0
2023-07-28 11:02:02,2470.1,1102824,1,2458.86,174885,332340,1.7171800362378444,0
2023-07-28 11:02:02,2470.1,1102824,1,2458.86,175814,332360,1.7171800362378444,0
2023-07-28 11:02:04,2470.3,1102924,100,2458.86,175681,332383,1.7254159117114185,0
2023-07-28 11:02:04,2470.3,1102924,100,2458.86,175739,332374,1.7254159117114185,0
2023-07-28 11:02:04,2471.35,1102924,1,2458.86,175739,332374,1.7686542579476123,0
2023-07-28 11:02:07,2471.35,1103204,1,2458.86,175915,331815,1.7686542579476123,0
2023-07-28 11:02:08,2470.9,1103219,1,2458.86,175315,332031,1.7501235381321034,0
2023-07-28 11:02:09,2471.0,1103344,5,2458.87,175583,330569,1.7542414758688811,0
2023-07-28 11:02:09,2471.55,1103344,1,2458.87,175583,330569,1.7768901334211864,0
2023-07-28 11:02:10,2471.55,1103356,1,2458.87,174882,332061,1.7768901334211864,0
2023-07-28 11:02:10,2471.55,1103356,1,2458.87,175297,332046,1.7768901334211864,0
2023-07-28 11:02:10,2471.55,1103356,1,2458.87,174308,332046,1.7768901334211864,0
2023-07-28 11:02:10,2471.55,1103356,1,2458.87,173575,331525,1.7768901334211864,0
2023-07-28 11:02:14,2471.0,1103364,1,2458.87,174059,332180,1.7542414758688811,0
2023-07-28 11:02:14,2471.0,1103364,10,2458.87,174059,332180,1.7542414758688811,0
2023-07-28 11:02:15,2471.65,1103375,1,2458.87,173692,332071,1.7810080711579641,0
2023-07-28 11:02:15,2471.65,1103375,1,2458.87,173692,332071,1.7810080711579641,0
2023-07-28 11:02:16,2471.1,1104274,56,2458.88,173503,331141,1.7583594136056586,0
2023-07-28 11:02:17,2471.95,1104375,1,2458.88,173471,331771,1.793361884368297,0
2023-07-28 11:02:18,2470.9,1104700,2,2458.88,172350,332789,1.7501235381321034,0
2023-07-28 11:02:20,2471.0,1104701,1,2458.88,173030,332709,1.7542414758688811,0
2023-07-28 11:02:20,2471.0,1104701,1,2458.88,172218,332561,1.7542414758688811,0
2023-07-28 11:02:20,2471.0,1104701,1,2458.88,173303,332507,1.7542414758688811,0
2023-07-28 11:02:20,2471.0,1104701,1,2458.88,173303,332507,1.7542414758688811,0
2023-07-28 11:02:20,2471.0,1104701,1,2458.88,174097,332492,1.7542414758688811,0
2023-07-28 11:02:20,2471.0,1104701,1,2458.88,174097,332492,1.7542414758688811,0
2023-07-28 11:02:24,2471.0,1104733,32,2458.88,172897,332507,1.7542414758688811,0
2023-07-28 11:02:24,2471.55,1104733,600,2458.88,172897,332507,1.7768901334211864,0
2023-07-28 11:02:25,2471.05,1105386,30,2458.89,173097,332410,1.7563004447372792,0
2023-07-28 11:02:25,2471.05,1105386,30,2458.89,173097,332410,1.7563004447372792,0
2023-07-28 11:02:25,2471.05,1105386,30,2458.89,173127,332411,1.7563004447372792,0
2023-07-28 11:02:25,2471.05,1105386,30,2458.89,173127,332411,1.7563004447372792,0
2023-07-28 11:02:27,2471.0,1105387,1,2458.89,171418,330832,1.7542414758688811,0
2023-07-28 11:02:27,2471.0,1105387,1,2458.89,173518,332127,1.7542414758688811,0
2023-07-28 11:02:27,2471.55,1105387,16,2458.89,173518,332127,1.7768901334211864,0
2023-07-28 11:02:28,2471.55,1105425,16,2458.89,173518,332386,1.7768901334211864,0
2023-07-28 11:02:28,2471.0,1105425,1,2458.89,173518,332386,1.7542414758688811,0
2023-07-28 11:02:30,2471.5,1105426,4,2458.89,173486,332449,1.774831164552788,0
2023-07-28 11:02:31,2471.5,1105446,4,2458.89,173486,332399,1.774831164552788,0
2023-07-28 11:02:31,2471.5,1105446,4,2458.89,173486,332400,1.774831164552788,0
2023-07-28 11:02:31,2471.0,1105446,13,2458.89,173486,332400,1.7542414758688811,0
2023-07-28 11:02:34,2471.0,1105478,13,2458.89,173460,332332,1.7542414758688811,0
2023-07-28 11:02:34,2471.0,1105478,13,2458.89,173429,332514,1.7542414758688811,0
2023-07-28 11:02:34,2471.0,1105478,13,2458.89,173453,332445,1.7542414758688811,0
2023-07-28 11:02:34,2471.0,1105478,13,2458.89,173454,332454,1.7542414758688811,0
2023-07-28 11:02:39,2471.0,1105480,1,2458.89,173458,332421,1.7542414758688811,0
2023-07-28 11:02:39,2471.0,1105480,1,2458.89,172641,331977,1.7542414758688811,0
2023-07-28 11:02:39,2471.0,1105480,5,2458.89,172634,332006,1.7542414758688811,0
2023-07-28 11:02:41,2471.0,1105537,5,2458.89,172956,331905,1.7542414758688811,0
2023-07-28 11:02:41,2471.0,1105537,5,2458.89,172406,331906,1.7542414758688811,0
2023-07-28 11:02:41,2471.55,1105537,1,2458.89,172406,331906,1.7768901334211864,0
2023-07-28 11:02:44,2471.55,1105538,1,2458.89,172593,331905,1.7768901334211864,0
2023-07-28 11:02:45,2471.45,1105548,10,2458.89,174460,331560,1.77277219568439,0
2023-07-28 11:02:46,2471.5,1105591,10,2458.89,174400,331855,1.774831164552788,0
2023-07-28 11:02:46,2471.5,1105591,10,2458.89,174400,331855,1.774831164552788,0
2023-07-28 11:02:47,2472.0,1105991,30,2458.9,174313,331033,1.7954208532366953,0
2023-07-28 11:02:48,2472.0,1106291,6,2458.9,172996,331269,1.7954208532366953,0
2023-07-28 11:02:48,2472.0,1106291,4,2458.9,172996,331269,1.7954208532366953,0
2023-07-28 11:02:51,2472.0,1106596,20,2458.9,174028,331237,1.7954208532366953,0
2023-07-28 11:02:51,2471.45,1106596,7,2458.9,174028,331237,1.77277219568439,0
2023-07-28 11:02:52,2471.45,1106653,7,2458.9,173185,330868,1.77277219568439,0
2023-07-28 11:02:52,2471.35,1106653,20,2458.9,173185,330868,1.7686542579476123,0
2023-07-28 11:02:53,2471.35,1106674,1,2458.9,174364,331195,1.7686542579476123,0
2023-07-28 11:02:54,2471.45,1106685,1,2458.9,174352,331183,1.77277219568439,0
2023-07-28 11:02:55,2471.4,1106686,1,2458.9,174351,331288,1.7707132268160104,0
2023-07-28 11:02:55,2471.4,1106686,1,2458.9,174351,331328,1.7707132268160104,0
2023-07-28 11:02:55,2471.5,1106686,34,2458.9,174715,331383,1.774831164552788,0
2023-07-28 11:02:55,2471.5,1106686,15,2458.9,174715,331383,1.774831164552788,0
2023-07-28 11:02:58,2471.9,1106813,2,2458.91,174578,331559,1.7913029154999176,0
2023-07-28 11:02:58,2471.9,1106813,2,2458.91,174578,331559,1.7913029154999176,0
2023-07-28 11:02:58,2471.9,1106813,2,2458.91,174774,331549,1.7913029154999176,0
2023-07-28 11:02:58,2471.9,1106813,2,2458.91,174774,331564,1.7913029154999176,0
2023-07-28 11:03:03,2471.55,1106814,1,2458.91,175727,331564,1.7768901334211864,0
2023-07-28 11:03:03,2471.55,1106814,1,2458.91,175727,331564,1.7768901334211864,0
2023-07-28 11:03:03,2471.55,1106814,1,2458.91,177283,331501,1.7768901334211864,0
2023-07-28 11:03:05,2471.6,1106815,1,2458.91,177184,330901,1.7789491022895658,0
2023-07-28 11:03:05,2471.6,1106815,1,2458.91,177228,331167,1.7789491022895658,0
2023-07-28 11:03:05,2472.0,1106815,22,2458.91,177228,331167,1.7954208532366953,0
2023-07-28 11:03:06,2472.0,1106837,22,2458.91,177337,331290,1.7954208532366953,0
2023-07-28 11:03:09,2472.7,1107257,10,2458.91,178338,327626,1.8242464173941577,0
2023-07-28 11:03:09,2472.75,1107367,1,2458.91,178368,329804,1.8263053862625558,0
2023-07-28 11:03:09,2472.75,1107367,1,2458.91,178095,330161,1.8263053862625558,0
2023-07-28 11:03:09,2472.5,1107367,3,2458.91,178095,330161,1.8160105419206023,0
2023-07-28 11:03:11,2472.5,1107370,10,2458.91,178098,330089,1.8160105419206023,0
2023-07-28 11:03:13,2472.5,1107386,1,2458.91,178010,330027,1.8160105419206023,0
2023-07-28 11:03:14,2472.85,1107394,1,2458.91,178241,330216,1.8304233239993335,0
2023-07-28 11:03:14,2472.85,1107394,1,2458.91,178182,330222,1.8304233239993335,0
2023-07-28 11:03:14,2472.85,1107394,50,2458.91,178182,330222,1.8304233239993335,0
2023-07-28 11:03:16,2473.0,1107754,188,2458.92,177505,330105,1.8366002306045095,0
2023-07-28 11:03:17,2472.95,1107778,24,2458.92,177940,330134,1.8345412617361112,0
2023-07-28 11:03:17,2472.95,1107778,24,2458.92,177940,330134,1.8345412617361112,0
2023-07-28 11:03:17,2472.95,1107778,24,2458.92,177940,330215,1.8345412617361112,0
2023-07-28 11:03:18,2472.95,1107832,3,2458.92,177896,330240,1.8345412617361112,0
2023-07-28 11:03:19,2473.0,1108071,239,2458.92,177718,329620,1.8366002306045095,0
2023-07-28 11:03:19,2472.95,1108071,1,2458.92,177718,329620,1.8345412617361112,0
2023-07-28 11:03:21,2472.95,1108122,1,2458.92,177713,329641,1.8345412617361112,0
2023-07-28 11:03:21,2472.95,1108122,1,2458.92,177670,330281,1.8345412617361112,0
2023-07-28 11:03:21,2472.25,1108122,57,2458.92,177670,330281,1.8057156975786488,0
2023-07-28 11:03:23,2472.25,1108252,57,2458.92,177601,330116,1.8057156975786488,0
2023-07-28 11:03:23,2472.15,1108256,4,2458.92,178618,330072,1.801597759841871,0
2023-07-28 11:03:23,2472.15,1108256,4,2458.92,178727,330409,1.801597759841871,0
2023-07-28 11:03:23,2472.15,1108256,4,2458.92,178776,330514,1.801597759841871,0
2023-07-28 11:03:28,2472.5,1108266,10,2458.92,178850,330537,1.8160105419206023,0
2023-07-28 11:03:29,2472.3,1108391,25,2458.92,178771,330541,1.807774666447047,0
2023-07-28 11:03:29,2472.5,1108392,1,2458.92,178839,330452,1.8160105419206023,0
2023-07-28 11:03:30,2472.4,1108453,1,2458.93,177772,330636,1.8118926041838246,0
2023-07-28 11:03:30,2472.4,1108453,1,2458.93,177771,330636,1.8118926041838246,0
2023-07-28 11:03:30,2472.4,1108453,1,2458.93,177771,330636,1.8118926041838246,0
2023-07-28 11:03:34,2472.4,1108473,12,2458.93,177937,330315,1.8118926041838246,0
2023-07-28 11:03:34,2473.0,1108473,67,2458.93,177937,330315,1.8366002306045095,0
2023-07-28 11:03:35,2473.5,1110005,128,2458.95,180641,327139,1.8571899192884165,0
2023-07-28 11:03:35,2473.3,1110005,1,2458.95,180641,327139,1.8489540438148613,0
2023-07-28 11:03:36,2473.6,1110477,30,2458.95,180925,328040,1.8613078570251942,0
2023-07-28 11:03:36,2473.6,1110477,1,2458.95,180925,328040,1.8613078570251942,0
2023-07-28 11:03:37,2473.6,1110478,1,2458.95,180986,328022,1.8613078570251942,0
2023-07-28 11:03:37,2473.6,1110478,1,2458.95,181006,328022,1.8613078570251942,0
2023-07-28 11:03:39,2473.85,1110887,47,2458.96,180473,328258,1.8716027013671477,0
2023-07-28 11:03:39,2473.85,1110887,47,2458.96,180473,328458,1.8716027013671477,0
2023-07-28 11:03:41,2474.4,1111722,1,2458.97,179163,326862,1.8942513589194532,0
2023-07-28 11:03:41,2475.0,1111722,82,2458.97,179163,326862,1.9189589853401379,0
2023-07-28 11:03:42,2475.0,1112207,1,2458.98,178887,327307,1.9189589853401379,0
2023-07-28 11:03:42,2474.95,1112207,20,2458.98,178887,327307,1.9169000164717396,0
2023-07-28 11:03:42,2474.95,1112237,20,2458.98,178564,327509,1.9169000164717396,0
2023-07-28 11:03:42,2474.55,1112237,1,2458.98,178564,327509,1.900428265524629,0
2023-07-28 11:03:43,2474.55,1112238,1,2458.98,178866,327749,1.900428265524629,0
2023-07-28 11:03:45,2474.55,1112241,3,2458.98,179196,327880,1.900428265524629,0
2023-07-28 11:03:46,2473.8,1112246,1,2458.98,179237,327877,1.8695437324987683,0
2023-07-28 11:03:47,2473.85,1112396,2,2458.98,178624,327656,1.8716027013671477,0
2023-07-28 11:03:49,2473.75,1112494,22,2458.98,178849,328040,1.8674847636303702,0
2023-07-28 11:03:50,2473.75,1112624,100,2458.98,178720,327591,1.8674847636303702,0
2023-07-28 11:03:50,2473.75,1112624,100,2458.98,179674,327863,1.8674847636303702,0
2023-07-28 11:03:50,2473.75,1112624,3,2458.98,179674,327863,1.8674847636303702,0
2023-07-28 11:03:52,2474.4,1112926,240,2458.99,178886,327992,1.8942513589194532,0
2023-07-28 11:03:52,2474.4,1112926,240,2458.99,178886,327992,1.8942513589194532,0
2023-07-28 11:03:53,2474.45,1113063,24,2458.99,178711,327545,1.8963103277878326,0
2023-07-28 11:03:53,2473.75,1113063,24,2458.99,178444,327575,1.8674847636303702,0
2023-07-28 11:03:55,2474.55,1113091,2,2458.99,178376,328018,1.900428265524629,0
2023-07-28 11:03:55,2474.65,1113091,9,2458.99,178376,328018,1.9045462032614067,0
2023-07-28 11:03:56,2474.65,1113101,9,2458.99,178446,328326,1.9045462032614067,0
2023-07-28 11:03:56,2473.9,1113101,300,2458.99,179046,328375,1.873661670235546,0
2023-07-28 11:03:58,2474.15,1113777,45,2459.0,177930,329091,1.8839565145774995,0
2023-07-28 11:03:58,2473.0,1113777,1,2459.0,178332,329242,1.8366002306045095,0
2023-07-28 11:04:00,2473.05,1114437,1,2459.01,178147,329556,1.8386591994729076,0
2023-07-28 11:04:01,2473.75,1114438,49,2459.01,178228,329587,1.8674847636303702,0
2023-07-28 11:04:02,2473.75,1114488,49,2459.01,177913,330021,1.8674847636303702,0
2023-07-28 11:04:02,2473.05,1114488,2,2459.01,177909,330022,1.8386591994729076,0
2023-07-28 11:04:05,2473.85,1114512,2,2459.01,177907,330062,1.8716027013671477,0
2023-07-28 11:04:05,2474.0,1114512,5,2459.01,177907,330062,1.8777796079723237,0
2023-07-28 11:04:07,2473.8,1114818,300,2459.01,177568,330341,1.8695437324987683,0
2023-07-28 11:04:07,2473.05,1114824,5,2459.01,177815,330779,1.8386591994729076,0
2023-07-28 11:04:07,2473.0,1114824,1,2459.01,177815,330779,1.8366002306045095,0
2023-07-28 11:04:08,2473.0,1114825,1,2459.01,179190,330686,1.8366002306045095,0
2023-07-28 11:04:08,2473.0,1114825,1,2459.01,179190,330649,1.8366002306045095,0
2023-07-28 11:04:08,2473.0,1114825,1,2459.01,179190,330649,1.8366002306045095,0
2023-07-28 11:04:11,2473.0,1114826,1,2459.01,179389,331202,1.8366002306045095,0
2023-07-28 11:04:11,2471.95,1114826,3,2459.01,179389,331202,1.793361884368297,0
2023-07-28 11:04:13,2471.0,1120826,4,2459.08,174592,332228,1.7542414758688811,0
2023-07-28 11:04:13,2472.0,1120826,220,2459.08,174592,332228,1.7954208532366953,0
2023-07-28 11:04:15,2472.0,1121126,220,2459.08,176245,332226,1.7954208532366953,0
2023-07-28 11:04:15,2472.0,1121126,220,2459.08,175327,332184,1.7954208532366953,0
2023-07-28 11:04:15,2472.0,1121126,220,2459.08,174803,332329,1.7954208532366953,0
2023-07-28 11:04:15,2472.0,1121126,1,2459.08,175755,332287,1.7954208532366953,0
2023-07-28 11:04:19,2472.0,1121137,10,2459.08,175841,332291,1.7954208532366953,0
2023-07-28 11:04:19,2472.0,1121137,50,2459.08,175841,332291,1.7954208532366953,0
2023-07-28 11:04:20,2472.0,1121227,40,2459.09,176105,332186,1.7954208532366953,0
2023-07-28 11:04:21,2471.05,1121582,3,2459.09,174418,331929,1.7563004447372792,0
2023-07-28 11:04:21,2471.05,1121582,3,2459.09,174418,331929,1.7563004447372792,0
2023-07-28 11:04:22,2471.0,1121607,2,2459.09,175882,332072,1.7542414758688811,0
2023-07-28 11:04:22,2471.0,1121607,2,2459.09,175882,332072,1.7542414758688811,0
2023-07-28 11:04:23,2471.95,1121622,5,2459.09,176221,332004,1.793361884368297,0
2023-07-28 11:04:23,2471.95,1121622,5,2459.09,176221,332004,1.793361884368297,0
2023-07-28 11:04:24,2472.0,1121768,300,2459.09,176386,332125,1.7954208532366953,0
2023-07-28 11:04:25,2472.0,1122969,296,2459.11,175300,331617,1.7954208532366953,0
2023-07-28 11:04:25,2472.0,1122969,296,2459.11,175300,331617,1.7954208532366953,0
2023-07-28 11:04:26,2471.05,1122979,6,2459.11,175669,331971,1.7563004447372792,0
2023-07-28 11:04:26,2471.05,1122979,6,2459.11,175669,331971,1.7563004447372792,0
2023-07-28 11:04:27,2471.05,1122983,4,2459.11,175667,331947,1.7563004447372792,0
2023-07-28 11:04:27,2471.05,1122983,4,2459.11,175667,331947,1.7563004447372792,0
2023-07-28 11:04:29,2471.05,1122985,30,2459.11,175665,331952,1.7563004447372792,0
2023-07-28 11:04:29,2471.0,1122985,10,2459.11,175665,331952,1.7542414758688811,0
2023-07-28 11:04:30,2471.0,1123040,10,2459.11,175709,331837,1.7542414758688811,0
2023-07-28 11:04:30,2471.0,1123040,10,2459.11,175131,331956,1.7542414758688811,0
2023-07-28 11:04:30,2471.0,1123040,10,2459.11,175631,332071,1.7542414758688811,0
2023-07-28 11:04:30,2472.0,1123040,185,2459.11,175631,332071,1.7954208532366953,0
2023-07-28 11:04:34,2472.0,1123325,185,2459.11,175812,331918,1.7954208532366953,0
2023-07-28 11:04:34,2471.05,1123325,9,2459.11,175812,331918,1.7563004447372792,0
2023-07-28 11:04:35,2472.0,1123405,50,2459.11,176141,332030,1.7954208532366953,0
2023-07-28 11:04:35,2471.0,1123405,60,2459.11,176141,332030,1.7542414758688811,0
2023-07-28 11:04:37,2471.95,1123940,136,2459.12,176151,331700,1.793361884368297,0
2023-07-28 11:04:37,2471.95,1123940,136,2459.12,176151,331700,1.793361884368297,0
2023-07-28 11:04:37,2471.95,1123940,136,2459.12,177394,329970,1.793361884368297,0
2023-07-28 11:04:39,2472.0,1125781,25,2459.14,175529,332000,1.7954208532366953,0
2023-07-28 11:04:41,2471.1,1125831,50,2459.14,176306,332432,1.7583594136056586,0
2023-07-28 11:04:41,2471.1,1125831,50,2459.14,176306,332432,1.7583594136056586,0
2023-07-28 11:04:41,2471.1,1125831,50,2459.14,176294,332455,1.7583594136056586,0
2023-07-28 11:04:43,2471.05,1125896,43,2459.14,176135,333247,1.7563004447372792,0
2023-07-28 11:04:43,2471.05,1125896,43,2459.14,176124,333430,1.7563004447372792,0
2023-07-28 11:04:43,2471.05,1125896,43,2459.14,176415,333312,1.7563004447372792,0
2023-07-28 11:04:43,2471.7,1125896,46,2459.14,176415,333312,1.7830670400263435,0
2023-07-28 11:04:47,2471.7,1125943,1,2459.14,176730,332756,1.7830670400263435,0
2023-07-28 11:04:47,2471.85,1126043,1,2459.14,175710,332041,1.7892439466315193,0
2023-07-28 11:04:47,2472.0,1126043,20,2459.14,175420,332330,1.7954208532366953,0
2023-07-28 11:04:49,2472.0,1126693,20,2459.15,176706,332836,1.7954208532366953,0
2023-07-28 11:04:49,2472.0,1126693,20,2459.15,176731,331494,1.7954208532366953,0
2023-07-28 11:04:49,2472.0,1126693,20,2459.15,174901,332967,1.7954208532366953,0
2023-07-28 11:04:49,2472.0,1126693,20,2459.15,175618,333043,1.7954208532366953,0
2023-07-28 11:04:49,2472.0,1126693,20,2459.15,175619,333043,1.7954208532366953,0
2023-07-28 11:04:49,2472.0,1126693,1,2459.15,175619,333043,1.7954208532366953,0
2023-07-28 11:04:55,2472.0,1126694,1,2459.15,175619,333089,1.7954208532366953,0
2023-07-28 11:04:56,2472.0,1126996,300,2459.15,174485,333011,1.7954208532366953,0
2023-07-28 11:04:57,2472.0,1127296,220,2459.15,175706,332730,1.7954208532366953,0
2023-07-28 11:04:57,2472.0,1127296,10,2459.15,175706,332730,1.7954208532366953,0
2023-07-28 11:04:59,2472.0,1127309,3,2459.15,176055,332725,1.7954208532366953,0
2023-07-28 11:04:59,2472.0,1127309,3,2459.15,176061,332789,1.7954208532366953,0
2023-07-28 11:04:59,2472.0,1127309,3,2459.15,176031,332839,1.7954208532366953,0
2023-07-28 11:04:59,2471.05,1127309,99,2459.15,176031,332839,1.7563004447372792,0
2023-07-28 11:05:02,2471.05,1127459,99,2459.16,175438,332865,1.7563004447372792,0
2023-07-28 11:05:02,2471.05,1127459,99,2459.16,175729,334350,1.7563004447372792,0
2023-07-28 11:05:02,2471.05,1127459,99,2459.16,175133,334337,1.7563004447372792,0
2023-07-28 11:05:05,2470.9,1127519,36,2459.16,175956,334620,1.7501235381321034,0
2023-07-28 11:05:05,2470.75,1127519,18,2459.16,175956,334620,1.7439466315269274,0
2023-07-28 11:05:06,2470.75,1127539,18,2459.16,176035,334717,1.7439466315269274,0
2023-07-28 11:05:07,2471.8,1127557,8,2459.16,176124,334768,1.78718497776314,0
2023-07-28 11:05:07,2471.8,1127557,8,2459.16,176124,334768,1.78718497776314,0
2023-07-28 11:05:07,2471.8,1127557,8,2459.16,176024,334805,1.78718497776314,0
2023-07-28 11:05:07,2471.8,1127557,8,2459.16,175162,334914,1.78718497776314,0
2023-07-28 11:05:10,2471.95,1127858,53,2459.16,175490,334828,1.793361884368297,0
2023-07-28 11:05:11,2471.05,1127860,2,2459.16,173681,335000,1.7563004447372792,0
2023-07-28 11:05:11,2471.05,1127870,10,2459.16,175191,335020,1.7563004447372792,0
2023-07-28 11:05:11,2471.05,1127870,6,2459.16,175191,335020,1.7563004447372792,0
2023-07-28 11:05:12,2471.05,1127876,6,2459.16,176098,335292,1.7563004447372792,0
2023-07-28 11:05:12,2471.05,1127876,5,2459.16,176098,335292,1.7563004447372792,0
2023-07-28 11:05:14,2471.05,1127882,1,2459.16,176192,335354,1.7563004447372792,0
2023-07-28 11:05:14,2471.05,1127882,1,2459.16,176192,335354,1.7563004447372792,0
2023-07-28 11:05:15,2471.0,1127934,34,2459.16,175310,335065,1.7542414758688811,0
2023-07-28 11:05:15,2471.0,1127934,34,2459.16,175310,335065,1.7542414758688811,0
2023-07-28 11:05:15,2471.0,1127934,34,2459.16,176169,335381,1.7542414758688811,0
2023-07-28 11:05:15,2471.0,1127934,34,2459.16,176169,335381,1.7542414758688811,0
2023-07-28 11:05:15,2471.0,1127934,34,2459.16,176169,335387,1.7542414758688811,0
2023-07-28 11:05:15,2470.95,1127934,2,2459.16,176169,335387,1.7521825070004828,0
2023-07-28 11:05:21,2470.95,1127936,2,2459.16,176165,335378,1.7521825070004828,0
2023-07-28 11:05:21,2470.95,1127936,2,2459.16,178098,335335,1.7521825070004828,0
2023-07-28 11:05:21,2470.95,1127936,2,2459.16,178098,335352,1.7521825070004828,0
2023-07-28 11:05:21,2470.95,1127936,2,2459.16,178098,335352,1.7521825070004828,0
2023-07-28 11:05:21,2470.95,1127936,2,2459.16,178382,335373,1.7521825070004828,0
2023-07-28 11:05:21,2470.8,1127936,7,2459.16,178382,335373,1.7460056003953257,0
2023-07-28 11:05:25,2471.3,1127956,4,2459.16,178879,335538,1.766595289079233,0
2023-07-28 11:05:25,2471.3,1127956,4,2459.16,178879,335538,1.766595289079233,0
2023-07-28 11:05:26,2470.95,1127967,11,2459.16,177792,335467,1.7521825070004828,0
2023-07-28 11:05:26,2470.95,1127967,10,2459.16,177792,335467,1.7521825070004828,0
2023-07-28 11:05:27,2470.95,1127977,10,2459.16,177655,335677,1.7521825070004828,0
2023-07-28 11:05:27,2470.95,1127977,10,2459.16,177655,335677,1.7521825070004828,0
2023-07-28 11:05:27,2470.95,1127977,10,2459.16,177647,335661,1.7521825070004828,0
2023-07-28 11:05:27,2470.95,1127977,10,2459.16,177823,335685,1.7521825070004828,0
2023-07-28 11:05:27,2470.95,1127977,10,2459.16,177822,335683,1.7521825070004828,0
2023-07-28 11:05:31,2473.75,1131300,26,2459.2,178186,332746,1.8674847636303702,0
2023-07-28 11:05:31,2472.7,1131300,13,2459.2,178345,332926,1.8242464173941577,0
2023-07-28 11:05:33,2472.7,1131313,13,2459.2,177381,332779,1.8242464173941577,0
2023-07-28 11:05:33,2472.7,1131313,13,2459.2,178277,332876,1.8242464173941577,0
2023-07-28 11:05:33,2472.7,1131313,13,2459.2,177674,332258,1.8242464173941577,0
2023-07-28 11:05:33,2472.7,1131313,13,2459.2,177515,332557,1.8242464173941577,0
2023-07-28 11:05:33,2472.7,1131313,13,2459.2,177463,332574,1.8242464173941577,0
2023-07-28 11:05:33,2473.8,1131313,1,2459.2,177463,332574,1.8695437324987683,0
2023-07-28 11:05:39,2472.85,1131350,20,2459.2,176416,332579,1.8304233239993335,0
2023-07-28 11:05:39,2472.85,1131350,20,2459.2,177442,332837,1.8304233239993335,0
2023-07-28 11:05:43,2473.0,1131351,1,2459.2,175197,332986,1.8366002306045095,0
2023-07-28 11:05:44,2473.0,1131361,1,2459.2,178057,333124,1.8366002306045095,0
2023-07-28 11:05:45,2473.0,1131362,1,2459.2,176993,332719,1.8366002306045095,0
2023-07-28 11:05:46,2472.2,1131400,1,2459.2,179107,332915,1.8036567287102505,0
2023-07-28 11:05:46,2472.2,1131400,1,2459.2,179107,333234,1.8036567287102505,0
2023-07-28 11:05:46,2472.35,1131400,1,2459.2,179030,332974,1.8098336353154265,0
2023-07-28 11:05:49,2472.35,1131401,1,2459.2,178957,333453,1.8098336353154265,0
2023-07-28 11:05:49,2472.0,1131401,44,2459.2,178957,333453,1.7954208532366953,0
2023-07-28 11:05:50,2473.0,1131551,26,2459.2,178930,333661,1.8366002306045095,0
2023-07-28 11:05:51,2471.9,1131554,3,2459.2,180230,333624,1.7913029154999176,0
2023-07-28 11:05:52,2472.8,1131556,2,2459.2,180017,333680,1.828364355130954,0
2023-07-28 11:05:53,2472.95,1131557,1,2459.2,179930,333486,1.8345412617361112,0
2023-07-28 11:05:53,2472.95,1131557,1,2459.2,179998,333842,1.8345412617361112,0
2023-07-28 11:05:53,2472.95,1131557,1,2459.2,180098,333852,1.8345412617361112,0
2023-07-28 11:05:57,2471.85,1131572,4,2459.2,180068,333852,1.7892439466315193,0
2023-07-28 11:05:57,2471.85,1131572,4,2459.2,180068,333852,1.7892439466315193,0
2023-07-28 11:05:57,2471.85,1131572,4,2459.2,181310,333696,1.7892439466315193,0
2023-07-28 11:05:57,2471.85,1131572,20,2459.2,181310,333696,1.7892439466315193,0
2023-07-28 11:06:00,2472.2,1131594,1,2459.2,180261,334288,1.8036567287102505,0
2023-07-28 11:06:01,2472.2,1131595,1,2459.2,180241,334177,1.8036567287102505,0
2023-07-28 11:06:01,2473.0,1131595,2,2459.2,180241,334177,1.8366002306045095,0
2023-07-28 11:06:02,2473.0,1131895,2,2459.21,181704,333498,1.8366002306045095,0
2023-07-28 11:06:02,2474.0,1131895,51,2459.21,181704,333498,1.8777796079723237,0
2023-07-28 11:06:04,2474.15,1132594,1,2459.22,180557,331511,1.8839565145774995,0
2023-07-28 11:06:04,2473.85,1132594,28,2459.22,180557,331511,1.8716027013671477,0
2023-07-28 11:06:05,2473.85,1132626,28,2459.22,182075,332491,1.8716027013671477,0
2023-07-28 11:06:05,2473.85,1132626,1,2459.22,182075,332491,1.8716027013671477,0
2023-07-28 11:06:06,2474.2,1132628,1,2459.22,180598,332607,1.8860154834458789,0
2023-07-28 11:06:08,2475.0,1135701,2,2459.26,179131,329988,1.9189589853401379,0
2023-07-28 11:06:09,2475.0,1136002,2,2459.26,179138,330320,1.9189589853401379,0
2023-07-28 11:06:10,2473.6,1136052,36,2459.26,179407,327335,1.8613078570251942,0
2023-07-28 11:06:10,2475.0,1136052,168,2459.26,179407,327335,1.9189589853401379,0
2023-07-28 11:06:11,2475.0,1136367,15,2459.27,180802,326716,1.9189589853401379,0
2023-07-28 11:06:11,2475.0,1136367,5,2459.27,180802,326716,1.9189589853401379,0
2023-07-28 11:06:12,2474.05,1136695,5,2459.27,180032,326449,1.8798385768407218,0
2023-07-28 11:06:13,2475.0,1136701,1,2459.27,180268,326486,1.9189589853401379,0
2023-07-28 11:06:15,2475.0,1136879,168,2459.28,179356,326606,1.9189589853401379,0
2023-07-28 11:06:15,2475.0,1138079,218,2459.29,180624,325742,1.9189589853401379,0
2023-07-28 11:06:17,2474.0,1138124,13,2459.29,180656,325489,1.8777796079723237,0
2023-07-28 11:06:18,2474.05,1138241,7,2459.29,180512,325620,1.8798385768407218,0
2023-07-28 11:06:18,2474.95,1138251,10,2459.29,180577,325634,1.9169000164717396,0
2023-07-28 11:06:18,2474.0,1138251,5,2459.29,180577,325634,1.8777796079723237,0
2023-07-28 11:06:20,2474.0,1138476,120,2459.3,180676,325491,1.8777796079723237,0
2023-07-28 11:06:20,2474.0,1138476,120,2459.3,180753,325007,1.8777796079723237,0
2023-07-28 11:06:20,2474.0,1138476,120,2459.3,180617,325181,1.8777796079723237,0
2023-07-28 11:06:20,2474.0,1138476,120,2459.3,180525,325190,1.8777796079723237,0
2023-07-28 11:06:20,2474.0,1138476,120,2459.3,180525,325192,1.8777796079723237,0
2023-07-28 11:06:20,2474.0,1138476,120,2459.3,180625,325035,1.8777796079723237,0
2023-07-28 11:06:20,2474.05,1138476,30,2459.3,180625,325035,1.8798385768407218,0
2023-07-28 11:06:26,2474.05,1138506,30,2459.3,180595,325039,1.8798385768407218,0
2023-07-28 11:06:26,2474.05,1138506,30,2459.3,180595,325019,1.8798385768407218,0
2023-07-28 11:06:26,2474.05,1138506,5,2459.3,180295,325244,1.8798385768407218,0
2023-07-28 11:06:30,2474.1,1138891,30,2459.3,180620,324655,1.8818975457091014,0
2023-07-28 11:06:30,2474.1,1138891,30,2459.3,180620,324655,1.8818975457091014,0
2023-07-28 11:06:30,2474.1,1138891,30,2459.3,180560,325169,1.8818975457091014,0
2023-07-28 11:06:32,2474.15,1138893,2,2459.3,180558,325197,1.8839565145774995,0
2023-07-28 11:06:32,2474.1,1138893,5,2459.3,180558,325197,1.8818975457091014,0
2023-07-28 11:06:33,2474.1,1138968,5,2459.3,179452,325164,1.8818975457091014,0
2023-07-28 11:06:33,2475.0,1138968,1,2459.3,179452,325164,1.9189589853401379,0
2023-07-28 11:06:34,2475.0,1139053,80,2459.31,179715,324850,1.9189589853401379,0
2023-07-28 11:06:34,2475.0,1139053,80,2459.31,179810,325078,1.9189589853401379,0
2023-07-28 11:06:37,2474.0,1139063,10,2459.31,177682,325069,1.8777796079723237,0
2023-07-28 11:06:37,2475.0,1139063,20,2459.31,177682,325069,1.9189589853401379,0
2023-07-28 11:06:38,2475.0,1139109,20,2459.31,179762,325014,1.9189589853401379,0
2023-07-28 11:06:39,2474.0,1139661,552,2459.31,179281,325273,1.8777796079723237,0
2023-07-28 11:06:39,2474.0,1139661,552,2459.31,178944,325283,1.8777796079723237,0
2023-07-28 11:06:39,2475.0,1139661,5,2459.31,178944,325283,1.9189589853401379,0
2023-07-28 11:06:40,2475.0,1139816,5,2459.32,178944,325220,1.9189589853401379,0
2023-07-28 11:06:42,2474.95,1139827,10,2459.32,178968,324712,1.9169000164717396,0
2023-07-28 11:06:43,2475.5,1143299,1,2459.36,179081,320368,1.9395486740240448,0
2023-07-28 11:06:43,2476.0,1143299,7,2459.36,179081,320368,1.960138362707952,0
2023-07-28 11:06:44,2474.9,1143385,10,2459.36,179199,321798,1.9148410476033602,0
2023-07-28 11:06:44,2476.0,1143385,179,2459.36,179199,321798,1.960138362707952,0
2023-07-28 11:06:45,2474.9,1143799,7,2459.37,180508,321286,1.9148410476033602,0
2023-07-28 11:06:46,2475.05,1144185,1,2459.38,181193,320929,1.921017954208536,0
2023-07-28 11:06:46,2475.1,1144185,5,2459.38,181193,320929,1.9230769230769156,0
2023-07-28 11:06:47,2475.05,1144325,1,2459.38,181633,320948,1.921017954208536,0
2023-07-28 11:06:47,2475.05,1144325,1,2459.38,181633,320948,1.921017954208536,0
2023-07-28 11:06:47,2476.0,1144325,15,2459.38,182133,320918,1.960138362707952,0
2023-07-28 11:06:49,2474.95,1145895,1,2459.4,180913,320675,1.9169000164717396,0
2023-07-28 11:06:49,2476.0,1145895,18,2459.4,180913,320675,1.960138362707952,0
2023-07-28 11:06:50,2474.45,1146330,7,2459.41,173402,321228,1.8963103277878326,0
2023-07-28 11:06:50,2474.45,1146330,7,2459.41,180211,320700,1.8963103277878326,0
2023-07-28 11:06:52,2475.75,1146401,11,2459.41,179711,321974,1.9498435183659986,0
2023-07-28 11:06:53,2475.0,1146701,78,2459.41,178855,321295,1.9189589853401379,0
2023-07-28 11:06:54,2475.0,1147279,78,2459.42,179657,320980,1.9189589853401379,0
2023-07-28 11:06:54,2475.0,1147279,10,2459.42,179657,320980,1.9189589853401379,0
2023-07-28 11:06:55,2474.35,1147314,8,2459.42,181252,321025,1.8921923900510549,0
2023-07-28 11:06:55,2474.45,1147314,1,2459.42,181252,321025,1.8963103277878326,0
2023-07-28 11:06:55,2474.9,1147314,2,2459.42,181252,321025,1.9148410476033602,0
2023-07-28 11:06:58,2476.15,1147628,14,2459.42,180964,320397,1.9663152693131278,0
2023-07-28 11:06:59,2474.7,1147678,8,2459.43,180967,320857,1.906605172129786,0
2023-07-28 11:07:00,2475.05,1148346,1,2459.44,179604,321141,1.921017954208536,0
2023-07-28 11:07:00,2475.05,1148346,1,2459.44,179604,321141,1.921017954208536,0
2023-07-28 11:07:00,2475.9,1148346,1,2459.44,179011,321243,1.9560204249711743,0
2023-07-28 11:07:02,2475.9,1148347,1,2459.44,178371,321027,1.9560204249711743,0
2023-07-28 11:07:02,2476.2,1148347,68,2459.44,178371,321027,1.9683742381815075,0
2023-07-28 11:07:03,2476.2,1148647,68,2459.44,180077,320968,1.9683742381815075,0
2023-07-28 11:07:03,2475.05,1148647,10,2459.44,180077,320968,1.921017954208536,0
2023-07-28 11:07:05,2475.05,1148681,3,2459.44,180130,321182,1.921017954208536,0
2023-07-28 11:07:06,2475.05,1148896,15,2459.44,180454,321304,1.921017954208536,0
2023-07-28 11:07:06,2475.05,1148896,15,2459.44,180454,321304,1.921017954208536,0
2023-07-28 11:07:06,2475.05,1148896,15,2459.44,180555,321224,1.921017954208536,0
2023-07-28 11:07:06,2475.1,1148896,1,2459.44,180555,321224,1.9230769230769156,0
2023-07-28 11:07:08,2475.1,1148897,1,2459.44,181598,325439,1.9230769230769156,0
2023-07-28 11:07:08,2475.05,1148897,30,2459.44,181928,325052,1.921017954208536,0
2023-07-28 11:07:10,2475.05,1148927,30,2459.44,181612,325052,1.921017954208536,0
2023-07-28 11:07:10,2475.05,1148927,5,2459.44,181612,325052,1.921017954208536,0
2023-07-28 11:07:10,2475.05,1148927,9,2459.44,181612,325052,1.921017954208536,0
2023-07-28 11:07:12,2475.0,1148948,87,2459.44,181038,324795,1.9189589853401379,0
2023-07-28 11:07:13,2476.75,1149748,24,2459.45,181699,325169,1.9910228957338127,0
2023-07-28 11:07:13,2475.05,1149748,3,2459.45,182057,324854,1.921017954208536,0
