2023-07-28 10:49:23,1124.95,528835,3,1127.17,321939,284580,0.513759828448892,0
2023-07-28 10:49:26,1124.95,528935,3,1127.17,322229,284099,0.513759828448892,0
2023-07-28 10:49:26,1124.2,528935,18,1127.17,322229,284099,0.44674767691208006,0
2023-07-28 10:49:33,1124.2,528955,18,1127.17,322209,284108,0.44674767691208006,0
2023-07-28 10:49:33,1125.0,528955,18,1127.17,322209,284108,0.5182273052180087,0
2023-07-28 10:49:33,1125.0,528955,1,1127.17,322209,284108,0.5182273052180087,0
2023-07-28 10:49:40,1125.0,529074,46,1127.17,322206,283868,0.5182273052180087,0
2023-07-28 10:49:40,1125.0,529074,6,1127.17,322206,283868,0.5182273052180087,0
2023-07-28 10:49:40,1125.0,529074,30,1127.17,322206,283868,0.5182273052180087,0
2023-07-28 10:49:43,1124.25,529346,166,1127.17,321671,284958,0.4512151536811968,0
2023-07-28 10:49:43,1124.25,529346,166,1127.17,321706,285094,0.4512151536811968,0
2023-07-28 10:49:43,1124.1,529346,13,1127.17,321706,285094,0.43781272337382626,0
2023-07-28 10:49:46,1124.1,529370,13,1127.17,321834,285094,0.43781272337382626,0
2023-07-28 10:49:46,1124.1,529370,1,1127.17,321834,285094,0.43781272337382626,0
2023-07-28 10:49:50,1124.1,529371,1,1127.17,321833,285078,0.43781272337382626,0
2023-07-28 10:49:50,1124.25,529371,5,1127.17,321833,285078,0.4512151536811968,0
2023-07-28 10:49:51,1124.25,529376,5,1127.17,321703,285020,0.4512151536811968,0
2023-07-28 10:49:51,1124.25,529376,5,1127.17,321763,285031,0.4512151536811968,0
2023-07-28 10:49:51,1124.25,529376,100,1127.17,321763,285031,0.4512151536811968,0
2023-07-28 10:49:51,1124.25,529376,20,1127.17,321763,285031,0.4512151536811968,0
2023-07-28 10:50:01,1124.25,529686,5,1127.17,322149,284834,0.4512151536811968,0
2023-07-28 10:50:01,1124.25,529686,5,1127.17,322240,284834,0.4512151536811968,0
2023-07-28 10:50:01,1124.25,529686,5,1127.17,322240,284834,0.4512151536811968,0
2023-07-28 10:50:05,1124.25,529691,5,1127.17,322240,284829,0.4512151536811968,0
2023-07-28 10:50:05,1124.25,529691,5,1127.17,322238,284849,0.4512151536811968,0
2023-07-28 10:50:05,1124.25,529691,5,1127.17,322238,284849,0.4512151536811968,0
2023-07-28 10:50:05,1124.25,529691,10,1127.17,322238,284849,0.4512151536811968,0
2023-07-28 10:50:05,1124.25,529691,12,1127.17,322238,284849,0.4512151536811968,0
2023-07-28 10:50:14,1124.25,529713,12,1127.17,322238,284942,0.4512151536811968,0
2023-07-28 10:50:14,1124.25,529713,5,1127.17,322238,284942,0.4512151536811968,0
2023-07-28 10:50:15,1124.25,529718,5,1127.17,322238,284968,0.4512151536811968,0
2023-07-28 10:50:15,1124.25,529718,15,1127.17,322238,284968,0.4512151536811968,0
2023-07-28 10:50:18,1124.25,529733,15,1127.17,322238,284953,0.4512151536811968,0
2023-07-28 10:50:18,1124.25,529733,15,1127.17,322238,284907,0.4512151536811968,0
2023-07-28 10:50:18,1124.0,529733,4,1127.17,322238,284907,0.4288777698355928,0
2023-07-28 10:50:18,1124.25,529733,8,1127.17,322238,284907,0.4512151536811968,0
2023-07-28 10:50:24,1124.0,529745,40,1127.17,322234,284902,0.4288777698355928,0
2023-07-28 10:50:26,1124.0,529785,40,1127.17,322194,284960,0.4288777698355928,0
2023-07-28 10:50:26,1124.25,529785,5,1127.17,322194,284960,0.4512151536811968,0
2023-07-28 10:50:31,1124.25,529790,5,1127.17,322211,284961,0.4512151536811968,0
2023-07-28 10:50:35,1124.0,529800,10,1127.17,322201,285019,0.4288777698355928,0
2023-07-28 10:50:35,1124.25,529800,25,1127.17,322201,285019,0.4512151536811968,0
2023-07-28 10:50:37,1124.25,529825,25,1127.17,322203,285006,0.4512151536811968,0
2023-07-28 10:50:40,1124.0,529875,7,1127.17,322151,285008,0.4288777698355928,0
2023-07-28 10:50:40,1124.0,529875,20,1127.17,322151,285008,0.4288777698355928,0
2023-07-28 10:50:43,1124.0,529937,42,1127.17,322104,285023,0.4288777698355928,0
2023-07-28 10:50:43,1124.0,529937,7,1127.17,322104,285023,0.4288777698355928,0
2023-07-28 10:50:46,1124.25,529994,18,1127.17,322213,284885,0.4512151536811968,0
2023-07-28 10:50:48,1124.25,529999,5,1127.17,322213,284882,0.4512151536811968,0
2023-07-28 10:50:48,1124.25,529999,5,1127.17,322223,284882,0.4512151536811968,0
2023-07-28 10:50:48,1124.25,529999,5,1127.17,322223,284886,0.4512151536811968,0
2023-07-28 10:50:48,1123.8,529999,5,1127.17,322223,284886,0.4110078627591055,0
2023-07-28 10:50:48,1124.25,529999,20,1127.17,322223,284886,0.4512151536811968,0
2023-07-28 10:50:56,1124.25,530024,20,1127.17,322324,284866,0.4512151536811968,0
2023-07-28 10:50:56,1124.25,530024,20,1127.17,322324,285075,0.4512151536811968,0
2023-07-28 10:50:56,1124.25,530024,1,1127.17,322324,285075,0.4512151536811968,0
2023-07-28 10:51:00,1124.25,530025,1,1127.17,322395,285074,0.4512151536811968,0
2023-07-28 10:51:00,1124.25,530025,6,1127.17,322395,285074,0.4512151536811968,0
2023-07-28 10:51:04,1124.25,530210,6,1127.17,322950,284010,0.4512151536811968,0
2023-07-28 10:51:04,1124.25,530210,6,1127.17,323395,284028,0.4512151536811968,0
2023-07-28 10:51:10,1124.25,530227,4,1127.17,323423,284028,0.4512151536811968,0
2023-07-28 10:51:10,1124.25,530227,3,1127.17,323423,284028,0.4512151536811968,0
2023-07-28 10:51:12,1124.9,530230,1,1127.17,323385,284083,0.5092923516797753,0
2023-07-28 10:51:14,1124.9,530246,1,1127.17,323398,284105,0.5092923516797753,0
2023-07-28 10:51:14,1124.9,530246,1,1127.17,323398,283880,0.5092923516797753,0
2023-07-28 10:51:14,1124.9,530246,3,1127.17,323398,283880,0.5092923516797753,0
2023-07-28 10:51:20,1124.9,530249,3,1127.17,323422,283877,0.5092923516797753,0
2023-07-28 10:51:20,1124.3,530249,2,1127.17,323422,283877,0.4556826304503135,0
2023-07-28 10:51:23,1124.3,530251,2,1127.17,323436,283877,0.4556826304503135,0
2023-07-28 10:51:23,1124.3,530251,7,1127.17,323436,283877,0.4556826304503135,0
2023-07-28 10:51:26,1124.3,530258,7,1127.17,323360,283972,0.4556826304503135,0
2023-07-28 10:51:26,1124.25,530258,2,1127.17,323360,283972,0.4512151536811968,0
2023-07-28 10:51:29,1124.9,530364,100,1127.17,323354,283897,0.5092923516797753,0
2023-07-28 10:51:29,1124.9,530364,50,1127.17,323354,283897,0.5092923516797753,0
2023-07-28 10:51:31,1124.9,530414,50,1127.17,323423,283767,0.5092923516797753,0
2023-07-28 10:51:31,1124.9,530414,50,1127.17,323428,283767,0.5092923516797753,0
2023-07-28 10:51:31,1124.9,530414,50,1127.17,323428,283772,0.5092923516797753,0
2023-07-28 10:51:31,1124.9,530414,100,1127.17,323428,283772,0.5092923516797753,0
2023-07-28 10:51:37,1124.9,530514,10,1127.17,323447,283750,0.5092923516797753,0
2023-07-28 10:51:37,1124.3,530514,4,1127.17,323447,283750,0.4556826304503135,0
2023-07-28 10:51:41,1124.3,530534,15,1127.16,323368,283886,0.4556826304503135,0
2023-07-28 10:51:42,1124.3,530549,15,1127.16,322853,284128,0.4556826304503135,0
2023-07-28 10:51:42,1124.85,530549,2,1127.16,322853,284128,0.5048248749106382,0
2023-07-28 10:51:42,1124.3,530549,4,1127.16,322853,284128,0.4556826304503135,0
2023-07-28 10:51:48,1124.85,530555,1,1127.16,322850,284126,0.5048248749106382,0
2023-07-28 10:51:48,1125.0,530555,7,1127.16,322850,284126,0.5182273052180087,0
2023-07-28 10:51:50,1125.0,530862,7,1127.16,322928,283704,0.5182273052180087,0
2023-07-28 10:51:50,1125.0,530862,40,1127.16,322928,283704,0.5182273052180087,0
2023-07-28 10:51:54,1125.0,530902,40,1127.16,322928,283659,0.5182273052180087,0
2023-07-28 10:51:54,1125.0,530902,40,1127.16,322919,283672,0.5182273052180087,0
2023-07-28 10:51:54,1124.05,530902,8,1127.16,322919,283672,0.4333452466047095,0
2023-07-28 10:51:59,1125.0,531070,23,1127.16,322886,283649,0.5182273052180087,0
2023-07-28 10:51:59,1125.0,531070,15,1127.16,322886,283649,0.5182273052180087,0
2023-07-28 10:51:59,1125.0,531070,52,1127.16,322886,283649,0.5182273052180087,0
2023-07-28 10:52:02,1125.0,531229,92,1127.16,322917,283397,0.5182273052180087,0
2023-07-28 10:52:02,1125.0,531229,7,1127.16,322917,283397,0.5182273052180087,0
2023-07-28 10:52:02,1125.0,531229,40,1127.16,322917,283397,0.5182273052180087,0
2023-07-28 10:52:07,1124.4,531278,2,1127.16,322915,283299,0.4646175839885673,0
2023-07-28 10:52:07,1124.4,531278,2,1127.16,322915,283304,0.4646175839885673,0
2023-07-28 10:52:07,1125.0,531278,1,1127.16,322915,283304,0.5182273052180087,0
2023-07-28 10:52:11,1125.0,531279,1,1127.16,322915,283303,0.5182273052180087,0
2023-07-28 10:52:11,1125.0,531279,1,1127.16,322945,283334,0.5182273052180087,0
2023-07-28 10:52:11,1125.0,531279,20,1127.16,322945,283334,0.5182273052180087,0
2023-07-28 10:52:17,1125.0,531312,20,1127.16,322947,283301,0.5182273052180087,0
2023-07-28 10:52:17,1124.4,531312,4,1127.16,322947,283301,0.4646175839885673,0
2023-07-28 10:52:17,1124.4,531312,2,1127.16,322947,283301,0.4646175839885673,0
2023-07-28 10:52:21,1124.4,531318,2,1127.16,322939,283381,0.4646175839885673,0
2023-07-28 10:52:21,1124.95,531318,50,1127.16,322939,283381,0.513759828448892,0
2023-07-28 10:52:21,1125.0,531318,10,1127.16,322939,283381,0.5182273052180087,0
2023-07-28 10:52:23,1125.0,531378,10,1127.16,322976,283372,0.5182273052180087,0
2023-07-28 10:52:23,1125.0,531378,1,1127.16,322976,283372,0.5182273052180087,0
2023-07-28 10:52:23,1124.4,531378,5,1127.16,322976,283372,0.4646175839885673,0
2023-07-28 10:52:26,1124.4,531391,5,1127.16,323194,283369,0.4646175839885673,0
2023-07-28 10:52:26,1125.0,531391,25,1127.16,323194,283369,0.5182273052180087,0
2023-07-28 10:52:30,1125.0,531416,25,1127.16,323194,283344,0.5182273052180087,0
2023-07-28 10:52:30,1124.4,531416,9,1127.16,323194,283344,0.4646175839885673,0
2023-07-28 10:52:33,1124.95,531466,5,1127.16,322776,283662,0.513759828448892,0
2023-07-28 10:52:35,1124.95,531471,5,1127.16,323168,283473,0.513759828448892,0
2023-07-28 10:52:35,1124.95,531471,4,1127.16,323168,283473,0.513759828448892,0
2023-07-28 10:52:35,1124.95,531471,15,1127.16,323168,283473,0.513759828448892,0
2023-07-28 10:52:38,1124.35,531508,1,1127.16,323141,283519,0.4601501072194302,0
2023-07-28 10:52:38,1124.95,531508,3,1127.16,323141,283519,0.513759828448892,0
2023-07-28 10:52:41,1124.95,531512,15,1127.16,323140,283591,0.513759828448892,0
2023-07-28 10:52:41,1124.95,531512,387,1127.16,323140,283591,0.513759828448892,0
2023-07-28 10:52:44,1124.95,531927,387,1127.16,323172,283344,0.513759828448892,0
2023-07-28 10:52:44,1124.95,531927,387,1127.16,323172,283349,0.513759828448892,0
2023-07-28 10:52:44,1125.0,531927,3,1127.16,323172,283349,0.5182273052180087,0
2023-07-28 10:52:50,1125.0,531930,3,1127.16,323173,283446,0.5182273052180087,0
2023-07-28 10:52:50,1125.0,531930,4,1127.16,323173,283446,0.5182273052180087,0
2023-07-28 10:52:53,1124.95,531938,4,1127.16,323315,283442,0.513759828448892,0
2023-07-28 10:52:53,1125.0,531938,7,1127.16,323335,283442,0.5182273052180087,0
2023-07-28 10:52:53,1125.0,531938,30,1127.16,323335,283442,0.5182273052180087,0
2023-07-28 10:52:58,1124.95,532005,3,1127.16,323305,283479,0.513759828448892,0
2023-07-28 10:52:58,1124.95,532005,3,1127.16,323305,283479,0.513759828448892,0
2023-07-28 10:53:01,1124.95,532022,14,1127.16,323415,283478,0.513759828448892,0
2023-07-28 10:53:01,1124.95,532022,14,1127.16,323415,283478,0.513759828448892,0
2023-07-28 10:53:01,1125.0,532022,15,1127.16,323415,283478,0.5182273052180087,0
2023-07-28 10:53:03,1125.0,532037,15,1127.16,323415,283463,0.5182273052180087,0
2023-07-28 10:53:03,1124.35,532037,1,1127.16,323415,283463,0.4601501072194302,0
2023-07-28 10:53:06,1124.35,532038,1,1127.16,323426,283515,0.4601501072194302,0
2023-07-28 10:53:06,1125.0,532038,2,1127.16,323426,283515,0.5182273052180087,0
2023-07-28 10:53:10,1125.0,532040,2,1127.16,323426,283513,0.5182273052180087,0
2023-07-28 10:53:10,1124.25,532040,16,1127.16,323426,283513,0.4512151536811968,0
2023-07-28 10:53:11,1124.25,532060,16,1127.16,323409,283513,0.4512151536811968,0
2023-07-28 10:53:15,1124.25,532061,1,1127.16,322888,284166,0.4512151536811968,0
2023-07-28 10:53:15,1124.65,532061,1,1127.16,322888,284166,0.4869549678341713,0
2023-07-28 10:53:16,1124.65,532062,1,1127.16,322888,284175,0.4869549678341713,0
2023-07-28 10:53:20,1124.65,532114,24,1127.16,322888,284157,0.4869549678341713,0
2023-07-28 10:53:20,1125.0,532114,100,1127.16,322888,284157,0.5182273052180087,0
2023-07-28 10:53:21,1125.0,532214,100,1127.16,323518,283326,0.5182273052180087,0
2023-07-28 10:53:21,1125.0,532214,100,1127.16,323561,283311,0.5182273052180087,0
2023-07-28 10:53:21,1125.0,532214,100,1127.16,323628,283276,0.5182273052180087,0
2023-07-28 10:53:21,1125.0,532214,100,1127.16,323638,283296,0.5182273052180087,0
2023-07-28 10:53:21,1124.95,532214,1,1127.16,323638,283296,0.513759828448892,0
2023-07-28 10:53:21,1124.35,532214,4,1127.16,323638,283296,0.4601501072194302,0
2023-07-28 10:53:32,1124.35,532219,4,1127.16,323634,283295,0.4601501072194302,0
2023-07-28 10:53:32,1124.35,532219,8,1127.16,323634,283295,0.4601501072194302,0
2023-07-28 10:53:35,1124.35,532227,8,1127.16,323638,283295,0.4601501072194302,0
2023-07-28 10:53:35,1124.35,532227,8,1127.16,323482,283349,0.4601501072194302,0
2023-07-28 10:53:35,1124.35,532227,15,1127.16,323482,283349,0.4601501072194302,0
2023-07-28 10:53:40,1124.35,532242,15,1127.16,323467,283349,0.4601501072194302,0
2023-07-28 10:53:40,1124.35,532242,1,1127.16,323467,283349,0.4601501072194302,0
2023-07-28 10:53:40,1124.95,532242,1,1127.16,323467,283349,0.513759828448892,0
2023-07-28 10:53:43,1124.95,532244,1,1127.16,323467,283348,0.513759828448892,0
2023-07-28 10:53:43,1124.35,532244,1,1127.16,323467,283348,0.4601501072194302,0
2023-07-28 10:53:46,1124.35,532245,1,1127.16,323465,283348,0.4601501072194302,0
2023-07-28 10:53:46,1124.35,532245,20,1127.16,323465,283348,0.4601501072194302,0
2023-07-28 10:53:50,1124.95,532268,3,1127.16,323445,283386,0.513759828448892,0
2023-07-28 10:53:50,1124.95,532268,3,1127.16,323445,283442,0.513759828448892,0
2023-07-28 10:53:50,1124.4,532268,2,1127.16,323445,283442,0.4646175839885673,0
2023-07-28 10:53:56,1124.95,532277,5,1127.16,323520,283439,0.513759828448892,0
2023-07-28 10:53:56,1124.95,532277,5,1127.16,323521,283439,0.513759828448892,0
2023-07-28 10:54:02,1124.95,532308,7,1127.16,323520,283410,0.513759828448892,0
2023-07-28 10:54:02,1124.95,532308,1,1127.16,323520,283410,0.513759828448892,0
2023-07-28 10:54:02,1125.0,532308,2,1127.16,323520,283410,0.5182273052180087,0
2023-07-28 10:54:03,1125.0,532314,2,1127.16,323463,283666,0.5182273052180087,0
2023-07-28 10:54:03,1124.95,532314,20,1127.16,323463,283666,0.513759828448892,0
2023-07-28 10:54:03,1125.0,532314,3,1127.16,323463,283666,0.5182273052180087,0
2023-07-28 10:54:03,1125.0,532314,92,1127.16,323463,283666,0.5182273052180087,0
2023-07-28 10:54:08,1124.4,532600,37,1127.16,323382,283523,0.4646175839885673,0
2023-07-28 10:54:08,1124.35,532600,3,1127.16,323382,283523,0.4601501072194302,0
2023-07-28 10:54:09,1124.35,532800,3,1127.15,322754,284044,0.4601501072194302,0
2023-07-28 10:54:09,1124.4,532800,15,1127.15,322754,284044,0.4646175839885673,0
2023-07-28 10:54:09,1124.4,532800,50,1127.15,322754,284044,0.4646175839885673,0
2023-07-28 10:54:09,1124.95,532800,10,1127.15,322754,284044,0.513759828448892,0
2023-07-28 10:54:13,1124.95,532875,10,1127.15,322689,284789,0.513759828448892,0
2023-07-28 10:54:13,1124.35,532875,40,1127.15,322689,284789,0.4601501072194302,0
2023-07-28 10:54:13,1124.95,532875,2,1127.15,322689,284789,0.513759828448892,0
2023-07-28 10:54:17,1124.95,532922,2,1127.15,322490,285386,0.513759828448892,0
2023-07-28 10:54:21,1124.35,532943,11,1127.15,322546,285376,0.4601501072194302,0
2023-07-28 10:54:21,1124.35,532943,11,1127.15,322574,284731,0.4601501072194302,0
2023-07-28 10:54:26,1124.0,533763,50,1127.15,321672,284888,0.4288777698355928,0
2023-07-28 10:54:26,1124.0,533763,10,1127.15,321672,284888,0.4288777698355928,0
2023-07-28 10:54:27,1124.7,533833,3,1127.15,321653,285212,0.49142244460328804,0
2023-07-28 10:54:29,1124.0,533838,30,1127.15,321685,285201,0.4288777698355928,0
2023-07-28 10:54:29,1124.15,533838,3,1127.15,321685,285201,0.4422802001429633,0
2023-07-28 10:54:34,1124.0,534406,25,1127.15,321194,285264,0.4288777698355928,0
2023-07-28 10:54:34,1124.25,534406,9,1127.15,321194,285264,0.4512151536811968,0
2023-07-28 10:54:34,1124.65,534416,76,1127.15,321653,284740,0.4869549678341713,0
2023-07-28 10:54:34,1124.7,534416,8,1127.15,321653,284740,0.49142244460328804,0
2023-07-28 10:54:39,1124.7,534626,8,1127.14,321884,284387,0.49142244460328804,0
2023-07-28 10:54:39,1124.7,534626,8,1127.14,321879,284369,0.49142244460328804,0
2023-07-28 10:54:39,1124.7,534626,10,1127.14,321879,284369,0.49142244460328804,0
2023-07-28 10:54:39,1123.6,534626,1,1127.14,321879,284369,0.3931379556826182,0
2023-07-28 10:54:44,1123.6,534706,1,1127.14,321423,284901,0.3931379556826182,0
2023-07-28 10:54:44,1124.6,534706,9,1127.14,321423,284901,0.48248749106503425,0
2023-07-28 10:54:47,1124.6,534731,9,1127.14,321414,285141,0.48248749106503425,0
2023-07-28 10:54:47,1124.0,534731,50,1127.14,321414,285141,0.4288777698355928,0
2023-07-28 10:54:50,1124.0,534781,50,1127.14,321675,284675,0.4288777698355928,0
2023-07-28 10:54:50,1124.7,534781,10,1127.14,321675,284675,0.49142244460328804,0
2023-07-28 10:54:51,1124.7,534831,10,1127.14,321683,284907,0.49142244460328804,0
2023-07-28 10:54:51,1124.8,534831,3,1127.14,321683,284907,0.5003573981415215,0
2023-07-28 10:54:54,1124.8,534872,5,1127.14,321665,284948,0.5003573981415215,0
2023-07-28 10:54:54,1124.0,534872,5,1127.14,321665,284948,0.4288777698355928,0
2023-07-28 10:54:56,1124.0,534877,4,1127.14,321724,284948,0.4288777698355928,0
2023-07-28 10:54:59,1124.0,534881,4,1127.14,321732,284964,0.4288777698355928,0
2023-07-28 10:54:59,1124.8,534881,8,1127.14,321732,284964,0.5003573981415215,0
2023-07-28 10:55:03,1124.6,534939,50,1127.14,322036,284653,0.48248749106503425,0
2023-07-28 10:55:03,1124.8,534939,1,1127.14,322036,284653,0.5003573981415215,0
2023-07-28 10:55:03,1124.0,534939,15,1127.14,322036,284653,0.4288777698355928,0
2023-07-28 10:55:06,1124.75,535006,18,1127.14,321717,284883,0.4958899213724048,0
2023-07-28 10:55:06,1124.0,535006,5,1127.14,321717,284883,0.4288777698355928,0
2023-07-28 10:55:06,1124.0,535011,5,1127.14,321717,285002,0.4288777698355928,0
2023-07-28 10:55:06,1124.65,535011,3,1127.14,321717,285002,0.4869549678341713,0
2023-07-28 10:55:06,1124.0,535011,5,1127.14,321717,285002,0.4288777698355928,0
2023-07-28 10:55:10,1124.0,535073,5,1127.14,321762,285112,0.4288777698355928,0
2023-07-28 10:55:10,1124.55,535073,3,1127.14,321762,285112,0.4780200142959175,0
2023-07-28 10:55:13,1124.55,535086,10,1127.14,321764,284021,0.4780200142959175,0
2023-07-28 10:55:13,1124.0,535086,2,1127.14,321764,284021,0.4288777698355928,0
2023-07-28 10:55:13,1124.55,535086,1,1127.14,321764,284021,0.4780200142959175,0
2023-07-28 10:55:15,1124.55,535089,1,1127.14,321762,284869,0.4780200142959175,0
2023-07-28 10:55:15,1124.65,535089,83,1127.14,321762,284869,0.4869549678341713,0
2023-07-28 10:55:17,1124.65,535190,83,1127.14,321995,284464,0.4869549678341713,0
2023-07-28 10:55:17,1124.0,535190,20,1127.14,321995,284464,0.4288777698355928,0
2023-07-28 10:55:17,1124.0,535190,8,1127.14,321995,284464,0.4288777698355928,0
2023-07-28 10:55:17,1124.75,535190,1,1127.14,321995,284464,0.4958899213724048,0
2023-07-28 10:55:22,1123.95,535221,2,1127.14,322010,284475,0.42441029306647604,0
2023-07-28 10:55:22,1123.95,535221,2,1127.14,322010,284475,0.42441029306647604,0
2023-07-28 10:55:22,1123.95,535221,2,1127.14,321618,285445,0.42441029306647604,0
2023-07-28 10:55:22,1123.95,535221,2,1127.14,321636,285468,0.42441029306647604,0
2023-07-28 10:55:22,1124.35,535221,2,1127.14,321636,285468,0.4601501072194302,0
2023-07-28 10:55:22,1124.4,535221,3,1127.14,321636,285468,0.4646175839885673,0
2023-07-28 10:55:22,1123.95,535221,1,1127.14,321636,285468,0.42441029306647604,0
2023-07-28 10:55:34,1123.95,535249,1,1127.14,321754,285141,0.42441029306647604,0
2023-07-28 10:55:34,1124.65,535249,67,1127.14,321754,285141,0.4869549678341713,0
2023-07-28 10:55:36,1124.65,535349,67,1127.14,322080,284614,0.4869549678341713,0
2023-07-28 10:55:40,1124.65,535374,1,1127.14,322142,284250,0.4869549678341713,0
2023-07-28 10:55:40,1124.65,535374,1,1127.14,322142,284250,0.4869549678341713,0
2023-07-28 10:55:41,1124.0,535395,4,1127.14,322071,284313,0.4288777698355928,0
2023-07-28 10:55:45,1124.65,535415,20,1127.14,322048,284263,0.4869549678341713,0
2023-07-28 10:55:45,1124.05,535415,10,1127.14,322048,284263,0.4333452466047095,0
2023-07-28 10:55:47,1124.05,535425,10,1127.14,322038,284287,0.4333452466047095,0
2023-07-28 10:55:47,1124.05,535425,7,1127.14,322038,284287,0.4333452466047095,0
2023-07-28 10:55:47,1124.7,535425,2,1127.14,322038,284287,0.49142244460328804,0
2023-07-28 10:55:50,1124.7,535449,2,1127.14,322049,284393,0.49142244460328804,0
2023-07-28 10:55:50,1124.9,535449,4,1127.14,322049,284393,0.5092923516797753,0
2023-07-28 10:55:53,1124.9,535535,4,1127.14,321853,284325,0.5092923516797753,0
2023-07-28 10:55:53,1124.9,535535,4,1127.14,321912,284370,0.5092923516797753,0
2023-07-28 10:55:53,1124.05,535535,17,1127.14,321912,284370,0.4333452466047095,0
2023-07-28 10:55:58,1124.05,535567,17,1127.14,321848,284519,0.4333452466047095,0
2023-07-28 10:55:58,1124.05,535567,17,1127.14,321865,284465,0.4333452466047095,0
2023-07-28 10:55:58,1124.05,535567,17,1127.14,321914,284465,0.4333452466047095,0
2023-07-28 10:55:58,1124.85,535567,26,1127.14,321914,284465,0.5048248749106382,0
2023-07-28 10:56:07,1124.85,535617,26,1127.14,321794,283730,0.5048248749106382,0
2023-07-28 10:56:07,1124.85,535617,26,1127.14,321974,283645,0.5048248749106382,0
2023-07-28 10:56:07,1124.85,535617,26,1127.14,321947,284325,0.5048248749106382,0
2023-07-28 10:56:07,1124.8,535617,10,1127.14,321947,284325,0.5003573981415215,0
2023-07-28 10:56:16,1124.8,535627,10,1127.14,321997,284340,0.5003573981415215,0
2023-07-28 10:56:16,1124.75,535627,21,1127.14,321997,284340,0.4958899213724048,0
2023-07-28 10:56:18,1124.75,535668,21,1127.14,321973,285081,0.4958899213724048,0
2023-07-28 10:56:18,1124.8,535668,1,1127.14,321973,285081,0.5003573981415215,0
2023-07-28 10:56:18,1124.8,535668,1,1127.14,321973,285081,0.5003573981415215,0
2023-07-28 10:56:22,1124.8,535670,1,1127.14,322046,285080,0.5003573981415215,0
2023-07-28 10:56:22,1124.8,535670,17,1127.14,322046,285080,0.5003573981415215,0
2023-07-28 10:56:24,1124.8,535687,17,1127.14,322044,285063,0.5003573981415215,0
2023-07-28 10:56:24,1124.0,535687,2,1127.14,322054,285063,0.4288777698355928,0
2023-07-28 10:56:24,1124.0,535687,1,1127.14,322054,285063,0.4288777698355928,0
2023-07-28 10:56:31,1123.95,535999,9,1127.14,321346,284987,0.42441029306647604,0
2023-07-28 10:56:31,1124.0,535999,10,1127.14,321346,284987,0.4288777698355928,0
2023-07-28 10:56:31,1123.95,535999,1,1127.14,321346,284987,0.42441029306647604,0
2023-07-28 10:56:31,1124.0,535999,1,1127.14,321346,284987,0.4288777698355928,0
2023-07-28 10:56:34,1124.0,536016,1,1127.14,321345,285023,0.4288777698355928,0
2023-07-28 10:56:34,1124.0,536016,30,1127.14,321345,285023,0.4288777698355928,0
2023-07-28 10:56:37,1124.0,536049,3,1127.14,321448,285060,0.4288777698355928,0
2023-07-28 10:56:37,1123.95,536049,3,1127.14,321448,285060,0.42441029306647604,0
2023-07-28 10:56:40,1124.0,536069,137,1127.14,321553,285045,0.4288777698355928,0
2023-07-28 10:56:40,1124.0,536069,31,1127.14,321553,285045,0.4288777698355928,0
2023-07-28 10:56:46,1124.0,536251,1,1127.14,322854,284417,0.4288777698355928,0
2023-07-28 10:56:46,1124.0,536251,1,1127.14,322854,284417,0.4288777698355928,0
2023-07-28 10:56:46,1124.55,536251,5,1127.14,322854,284417,0.4780200142959175,0
2023-07-28 10:56:47,1124.55,536256,5,1127.14,322973,284305,0.4780200142959175,0
2023-07-28 10:56:47,1124.55,536256,5,1127.14,322986,284319,0.4780200142959175,0
2023-07-28 10:56:47,1124.55,536256,5,1127.14,322986,284500,0.4780200142959175,0
2023-07-28 10:56:47,1124.55,536256,6,1127.14,322986,284500,0.4780200142959175,0
2023-07-28 10:56:47,1124.05,536256,10,1127.14,322986,284500,0.4333452466047095,0
2023-07-28 10:56:59,1124.05,536273,10,1127.14,322482,284670,0.4333452466047095,0
2023-07-28 10:56:59,1124.05,536273,10,1127.14,322481,284670,0.4333452466047095,0
2023-07-28 10:56:59,1124.5,536273,200,1127.14,322481,284670,0.47355253752680077,0
2023-07-28 10:57:05,1124.5,536473,200,1127.14,322432,284397,0.47355253752680077,0
2023-07-28 10:57:05,1124.5,536473,200,1127.14,322433,284414,0.47355253752680077,0
2023-07-28 10:57:05,1124.05,536473,15,1127.14,322433,284414,0.4333452466047095,0
2023-07-28 10:57:09,1124.4,536488,10,1127.13,322418,284414,0.4646175839885673,0
2023-07-28 10:57:09,1124.0,536488,143,1127.13,322418,284414,0.4288777698355928,0
2023-07-28 10:57:09,1124.5,536488,5,1127.13,322418,284414,0.47355253752680077,0
2023-07-28 10:57:13,1124.5,536655,5,1127.13,322291,284436,0.47355253752680077,0
2023-07-28 10:57:13,1124.5,536655,5,1127.13,322291,284467,0.47355253752680077,0
2023-07-28 10:57:13,1124.5,536655,5,1127.13,322336,284303,0.47355253752680077,0
2023-07-28 10:57:13,1124.55,536655,1,1127.13,322336,284303,0.4780200142959175,0
2023-07-28 10:57:21,1124.55,536656,1,1127.13,322336,284417,0.4780200142959175,0
2023-07-28 10:57:21,1124.05,536656,15,1127.13,322336,284417,0.4333452466047095,0
2023-07-28 10:57:21,1124.5,536656,1,1127.13,322336,284417,0.47355253752680077,0
2023-07-28 10:57:21,1124.0,536656,4,1127.13,322336,284417,0.4288777698355928,0
2023-07-28 10:57:26,1124.0,536702,4,1127.13,322314,284800,0.4288777698355928,0
2023-07-28 10:57:26,1124.5,536702,1,1127.13,322314,284800,0.47355253752680077,0
2023-07-28 10:57:26,1124.0,536702,1,1127.13,322314,284800,0.4288777698355928,0
2023-07-28 10:57:29,1124.0,536704,1,1127.13,322379,284681,0.4288777698355928,0
2023-07-28 10:57:29,1124.0,536704,1,1127.13,322379,284691,0.4288777698355928,0
2023-07-28 10:57:29,1124.0,536704,1,1127.13,322379,284845,0.4288777698355928,0
2023-07-28 10:57:29,1124.0,536704,1,1127.13,322379,284845,0.4288777698355928,0
2023-07-28 10:57:41,1124.5,536723,19,1127.13,322389,284801,0.47355253752680077,0
2023-07-28 10:57:41,1124.5,536723,1,1127.13,322389,284801,0.47355253752680077,0
2023-07-28 10:57:42,1124.5,536726,1,1127.13,322388,284671,0.47355253752680077,0
2023-07-28 10:57:42,1124.5,536726,4,1127.13,322388,284671,0.47355253752680077,0
2023-07-28 10:57:46,1124.5,536782,51,1127.13,322398,284417,0.47355253752680077,0
2023-07-28 10:57:46,1124.5,536782,8,1127.13,322398,284417,0.47355253752680077,0
2023-07-28 10:57:46,1124.0,536782,5,1127.13,322398,284417,0.4288777698355928,0
2023-07-28 10:57:49,1124.0,536945,5,1127.13,322343,284305,0.4288777698355928,0
2023-07-28 10:57:49,1124.85,536945,11,1127.13,322343,284305,0.5048248749106382,0
2023-07-28 10:57:52,1124.05,536987,2,1127.13,322391,284172,0.4333452466047095,0
2023-07-28 10:57:52,1124.05,536987,2,1127.13,322418,284170,0.4333452466047095,0
2023-07-28 10:57:52,1124.05,536987,1,1127.13,322418,284170,0.4333452466047095,0
2023-07-28 10:57:52,1124.8,536987,1,1127.13,322418,284170,0.5003573981415215,0
2023-07-28 10:57:57,1124.8,536989,1,1127.13,322416,284169,0.5003573981415215,0
2023-07-28 10:57:57,1124.8,536989,1,1127.13,322408,284172,0.5003573981415215,0
2023-07-28 10:57:57,1124.8,536989,1,1127.13,322343,284172,0.5003573981415215,0
2023-07-28 10:57:57,1124.8,536989,5,1127.13,322343,284172,0.5003573981415215,0
2023-07-28 10:58:07,1124.8,536994,5,1127.13,322345,284167,0.5003573981415215,0
2023-07-28 10:58:10,1124.8,536995,1,1127.13,322489,284216,0.5003573981415215,0
2023-07-28 10:58:10,1124.5,536995,5,1127.13,322489,284216,0.47355253752680077,0
2023-07-28 10:58:10,1124.85,536995,97,1127.13,322489,284216,0.5048248749106382,0
2023-07-28 10:58:12,1124.85,537100,97,1127.13,322707,284081,0.5048248749106382,0
2023-07-28 10:58:12,1124.85,537100,97,1127.13,322697,284187,0.5048248749106382,0
2023-07-28 10:58:12,1124.15,537100,18,1127.13,322697,284187,0.4422802001429633,0
2023-07-28 10:58:18,1124.7,537165,10,1127.13,322310,284634,0.49142244460328804,0
2023-07-28 10:58:21,1124.05,537166,1,1127.13,322309,284676,0.4333452466047095,0
2023-07-28 10:58:21,1124.7,537166,8,1127.13,322309,284676,0.49142244460328804,0
2023-07-28 10:58:22,1124.7,537174,8,1127.13,322314,284678,0.49142244460328804,0
2023-07-28 10:58:22,1124.7,537174,8,1127.13,322264,284674,0.49142244460328804,0
2023-07-28 10:58:22,1124.7,537174,8,1127.13,322252,284714,0.49142244460328804,0
2023-07-28 10:58:22,1124.7,537174,10,1127.13,322252,284714,0.49142244460328804,0
2023-07-28 10:58:33,1124.7,537184,10,1127.13,322254,284705,0.49142244460328804,0
2023-07-28 10:58:33,1124.7,537184,10,1127.13,322262,284725,0.49142244460328804,0
2023-07-28 10:58:33,1124.0,537184,76,1127.13,322262,284725,0.4288777698355928,0
2023-07-28 10:58:38,1124.7,537290,3,1127.13,322217,284807,0.49142244460328804,0
2023-07-28 10:58:38,1124.7,537290,3,1127.13,322210,284812,0.49142244460328804,0
2023-07-28 10:58:38,1124.05,537290,9,1127.13,322210,284812,0.4333452466047095,0
2023-07-28 10:58:45,1124.05,537300,9,1127.13,322198,284870,0.4333452466047095,0
2023-07-28 10:58:45,1124.05,537300,10,1127.13,322198,284870,0.4333452466047095,0
2023-07-28 10:58:45,1124.05,537300,3,1127.13,322198,284870,0.4333452466047095,0
2023-07-28 10:58:48,1124.05,537313,3,1127.13,322175,285156,0.4333452466047095,0
2023-07-28 10:58:48,1124.05,537313,10,1127.13,322175,285156,0.4333452466047095,0
2023-07-28 10:58:50,1124.05,537323,10,1127.13,322238,285146,0.4333452466047095,0
2023-07-28 10:58:50,1124.05,537323,5,1127.13,322238,285146,0.4333452466047095,0
2023-07-28 10:58:51,1124.05,537328,5,1127.13,322238,285143,0.4333452466047095,0
2023-07-28 10:58:56,1124.0,537447,450,1127.13,322119,285179,0.4288777698355928,0
2023-07-28 10:58:57,1124.0,538591,450,1127.12,321207,285265,0.4288777698355928,0
2023-07-28 10:58:57,1124.0,538591,1,1127.12,321207,285265,0.4288777698355928,0
2023-07-28 10:58:57,1124.0,538591,10,1127.12,321207,285265,0.4288777698355928,0
2023-07-28 10:59:00,1124.0,538612,10,1127.12,321123,285261,0.4288777698355928,0
2023-07-28 10:59:00,1124.0,538612,2,1127.12,321123,285261,0.4288777698355928,0
2023-07-28 10:59:00,1124.0,538612,2,1127.12,321123,285261,0.4288777698355928,0
2023-07-28 10:59:03,1124.0,538617,2,1127.12,321186,285261,0.4288777698355928,0
2023-07-28 10:59:03,1124.0,538617,1,1127.12,321186,285261,0.4288777698355928,0
2023-07-28 10:59:06,1124.0,538618,1,1127.12,321186,285227,0.4288777698355928,0
2023-07-28 10:59:06,1124.0,538618,1,1127.12,321186,285227,0.4288777698355928,0
2023-07-28 10:59:08,1124.0,538619,1,1127.12,321186,285231,0.4288777698355928,0
2023-07-28 10:59:08,1124.0,538619,3,1127.12,321186,285231,0.4288777698355928,0
2023-07-28 10:59:12,1124.0,538622,3,1127.12,321189,285229,0.4288777698355928,0
2023-07-28 10:59:12,1124.0,538622,5,1127.12,321189,285229,0.4288777698355928,0
2023-07-28 10:59:12,1123.5,538622,5,1127.12,321189,285229,0.3842030021443848,0
2023-07-28 10:59:14,1123.5,538632,5,1127.12,321181,285184,0.3842030021443848,0
2023-07-28 10:59:14,1123.5,538632,16,1127.12,321181,285184,0.3842030021443848,0
2023-07-28 10:59:16,1123.5,538648,16,1127.12,321165,285265,0.3842030021443848,0
2023-07-28 10:59:16,1123.5,538648,5,1127.12,321165,285265,0.3842030021443848,0
2023-07-28 10:59:16,1124.0,538648,23,1127.12,321165,285265,0.4288777698355928,0
2023-07-28 10:59:20,1124.0,538690,23,1127.12,321237,285216,0.4288777698355928,0
2023-07-28 10:59:20,1124.0,538690,1,1127.12,321237,285216,0.4288777698355928,0
2023-07-28 10:59:22,1124.0,538691,1,1127.12,321237,285215,0.4288777698355928,0
2023-07-28 10:59:22,1124.0,538691,1,1127.12,321237,285215,0.4288777698355928,0
2023-07-28 10:59:24,1124.0,538692,1,1127.12,321224,285136,0.4288777698355928,0
2023-07-28 10:59:24,1124.0,538692,1,1127.12,321353,284692,0.4288777698355928,0
2023-07-28 10:59:24,1124.0,538692,1,1127.12,321353,284744,0.4288777698355928,0
2023-07-28 10:59:24,1123.55,538692,46,1127.12,321353,284744,0.3886704789135015,0
2023-07-28 10:59:32,1123.55,538742,46,1127.12,321303,284744,0.3886704789135015,0
2023-07-28 10:59:35,1124.0,538762,20,1127.12,321522,284802,0.4288777698355928,0
2023-07-28 10:59:35,1124.0,538762,11,1127.12,321522,284802,0.4288777698355928,0
2023-07-28 10:59:38,1124.0,538774,1,1127.12,321671,284791,0.4288777698355928,0
2023-07-28 10:59:38,1123.6,538774,8,1127.12,321671,284791,0.3931379556826182,0
2023-07-28 10:59:38,1123.6,538796,8,1127.12,321354,285316,0.3931379556826182,0
2023-07-28 10:59:38,1123.6,538796,8,1127.12,321354,285190,0.3931379556826182,0
2023-07-28 10:59:38,1123.6,538796,8,1127.12,321342,285398,0.3931379556826182,0
2023-07-28 10:59:38,1124.25,538796,5,1127.12,321342,285398,0.4512151536811968,0
2023-07-28 10:59:47,1124.0,538809,3,1127.12,321344,285485,0.4288777698355928,0
2023-07-28 10:59:47,1123.55,538809,8,1127.12,321364,285485,0.3886704789135015,0
2023-07-28 10:59:51,1123.55,538817,8,1127.12,321423,285485,0.3886704789135015,0
2023-07-28 10:59:51,1123.55,538817,8,1127.12,321424,285485,0.3886704789135015,0
2023-07-28 10:59:51,1124.0,538817,1,1127.12,321424,285485,0.4288777698355928,0
2023-07-28 10:59:58,1124.0,538818,2,1127.12,321424,285684,0.4288777698355928,0
2023-07-28 10:59:59,1124.0,538820,2,1127.12,321425,285690,0.4288777698355928,0
2023-07-28 10:59:59,1124.0,538820,2,1127.12,321450,285751,0.4288777698355928,0
2023-07-28 10:59:59,1123.55,538820,3,1127.12,321450,285751,0.3886704789135015,0
2023-07-28 11:00:06,1123.55,538823,3,1127.12,321444,286011,0.3886704789135015,0
2023-07-28 11:00:06,1123.55,538823,7,1127.12,321444,286011,0.3886704789135015,0
2023-07-28 11:00:08,1123.95,538830,8,1127.12,321594,287011,0.42441029306647604,0
2023-07-28 11:00:10,1123.95,538838,8,1127.12,321596,287003,0.42441029306647604,0
2023-07-28 11:00:10,1123.55,538838,1,1127.12,321596,287003,0.3886704789135015,0
2023-07-28 11:00:13,1123.55,538839,1,1127.12,321695,286975,0.3886704789135015,0
2023-07-28 11:00:13,1123.55,538839,25,1127.12,321695,286975,0.3886704789135015,0
2023-07-28 11:00:16,1124.0,538864,5,1127.12,321733,287006,0.4288777698355928,0
2023-07-28 11:00:18,1124.0,538869,5,1127.12,321733,287001,0.4288777698355928,0
2023-07-28 11:00:22,1123.55,538879,10,1127.12,321798,286539,0.3886704789135015,0
2023-07-28 11:00:22,1123.55,538879,1,1127.12,321798,286539,0.3886704789135015,0
2023-07-28 11:00:22,1123.55,538879,1,1127.12,321798,286539,0.3886704789135015,0
2023-07-28 11:00:22,1123.55,538879,1,1127.12,321798,286539,0.3886704789135015,0
2023-07-28 11:00:22,1123.55,538879,20,1127.12,321798,286539,0.3886704789135015,0
2023-07-28 11:00:22,1124.0,538879,25,1127.12,321798,286539,0.4288777698355928,0
2023-07-28 11:00:27,1124.0,538950,25,1127.12,321903,286493,0.4288777698355928,0
2023-07-28 11:00:27,1124.0,538950,50,1127.12,321903,286493,0.4288777698355928,0
2023-07-28 11:00:27,1123.55,538950,2,1127.12,321903,286493,0.3886704789135015,0
2023-07-28 11:00:27,1124.0,538950,2,1127.12,321903,286493,0.4288777698355928,0
2023-07-28 11:00:30,1124.0,539114,2,1127.12,322031,286425,0.4288777698355928,0
2023-07-28 11:00:30,1124.0,539114,2,1127.12,322031,286425,0.4288777698355928,0
2023-07-28 11:00:30,1123.55,539114,5,1127.12,322030,286425,0.3886704789135015,0
2023-07-28 11:00:33,1123.55,539119,5,1127.12,322025,286435,0.3886704789135015,0
2023-07-28 11:00:33,1123.55,539119,5,1127.12,321955,286435,0.3886704789135015,0
2023-07-28 11:00:33,1123.55,539119,5,1127.12,321975,286435,0.3886704789135015,0
2023-07-28 11:00:33,1124.0,539119,55,1127.12,321975,286435,0.4288777698355928,0
2023-07-28 11:00:41,1124.0,539184,55,1127.12,322000,286402,0.4288777698355928,0
2023-07-28 11:00:41,1124.0,539184,1,1127.12,322000,286402,0.4288777698355928,0
2023-07-28 11:00:44,1124.0,539185,1,1127.12,322028,286401,0.4288777698355928,0
2023-07-28 11:00:44,1124.0,539185,1,1127.12,321972,286401,0.4288777698355928,0
2023-07-28 11:00:49,1124.0,539186,1,1127.12,321972,286400,0.4288777698355928,0
2023-07-28 11:00:49,1124.0,539186,16,1127.12,321972,286400,0.4288777698355928,0
2023-07-28 11:00:53,1124.0,539345,16,1127.12,322137,286010,0.4288777698355928,0
2023-07-28 11:00:53,1124.0,539345,2,1127.12,322137,286010,0.4288777698355928,0
2023-07-28 11:00:55,1124.0,539347,2,1127.12,322139,286026,0.4288777698355928,0
2023-07-28 11:00:55,1124.0,539347,1,1127.12,322139,286026,0.4288777698355928,0
2023-07-28 11:00:59,1124.65,539598,34,1127.12,322625,285333,0.4869549678341713,0
2023-07-28 11:00:59,1124.0,539598,10,1127.12,322625,285333,0.4288777698355928,0
2023-07-28 11:01:02,1124.0,539611,10,1127.12,322040,285829,0.4288777698355928,0
2023-07-28 11:01:02,1124.0,539611,10,1127.12,321888,286010,0.4288777698355928,0
2023-07-28 11:01:02,1124.0,539611,15,1127.12,321888,286010,0.4288777698355928,0
2023-07-28 11:01:07,1124.0,539626,15,1127.12,321792,285926,0.4288777698355928,0
2023-07-28 11:01:10,1124.0,539638,12,1127.12,321759,285772,0.4288777698355928,0
2023-07-28 11:01:10,1124.0,539638,8,1127.12,321759,285772,0.4288777698355928,0
2023-07-28 11:01:11,1124.0,539646,8,1127.12,321832,285554,0.4288777698355928,0
2023-07-28 11:01:11,1124.0,539646,8,1127.12,321832,285709,0.4288777698355928,0
2023-07-28 11:01:11,1124.0,539646,8,1127.12,321832,285709,0.4288777698355928,0
2023-07-28 11:01:11,1123.9,539646,9,1127.12,321832,285709,0.4199428162973593,0
2023-07-28 11:01:22,1123.9,539700,9,1127.12,321584,286420,0.4199428162973593,0
2023-07-28 11:01:22,1124.0,539700,25,1127.12,321584,286520,0.4288777698355928,0
2023-07-28 11:01:22,1124.0,539700,1,1127.12,321584,286520,0.4288777698355928,0
2023-07-28 11:01:26,1123.65,539727,10,1127.12,321541,286677,0.3976054324517553,0
2023-07-28 11:01:28,1123.65,539737,10,1127.12,321530,286820,0.3976054324517553,0
2023-07-28 11:01:28,1124.0,539737,7,1127.12,321530,286820,0.4288777698355928,0
2023-07-28 11:01:31,1124.0,539749,2,1127.12,321725,286868,0.4288777698355928,0
2023-07-28 11:01:35,1124.35,539851,60,1127.12,322042,285977,0.4601501072194302,0
2023-07-28 11:01:35,1123.7,539851,4,1127.12,322042,285977,0.402072909220872,0
2023-07-28 11:01:37,1123.7,539856,4,1127.12,322169,285973,0.402072909220872,0
2023-07-28 11:01:37,1123.7,539856,5,1127.12,322169,285973,0.402072909220872,0
2023-07-28 11:01:39,1123.7,539861,5,1127.12,322162,286218,0.402072909220872,0
2023-07-28 11:01:39,1124.45,539861,1,1127.12,322162,286218,0.469085060757684,0
2023-07-28 11:01:41,1124.45,539862,1,1127.12,322159,286217,0.469085060757684,0
2023-07-28 11:01:41,1124.45,539862,15,1127.12,322159,286217,0.469085060757684,0
2023-07-28 11:01:47,1124.45,539877,15,1127.12,322035,286202,0.469085060757684,0
2023-07-28 11:01:47,1124.45,539877,15,1127.12,322035,286269,0.469085060757684,0
2023-07-28 11:01:47,1124.45,539877,15,1127.12,322041,286269,0.469085060757684,0
2023-07-28 11:01:47,1124.45,539877,15,1127.12,322056,286269,0.469085060757684,0
2023-07-28 11:01:59,1124.45,539878,1,1127.12,322106,286159,0.469085060757684,0
2023-07-28 11:02:02,1124.45,539879,1,1127.12,322106,286081,0.469085060757684,0
2023-07-28 11:02:02,1124.45,539879,1,1127.12,322199,286083,0.469085060757684,0
2023-07-28 11:02:02,1124.05,539879,3,1127.12,322199,286083,0.4333452466047095,0
2023-07-28 11:02:07,1124.45,539902,20,1127.12,322177,286063,0.469085060757684,0
2023-07-28 11:02:07,1124.45,539902,3,1127.12,322177,286063,0.469085060757684,0
2023-07-28 11:02:09,1124.5,539958,27,1127.12,322311,286020,0.47355253752680077,0
2023-07-28 11:02:09,1124.65,539958,1,1127.12,322311,286020,0.4869549678341713,0
2023-07-28 11:02:11,1124.65,539959,1,1127.12,322491,286131,0.4869549678341713,0
2023-07-28 11:02:11,1124.65,539959,35,1127.12,322491,286131,0.4869549678341713,0
2023-07-28 11:02:11,1124.65,539959,10,1127.12,322491,286131,0.4869549678341713,0
2023-07-28 11:02:11,1124.8,539959,86,1127.12,322491,286131,0.5003573981415215,0
2023-07-28 11:02:16,1124.8,540104,86,1127.11,322591,285761,0.5003573981415215,0
2023-07-28 11:02:16,1125.0,540104,333,1127.11,322591,285761,0.5182273052180087,0
2023-07-28 11:02:19,1125.0,540604,100,1127.11,322693,285165,0.5182273052180087,0
2023-07-28 11:02:19,1125.0,540604,1,1127.11,322693,285165,0.5182273052180087,0
2023-07-28 11:02:21,1125.0,540605,1,1127.11,322696,285164,0.5182273052180087,0
2023-07-28 11:02:21,1125.0,540605,2,1127.11,322696,285164,0.5182273052180087,0
2023-07-28 11:02:21,1125.0,540605,2,1127.11,322696,285164,0.5182273052180087,0
2023-07-28 11:02:24,1125.0,540609,2,1127.11,322696,285170,0.5182273052180087,0
2023-07-28 11:02:24,1125.0,540609,2,1127.11,322796,285170,0.5182273052180087,0
2023-07-28 11:02:24,1125.0,540609,10,1127.11,322796,285170,0.5182273052180087,0
2023-07-28 11:02:29,1125.0,540619,10,1127.11,322801,285160,0.5182273052180087,0
2023-07-28 11:02:29,1124.2,540619,3,1127.11,322801,285160,0.44674767691208006,0
2023-07-28 11:02:35,1124.2,540655,3,1127.11,322512,285730,0.44674767691208006,0
2023-07-28 11:02:35,1124.2,540655,3,1127.11,322562,285846,0.44674767691208006,0
2023-07-28 11:02:35,1124.2,540655,3,1127.11,322246,287216,0.44674767691208006,0
2023-07-28 11:02:35,1124.25,540655,38,1127.11,322246,287216,0.4512151536811968,0
2023-07-28 11:02:44,1124.75,540703,28,1127.11,322017,287399,0.4958899213724048,0
2023-07-28 11:02:46,1124.75,540733,1,1127.11,322171,287427,0.4958899213724048,0
2023-07-28 11:02:51,1125.0,540774,14,1127.11,322595,286936,0.5182273052180087,0
2023-07-28 11:02:52,1125.0,540788,14,1127.11,322689,286927,0.5182273052180087,0
2023-07-28 11:02:56,1125.0,540861,73,1127.11,322714,286749,0.5182273052180087,0
2023-07-28 11:02:56,1125.0,540861,73,1127.11,322668,286749,0.5182273052180087,0
2023-07-28 11:02:56,1124.2,540861,7,1127.11,322668,286749,0.44674767691208006,0
2023-07-28 11:03:01,1124.2,540901,7,1127.11,322727,286977,0.44674767691208006,0
2023-07-28 11:03:01,1124.2,540901,7,1127.11,322772,286977,0.44674767691208006,0
2023-07-28 11:03:01,1124.2,540901,1,1127.11,322772,286977,0.44674767691208006,0
2023-07-28 11:03:08,1124.2,540902,1,1127.11,322772,287206,0.44674767691208006,0
2023-07-28 11:03:08,1125.0,540902,5,1127.11,322772,287206,0.5182273052180087,0
2023-07-28 11:03:16,1124.75,541007,12,1127.11,322882,286991,0.4958899213724048,0
2023-07-28 11:03:16,1124.75,541007,12,1127.11,322882,286991,0.4958899213724048,0
2023-07-28 11:03:16,1124.75,541007,12,1127.11,322917,286998,0.4958899213724048,0
2023-07-28 11:03:16,1124.75,541007,3,1127.11,322917,286998,0.4958899213724048,0
2023-07-28 11:03:24,1124.95,541110,5,1127.11,322488,287240,0.513759828448892,0
2023-07-28 11:03:24,1124.95,541115,5,1127.11,323024,287139,0.513759828448892,0
2023-07-28 11:03:24,1125.0,541115,1,1127.11,323024,287139,0.5182273052180087,0
2023-07-28 11:03:27,1125.0,541116,1,1127.11,323112,287138,0.5182273052180087,0
2023-07-28 11:03:27,1124.2,541116,58,1127.11,323112,287138,0.44674767691208006,0
2023-07-28 11:03:32,1124.85,541328,27,1127.11,322817,287193,0.5048248749106382,0
2023-07-28 11:03:32,1124.85,541328,27,1127.11,322827,287193,0.5048248749106382,0
2023-07-28 11:03:32,1124.85,541328,27,1127.11,322827,287243,0.5048248749106382,0
2023-07-28 11:03:39,1124.9,541343,2,1127.11,322819,287221,0.5092923516797753,0
2023-07-28 11:03:39,1124.9,541343,10,1127.11,322819,287221,0.5092923516797753,0
2023-07-28 11:03:40,1124.9,541353,10,1127.11,322819,287211,0.5092923516797753,0
2023-07-28 11:03:40,1124.9,541353,1,1127.11,322819,287211,0.5092923516797753,0
2023-07-28 11:03:43,1124.9,541354,1,1127.11,322820,287210,0.5092923516797753,0
2023-07-28 11:03:43,1124.3,541354,1,1127.11,322820,287210,0.4556826304503135,0
2023-07-28 11:03:45,1124.3,541355,1,1127.11,322819,287067,0.4556826304503135,0
2023-07-28 11:03:45,1124.3,541355,1,1127.11,323124,287003,0.4556826304503135,0
2023-07-28 11:03:45,1124.95,541355,1,1127.11,323124,287003,0.513759828448892,0
2023-07-28 11:03:50,1124.95,541356,1,1127.11,323107,287002,0.513759828448892,0
2023-07-28 11:03:50,1124.95,541356,1,1127.11,323137,287002,0.513759828448892,0
2023-07-28 11:03:50,1124.95,541356,1,1127.11,323137,287029,0.513759828448892,0
2023-07-28 11:03:50,1124.95,541356,1,1127.11,323137,287118,0.513759828448892,0
2023-07-28 11:03:50,1124.95,541356,1,1127.11,323137,287118,0.513759828448892,0
2023-07-28 11:03:50,1124.9,541356,1,1127.11,323137,287118,0.5092923516797753,0
2023-07-28 11:04:02,1124.9,541361,1,1127.11,323118,287194,0.5092923516797753,0
2023-07-28 11:04:02,1124.9,541361,1,1127.11,323118,287194,0.5092923516797753,0
2023-07-28 11:04:02,1124.95,541361,1,1127.11,323118,287194,0.513759828448892,0
2023-07-28 11:04:09,1124.95,541411,1,1127.11,323118,287144,0.513759828448892,0
2023-07-28 11:04:09,1124.95,541411,19,1127.11,323118,287144,0.513759828448892,0
2023-07-28 11:04:11,1124.95,541430,19,1127.11,323115,287080,0.513759828448892,0
2023-07-28 11:04:11,1124.95,541430,4,1127.11,323115,287080,0.513759828448892,0
2023-07-28 11:04:11,1124.95,541430,12,1127.11,323115,287080,0.513759828448892,0
2023-07-28 11:04:13,1124.95,541446,12,1127.11,323115,287151,0.513759828448892,0
2023-07-28 11:04:13,1124.95,541446,12,1127.11,323133,287087,0.513759828448892,0
2023-07-28 11:04:13,1124.35,541446,5,1127.11,323133,287087,0.4601501072194302,0
2023-07-28 11:04:13,1125.0,541446,126,1127.11,323133,287087,0.5182273052180087,0
2023-07-28 11:04:13,1124.3,541446,1,1127.11,323133,287087,0.4556826304503135,0
2023-07-28 11:04:20,1124.3,541611,1,1127.11,322928,287132,0.4556826304503135,0
2023-07-28 11:04:20,1124.3,541611,1,1127.11,322928,287332,0.4556826304503135,0
2023-07-28 11:04:20,1124.3,541611,1,1127.11,322928,287331,0.4556826304503135,0
2023-07-28 11:04:20,1124.5,541611,6,1127.11,322928,287331,0.47355253752680077,0
2023-07-28 11:04:28,1124.5,541617,6,1127.11,322922,287401,0.47355253752680077,0
2023-07-28 11:04:28,1124.95,541617,80,1127.11,322922,287401,0.513759828448892,0
2023-07-28 11:04:28,1124.3,541617,1,1127.11,322922,287401,0.4556826304503135,0
2023-07-28 11:04:32,1124.3,541699,1,1127.11,322890,287321,0.4556826304503135,0
2023-07-28 11:04:32,1124.3,541699,1,1127.11,322890,287243,0.4556826304503135,0
2023-07-28 11:04:32,1124.3,541699,1,1127.11,322955,287166,0.4556826304503135,0
2023-07-28 11:04:32,1124.4,541699,1,1127.11,322955,287166,0.4646175839885673,0
2023-07-28 11:04:41,1124.4,541700,1,1127.11,322967,287161,0.4646175839885673,0
2023-07-28 11:04:41,1125.0,541700,6,1127.11,322967,287161,0.5182273052180087,0
2023-07-28 11:04:44,1125.0,541717,6,1127.11,323028,287144,0.5182273052180087,0
2023-07-28 11:04:44,1124.4,541717,146,1127.11,323028,287144,0.4646175839885673,0
2023-07-28 11:04:44,1125.0,541717,5,1127.11,323028,287144,0.5182273052180087,0
2023-07-28 11:04:46,1125.0,541868,5,1127.11,322886,287234,0.5182273052180087,0
2023-07-28 11:04:46,1124.95,541868,2,1127.11,322886,287234,0.513759828448892,0
2023-07-28 11:04:46,1124.4,541868,15,1127.11,322886,287234,0.4646175839885673,0
2023-07-28 11:04:49,1124.95,541895,10,1127.11,322874,287222,0.513759828448892,0
2023-07-28 11:04:49,1124.95,541895,10,1127.11,322874,287222,0.513759828448892,0
2023-07-28 11:04:49,1124.95,541895,10,1127.11,322874,287232,0.513759828448892,0
2023-07-28 11:04:49,1124.3,541895,12,1127.11,322874,287232,0.4556826304503135,0
2023-07-28 11:04:54,1124.3,541920,12,1127.11,322799,287457,0.4556826304503135,0
2023-07-28 11:04:54,1124.95,541920,2,1127.11,322799,287457,0.513759828448892,0
2023-07-28 11:04:57,1124.95,541930,2,1127.11,322751,287452,0.513759828448892,0
2023-07-28 11:04:57,1124.95,541930,2,1127.11,322751,287452,0.513759828448892,0
2023-07-28 11:04:57,1124.2,541930,5,1127.11,322751,287452,0.44674767691208006,0
2023-07-28 11:05:01,1124.2,541942,5,1127.11,322807,287506,0.44674767691208006,0
2023-07-28 11:05:01,1124.25,541942,8,1127.11,322856,287506,0.4512151536811968,0
2023-07-28 11:05:07,1124.25,541952,8,1127.11,322810,287546,0.4512151536811968,0
2023-07-28 11:05:07,1124.95,541952,1,1127.11,322810,287546,0.513759828448892,0
2023-07-28 11:05:10,1124.95,541953,1,1127.11,322810,287545,0.513759828448892,0
2023-07-28 11:05:10,1124.95,541953,1,1127.11,322814,287576,0.513759828448892,0
2023-07-28 11:05:10,1124.5,541953,42,1127.11,322814,287576,0.47355253752680077,0
2023-07-28 11:05:17,1124.5,541995,42,1127.11,322766,287469,0.47355253752680077,0
2023-07-28 11:05:17,1124.5,541995,42,1127.11,322766,287664,0.47355253752680077,0
2023-07-28 11:05:17,1124.5,541995,5,1127.11,322766,287664,0.47355253752680077,0
2023-07-28 11:05:17,1124.95,541995,10,1127.11,322766,287664,0.513759828448892,0
2023-07-28 11:05:23,1124.95,542010,10,1127.11,322752,287654,0.513759828448892,0
2023-07-28 11:05:23,1124.5,542010,1,1127.11,322752,287654,0.47355253752680077,0
2023-07-28 11:05:26,1124.95,542012,1,1127.11,322760,287663,0.513759828448892,0
2023-07-28 11:05:26,1124.95,542012,1,1127.11,322770,287299,0.513759828448892,0
2023-07-28 11:05:26,1124.95,542012,1,1127.11,322770,287314,0.513759828448892,0
2023-07-28 11:05:26,1124.95,542012,6,1127.11,322770,287314,0.513759828448892,0
2023-07-28 11:05:26,1124.95,542012,2,1127.11,322770,287314,0.513759828448892,0
2023-07-28 11:05:36,1124.95,542020,2,1127.11,322867,287280,0.513759828448892,0
2023-07-28 11:05:36,1124.95,542020,2,1127.11,322867,287280,0.513759828448892,0
2023-07-28 11:05:39,1124.95,542023,2,1127.11,322867,287408,0.513759828448892,0
2023-07-28 11:05:39,1125.0,542023,1,1127.11,322867,287408,0.5182273052180087,0
2023-07-28 11:05:40,1125.0,542203,1,1127.11,323127,287114,0.5182273052180087,0
2023-07-28 11:05:40,1125.0,542203,1,1127.11,323127,287114,0.5182273052180087,0
2023-07-28 11:05:45,1125.0,542204,1,1127.11,323195,287113,0.5182273052180087,0
2023-07-28 11:05:45,1125.0,542204,1,1127.11,323183,287142,0.5182273052180087,0
2023-07-28 11:05:45,1124.8,542204,43,1127.11,323183,287142,0.5003573981415215,0
2023-07-28 11:05:49,1124.8,542249,43,1127.11,323136,287142,0.5003573981415215,0
2023-07-28 11:05:49,1125.0,542249,1,1127.11,323136,287142,0.5182273052180087,0
2023-07-28 11:05:53,1124.8,542292,42,1127.11,323089,287141,0.5003573981415215,0
2023-07-28 11:05:53,1124.8,542292,42,1127.11,323094,287141,0.5003573981415215,0
2023-07-28 11:05:53,1125.0,542292,22,1127.11,323094,287141,0.5182273052180087,0
2023-07-28 11:05:53,1125.0,542292,9,1127.11,323094,287141,0.5182273052180087,0
2023-07-28 11:05:59,1125.0,542323,9,1127.1,323094,287243,0.5182273052180087,0
2023-07-28 11:05:59,1125.0,542323,40,1127.1,323094,287243,0.5182273052180087,0
2023-07-28 11:06:01,1125.0,542383,40,1127.1,323096,287138,0.5182273052180087,0
2023-07-28 11:06:05,1124.95,542462,79,1127.1,323096,287263,0.513759828448892,0
2023-07-28 11:06:05,1125.0,542462,75,1127.1,323096,287263,0.5182273052180087,0
2023-07-28 11:06:07,1125.0,542558,75,1127.1,323106,287122,0.5182273052180087,0
2023-07-28 11:06:11,1125.0,542594,35,1127.1,323106,287086,0.5182273052180087,0
2023-07-28 11:06:11,1125.0,542594,1,1127.1,323106,287086,0.5182273052180087,0
2023-07-28 11:06:12,1125.0,542595,1,1127.1,323106,287085,0.5182273052180087,0
2023-07-28 11:06:12,1125.0,542595,1,1127.1,323106,287395,0.5182273052180087,0
2023-07-28 11:06:12,1125.0,542595,140,1127.1,323106,287395,0.5182273052180087,0
2023-07-28 11:06:18,1125.0,542737,2,1127.1,323093,287253,0.5182273052180087,0
2023-07-28 11:06:18,1124.5,542737,10,1127.1,323093,287253,0.47355253752680077,0
2023-07-28 11:06:20,1124.5,542747,10,1127.1,322670,287373,0.47355253752680077,0
2023-07-28 11:06:20,1125.0,542747,10,1127.1,322670,287373,0.5182273052180087,0
2023-07-28 11:06:20,1125.0,542747,20,1127.1,322670,287373,0.5182273052180087,0
2023-07-28 11:06:23,1124.9,542784,7,1127.1,322681,287432,0.5092923516797753,0
2023-07-28 11:06:23,1124.9,542784,7,1127.1,322681,287432,0.5092923516797753,0
2023-07-28 11:06:23,1124.9,542784,7,1127.1,322730,287432,0.5092923516797753,0
2023-07-28 11:06:28,1124.9,542786,2,1127.1,322725,287430,0.5092923516797753,0
2023-07-28 11:06:28,1124.9,542786,1,1127.1,322725,287430,0.5092923516797753,0
2023-07-28 11:06:29,1124.9,542787,1,1127.1,322725,287454,0.5092923516797753,0
2023-07-28 11:06:29,1124.9,542787,1,1127.1,322725,287454,0.5092923516797753,0
2023-07-28 11:06:32,1124.9,542788,1,1127.1,322739,287453,0.5092923516797753,0
2023-07-28 11:06:32,1125.0,542788,1,1127.1,322739,287453,0.5182273052180087,0
2023-07-28 11:06:35,1125.0,542840,42,1127.1,322759,287356,0.5182273052180087,0
2023-07-28 11:06:35,1124.35,542840,4,1127.1,322779,287501,0.4601501072194302,0
2023-07-28 11:06:35,1124.35,542840,26,1127.1,322779,287501,0.4601501072194302,0
2023-07-28 11:06:40,1124.35,542974,26,1127.1,322749,287542,0.4601501072194302,0
2023-07-28 11:06:40,1124.35,542974,26,1127.1,322728,287617,0.4601501072194302,0
2023-07-28 11:06:40,1124.95,542974,1,1127.1,322920,287672,0.513759828448892,0
2023-07-28 11:06:40,1124.95,542974,1,1127.1,322920,287672,0.513759828448892,0
2023-07-28 11:06:47,1124.95,542976,1,1127.1,322927,287668,0.513759828448892,0
2023-07-28 11:06:47,1124.5,542976,4,1127.1,322927,287668,0.47355253752680077,0
2023-07-28 11:06:47,1124.4,542976,30,1127.1,322927,287668,0.4646175839885673,0
2023-07-28 11:06:51,1124.4,543010,30,1127.1,322893,287679,0.4646175839885673,0
2023-07-28 11:06:51,1124.95,543010,25,1127.1,322893,287679,0.513759828448892,0
2023-07-28 11:06:53,1124.95,543035,25,1127.1,322950,288189,0.513759828448892,0
2023-07-28 11:06:53,1124.4,543035,32,1127.1,322950,288189,0.4646175839885673,0
2023-07-28 11:06:53,1124.95,543035,5,1127.1,322950,288189,0.513759828448892,0
2023-07-28 11:06:57,1124.95,543091,5,1127.1,322875,288183,0.513759828448892,0
2023-07-28 11:06:57,1124.4,543091,1,1127.1,322875,288183,0.4646175839885673,0
2023-07-28 11:06:59,1124.4,543092,1,1127.1,322871,288183,0.4646175839885673,0
2023-07-28 11:06:59,1124.95,543092,1,1127.1,322871,288183,0.513759828448892,0
2023-07-28 11:07:01,1124.95,543093,1,1127.1,323006,288182,0.513759828448892,0
2023-07-28 11:07:01,1124.5,543093,20,1127.1,323006,288182,0.47355253752680077,0
2023-07-28 11:07:04,1124.5,543113,20,1127.1,322883,288192,0.47355253752680077,0
2023-07-28 11:07:04,1124.5,543113,1,1127.1,322883,288192,0.47355253752680077,0
2023-07-28 11:07:07,1124.5,543114,1,1127.1,323012,288517,0.47355253752680077,0
2023-07-28 11:07:07,1124.9,543114,6,1127.1,323012,288517,0.5092923516797753,0
2023-07-28 11:07:07,1124.4,543114,33,1127.1,323012,288517,0.4646175839885673,0
2023-07-28 11:07:07,1124.4,543114,10,1127.1,323012,288517,0.4646175839885673,0
2023-07-28 11:07:12,1124.4,543424,10,1127.1,322908,288869,0.4646175839885673,0
2023-07-28 11:07:12,1124.9,543424,32,1127.1,322908,288869,0.5092923516797753,0
2023-07-28 11:07:14,1124.9,543474,32,1127.1,322908,288850,0.5092923516797753,0
2023-07-28 11:07:14,1124.9,543474,32,1127.1,322687,288855,0.5092923516797753,0
2023-07-28 11:07:14,1124.4,543474,10,1127.1,322687,288855,0.4646175839885673,0
2023-07-28 11:07:14,1124.95,543474,1,1127.1,322687,288855,0.513759828448892,0
2023-07-28 11:07:23,1124.95,543663,1,1127.1,322798,288615,0.513759828448892,0
2023-07-28 11:07:23,1124.9,543663,1,1127.1,322798,288615,0.5092923516797753,0
2023-07-28 11:07:25,1124.9,543665,1,1127.1,322819,288431,0.5092923516797753,0
2023-07-28 11:07:25,1124.4,543665,3,1127.1,322819,288431,0.4646175839885673,0
2023-07-28 11:07:28,1124.4,543668,3,1127.1,322849,288433,0.4646175839885673,0
2023-07-28 11:07:28,1124.4,543668,3,1127.1,322899,288433,0.4646175839885673,0
2023-07-28 11:07:28,1124.4,543668,3,1127.1,322899,288175,0.4646175839885673,0
2023-07-28 11:07:28,1124.95,543668,15,1127.1,322899,288175,0.513759828448892,0
2023-07-28 11:07:36,1124.95,543683,15,1127.1,323116,287937,0.513759828448892,0
2023-07-28 11:07:36,1124.95,543683,15,1127.1,323123,287937,0.513759828448892,0
2023-07-28 11:07:36,1124.95,543683,9,1127.1,323123,287937,0.513759828448892,0
2023-07-28 11:07:44,1124.95,543692,9,1127.1,323114,287928,0.513759828448892,0
2023-07-28 11:07:44,1124.95,543692,1,1127.1,323114,287928,0.513759828448892,0
2023-07-28 11:07:46,1124.95,543693,1,1127.1,323121,287947,0.513759828448892,0
2023-07-28 11:07:46,1124.5,543693,12,1127.1,323121,287947,0.47355253752680077,0
2023-07-28 11:07:50,1124.5,543707,2,1127.1,323107,287947,0.47355253752680077,0
2023-07-28 11:07:50,1124.25,543707,7,1127.1,323107,287947,0.4512151536811968,0
2023-07-28 11:07:51,1124.25,543907,7,1127.1,322527,288078,0.4512151536811968,0
2023-07-28 11:07:51,1124.25,543907,7,1127.1,322529,288169,0.4512151536811968,0
2023-07-28 11:07:51,1124.25,543907,7,1127.1,322529,288165,0.4512151536811968,0
2023-07-28 11:07:51,1124.3,543907,1,1127.1,322529,288165,0.4556826304503135,0
2023-07-28 11:07:51,1124.95,543907,3,1127.1,322529,288165,0.513759828448892,0
2023-07-28 11:08:04,1124.95,544011,63,1127.1,322630,287913,0.513759828448892,0
2023-07-28 11:08:04,1124.95,544011,5,1127.1,322630,287913,0.513759828448892,0
2023-07-28 11:08:05,1124.95,544016,5,1127.1,322679,287909,0.513759828448892,0
2023-07-28 11:08:05,1124.95,544016,5,1127.1,322680,287888,0.513759828448892,0
2023-07-28 11:08:05,1124.95,544016,9,1127.1,322680,287888,0.513759828448892,0
2023-07-28 11:08:05,1124.95,544016,8,1127.1,322680,287888,0.513759828448892,0
2023-07-28 11:08:12,1124.95,544069,17,1127.1,322979,287679,0.513759828448892,0
2023-07-28 11:08:12,1124.95,544069,1,1127.1,322979,287679,0.513759828448892,0
2023-07-28 11:08:14,1124.95,544078,1,1127.1,323104,287937,0.513759828448892,0
2023-07-28 11:08:14,1124.95,544078,76,1127.1,323104,287937,0.513759828448892,0
2023-07-28 11:08:17,1124.95,544156,76,1127.1,323176,287795,0.513759828448892,0
2023-07-28 11:08:17,1124.8,544156,1,1127.1,323176,287795,0.5003573981415215,0
2023-07-28 11:08:20,1124.95,544172,10,1127.1,323244,287871,0.513759828448892,0
2023-07-28 11:08:20,1124.5,544172,1,1127.1,323244,287871,0.47355253752680077,0
2023-07-28 11:08:21,1124.5,544173,1,1127.1,323243,287822,0.47355253752680077,0
2023-07-28 11:08:21,1124.25,544173,50,1127.1,323188,287821,0.4512151536811968,0
2023-07-28 11:08:21,1124.25,544173,2,1127.1,323188,287821,0.4512151536811968,0
2023-07-28 11:08:28,1124.25,544481,2,1127.1,322407,288102,0.4512151536811968,0
2023-07-28 11:08:28,1124.25,544481,2,1127.1,322464,288103,0.4512151536811968,0
2023-07-28 11:08:28,1124.25,544481,5,1127.1,322464,288103,0.4512151536811968,0
2023-07-28 11:08:32,1124.25,544486,50,1127.1,322459,288103,0.4512151536811968,0
2023-07-28 11:08:32,1124.25,544486,1,1127.1,322459,288103,0.4512151536811968,0
2023-07-28 11:08:32,1124.25,544486,1,1127.1,322459,288103,0.4512151536811968,0
2023-07-28 11:08:36,1124.9,544539,1,1127.1,322627,288212,0.5092923516797753,0
2023-07-28 11:08:36,1124.25,544539,14,1127.1,322627,288212,0.4512151536811968,0
2023-07-28 11:08:38,1124.25,544571,14,1127.09,322671,288247,0.4512151536811968,0
2023-07-28 11:08:38,1124.9,544571,5,1127.09,322671,288247,0.5092923516797753,0
2023-07-28 11:08:38,1124.25,544571,5,1127.09,322671,288247,0.4512151536811968,0
2023-07-28 11:08:42,1124.9,544582,1,1127.09,322683,288178,0.5092923516797753,0
2023-07-28 11:08:42,1124.9,544582,1,1127.09,322683,288145,0.5092923516797753,0
2023-07-28 11:08:42,1124.25,544582,1,1127.09,322683,288145,0.4512151536811968,0
2023-07-28 11:08:48,1124.25,544583,1,1127.09,322703,288146,0.4512151536811968,0
2023-07-28 11:08:53,1124.25,544592,1,1127.09,323170,287731,0.4512151536811968,0
2023-07-28 11:08:53,1124.25,544592,4,1127.09,323170,287731,0.4512151536811968,0
2023-07-28 11:08:53,1124.25,544692,4,1127.09,323209,287737,0.4512151536811968,0
2023-07-28 11:08:53,1124.9,544692,4,1127.09,323209,287737,0.5092923516797753,0
2023-07-28 11:08:56,1124.9,544697,4,1127.09,323270,287778,0.5092923516797753,0
2023-07-28 11:08:56,1124.9,544697,7,1127.09,323270,287778,0.5092923516797753,0
2023-07-28 11:08:56,1124.9,544697,10,1127.09,323270,287778,0.5092923516797753,0
2023-07-28 11:09:02,1124.9,544715,1,1127.09,323172,287760,0.5092923516797753,0
2023-07-28 11:09:02,1124.2,544715,66,1127.09,323172,287760,0.44674767691208006,0
2023-07-28 11:09:03,1124.2,544886,66,1127.09,322596,287926,0.44674767691208006,0
2023-07-28 11:09:03,1124.2,544886,66,1127.09,322652,287926,0.44674767691208006,0
2023-07-28 11:09:03,1124.85,544886,1,1127.09,322652,287926,0.5048248749106382,0
2023-07-28 11:09:09,1124.85,544887,1,1127.09,322733,287924,0.5048248749106382,0
2023-07-28 11:09:09,1124.9,544887,1,1127.09,322733,287924,0.5092923516797753,0
2023-07-28 11:09:11,1124.9,544888,1,1127.09,322734,287924,0.5092923516797753,0
2023-07-28 11:09:11,1124.9,544888,20,1127.09,322734,287924,0.5092923516797753,0
2023-07-28 11:09:14,1124.9,544908,20,1127.09,322825,288171,0.5092923516797753,0
2023-07-28 11:09:14,1124.9,544908,20,1127.09,322769,288171,0.5092923516797753,0
2023-07-28 11:09:14,1124.9,544908,5,1127.09,322769,288173,0.5092923516797753,0
2023-07-28 11:09:14,1124.3,544908,2,1127.09,322769,288173,0.4556826304503135,0
2023-07-28 11:09:22,1124.3,544921,2,1127.09,322766,288169,0.4556826304503135,0
2023-07-28 11:09:22,1124.3,544921,2,1127.09,322836,288166,0.4556826304503135,0
2023-07-28 11:09:27,1124.9,544922,1,1127.09,322836,288165,0.5092923516797753,0
2023-07-28 11:09:27,1124.9,544922,50,1127.09,322836,288165,0.5092923516797753,0
2023-07-28 11:09:27,1124.25,544922,49,1127.09,322836,288165,0.4512151536811968,0
2023-07-28 11:09:28,1124.25,545050,49,1127.09,322683,288223,0.4512151536811968,0
2023-07-28 11:09:28,1124.85,545050,26,1127.09,322683,288223,0.5048248749106382,0
2023-07-28 11:09:32,1124.25,545077,1,1127.09,322736,288247,0.4512151536811968,0
2023-07-28 11:09:32,1124.9,545077,195,1127.09,322736,288247,0.5092923516797753,0
2023-07-28 11:09:34,1124.9,545277,195,1127.09,322828,287844,0.5092923516797753,0
2023-07-28 11:09:34,1124.9,545277,8,1127.09,322828,287844,0.5092923516797753,0
2023-07-28 11:09:36,1124.9,545335,8,1127.09,322960,287778,0.5092923516797753,0
2023-07-28 11:09:36,1124.9,545335,50,1127.09,322960,287778,0.5092923516797753,0
2023-07-28 11:09:39,1124.9,545385,50,1127.09,322965,287719,0.5092923516797753,0
2023-07-28 11:09:39,1124.9,545385,1,1127.09,322877,287720,0.5092923516797753,0
2023-07-28 11:09:43,1124.9,545386,1,1127.09,322963,287795,0.5092923516797753,0
2023-07-28 11:09:43,1124.3,545386,10,1127.09,322963,287795,0.4556826304503135,0
2023-07-28 11:09:50,1124.25,545396,5,1127.09,322985,287795,0.4512151536811968,0
2023-07-28 11:09:54,1124.25,545403,1,1127.09,322976,288052,0.4512151536811968,0
2023-07-28 11:09:54,1124.95,545403,32,1127.09,322976,288052,0.513759828448892,0
2023-07-28 11:09:56,1124.95,545603,4,1127.09,323043,287649,0.513759828448892,0
2023-07-28 11:09:57,1124.95,545607,4,1127.09,323225,287615,0.513759828448892,0
2023-07-28 11:09:57,1124.95,545607,4,1127.09,323285,287615,0.513759828448892,0
2023-07-28 11:09:57,1124.95,545607,4,1127.09,323385,287615,0.513759828448892,0
2023-07-28 11:09:57,1124.95,545607,4,1127.09,323385,287615,0.513759828448892,0
2023-07-28 11:09:57,1124.95,545607,4,1127.09,323386,287611,0.513759828448892,0
2023-07-28 11:09:57,1124.95,545607,35,1127.09,323386,287611,0.513759828448892,0
2023-07-28 11:10:14,1124.95,545652,35,1127.09,323511,287531,0.513759828448892,0
2023-07-28 11:10:14,1124.4,545652,4,1127.09,323511,287531,0.4646175839885673,0
2023-07-28 11:10:16,1124.3,545656,4,1127.09,323225,287665,0.4556826304503135,0
2023-07-28 11:10:18,1124.3,545671,4,1127.09,323038,287929,0.4556826304503135,0
2023-07-28 11:10:23,1124.25,545781,2,1127.09,322903,288124,0.4512151536811968,0
2023-07-28 11:10:23,1124.25,545781,2,1127.09,322903,288124,0.4512151536811968,0
2023-07-28 11:10:27,1124.25,545788,2,1127.09,322994,288137,0.4512151536811968,0
2023-07-28 11:10:27,1124.25,545788,2,1127.09,322994,288382,0.4512151536811968,0
2023-07-28 11:10:33,1124.5,545790,2,1127.09,322939,288318,0.47355253752680077,0
2023-07-28 11:10:33,1124.8,545790,34,1127.09,322939,288318,0.5003573981415215,0
2023-07-28 11:10:33,1124.8,545824,34,1127.09,323262,287506,0.5003573981415215,0
2023-07-28 11:10:33,1124.8,545824,34,1127.09,322992,287658,0.5003573981415215,0
2023-07-28 11:10:33,1124.25,545824,4,1127.09,322992,287658,0.4512151536811968,0
2023-07-28 11:10:33,1124.8,545824,1,1127.09,322992,287658,0.5003573981415215,0
2023-07-28 11:10:33,1124.2,545824,197,1127.09,322992,287658,0.44674767691208006,0
2023-07-28 11:10:41,1124.2,546030,197,1127.09,322548,287530,0.44674767691208006,0
2023-07-28 11:10:41,1124.0,546030,12,1127.09,322548,287530,0.4288777698355928,0
2023-07-28 11:10:41,1124.75,546030,10,1127.09,322548,287530,0.4958899213724048,0
2023-07-28 11:10:43,1124.75,546440,2,1127.09,322404,286734,0.4958899213724048,0
2023-07-28 11:10:45,1124.75,546442,2,1127.09,322746,286541,0.4958899213724048,0
2023-07-28 11:10:45,1124.75,546442,2,1127.09,322770,286561,0.4958899213724048,0
2023-07-28 11:10:52,1124.8,546462,6,1127.09,322772,286588,0.5003573981415215,0
2023-07-28 11:10:52,1124.8,546462,72,1127.09,322772,286588,0.5003573981415215,0
2023-07-28 11:10:55,1124.8,546557,15,1127.09,322635,286536,0.5003573981415215,0
2023-07-28 11:10:55,1124.8,546557,15,1127.09,322635,286536,0.5003573981415215,0
2023-07-28 11:10:55,1124.9,546557,7,1127.09,322635,286536,0.5092923516797753,0
2023-07-28 11:10:57,1124.9,546567,7,1127.09,322635,286575,0.5092923516797753,0
2023-07-28 11:10:57,1124.9,546567,7,1127.09,322240,287584,0.5092923516797753,0
2023-07-28 11:10:57,1124.0,546567,2,1127.09,322240,287584,0.4288777698355928,0
2023-07-28 11:11:00,1124.0,546669,2,1127.08,322042,287929,0.4288777698355928,0
2023-07-28 11:11:00,1124.0,546669,2,1127.08,322096,287969,0.4288777698355928,0
2023-07-28 11:11:00,1124.0,546669,30,1127.08,322096,287969,0.4288777698355928,0
2023-07-28 11:11:07,1124.0,546771,1,1127.08,321995,287973,0.4288777698355928,0
2023-07-28 11:11:07,1124.0,546771,1,1127.08,322153,287980,0.4288777698355928,0
2023-07-28 11:11:07,1124.0,546771,10,1127.08,322153,287980,0.4288777698355928,0
2023-07-28 11:11:07,1124.65,546771,23,1127.08,322153,287980,0.4869549678341713,0
2023-07-28 11:11:15,1124.65,546886,2,1127.08,322211,289068,0.4869549678341713,0
2023-07-28 11:11:15,1124.65,546886,2,1127.08,322211,289068,0.4869549678341713,0
2023-07-28 11:11:15,1124.0,546886,10,1127.08,322211,289068,0.4288777698355928,0
2023-07-28 11:11:17,1124.0,546946,26,1127.08,322196,289020,0.4288777698355928,0
2023-07-28 11:11:17,1124.65,546946,1,1127.08,322196,289020,0.4869549678341713,0
2023-07-28 11:11:22,1124.65,546947,20,1127.08,322196,288943,0.4869549678341713,0
2023-07-28 11:11:24,1124.65,546968,20,1127.08,322292,288921,0.4869549678341713,0
2023-07-28 11:11:24,1124.65,546968,2,1127.08,322292,288921,0.4869549678341713,0
2023-07-28 11:11:24,1124.0,546968,5,1127.08,322292,288921,0.4288777698355928,0
2023-07-28 11:11:28,1124.65,546975,1,1127.08,322315,288893,0.4869549678341713,0
2023-07-28 11:11:31,1121.0,553104,11,1127.03,317454,289733,0.16082916368834474,0
2023-07-28 11:11:31,1122.0,553104,18,1127.03,317454,289733,0.25017869907076073,0
2023-07-28 11:11:31,1121.0,553411,1,1127.03,319300,290161,0.16082916368834474,0
2023-07-28 11:11:31,1121.7,553411,6,1127.03,319300,290161,0.22337383845604003,0
2023-07-28 11:11:36,1121.75,553463,1,1127.03,319264,290379,0.22784131522515674,0
2023-07-28 11:11:36,1121.75,553463,1,1127.03,319264,290379,0.22784131522515674,0
2023-07-28 11:11:36,1121.75,553463,1,1127.03,319264,290474,0.22784131522515674,0
2023-07-28 11:11:36,1121.0,553463,1,1127.03,319264,290474,0.16082916368834474,0
2023-07-28 11:11:40,1121.0,553464,1,1127.03,319259,290484,0.16082916368834474,0
2023-07-28 11:11:40,1121.0,553464,1,1127.03,319224,290484,0.16082916368834474,0
2023-07-28 11:11:40,1121.0,553464,2,1127.03,319224,290484,0.16082916368834474,0
2023-07-28 11:11:40,1121.75,553464,3,1127.03,319224,290484,0.22784131522515674,0
2023-07-28 11:11:46,1121.0,553886,2,1127.02,318943,290644,0.16082916368834474,0
2023-07-28 11:11:46,1121.7,553886,10,1127.02,318943,290644,0.22337383845604003,0
2023-07-28 11:11:47,1121.7,553896,10,1127.02,318955,290645,0.22337383845604003,0
2023-07-28 11:11:47,1121.7,553896,1,1127.02,318955,290645,0.22337383845604003,0
2023-07-28 11:11:49,1121.0,553897,2,1127.02,318988,290539,0.16082916368834474,0
2023-07-28 11:11:49,1121.6,553897,3,1127.02,318988,290539,0.21443888491778623,0
2023-07-28 11:11:54,1121.6,553902,3,1127.02,319315,290552,0.21443888491778623,0
2023-07-28 11:11:54,1121.95,553902,4,1127.02,319315,290552,0.24571122230164402,0
2023-07-28 11:11:54,1121.75,553902,45,1127.02,319315,290552,0.22784131522515674,0
2023-07-28 11:11:56,1121.75,554951,45,1127.01,319737,289999,0.22784131522515674,0
2023-07-28 11:11:56,1122.0,554951,265,1127.01,319737,289999,0.25017869907076073,0
2023-07-28 11:11:58,1122.0,555381,265,1127.01,319832,291013,0.25017869907076073,0
2023-07-28 11:11:58,1121.3,555381,8,1127.01,319784,290913,0.1876340243030655,0
2023-07-28 11:11:58,1121.0,555381,16,1127.01,319784,290913,0.16082916368834474,0
2023-07-28 11:12:02,1121.0,555407,16,1127.01,318981,291466,0.16082916368834474,0
2023-07-28 11:12:02,1121.8,555407,25,1127.01,318981,291466,0.23230879199427348,0
2023-07-28 11:12:05,1121.8,555433,1,1127.01,319047,291433,0.23230879199427348,0
2023-07-28 11:12:05,1121.8,555433,1,1127.01,319197,291423,0.23230879199427348,0
2023-07-28 11:12:05,1121.8,555433,1,1127.01,318897,291378,0.23230879199427348,0
2023-07-28 11:12:05,1121.8,555433,1,1127.01,318897,291378,0.23230879199427348,0
2023-07-28 11:12:05,1121.3,555433,4,1127.01,318897,291378,0.1876340243030655,0
2023-07-28 11:12:12,1121.8,555539,1,1127.01,319623,290530,0.23230879199427348,0
2023-07-28 11:12:12,1121.8,555539,7,1127.01,319623,290530,0.23230879199427348,0
2023-07-28 11:12:15,1122.0,555549,1,1127.01,320066,290595,0.25017869907076073,0
2023-07-28 11:12:17,1121.8,555850,1,1127.01,319321,290846,0.23230879199427348,0
2023-07-28 11:12:17,1121.8,555850,1,1127.01,319511,290800,0.23230879199427348,0
2023-07-28 11:12:17,1121.8,555850,45,1127.01,319511,290800,0.23230879199427348,0
2023-07-28 11:12:17,1121.8,555850,1,1127.01,319511,290800,0.23230879199427348,0
2023-07-28 11:12:22,1121.8,555896,1,1127.0,319470,289737,0.23230879199427348,0
2023-07-28 11:12:22,1121.9,555896,3,1127.0,319470,289737,0.24124374553252728,0
2023-07-28 11:12:24,1121.9,555899,3,1127.0,319470,289769,0.24124374553252728,0
2023-07-28 11:12:24,1121.9,555899,1,1127.0,319470,289769,0.24124374553252728,0
2023-07-28 11:12:26,1121.9,555900,1,1127.0,319495,289769,0.24124374553252728,0
2023-07-28 11:12:26,1121.9,555900,1,1127.0,319706,289727,0.24124374553252728,0
2023-07-28 11:12:26,1121.8,555900,10,1127.0,319706,289727,0.23230879199427348,0
2023-07-28 11:12:34,1121.3,556110,2,1127.0,319422,289930,0.1876340243030655,0
2023-07-28 11:12:34,1121.8,556110,35,1127.0,319422,289930,0.23230879199427348,0
2023-07-28 11:12:34,1121.0,556110,390,1127.0,319422,289930,0.16082916368834474,0
2023-07-28 11:12:38,1121.0,556989,10,1126.99,319113,290548,0.16082916368834474,0
2023-07-28 11:12:38,1121.0,556989,10,1126.99,319113,290548,0.16082916368834474,0
2023-07-28 11:12:38,1121.0,556989,10,1126.99,319127,290599,0.16082916368834474,0
2023-07-28 11:12:38,1121.0,556989,1,1126.99,319127,290599,0.16082916368834474,0
2023-07-28 11:12:38,1121.0,556989,1,1126.99,319127,290599,0.16082916368834474,0
2023-07-28 11:12:38,1120.95,556989,3,1126.99,319127,290599,0.15636168691922803,0
2023-07-28 11:12:44,1120.95,556994,3,1126.99,319331,290571,0.15636168691922803,0
2023-07-28 11:12:44,1119.9,556994,40,1126.99,319331,290571,0.06254467476769526,0
2023-07-28 11:12:45,1119.95,561881,1,1126.93,316682,290870,0.067012151536812,0
2023-07-28 11:12:45,1120.0,561881,34,1126.93,316682,290870,0.07147962830592874,0
2023-07-28 11:12:49,1120.0,561917,165,1126.93,317012,290549,0.07147962830592874,0
2023-07-28 11:12:49,1120.0,561917,5,1126.93,317012,290549,0.07147962830592874,0
2023-07-28 11:12:52,1119.9,562187,43,1126.93,316945,290555,0.06254467476769526,0
2023-07-28 11:12:52,1120.0,562187,15,1126.93,316945,290555,0.07147962830592874,0
2023-07-28 11:12:52,1119.8,562187,16,1126.93,316945,290555,0.05360972122944148,0
2023-07-28 11:12:54,1119.8,562223,16,1126.93,316925,290765,0.05360972122944148,0
2023-07-28 11:12:54,1120.3,562223,2,1126.93,316925,290765,0.09828448892064948,0
2023-07-28 11:12:54,1119.8,562223,6,1126.93,316925,290765,0.05360972122944148,0
2023-07-28 11:12:57,1120.0,562327,1,1126.93,316252,289851,0.07147962830592874,0
2023-07-28 11:12:57,1120.0,562327,1,1126.93,316252,289851,0.07147962830592874,0
2023-07-28 11:12:59,1119.8,562339,10,1126.93,316554,290010,0.05360972122944148,0
2023-07-28 11:12:59,1119.8,562339,10,1126.93,316669,290209,0.05360972122944148,0
2023-07-28 11:12:59,1119.0,562339,6,1126.93,316669,290209,-0.017869907076487265,0
2023-07-28 11:13:05,1119.25,563451,1,1126.91,315765,290265,0.004467476769116737,0
2023-07-28 11:13:05,1116.7,563451,2,1126.91,315765,290265,-0.22337383845604003,0
2023-07-28 11:13:07,1116.6,565414,10,1126.88,316306,290831,-0.2323087919942938,0
2023-07-28 11:13:07,1117.2,565414,6,1126.88,316306,290831,-0.17869907076483202,0
2023-07-28 11:13:07,1116.95,565414,2,1126.88,316306,290831,-0.201036454610436,0
2023-07-28 11:13:07,1117.1,565414,2,1126.88,316306,290831,-0.18763402430308582,0
2023-07-28 11:13:10,1117.1,566654,2,1126.86,316371,290961,-0.18763402430308582,0
2023-07-28 11:13:10,1116.1,566654,19,1126.86,316371,290961,-0.2769835596855018,0
2023-07-28 11:13:10,1116.9,566654,1,1126.86,316371,290961,-0.20550393137955275,0
2023-07-28 11:13:10,1117.7,566654,10,1126.86,316371,290961,-0.134024303073624,0
2023-07-28 11:13:13,1118.0,568160,33,1126.83,314137,289622,-0.10721944245890327,0
2023-07-28 11:13:13,1117.55,568160,70,1126.83,314137,289622,-0.14742673338099455,0
2023-07-28 11:13:13,1117.1,568160,23,1126.83,314137,289622,-0.18763402430308582,0
2023-07-28 11:13:13,1113.05,568160,33,1126.83,314137,289622,-0.5494996426018666,0
2023-07-28 11:13:16,1114.85,576748,10,1126.66,309001,291519,-0.3886704789135218,0
2023-07-28 11:13:16,1114.75,576748,1,1126.66,309001,291519,-0.3976054324517553,0
2023-07-28 11:13:18,1114.65,576803,5,1126.66,308506,291722,-0.40654038598998876,0
2023-07-28 11:13:18,1114.6,576803,10,1126.66,308506,291722,-0.4110078627591258,0
2023-07-28 11:13:21,1114.5,577001,7,1126.65,308813,291837,-0.4199428162973593,0
2023-07-28 11:13:21,1114.05,577001,1,1126.65,308813,291837,-0.46015010721945054,0
2023-07-28 11:13:23,1114.6,577744,58,1126.64,309076,290478,-0.4110078627591258,0
2023-07-28 11:13:23,1114.6,577744,58,1126.64,309076,290478,-0.4110078627591258,0
2023-07-28 11:13:23,1114.0,577744,3,1126.64,309076,290478,-0.4646175839885673,0
2023-07-28 11:13:23,1114.75,577744,24,1126.64,309076,290478,-0.3976054324517553,0
2023-07-28 11:13:26,1114.75,577971,24,1126.63,309254,290206,-0.3976054324517553,0
2023-07-28 11:13:26,1114.6,577971,1,1126.63,309254,290206,-0.4110078627591258,0
2023-07-28 11:13:29,1114.95,579582,5,1126.59,308759,289821,-0.37973552537526806,0
2023-07-28 11:13:29,1114.0,579582,43,1126.59,308759,289821,-0.4646175839885673,0
2023-07-28 11:13:31,1114.0,579686,43,1126.59,308762,292500,-0.4646175839885673,0
2023-07-28 11:13:31,1114.7,579686,5,1126.59,308762,292500,-0.402072909220872,0
2023-07-28 11:13:31,1114.95,579686,5,1126.59,308762,292500,-0.37973552537526806,0
2023-07-28 11:13:33,1114.95,581593,5,1126.55,309113,290990,-0.37973552537526806,0
2023-07-28 11:13:33,1114.15,581593,8,1126.55,309113,290990,-0.4512151536811968,0
2023-07-28 11:13:35,1114.15,581608,8,1126.55,309263,291405,-0.4512151536811968,0
2023-07-28 11:13:35,1114.05,581608,1,1126.55,309263,291405,-0.46015010721945054,0
2023-07-28 11:13:35,1114.05,581608,1,1126.55,309263,291405,-0.46015010721945054,0
2023-07-28 11:13:39,1113.85,582638,1,1126.53,308865,291977,-0.4780200142959378,0
2023-07-28 11:13:39,1113.85,582638,1,1126.53,308865,291977,-0.4780200142959378,0
2023-07-28 11:13:39,1113.9,582638,33,1126.53,308865,291977,-0.47355253752680077,0
2023-07-28 11:13:42,1114.45,582695,10,1126.53,309408,290942,-0.42441029306647604,0
2023-07-28 11:13:42,1114.4,582695,50,1126.53,309408,290942,-0.4288777698355928,0
2023-07-28 11:13:42,1114.4,582795,50,1126.52,309435,290999,-0.4288777698355928,0
2023-07-28 11:13:42,1114.25,582795,1,1126.52,309435,290999,-0.4422802001429633,0
2023-07-28 11:13:42,1113.95,582795,2,1126.52,309435,290999,-0.469085060757684,0
2023-07-28 11:13:47,1114.0,582853,8,1126.52,309043,291696,-0.4646175839885673,0
2023-07-28 11:13:47,1113.15,582853,20,1126.52,309043,291696,-0.5405646890636128,0
2023-07-28 11:13:47,1114.0,582853,16,1126.52,309043,291696,-0.4646175839885673,0
2023-07-28 11:13:47,1113.0,582853,70,1126.52,309043,291696,-0.5539671193709833,0
2023-07-28 11:13:50,1113.75,583638,2,1126.5,309058,290845,-0.4869549678341713,0
2023-07-28 11:13:50,1113.05,583638,9,1126.5,309058,290845,-0.5494996426018666,0
2023-07-28 11:13:50,1113.8,583638,4,1126.5,309058,290845,-0.48248749106505456,0
2023-07-28 11:13:50,1114.0,583638,22,1126.5,309058,290845,-0.4646175839885673,0
2023-07-28 11:13:50,1113.5,583638,1,1126.5,309058,290845,-0.5092923516797753,0
2023-07-28 11:13:56,1113.95,583863,1,1126.5,308943,291370,-0.469085060757684,0
2023-07-28 11:13:56,1113.15,583863,15,1126.5,308943,291370,-0.5405646890636128,0
2023-07-28 11:13:58,1113.15,583935,1,1126.5,309198,291389,-0.5405646890636128,0
2023-07-28 11:13:58,1113.9,583935,2,1126.5,309198,291389,-0.47355253752680077,0
2023-07-28 11:13:58,1114.0,583935,68,1126.5,309198,291389,-0.4646175839885673,0
2023-07-28 11:14:00,1114.0,584016,44,1126.5,309406,290787,-0.4646175839885673,0
2023-07-28 11:14:00,1113.9,584016,2,1126.5,309406,290787,-0.47355253752680077,0
2023-07-28 11:14:03,1113.9,584127,20,1126.49,309658,290665,-0.47355253752680077,0
2023-07-28 11:14:03,1114.0,584127,20,1126.49,309658,290665,-0.4646175839885673,0
2023-07-28 11:14:03,1113.9,584127,2,1126.49,309658,290665,-0.47355253752680077,0
2023-07-28 11:14:05,1113.9,584160,2,1126.49,309786,290748,-0.47355253752680077,0
2023-07-28 11:14:06,1114.0,584165,5,1126.49,309816,290743,-0.4646175839885673,0
2023-07-28 11:14:06,1114.0,584165,2,1126.49,309816,290729,-0.4646175839885673,0
2023-07-28 11:14:08,1114.0,584212,2,1126.49,309988,290293,-0.4646175839885673,0
2023-07-28 11:14:10,1114.0,584242,6,1126.49,309890,290341,-0.4646175839885673,0
2023-07-28 11:14:11,1114.0,584259,1,1126.49,309652,290641,-0.4646175839885673,0
2023-07-28 11:14:11,1114.5,584268,4,1126.49,309717,289067,-0.4199428162973593,0
2023-07-28 11:14:14,1114.5,584269,1,1126.49,310278,289041,-0.4199428162973593,0
2023-07-28 11:14:15,1114.15,584289,19,1126.49,310357,290170,-0.4512151536811968,0
2023-07-28 11:14:16,1114.7,584293,3,1126.49,310172,290109,-0.402072909220872,0
2023-07-28 11:14:16,1114.7,584293,5,1126.49,310172,290109,-0.402072909220872,0
2023-07-28 11:14:17,1114.7,584322,4,1126.49,310197,290123,-0.402072909220872,0
2023-07-28 11:14:17,1114.0,584322,108,1126.49,310197,290123,-0.4646175839885673,0
2023-07-28 11:14:18,1114.0,584722,108,1126.48,309948,290710,-0.4646175839885673,0
2023-07-28 11:14:18,1114.15,584722,50,1126.48,309948,290710,-0.4512151536811968,0
2023-07-28 11:14:19,1114.15,584772,50,1126.48,309948,290600,-0.4512151536811968,0
2023-07-28 11:14:19,1114.7,584772,10,1126.48,309948,290600,-0.402072909220872,0
2023-07-28 11:14:21,1114.5,584786,3,1126.48,310026,290604,-0.4199428162973593,0
2023-07-28 11:14:22,1114.1,584812,2,1126.48,309887,290711,-0.4556826304503338,0
2023-07-28 11:14:23,1114.8,584853,4,1126.48,309867,290693,-0.39313795568263854,0
2023-07-28 11:14:23,1114.85,584903,22,1126.48,309917,290720,-0.3886704789135218,0
2023-07-28 11:14:23,1114.85,584903,22,1126.48,310109,290430,-0.3886704789135218,0
2023-07-28 11:14:26,1114.7,584905,2,1126.48,310119,290455,-0.402072909220872,0
2023-07-28 11:14:26,1115.2,584905,9,1126.48,310119,290455,-0.35739814152966404,0
2023-07-28 11:14:26,1114.75,584905,46,1126.48,310119,290455,-0.3976054324517553,0
2023-07-28 11:14:27,1114.75,585336,46,1126.47,310280,290302,-0.3976054324517553,0
2023-07-28 11:14:27,1115.35,585336,1,1126.47,310280,290302,-0.3439957112223138,0
2023-07-28 11:14:29,1115.5,585342,1,1126.47,310824,290043,-0.3305932809149433,0
2023-07-28 11:14:29,1115.5,585342,1,1126.47,310824,290043,-0.3305932809149433,0
2023-07-28 11:14:30,1115.5,585343,4,1126.47,311036,290033,-0.3305932809149433,0
2023-07-28 11:14:31,1115.5,585347,4,1126.47,311036,290067,-0.3305932809149433,0
2023-07-28 11:14:32,1116.05,585390,1,1126.47,312002,289841,-0.28145103645461855,0
2023-07-28 11:14:32,1116.05,585390,1,1126.47,312002,289841,-0.28145103645461855,0
2023-07-28 11:14:32,1116.05,585390,1,1126.47,312037,290088,-0.28145103645461855,0
2023-07-28 11:14:34,1116.05,585412,2,1126.47,312040,289907,-0.28145103645461855,0
2023-07-28 11:14:34,1116.05,585412,2,1126.47,312040,289907,-0.28145103645461855,0
2023-07-28 11:14:34,1116.05,585412,2,1126.47,310828,289081,-0.28145103645461855,0
2023-07-28 11:14:37,1116.05,585416,4,1126.47,310829,289127,-0.28145103645461855,0
2023-07-28 11:14:38,1116.05,585418,1,1126.47,310861,287781,-0.28145103645461855,0
2023-07-28 11:14:38,1116.05,585418,1,1126.47,310864,288010,-0.28145103645461855,0
2023-07-28 11:14:38,1116.2,585418,1,1126.47,310965,288010,-0.268048606147248,0
2023-07-28 11:14:40,1116.0,585419,4,1126.47,310967,288061,-0.2859185132237353,0
2023-07-28 11:14:40,1116.0,585419,1,1126.47,310967,288061,-0.2859185132237353,0
2023-07-28 11:14:43,1116.0,585434,1,1126.47,311018,288034,-0.2859185132237353,0
2023-07-28 11:14:43,1115.5,585434,25,1126.47,311018,288034,-0.3305932809149433,0
2023-07-28 11:14:45,1116.35,586016,48,1126.46,310760,287453,-0.2546461758398978,0
2023-07-28 11:14:45,1115.7,586041,25,1126.46,310735,287706,-0.31272337383845605,0
2023-07-28 11:14:47,1115.7,586046,5,1126.46,310651,287670,-0.31272337383845605,0
2023-07-28 11:14:47,1116.55,586046,4,1126.46,310652,287872,-0.23677626876341054,0
2023-07-28 11:14:48,1116.55,586050,4,1126.46,310670,287968,-0.23677626876341054,0
2023-07-28 11:14:50,1116.55,586079,2,1126.46,310856,288233,-0.23677626876341054,0
2023-07-28 11:14:51,1116.4,586147,1,1126.45,310629,289575,-0.25017869907076073,0
2023-07-28 11:14:51,1115.7,586147,1,1126.45,310629,289575,-0.31272337383845605,0
2023-07-28 11:14:52,1115.7,586383,1,1126.45,310388,289119,-0.31272337383845605,0
2023-07-28 11:14:53,1115.05,586541,23,1126.45,310393,289753,-0.3708005718370346,0
2023-07-28 11:14:54,1115.9,586546,1,1126.45,310438,289739,-0.2948534667619688,0
2023-07-28 11:14:54,1115.1,586546,16,1126.45,310438,289739,-0.36633309506791784,0
2023-07-28 11:14:56,1116.6,586563,294,1126.45,310421,289738,-0.2323087919942938,0
2023-07-28 11:14:57,1115.75,587808,6,1126.43,310711,288919,-0.3082558970693393,0
2023-07-28 11:14:57,1116.45,587808,2,1126.43,310710,288919,-0.24571122230164402,0
2023-07-28 11:14:58,1116.45,587810,2,1126.43,310647,288628,-0.24571122230164402,0
2023-07-28 11:14:58,1116.45,587810,2,1126.43,310654,288630,-0.24571122230164402,0
2023-07-28 11:14:58,1116.45,587810,2,1126.43,310739,288630,-0.24571122230164402,0
2023-07-28 11:14:58,1116.6,587810,25,1126.43,310844,288516,-0.2323087919942938,0
2023-07-28 11:14:58,1116.6,587810,45,1126.43,310844,288516,-0.2323087919942938,0
2023-07-28 11:14:58,1116.6,587810,5,1126.43,310844,288516,-0.2323087919942938,0
2023-07-28 11:15:05,1116.1,588553,8,1126.41,312327,288667,-0.2769835596855018,0
2023-07-28 11:15:05,1116.55,588553,4,1126.41,312327,288667,-0.23677626876341054,0
2023-07-28 11:15:05,1116.0,588553,100,1126.41,312327,288667,-0.2859185132237353,0
2023-07-28 11:15:07,1116.0,588717,1,1126.41,312817,288811,-0.2859185132237353,0
2023-07-28 11:15:08,1116.0,588725,2,1126.41,312873,288555,-0.2859185132237353,0
2023-07-28 11:15:08,1116.0,588725,2,1126.41,312873,288555,-0.2859185132237353,0
2023-07-28 11:15:09,1116.0,588727,2,1126.41,312873,288553,-0.2859185132237353,0
2023-07-28 11:15:10,1115.05,589504,52,1126.4,312706,288944,-0.3708005718370346,0
2023-07-28 11:15:11,1115.95,589554,37,1126.39,312598,288983,-0.29038598999285203,0
2023-07-28 11:15:11,1115.85,589554,2,1126.39,312598,288983,-0.29932094353110583,0
2023-07-28 11:15:12,1115.85,589556,2,1126.39,312647,289135,-0.29932094353110583,0
2023-07-28 11:15:12,1115.85,589556,1,1126.39,312647,289135,-0.29932094353110583,0
2023-07-28 11:15:14,1116.0,589784,19,1126.39,313114,288653,-0.2859185132237353,0
2023-07-28 11:15:14,1116.0,589784,19,1126.39,313114,288653,-0.2859185132237353,0
2023-07-28 11:15:16,1117.15,590926,22,1126.37,313197,290282,-0.18316654753394876,0
2023-07-28 11:15:16,1117.15,590926,22,1126.37,313230,290304,-0.18316654753394876,0
2023-07-28 11:15:16,1117.15,590926,22,1126.37,313302,290304,-0.18316654753394876,0
2023-07-28 11:15:19,1116.05,590984,10,1126.37,313421,290114,-0.28145103645461855,0
2023-07-28 11:15:20,1116.0,591034,10,1126.37,313540,290078,-0.2859185132237353,0
2023-07-28 11:15:21,1116.8,591040,5,1126.37,313716,290017,-0.21443888491780655,0
2023-07-28 11:15:21,1116.8,591040,5,1126.37,313722,290085,-0.21443888491780655,0
2023-07-28 11:15:23,1116.05,591045,5,1126.37,313717,290157,-0.28145103645461855,0
2023-07-28 11:15:23,1116.8,591045,3,1126.37,313717,290157,-0.21443888491780655,0
2023-07-28 11:15:24,1117.0,591048,2,1126.37,313751,290059,-0.19656897784131927,0
2023-07-28 11:15:25,1117.0,592193,2,1126.35,313908,290248,-0.19656897784131927,0
2023-07-28 11:15:26,1117.45,592213,20,1126.35,314091,289942,-0.15636168691922803,0
2023-07-28 11:15:26,1117.5,592213,34,1126.35,314069,289942,-0.1518942101501113,0
2023-07-28 11:15:28,1117.7,592321,8,1126.35,314510,289699,-0.134024303073624,0
2023-07-28 11:15:28,1117.7,592321,8,1126.35,314588,289474,-0.134024303073624,0
2023-07-28 11:15:28,1117.7,592321,8,1126.35,314704,289474,-0.134024303073624,0
2023-07-28 11:15:28,1117.7,592321,8,1126.35,314652,289474,-0.134024303073624,0
2023-07-28 11:15:34,1116.15,593336,7,1126.33,313403,291758,-0.27251608291636475,0
2023-07-28 11:15:34,1116.15,593336,7,1126.33,313403,291758,-0.27251608291636475,0
2023-07-28 11:15:35,1116.5,593422,13,1126.33,313664,291548,-0.24124374553252728,0
2023-07-28 11:15:35,1116.5,593422,13,1126.33,313664,291548,-0.24124374553252728,0
2023-07-28 11:15:37,1116.15,593427,5,1126.33,313741,291138,-0.27251608291636475,0
2023-07-28 11:15:37,1116.25,593427,1,1126.33,313741,291138,-0.2635811293781313,0
2023-07-28 11:15:38,1116.25,593428,1,1126.33,313741,291095,-0.2635811293781313,0
2023-07-28 11:15:38,1116.1,593428,20,1126.33,313741,291095,-0.2769835596855018,0
2023-07-28 11:15:39,1116.1,593448,20,1126.33,313731,291035,-0.2769835596855018,0
2023-07-28 11:15:39,1116.1,593448,3,1126.33,313732,291035,-0.2769835596855018,0
2023-07-28 11:15:39,1116.25,593448,23,1126.33,313732,291035,-0.2635811293781313,0
2023-07-28 11:15:41,1116.3,593482,1,1126.33,313787,290779,-0.25911365260901453,0
2023-07-28 11:15:41,1116.3,593482,1,1126.33,313872,290852,-0.25911365260901453,0
2023-07-28 11:15:43,1116.1,593507,5,1126.33,313906,290744,-0.2769835596855018,0
2023-07-28 11:15:44,1116.3,593518,1,1126.33,314096,289620,-0.25911365260901453,0
2023-07-28 11:15:44,1116.3,593518,1,1126.33,314311,289448,-0.25911365260901453,0
2023-07-28 11:15:45,1116.15,593519,1,1126.33,314834,289533,-0.27251608291636475,0
2023-07-28 11:15:46,1116.9,593524,15,1126.33,314792,289395,-0.20550393137955275,0
2023-07-28 11:15:47,1116.9,593539,15,1126.33,314961,289378,-0.20550393137955275,0
2023-07-28 11:15:47,1116.9,593539,15,1126.33,315317,289397,-0.20550393137955275,0
2023-07-28 11:15:47,1116.9,593539,1,1126.33,315317,289397,-0.20550393137955275,0
2023-07-28 11:15:49,1116.9,593540,1,1126.33,315817,289398,-0.20550393137955275,0
2023-07-28 11:15:49,1116.9,593540,1,1126.33,315907,288130,-0.20550393137955275,0
2023-07-28 11:15:49,1116.35,593540,7,1126.33,315907,288130,-0.2546461758398978,0
2023-07-28 11:15:51,1116.35,593547,7,1126.33,315900,288130,-0.2546461758398978,0
2023-07-28 11:15:51,1116.35,593547,7,1126.33,315901,288130,-0.2546461758398978,0
2023-07-28 11:15:51,1116.35,593547,7,1126.33,315930,288078,-0.2546461758398978,0
2023-07-28 11:15:51,1117.0,593547,6,1126.33,315930,288078,-0.19656897784131927,0
2023-07-28 11:15:54,1117.0,593553,6,1126.33,315981,288105,-0.19656897784131927,0
2023-07-28 11:15:54,1117.25,593553,10,1126.33,315981,288105,-0.17423159399571528,0
2023-07-28 11:15:54,1117.25,593553,1,1126.33,315981,288105,-0.17423159399571528,0
2023-07-28 11:15:58,1116.3,593690,22,1126.33,315661,287960,-0.25911365260901453,0
2023-07-28 11:15:58,1117.15,593690,14,1126.33,315642,287964,-0.18316654753394876,0
2023-07-28 11:15:59,1117.15,593704,14,1126.33,315642,287963,-0.18316654753394876,0
2023-07-28 11:16:01,1117.0,593705,1,1126.33,316092,287886,-0.19656897784131927,0
2023-07-28 11:16:01,1117.0,593705,1,1126.33,316100,287886,-0.19656897784131927,0
2023-07-28 11:16:03,1116.4,593755,37,1126.33,316050,287735,-0.25017869907076073,0
2023-07-28 11:16:04,1117.7,594005,65,1126.32,316341,286932,-0.134024303073624,0
2023-07-28 11:16:05,1115.0,595633,2,1126.29,313969,292625,-0.3752680486061513,0
2023-07-28 11:16:05,1115.45,595633,46,1126.29,313969,292625,-0.33506075768406,0
2023-07-28 11:16:05,1115.4,595690,2,1126.29,314657,291470,-0.33952823445317676,0
2023-07-28 11:16:05,1115.0,595690,3,1126.29,314657,291470,-0.3752680486061513,0
2023-07-28 11:16:08,1115.35,595722,7,1126.29,314734,291555,-0.3439957112223138,0
2023-07-28 11:16:08,1115.35,595722,7,1126.29,314734,291555,-0.3439957112223138,0
2023-07-28 11:16:08,1115.35,595722,7,1126.29,314734,291555,-0.3439957112223138,0
2023-07-28 11:16:08,1115.35,595722,7,1126.29,314784,291555,-0.3439957112223138,0
2023-07-28 11:16:11,1115.3,595761,1,1126.29,314870,291630,-0.34846318799143056,0
2023-07-28 11:16:12,1115.3,595766,5,1126.29,314870,291656,-0.34846318799143056,0
2023-07-28 11:16:12,1115.3,595766,5,1126.29,314870,291656,-0.34846318799143056,0
2023-07-28 11:16:13,1115.35,595842,19,1126.29,315120,291032,-0.3439957112223138,0
2023-07-28 11:16:13,1115.35,595842,51,1126.29,315172,291035,-0.3439957112223138,0
2023-07-28 11:16:14,1115.0,595969,6,1126.29,315004,292578,-0.3752680486061513,0
2023-07-28 11:16:15,1115.0,595975,6,1126.29,314433,291738,-0.3752680486061513,0
2023-07-28 11:16:15,1115.0,595975,1,1126.29,314433,291738,-0.3752680486061513,0
2023-07-28 11:16:18,1115.6,596079,11,1126.29,314499,291551,-0.3216583273767098,0
2023-07-28 11:16:18,1115.6,596079,11,1126.29,314342,291642,-0.3216583273767098,0
2023-07-28 11:16:18,1115.0,596079,20,1126.29,314342,291689,-0.3752680486061513,0
2023-07-28 11:16:20,1115.0,596099,20,1126.28,314322,291689,-0.3752680486061513,0
2023-07-28 11:16:20,1115.55,596099,18,1126.28,314322,291689,-0.32612580414582654,0
2023-07-28 11:16:21,1115.55,596119,18,1126.28,314645,291737,-0.32612580414582654,0
2023-07-28 11:16:21,1115.55,596119,18,1126.28,314696,291724,-0.32612580414582654,0
2023-07-28 11:16:21,1115.55,596119,18,1126.28,314710,291346,-0.32612580414582654,0
2023-07-28 11:16:21,1115.55,596119,25,1126.28,314710,291346,-0.32612580414582654,0
2023-07-28 11:16:25,1115.55,596144,25,1126.28,315035,291348,-0.32612580414582654,0
2023-07-28 11:16:26,1115.0,596631,38,1126.27,314618,291535,-0.3752680486061513,0
2023-07-28 11:16:26,1115.0,596631,12,1126.27,314618,291535,-0.3752680486061513,0
2023-07-28 11:16:26,1115.0,596843,12,1126.27,314527,292158,-0.3752680486061513,0
2023-07-28 11:16:26,1115.3,596843,29,1126.27,314277,292161,-0.34846318799143056,0
2023-07-28 11:16:28,1115.3,596872,29,1126.27,314427,292211,-0.34846318799143056,0
2023-07-28 11:16:30,1114.05,597392,78,1126.26,313512,292288,-0.46015010721945054,0
2023-07-28 11:16:30,1114.05,597392,78,1126.26,313682,292493,-0.46015010721945054,0
2023-07-28 11:16:30,1114.05,597392,78,1126.26,313737,292504,-0.46015010721945054,0
2023-07-28 11:16:30,1114.05,597392,2,1126.26,313737,292504,-0.46015010721945054,0
2023-07-28 11:16:34,1114.05,597397,1,1126.26,314086,292594,-0.46015010721945054,0
2023-07-28 11:16:34,1114.05,597398,1,1126.26,314435,292378,-0.46015010721945054,0
2023-07-28 11:16:34,1114.05,597398,1,1126.26,314435,291840,-0.46015010721945054,0
2023-07-28 11:16:36,1114.9,597403,5,1126.26,314651,291689,-0.3842030021443848,0
2023-07-28 11:16:36,1114.9,597403,5,1126.26,314651,291691,-0.3842030021443848,0
2023-07-28 11:16:36,1114.9,597403,5,1126.26,314686,291691,-0.3842030021443848,0
2023-07-28 11:16:36,1115.1,597403,3,1126.26,314686,291691,-0.36633309506791784,0
2023-07-28 11:16:40,1115.1,597408,2,1126.26,314726,292666,-0.36633309506791784,0
2023-07-28 11:16:41,1115.1,597409,1,1126.26,314755,292665,-0.36633309506791784,0
2023-07-28 11:16:41,1115.1,597409,1,1126.26,314755,292672,-0.36633309506791784,0
2023-07-28 11:16:41,1115.1,597409,1,1126.26,314765,292672,-0.36633309506791784,0
2023-07-28 11:16:44,1115.15,597419,6,1126.26,314863,292682,-0.3618656182987808,0
2023-07-28 11:16:45,1114.15,597421,1,1126.26,314862,292675,-0.4512151536811968,0
2023-07-28 11:16:45,1115.0,597421,10,1126.26,314862,292675,-0.3752680486061513,0
2023-07-28 11:16:45,1115.0,597431,10,1126.26,314849,292497,-0.3752680486061513,0
2023-07-28 11:16:45,1115.0,597431,10,1126.26,314852,292499,-0.3752680486061513,0
2023-07-28 11:16:48,1115.0,597456,25,1126.26,314841,292497,-0.3752680486061513,0
2023-07-28 11:16:48,1115.0,597456,25,1126.26,314967,292496,-0.3752680486061513,0
2023-07-28 11:16:48,1115.0,597456,20,1126.26,315072,292497,-0.3752680486061513,0
2023-07-28 11:16:51,1115.0,597552,1,1126.26,315031,292500,-0.3752680486061513,0
2023-07-28 11:16:51,1115.0,597552,1,1126.26,315221,292498,-0.3752680486061513,0
2023-07-28 11:16:51,1115.0,597552,1,1126.26,315266,292496,-0.3752680486061513,0
2023-07-28 11:16:54,1115.05,597562,10,1126.26,315280,292456,-0.3708005718370346,0
2023-07-28 11:16:55,1115.2,597564,2,1126.26,315283,292439,-0.35739814152966404,0
2023-07-28 11:16:56,1115.4,597635,24,1126.26,315293,292373,-0.33952823445317676,0
2023-07-28 11:16:56,1115.4,597635,24,1126.26,315293,292373,-0.33952823445317676,0
2023-07-28 11:16:58,1115.05,597788,150,1126.25,315381,292181,-0.3708005718370346,0
2023-07-28 11:16:58,1115.05,597788,150,1126.25,315461,292181,-0.3708005718370346,0
2023-07-28 11:16:58,1115.05,597788,1,1126.25,315461,292181,-0.3708005718370346,0
2023-07-28 11:16:59,1115.05,597789,1,1126.25,315449,292464,-0.3708005718370346,0
2023-07-28 11:17:00,1114.85,597790,9,1126.25,315450,292463,-0.3886704789135218,0
2023-07-28 11:17:02,1115.8,598905,8,1126.23,316051,291739,-0.3037884203002226,0
2023-07-28 11:17:02,1115.8,598905,8,1126.23,316051,291739,-0.3037884203002226,0
2023-07-28 11:17:02,1115.8,598905,8,1126.23,316037,291856,-0.3037884203002226,0
2023-07-28 11:17:02,1115.8,598905,8,1126.23,315645,292088,-0.3037884203002226,0
2023-07-28 11:17:02,1115.8,598905,8,1126.23,315701,292112,-0.3037884203002226,0
2023-07-28 11:17:02,1115.3,598905,5,1126.23,315701,292112,-0.34846318799143056,0
2023-07-28 11:17:10,1115.3,598911,1,1126.23,315703,292104,-0.34846318799143056,0
2023-07-28 11:17:10,1114.85,598911,141,1126.23,315703,292104,-0.3886704789135218,0
2023-07-28 11:17:12,1114.2,599134,1,1126.23,314613,292802,-0.44674767691208006,0
2023-07-28 11:17:12,1115.75,599134,2,1126.23,314613,292802,-0.3082558970693393,0
2023-07-28 11:17:16,1114.75,600137,1,1126.21,315751,291928,-0.3976054324517553,0
2023-07-28 11:17:16,1115.0,600137,2,1126.21,315751,291928,-0.3752680486061513,0
2023-07-28 11:17:16,1115.0,600137,2,1126.21,315751,291928,-0.3752680486061513,0
2023-07-28 11:17:18,1115.55,600429,1,1126.21,315189,292594,-0.32612580414582654,0
2023-07-28 11:17:18,1115.55,600429,17,1126.21,315189,292594,-0.32612580414582654,0
2023-07-28 11:17:18,1115.5,600429,2,1126.21,315189,292594,-0.3305932809149433,0
2023-07-28 11:17:20,1115.5,600449,2,1126.21,315295,292801,-0.3305932809149433,0
2023-07-28 11:17:20,1114.55,600449,45,1126.21,315295,292801,-0.41547533952824256,0
2023-07-28 11:17:20,1115.0,600449,19,1126.21,315295,292801,-0.3752680486061513,0
2023-07-28 11:17:23,1115.0,600599,19,1126.2,315264,292929,-0.3752680486061513,0
2023-07-28 11:17:23,1115.05,600599,9,1126.2,315264,292929,-0.3708005718370346,0
2023-07-28 11:17:23,1114.4,600599,14,1126.2,315264,292929,-0.4288777698355928,0
2023-07-28 11:17:26,1114.4,600624,14,1126.2,315283,293127,-0.4288777698355928,0
2023-07-28 11:17:26,1114.75,600624,3,1126.2,315283,293127,-0.3976054324517553,0
2023-07-28 11:17:26,1114.75,600624,1,1126.2,315283,293127,-0.3976054324517553,0
2023-07-28 11:17:29,1114.75,600663,1,1126.2,315296,293044,-0.3976054324517553,0
2023-07-28 11:17:29,1114.75,600663,3,1126.2,315296,293044,-0.3976054324517553,0
2023-07-28 11:17:29,1114.6,600663,1,1126.2,315296,293044,-0.4110078627591258,0
2023-07-28 11:17:32,1114.75,600668,1,1126.2,316494,293248,-0.3976054324517553,0
2023-07-28 11:17:32,1115.0,600668,7,1126.2,316494,293248,-0.3752680486061513,0
2023-07-28 11:17:32,1115.0,600668,3,1126.2,316494,293248,-0.3752680486061513,0
2023-07-28 11:17:32,1114.55,600668,20,1126.2,316494,293248,-0.41547533952824256,0
2023-07-28 11:17:35,1114.55,600710,5,1126.2,316483,292955,-0.41547533952824256,0
2023-07-28 11:17:35,1114.55,600710,5,1126.2,316483,292955,-0.41547533952824256,0
2023-07-28 11:17:35,1114.3,600710,300,1126.2,316486,293159,-0.4378127233738466,0
2023-07-28 11:17:35,1113.9,600710,2,1126.2,316486,293159,-0.47355253752680077,0
2023-07-28 11:17:40,1113.65,601801,25,1126.18,315368,294263,-0.4958899213724048,0
2023-07-28 11:17:40,1113.05,601801,2,1126.18,315368,294263,-0.5494996426018666,0
2023-07-28 11:17:40,1113.85,601801,10,1126.18,315368,294263,-0.4780200142959378,0
2023-07-28 11:17:40,1113.0,601801,2,1126.18,315368,294263,-0.5539671193709833,0
2023-07-28 11:17:42,1113.0,601944,2,1126.18,315266,294214,-0.5539671193709833,0
2023-07-28 11:17:42,1113.85,601944,1,1126.18,315266,294214,-0.4780200142959378,0
2023-07-28 11:17:45,1113.85,601956,1,1126.17,315254,294194,-0.4780200142959378,0
2023-07-28 11:17:45,1113.0,601956,26,1126.17,315254,294194,-0.5539671193709833,0
2023-07-28 11:17:45,1113.85,601956,11,1126.17,315254,294194,-0.4780200142959378,0
2023-07-28 11:17:47,1113.85,602026,11,1126.17,315295,294135,-0.4780200142959378,0
2023-07-28 11:17:47,1114.0,602026,1,1126.17,315295,294135,-0.4646175839885673,0
2023-07-28 11:17:51,1113.0,602262,5,1126.17,315267,294095,-0.5539671193709833,0
2023-07-28 11:17:51,1113.0,602262,1,1126.17,315267,294095,-0.5539671193709833,0
2023-07-28 11:17:51,1113.85,602262,35,1126.17,315267,294095,-0.4780200142959378,0
2023-07-28 11:17:53,1113.85,602362,35,1126.17,315876,293419,-0.4780200142959378,0
2023-07-28 11:17:53,1113.8,602362,1,1126.17,315876,293419,-0.48248749106505456,0
2023-07-28 11:17:55,1113.05,602388,15,1126.17,315631,292782,-0.5494996426018666,0
2023-07-28 11:17:55,1112.55,602388,33,1126.17,315631,292782,-0.5941744102930746,0
2023-07-28 11:17:57,1112.55,603388,33,1126.14,314538,292899,-0.5941744102930746,0
2023-07-28 11:17:57,1114.75,603388,24,1126.14,314538,292899,-0.3976054324517553,0
2023-07-28 11:17:57,1113.55,603388,5,1126.14,314538,292899,-0.5048248749106585,0
2023-07-28 11:17:59,1113.55,603793,5,1126.14,315333,292284,-0.5048248749106585,0
2023-07-28 11:17:59,1113.85,603793,9,1126.14,315333,292284,-0.4780200142959378,0
2023-07-28 11:18:03,1113.85,603813,10,1126.14,315057,293177,-0.4780200142959378,0
2023-07-28 11:18:03,1113.85,603813,50,1126.14,315057,293177,-0.4780200142959378,0
2023-07-28 11:18:03,1114.0,603813,10,1126.14,315057,293177,-0.4646175839885673,0
2023-07-28 11:18:06,1114.85,604383,64,1126.12,315280,292348,-0.3886704789135218,0
2023-07-28 11:18:06,1114.8,604383,14,1126.12,315280,292348,-0.39313795568263854,0
2023-07-28 11:18:08,1114.8,604397,14,1126.12,315874,292867,-0.39313795568263854,0
2023-07-28 11:18:08,1114.8,604397,14,1126.12,315884,292952,-0.39313795568263854,0
2023-07-28 11:18:08,1113.0,604397,476,1126.12,315884,292952,-0.5539671193709833,0
2023-07-28 11:18:08,1114.3,604397,1,1126.12,315884,292952,-0.4378127233738466,0
2023-07-28 11:18:13,1114.3,605398,1,1126.1,315234,293840,-0.4378127233738466,0
2023-07-28 11:18:13,1114.0,605398,2,1126.1,315234,293840,-0.4646175839885673,0
2023-07-28 11:18:13,1113.35,605398,2,1126.1,315234,293840,-0.5226947819871458,0
