2023-07-28 10:49:27,820.6,614590,3,819.78,78138,212423,1.9378881987577667,0
2023-07-28 10:49:27,820.6,614590,3,819.78,78286,212863,1.9378881987577667,0
2023-07-28 10:49:27,820.55,614590,1,819.78,78138,212423,1.9316770186335348,0
2023-07-28 10:49:33,821.1,614610,1,819.78,78090,212419,2.0000000000000027,0
2023-07-28 10:49:33,820.8,614610,5,819.78,78090,212419,1.9627329192546528,0
2023-07-28 10:49:33,821.15,614610,16,819.78,78090,212419,2.006211180124221,0
2023-07-28 10:49:35,820.55,614728,5,819.78,78776,212638,1.9316770186335348,0
2023-07-28 10:49:35,820.55,614728,5,819.78,78886,212997,1.9316770186335348,0
2023-07-28 10:49:35,820.55,614728,5,819.78,78728,213123,1.9316770186335348,0
2023-07-28 10:49:35,820.55,614728,5,819.78,78854,213253,1.9316770186335348,0
2023-07-28 10:49:35,821.15,614728,18,819.78,78854,213253,2.006211180124221,0
2023-07-28 10:49:35,821.0,614728,5,819.78,78854,213253,1.9875776397515528,0
2023-07-28 10:49:45,821.0,614756,5,819.78,79045,213350,1.9875776397515528,0
2023-07-28 10:49:45,821.15,614756,14,819.78,79045,213350,2.006211180124221,0
2023-07-28 10:49:45,821.0,614756,92,819.78,79045,213350,1.9875776397515528,0
2023-07-28 10:49:48,821.0,614898,92,819.78,79143,213173,1.9875776397515528,0
2023-07-28 10:49:48,821.15,614898,60,819.78,79143,213173,2.006211180124221,0
2023-07-28 10:49:48,821.0,614898,20,819.78,79143,213173,1.9875776397515528,0
2023-07-28 10:49:50,821.0,614978,20,819.78,79013,212083,1.9875776397515528,0
2023-07-28 10:49:50,821.15,614978,5,819.78,79091,212099,2.006211180124221,0
2023-07-28 10:49:50,821.0,614978,100,819.78,79091,212099,1.9875776397515528,0
2023-07-28 10:49:54,821.0,615083,100,819.78,78991,212375,1.9875776397515528,0
2023-07-28 10:49:54,821.15,615083,10,819.78,78991,212375,2.006211180124221,0
2023-07-28 10:49:58,821.15,615093,10,819.78,78971,212581,2.006211180124221,0
2023-07-28 10:49:58,821.15,615093,10,819.78,78971,212581,2.006211180124221,0
2023-07-28 10:49:58,821.0,615093,5,819.78,78971,212581,1.9875776397515528,0
2023-07-28 10:50:00,821.0,615108,5,819.78,78925,212675,1.9875776397515528,0
2023-07-28 10:50:04,821.0,615300,78,819.78,78156,213383,1.9875776397515528,0
2023-07-28 10:50:04,821.1,615300,7,819.78,78156,213383,2.0000000000000027,0
2023-07-28 10:50:04,821.1,615300,10,819.78,78156,213383,2.0000000000000027,0
2023-07-28 10:50:06,821.1,615360,10,819.78,78044,212774,2.0000000000000027,0
2023-07-28 10:50:06,821.1,615360,10,819.78,78302,212725,2.0000000000000027,0
2023-07-28 10:50:06,820.5,615360,1,819.78,78302,212725,1.9254658385093169,0
2023-07-28 10:50:11,820.5,615364,1,819.78,78732,212443,1.9254658385093169,0
2023-07-28 10:50:11,820.5,615364,1,819.78,79146,212448,1.9254658385093169,0
2023-07-28 10:50:11,820.5,615364,1,819.78,78021,212545,1.9254658385093169,0
2023-07-28 10:50:18,820.4,615365,7,819.78,78020,212474,1.9130434782608667,0
2023-07-28 10:50:21,820.4,615400,7,819.78,78203,212678,1.9130434782608667,0
2023-07-28 10:50:21,820.95,615400,5,819.78,78203,212678,1.9813664596273348,0
2023-07-28 10:50:25,821.0,615405,5,819.78,78026,212896,1.9875776397515528,0
2023-07-28 10:50:26,821.0,615410,5,819.78,78075,212549,1.9875776397515528,0
2023-07-28 10:50:32,820.4,615439,29,819.78,78386,212673,1.9130434782608667,0
2023-07-28 10:50:32,820.4,615439,29,819.78,78325,212825,1.9130434782608667,0
2023-07-28 10:50:32,820.4,615439,29,819.78,78265,214010,1.9130434782608667,0
2023-07-28 10:50:32,820.9,615439,3,819.78,78265,214010,1.9751552795031027,0
2023-07-28 10:50:41,820.25,615473,13,819.78,77932,212921,1.8944099378881987,0
2023-07-28 10:50:41,820.4,615473,450,819.78,77932,212921,1.9130434782608667,0
2023-07-28 10:50:41,820.4,615473,9,819.78,77932,212921,1.9130434782608667,0
2023-07-28 10:50:42,820.4,616035,9,819.78,78042,212957,1.9130434782608667,0
2023-07-28 10:50:42,821.0,616035,1,819.78,78042,212957,1.9875776397515528,0
2023-07-28 10:50:45,821.0,616036,1,819.78,78560,213066,1.9875776397515528,0
2023-07-28 10:50:45,821.0,616036,1,819.78,78560,213518,1.9875776397515528,0
2023-07-28 10:50:45,821.0,616036,25,819.78,78560,213518,1.9875776397515528,0
2023-07-28 10:50:51,821.0,616061,25,819.78,78869,213343,1.9875776397515528,0
2023-07-28 10:50:51,821.0,616061,25,819.78,78895,212543,1.9875776397515528,0
2023-07-28 10:50:51,821.0,616061,25,819.78,78891,212742,1.9875776397515528,0
2023-07-28 10:50:51,821.0,616061,25,819.78,78867,213467,1.9875776397515528,0
2023-07-28 10:51:03,820.9,616067,1,819.78,78356,213509,1.9751552795031027,0
2023-07-28 10:51:03,820.9,616067,1,819.78,78356,213509,1.9751552795031027,0
2023-07-28 10:51:03,820.9,616067,1,819.78,78647,214108,1.9751552795031027,0
2023-07-28 10:51:03,820.25,616067,38,819.78,78647,214108,1.8944099378881987,0
2023-07-28 10:51:07,820.25,616105,38,819.78,78610,214781,1.8944099378881987,0
2023-07-28 10:51:10,820.85,616108,3,819.78,79185,214994,1.9689440993788847,0
2023-07-28 10:51:10,820.95,616108,52,819.78,79185,214994,1.9813664596273348,0
2023-07-28 10:51:13,820.95,616280,52,819.78,79657,214836,1.9813664596273348,0
2023-07-28 10:51:13,821.0,616280,16,819.78,79657,214836,1.9875776397515528,0
2023-07-28 10:51:13,821.0,616280,56,819.78,79657,214836,1.9875776397515528,0
2023-07-28 10:51:17,821.1,616958,28,819.78,79845,214025,2.0000000000000027,0
2023-07-28 10:51:17,821.15,616958,8,819.78,79845,214025,2.006211180124221,0
2023-07-28 10:51:23,821.15,617088,8,819.78,79851,214058,2.006211180124221,0
2023-07-28 10:51:23,821.15,617088,8,819.78,79836,214153,2.006211180124221,0
2023-07-28 10:51:29,821.0,617188,57,819.78,79839,214058,1.9875776397515528,0
2023-07-28 10:51:32,821.15,617209,16,819.78,79954,214306,2.006211180124221,0
2023-07-28 10:51:32,821.15,617209,2,819.78,79954,214306,2.006211180124221,0
2023-07-28 10:51:34,821.15,617213,2,819.78,79955,214390,2.006211180124221,0
2023-07-28 10:51:34,821.15,617213,2,819.78,79955,213449,2.006211180124221,0
2023-07-28 10:51:34,821.15,617213,2,819.78,79991,213852,2.006211180124221,0
2023-07-28 10:51:34,821.15,617213,2,819.78,80000,213855,2.006211180124221,0
2023-07-28 10:51:34,821.15,617213,25,819.78,80000,213855,2.006211180124221,0
2023-07-28 10:51:34,821.05,617213,2,819.78,80000,213855,1.9937888198757707,0
2023-07-28 10:51:43,821.05,617344,2,819.78,79988,214158,1.9937888198757707,0
2023-07-28 10:51:43,821.0,617344,143,819.78,79988,214158,1.9875776397515528,0
2023-07-28 10:51:46,821.0,617757,143,819.78,79185,214463,1.9875776397515528,0
2023-07-28 10:51:46,821.05,617757,1,819.78,79185,214463,1.9937888198757707,0
2023-07-28 10:51:46,821.05,617757,10,819.78,79185,214463,1.9937888198757707,0
2023-07-28 10:51:49,821.05,617782,14,819.78,79214,214510,1.9937888198757707,0
2023-07-28 10:51:49,821.0,617782,5,819.78,79214,214510,1.9875776397515528,0
2023-07-28 10:51:52,821.05,618058,1,819.78,78678,214723,1.9937888198757707,0
2023-07-28 10:51:52,821.05,618058,20,819.78,78678,214723,1.9937888198757707,0
2023-07-28 10:51:55,821.05,618128,20,819.78,79282,213653,1.9937888198757707,0
2023-07-28 10:51:55,821.05,618128,20,819.78,78865,213653,1.9937888198757707,0
2023-07-28 10:52:01,821.05,618138,10,819.78,78855,214116,1.9937888198757707,0
2023-07-28 10:52:01,821.15,618138,32,819.78,78855,214116,2.006211180124221,0
2023-07-28 10:52:03,820.7,618373,5,819.78,79169,214344,1.9503105590062169,0
2023-07-28 10:52:03,820.7,618373,5,819.78,79169,214344,1.9503105590062169,0
2023-07-28 10:52:03,820.7,618373,5,819.78,79205,214339,1.9503105590062169,0
2023-07-28 10:52:03,820.8,618373,30,819.78,79205,214339,1.9627329192546528,0
2023-07-28 10:52:08,820.8,618403,30,819.78,79000,214355,1.9627329192546528,0
2023-07-28 10:52:08,821.15,618403,2,819.78,79000,214355,2.006211180124221,0
2023-07-28 10:52:10,820.8,618405,20,819.78,79062,213719,1.9627329192546528,0
2023-07-28 10:52:12,820.8,618425,20,819.78,79076,213699,1.9627329192546528,0
2023-07-28 10:52:12,821.15,618425,38,819.78,79076,213699,2.006211180124221,0
2023-07-28 10:52:16,821.15,618468,38,819.78,79090,214121,2.006211180124221,0
2023-07-28 10:52:16,820.65,618468,56,819.78,79090,214121,1.9440993788819847,0
2023-07-28 10:52:17,820.65,618524,56,819.78,79031,214642,1.9440993788819847,0
2023-07-28 10:52:17,821.15,618524,30,819.78,79031,214642,2.006211180124221,0
2023-07-28 10:52:21,821.15,618560,6,819.78,78760,214598,2.006211180124221,0
2023-07-28 10:52:21,821.15,618560,5,819.78,78760,214598,2.006211180124221,0
2023-07-28 10:52:24,821.15,618565,5,819.78,78808,214633,2.006211180124221,0
2023-07-28 10:52:27,821.2,618568,1,819.78,78853,214630,2.012422360248453,0
2023-07-28 10:52:27,821.2,618568,7,819.78,78853,214630,2.012422360248453,0
2023-07-28 10:52:30,821.2,618578,3,819.78,78909,214124,2.012422360248453,0
2023-07-28 10:52:30,821.3,618578,19,819.78,78909,214124,2.0248447204968887,0
2023-07-28 10:52:31,821.3,618650,19,819.78,78864,213579,2.0248447204968887,0
2023-07-28 10:52:31,820.8,618650,1,819.78,78864,213579,1.9627329192546528,0
2023-07-28 10:52:33,820.8,618660,1,819.78,78817,214131,1.9627329192546528,0
2023-07-28 10:52:33,820.8,618660,1,819.78,78821,214742,1.9627329192546528,0
2023-07-28 10:52:33,820.8,618660,1,819.78,78821,214761,1.9627329192546528,0
2023-07-28 10:52:33,821.3,618660,27,819.78,78821,214761,2.0248447204968887,0
2023-07-28 10:52:33,821.3,618660,10,819.78,78821,214761,2.0248447204968887,0
2023-07-28 10:52:42,821.3,618702,10,819.78,78585,213838,2.0248447204968887,0
2023-07-28 10:52:42,821.3,618702,26,819.78,78585,213838,2.0248447204968887,0
2023-07-28 10:52:45,821.3,618728,26,819.78,78755,214357,2.0248447204968887,0
2023-07-28 10:52:45,820.8,618728,11,819.78,78755,214357,1.9627329192546528,0
2023-07-28 10:52:47,820.8,618748,11,819.78,78730,214564,1.9627329192546528,0
2023-07-28 10:52:47,820.8,618748,11,819.78,78739,214566,1.9627329192546528,0
2023-07-28 10:52:47,821.3,618748,1,819.78,78739,214566,2.0248447204968887,0
2023-07-28 10:52:47,821.0,618748,2,819.78,78739,214566,1.9875776397515528,0
2023-07-28 10:52:53,821.0,618751,2,819.78,78562,213902,1.9875776397515528,0
2023-07-28 10:52:53,821.3,618751,6,819.78,78562,213902,2.0248447204968887,0
2023-07-28 10:52:56,821.3,618799,30,819.78,78645,214735,2.0248447204968887,0
2023-07-28 10:52:56,821.3,618799,30,819.78,78645,214735,2.0248447204968887,0
2023-07-28 10:52:59,821.0,618800,1,819.78,78754,214675,1.9875776397515528,0
2023-07-28 10:52:59,821.0,618800,1,819.78,78769,214672,1.9875776397515528,0
2023-07-28 10:52:59,821.0,618800,9,819.78,78769,214672,1.9875776397515528,0
2023-07-28 10:52:59,821.0,618800,9,819.78,78769,214672,1.9875776397515528,0
2023-07-28 10:53:04,821.0,618926,2,819.78,78919,213766,1.9875776397515528,0
2023-07-28 10:53:04,820.8,618926,10,819.78,78919,213766,1.9627329192546528,0
2023-07-28 10:53:05,820.8,618936,10,819.78,78561,213994,1.9627329192546528,0
2023-07-28 10:53:05,821.0,618936,1,819.78,78561,213994,1.9875776397515528,0
2023-07-28 10:53:05,821.0,618936,10,819.78,78561,213994,1.9875776397515528,0
2023-07-28 10:53:11,820.65,618952,2,819.78,78789,214076,1.9440993788819847,0
2023-07-28 10:53:11,820.65,618952,10,819.78,78789,214076,1.9440993788819847,0
2023-07-28 10:53:11,820.65,618973,10,819.78,78294,214637,1.9440993788819847,0
2023-07-28 10:53:11,820.65,618973,2,819.78,78294,214637,1.9440993788819847,0
2023-07-28 10:53:16,820.65,618982,2,819.78,78304,215603,1.9440993788819847,0
2023-07-28 10:53:16,820.9,618982,16,819.78,78304,215603,1.9751552795031027,0
2023-07-28 10:53:17,820.9,619003,16,819.78,78922,214702,1.9751552795031027,0
2023-07-28 10:53:17,820.65,619003,4,819.78,78922,214702,1.9440993788819847,0
2023-07-28 10:53:20,821.2,619009,1,819.78,78945,214841,2.012422360248453,0
2023-07-28 10:53:20,820.1,619009,3545,819.78,78945,214841,1.8757763975155308,0
2023-07-28 10:53:23,820.65,624011,1,819.79,78090,214876,1.9440993788819847,0
2023-07-28 10:53:23,820.65,624011,1,819.79,78090,214876,1.9440993788819847,0
2023-07-28 10:53:24,820.65,624012,1,819.79,78220,214652,1.9440993788819847,0
2023-07-28 10:53:24,820.65,624012,2,819.79,78220,214652,1.9440993788819847,0
2023-07-28 10:53:24,820.65,624012,9,819.79,78220,214652,1.9440993788819847,0
2023-07-28 10:53:29,820.65,624116,9,819.79,78356,214410,1.9440993788819847,0
2023-07-28 10:53:29,820.65,624116,9,819.79,79411,214553,1.9440993788819847,0
2023-07-28 10:53:29,821.0,624116,1,819.79,79411,214553,1.9875776397515528,0
2023-07-28 10:53:33,821.0,624117,1,819.79,78530,215173,1.9875776397515528,0
2023-07-28 10:53:33,821.0,624117,3,819.79,78530,215173,1.9875776397515528,0
2023-07-28 10:53:33,820.7,624117,1,819.79,78530,215173,1.9503105590062169,0
2023-07-28 10:53:37,820.65,624137,11,819.79,78513,214441,1.9440993788819847,0
2023-07-28 10:53:37,821.15,624137,2,819.79,78513,214441,2.006211180124221,0
2023-07-28 10:53:39,821.15,624155,2,819.79,78447,214136,2.006211180124221,0
2023-07-28 10:53:39,821.0,624155,3,819.79,78447,214136,1.9875776397515528,0
2023-07-28 10:53:41,821.0,624158,3,819.79,78895,214249,1.9875776397515528,0
2023-07-28 10:53:41,821.0,624158,3,819.79,78444,214249,1.9875776397515528,0
2023-07-28 10:53:41,821.0,624158,3,819.79,78292,214249,1.9875776397515528,0
2023-07-28 10:53:41,821.2,624158,1,819.79,78292,214249,2.012422360248453,0
2023-07-28 10:53:50,821.2,624159,1,819.79,78309,214719,2.012422360248453,0
2023-07-28 10:53:50,821.2,624159,93,819.79,78309,214719,2.012422360248453,0
2023-07-28 10:53:53,821.2,624495,237,819.79,78714,214144,2.012422360248453,0
2023-07-28 10:53:55,821.2,624735,237,819.79,78722,213931,2.012422360248453,0
2023-07-28 10:53:55,821.2,624735,237,819.79,78340,214425,2.012422360248453,0
2023-07-28 10:54:03,821.0,624736,1,819.79,78340,214597,1.9875776397515528,0
2023-07-28 10:54:03,820.6,624736,5,819.79,78340,214597,1.9378881987577667,0
2023-07-28 10:54:03,821.15,624736,1,819.79,78340,214597,2.006211180124221,0
2023-07-28 10:54:06,821.15,624751,1,819.79,78134,214212,2.006211180124221,0
2023-07-28 10:54:06,821.15,624751,1,819.79,78361,214214,2.006211180124221,0
2023-07-28 10:54:06,821.15,624751,3,819.79,78361,214214,2.006211180124221,0
2023-07-28 10:54:06,820.5,624751,18,819.79,78361,214214,1.9254658385093169,0
2023-07-28 10:54:11,821.1,624815,1,819.79,78153,214209,2.0000000000000027,0
2023-07-28 10:54:11,821.0,624815,5,819.79,78153,214209,1.9875776397515528,0
2023-07-28 10:54:12,821.0,624821,5,819.79,78077,214718,1.9875776397515528,0
2023-07-28 10:54:16,820.35,624828,6,819.79,78169,214331,1.9068322981366488,0
2023-07-28 10:54:16,820.35,624828,6,819.79,78169,214331,1.9068322981366488,0
2023-07-28 10:54:16,820.0,624828,71,819.79,78169,214331,1.8633540372670807,0
2023-07-28 10:54:18,820.0,625591,71,819.79,77188,215139,1.8633540372670807,0
2023-07-28 10:54:18,820.0,625591,71,819.79,77332,216180,1.8633540372670807,0
2023-07-28 10:54:18,820.9,625591,3,819.79,77332,216180,1.9751552795031027,0
2023-07-28 10:54:18,820.35,625591,12,819.79,77332,216180,1.9068322981366488,0
2023-07-28 10:54:22,820.35,625678,12,819.79,77805,214486,1.9068322981366488,0
2023-07-28 10:54:22,820.9,625678,1,819.79,77805,214486,1.9751552795031027,0
2023-07-28 10:54:26,820.9,625679,1,819.79,77461,214797,1.9751552795031027,0
2023-07-28 10:54:26,820.9,625679,1,819.79,77901,214727,1.9751552795031027,0
2023-07-28 10:54:26,820.9,625679,1,819.79,77596,214717,1.9751552795031027,0
2023-07-28 10:54:26,820.9,625679,15,819.79,77596,214717,1.9751552795031027,0
2023-07-28 10:54:34,820.9,625694,15,819.79,77709,214500,1.9751552795031027,0
2023-07-28 10:54:34,820.9,625694,15,819.79,77709,214575,1.9751552795031027,0
2023-07-28 10:54:34,820.9,625694,15,819.79,77596,214578,1.9751552795031027,0
2023-07-28 10:54:34,820.9,625694,15,819.79,77714,214574,1.9751552795031027,0
2023-07-28 10:54:34,820.2,625694,33,819.79,78482,214577,1.8881987577639807,0
2023-07-28 10:54:46,820.2,625768,33,819.79,78121,214677,1.8881987577639807,0
2023-07-28 10:54:46,820.9,625768,16,819.79,78121,214677,1.9751552795031027,0
2023-07-28 10:54:49,820.9,625798,16,819.79,79121,214322,1.9751552795031027,0
2023-07-28 10:54:49,820.4,625798,10,819.79,79121,214322,1.9130434782608667,0
2023-07-28 10:54:49,820.85,625798,3,819.79,79121,214322,1.9689440993788847,0
2023-07-28 10:54:54,820.25,625822,10,819.79,77657,214556,1.8944099378881987,0
2023-07-28 10:54:54,820.25,625822,10,819.79,77572,214923,1.8944099378881987,0
2023-07-28 10:54:59,819.8,627002,1,819.79,76732,215257,1.8385093167701807,0
2023-07-28 10:54:59,819.8,627002,1,819.79,76732,215257,1.8385093167701807,0
2023-07-28 10:55:01,819.05,627018,1,819.79,76112,215599,1.7453416149068266,0
2023-07-28 10:55:01,819.0,627018,7,819.79,76112,215599,1.7391304347826086,0
2023-07-28 10:55:01,819.05,627018,1,819.79,76112,215599,1.7453416149068266,0
2023-07-28 10:55:03,819.05,627029,2,819.79,76112,215524,1.7453416149068266,0
2023-07-28 10:55:07,819.05,627032,1,819.79,76541,215187,1.7453416149068266,0
2023-07-28 10:55:07,819.0,627032,1,819.79,76541,215187,1.7391304347826086,0
2023-07-28 10:55:08,819.0,627129,1,819.79,76510,215272,1.7391304347826086,0
2023-07-28 10:55:08,819.0,627129,16,819.79,76510,215272,1.7391304347826086,0
2023-07-28 10:55:08,818.8,627129,2,819.79,76510,215272,1.7142857142857086,0
2023-07-28 10:55:08,819.3,627129,7,819.79,76510,215272,1.7763975155279446,0
2023-07-28 10:55:11,819.3,627164,7,819.79,76078,215901,1.7763975155279446,0
2023-07-28 10:55:11,818.8,627164,3,819.79,76078,215901,1.7142857142857086,0
2023-07-28 10:55:12,818.8,627170,3,819.79,76079,215300,1.7142857142857086,0
2023-07-28 10:55:17,819.35,627171,1,819.79,76108,214670,1.7826086956521767,0
2023-07-28 10:55:17,819.35,627171,1,819.79,76219,214223,1.7826086956521767,0
2023-07-28 10:55:17,818.9,627171,1,819.79,76219,214223,1.7267080745341588,0
2023-07-28 10:55:21,818.9,627183,1,819.79,76233,214444,1.7267080745341588,0
2023-07-28 10:55:21,818.85,627183,1,819.79,76233,214444,1.7204968944099408,0
2023-07-28 10:55:21,819.2,627183,2,819.79,76233,214444,1.7639751552795087,0
2023-07-28 10:55:24,819.2,627186,2,819.79,75884,214955,1.7639751552795087,0
2023-07-28 10:55:24,819.2,627186,2,819.79,75884,214736,1.7639751552795087,0
2023-07-28 10:55:24,818.8,627186,7,819.79,75884,214736,1.7142857142857086,0
2023-07-28 10:55:31,819.35,627211,3,819.79,75895,214588,1.7826086956521767,0
2023-07-28 10:55:31,819.2,627211,1,819.79,75895,214588,1.7639751552795087,0
2023-07-28 10:55:34,818.8,627212,1,819.79,74906,214661,1.7142857142857086,0
2023-07-28 10:55:36,818.8,627213,1,819.79,75555,215139,1.7142857142857086,0
2023-07-28 10:55:36,818.8,627213,1,819.79,74902,215303,1.7142857142857086,0
2023-07-28 10:55:36,819.2,627213,2,819.79,74902,215303,1.7639751552795087,0
2023-07-28 10:55:43,819.2,627215,2,819.79,74902,215301,1.7639751552795087,0
2023-07-28 10:55:43,819.2,627215,37,819.79,74902,215301,1.7639751552795087,0
2023-07-28 10:55:43,819.45,627215,5,819.79,74902,215301,1.7950310559006268,0
2023-07-28 10:55:43,819.2,627215,20,819.79,74902,215301,1.7639751552795087,0
2023-07-28 10:55:43,819.65,627215,1,819.79,74902,215301,1.8198757763975126,0
2023-07-28 10:55:48,819.65,627291,1,819.79,75608,214728,1.8198757763975126,0
2023-07-28 10:55:48,819.65,627291,5,819.79,75608,214728,1.8198757763975126,0
2023-07-28 10:55:48,819.65,627291,1,819.79,75608,214728,1.8198757763975126,0
2023-07-28 10:55:51,819.2,627300,1,819.79,75588,214608,1.7639751552795087,0
2023-07-28 10:55:51,819.95,627300,4,819.79,75588,214608,1.8571428571428628,0
2023-07-28 10:55:52,819.95,627340,4,819.79,75496,215113,1.8571428571428628,0
2023-07-28 10:55:52,818.95,627340,38,819.79,75496,215113,1.7329192546583907,0
2023-07-28 10:55:52,819.0,627340,1,819.79,75496,215113,1.7391304347826086,0
2023-07-28 10:55:57,819.0,627421,1,819.79,74927,215052,1.7391304347826086,0
2023-07-28 10:55:57,819.6,627421,4,819.79,74927,215052,1.8136645962732947,0
2023-07-28 10:55:58,819.6,627426,4,819.79,74924,215079,1.8136645962732947,0
2023-07-28 10:55:58,819.6,627426,4,819.79,75185,215089,1.8136645962732947,0
2023-07-28 10:55:58,819.6,627426,4,819.79,75248,214818,1.8136645962732947,0
2023-07-28 10:55:58,819.6,627426,2,819.79,75248,214818,1.8136645962732947,0
2023-07-28 10:56:07,819.6,627428,2,819.79,75258,214856,1.8136645962732947,0
2023-07-28 10:56:07,819.6,627428,8,819.79,75258,214856,1.8136645962732947,0
2023-07-28 10:56:10,819.05,627466,30,819.79,75123,214964,1.7453416149068266,0
2023-07-28 10:56:10,819.05,627466,30,819.79,75123,214964,1.7453416149068266,0
2023-07-28 10:56:10,819.6,627466,2,819.79,75123,214964,1.8136645962732947,0
2023-07-28 10:56:11,819.6,627468,2,819.79,75099,215192,1.8136645962732947,0
2023-07-28 10:56:16,819.6,627518,50,819.79,74953,215151,1.8136645962732947,0
2023-07-28 10:56:16,819.6,627518,2,819.79,74953,215151,1.8136645962732947,0
2023-07-28 10:56:18,819.6,627568,2,819.79,75365,215068,1.8136645962732947,0
2023-07-28 10:56:21,819.6,627570,2,819.79,75610,214952,1.8136645962732947,0
2023-07-28 10:56:21,819.65,627570,6,819.79,75610,214952,1.8198757763975126,0
2023-07-28 10:56:23,819.65,627576,6,819.79,75416,215066,1.8198757763975126,0
2023-07-28 10:56:23,819.65,627576,1,819.79,75416,215066,1.8198757763975126,0
2023-07-28 10:56:23,819.6,627576,10,819.79,75416,215066,1.8136645962732947,0
2023-07-28 10:56:26,819.6,627596,10,819.79,75567,214727,1.8136645962732947,0
2023-07-28 10:56:26,819.6,627596,10,819.79,75606,214544,1.8136645962732947,0
2023-07-28 10:56:26,820.0,627596,5,819.79,75606,214544,1.8633540372670807,0
2023-07-28 10:56:32,820.0,627606,4,819.79,75738,214852,1.8633540372670807,0
2023-07-28 10:56:32,820.0,627606,1,819.79,75757,214808,1.8633540372670807,0
2023-07-28 10:56:32,820.0,627606,50,819.79,75757,214808,1.8633540372670807,0
2023-07-28 10:56:37,820.0,627657,50,819.79,76391,214364,1.8633540372670807,0
2023-07-28 10:56:37,820.0,627657,50,819.79,75922,214364,1.8633540372670807,0
2023-07-28 10:56:37,820.0,627657,50,819.79,76076,214214,1.8633540372670807,0
2023-07-28 10:56:37,820.0,627657,12,819.79,76076,214214,1.8633540372670807,0
2023-07-28 10:56:47,820.0,627705,3,819.79,76643,214482,1.8633540372670807,0
2023-07-28 10:56:47,820.0,627705,10,819.79,76643,214482,1.8633540372670807,0
2023-07-28 10:56:47,820.25,627705,3,819.79,76643,214482,1.8944099378881987,0
2023-07-28 10:56:49,820.3,627742,3,819.79,76477,214369,1.9006211180124166,0
2023-07-28 10:56:49,820.3,627742,3,819.79,76477,214369,1.9006211180124166,0
2023-07-28 10:56:49,820.0,627742,6,819.79,76477,214369,1.8633540372670807,0
2023-07-28 10:56:50,820.0,627792,6,819.79,76209,215571,1.8633540372670807,0
2023-07-28 10:56:50,819.7,627792,7,819.79,76209,215571,1.8260869565217448,0
2023-07-28 10:56:53,819.7,627799,7,819.79,76144,215519,1.8260869565217448,0
2023-07-28 10:56:53,819.7,627799,7,819.79,76146,215362,1.8260869565217448,0
2023-07-28 10:56:53,820.4,627799,30,819.79,76146,215362,1.9130434782608667,0
2023-07-28 10:56:53,820.0,627799,100,819.79,76146,215362,1.8633540372670807,0
2023-07-28 10:56:59,820.0,628009,100,819.79,76239,215127,1.8633540372670807,0
2023-07-28 10:56:59,819.6,628009,20,819.79,76239,215127,1.8136645962732947,0
2023-07-28 10:57:03,820.75,628430,56,819.79,76080,214670,1.9565217391304348,0
2023-07-28 10:57:03,820.0,628430,1,819.79,76080,214670,1.8633540372670807,0
2023-07-28 10:57:05,820.0,628461,30,819.79,76196,214828,1.8633540372670807,0
2023-07-28 10:57:05,820.0,628461,18,819.79,76196,214828,1.8633540372670807,0
2023-07-28 10:57:05,819.6,628461,2,819.79,76196,214828,1.8136645962732947,0
2023-07-28 10:57:07,819.6,628661,2,819.79,76361,215004,1.8136645962732947,0
2023-07-28 10:57:12,819.7,628662,1,819.79,76882,215004,1.8260869565217448,0
2023-07-28 10:57:12,820.0,628662,18,819.79,76882,215004,1.8633540372670807,0
2023-07-28 10:57:14,820.0,628680,18,819.79,76982,215137,1.8633540372670807,0
2023-07-28 10:57:14,820.3,628680,2,819.79,76765,215059,1.9006211180124166,0
2023-07-28 10:57:18,820.3,628690,2,819.79,76376,215069,1.9006211180124166,0
2023-07-28 10:57:18,820.3,628690,2,819.79,76376,215069,1.9006211180124166,0
2023-07-28 10:57:23,819.6,628724,30,819.79,76491,215382,1.8136645962732947,0
2023-07-28 10:57:23,819.6,628724,30,819.79,76646,215382,1.8136645962732947,0
2023-07-28 10:57:29,820.4,629231,14,819.79,77418,214470,1.9130434782608667,0
2023-07-28 10:57:29,819.7,629231,2,819.79,77418,214470,1.8260869565217448,0
2023-07-28 10:57:29,819.6,629231,4,819.79,77418,214470,1.8136645962732947,0
2023-07-28 10:57:30,819.6,629240,4,819.79,76137,215377,1.8136645962732947,0
2023-07-28 10:57:30,820.3,629240,50,819.79,77029,215022,1.9006211180124166,0
2023-07-28 10:57:36,820.0,629361,6,819.79,76712,214835,1.8633540372670807,0
2023-07-28 10:57:37,820.0,629367,4,819.79,76454,214799,1.8633540372670807,0
2023-07-28 10:57:37,820.0,629367,1,819.79,76454,214799,1.8633540372670807,0
2023-07-28 10:57:42,820.3,629386,4,819.79,76413,215277,1.9006211180124166,0
2023-07-28 10:57:42,820.0,629386,5,819.79,76413,215277,1.8633540372670807,0
2023-07-28 10:57:42,820.3,629386,10,819.79,76413,215277,1.9006211180124166,0
2023-07-28 10:57:44,820.0,629450,34,819.79,76349,215494,1.8633540372670807,0
2023-07-28 10:57:44,820.0,629450,1,819.79,76349,215494,1.8633540372670807,0
2023-07-28 10:57:44,819.65,629450,1,819.79,76349,215494,1.8198757763975126,0
2023-07-28 10:57:46,819.65,629460,1,819.79,76881,215503,1.8198757763975126,0
2023-07-28 10:57:46,819.65,629460,1,819.79,76385,215502,1.8198757763975126,0
2023-07-28 10:57:46,819.65,629460,1,819.79,76386,215502,1.8198757763975126,0
2023-07-28 10:57:46,819.6,629460,7,819.79,76386,215502,1.8136645962732947,0
2023-07-28 10:57:54,819.6,629782,7,819.79,76228,215586,1.8136645962732947,0
2023-07-28 10:57:54,819.65,629782,1,819.79,76228,215586,1.8198757763975126,0
2023-07-28 10:57:58,819.7,629794,10,819.79,75822,215617,1.8260869565217448,0
2023-07-28 10:57:58,819.95,629794,1,819.79,75822,215617,1.8571428571428628,0
2023-07-28 10:58:01,820.05,629904,29,819.79,75870,215576,1.8695652173912987,0
2023-07-28 10:58:01,819.5,629904,37,819.79,75870,215576,1.8012422360248448,0
2023-07-28 10:58:01,819.5,629941,37,819.79,75841,215906,1.8012422360248448,0
2023-07-28 10:58:01,820.0,629941,7,819.79,75841,215906,1.8633540372670807,0
2023-07-28 10:58:06,819.5,630077,8,819.79,75493,216479,1.8012422360248448,0
2023-07-28 10:58:06,819.65,630077,2,819.79,75493,216479,1.8198757763975126,0
2023-07-28 10:58:09,819.65,630091,10,819.79,75427,215742,1.8198757763975126,0
2023-07-28 10:58:09,818.8,630091,7,819.79,75427,215742,1.7142857142857086,0
2023-07-28 10:58:10,818.8,630304,7,819.79,75559,216727,1.7142857142857086,0
2023-07-28 10:58:10,818.8,630304,7,819.79,75866,216727,1.7142857142857086,0
2023-07-28 10:58:10,818.8,630304,1,819.79,75866,216727,1.7142857142857086,0
2023-07-28 10:58:16,818.8,630305,1,819.79,76115,216793,1.7142857142857086,0
2023-07-28 10:58:16,819.05,630305,12,819.79,76115,216793,1.7453416149068266,0
2023-07-28 10:58:16,819.05,630305,20,819.79,76115,216793,1.7453416149068266,0
2023-07-28 10:58:18,819.05,630543,20,819.79,77005,216410,1.7453416149068266,0
2023-07-28 10:58:18,819.05,630543,20,819.79,77011,216067,1.7453416149068266,0
2023-07-28 10:58:18,819.75,630543,1,819.79,77011,216067,1.8322981366459627,0
2023-07-28 10:58:24,819.05,630549,3,819.79,77716,216111,1.7453416149068266,0
2023-07-28 10:58:24,819.05,630549,3,819.79,77707,216106,1.7453416149068266,0
2023-07-28 10:58:24,819.05,630549,3,819.79,79139,216213,1.7453416149068266,0
2023-07-28 10:58:24,819.0,630549,44,819.79,79139,216213,1.7391304347826086,0
2023-07-28 10:58:32,819.0,630674,44,819.79,79048,216307,1.7391304347826086,0
2023-07-28 10:58:32,819.0,630674,1,819.79,79048,216307,1.7391304347826086,0
2023-07-28 10:58:35,819.0,630675,1,819.79,78167,216407,1.7391304347826086,0
2023-07-28 10:58:35,819.0,630675,1,819.79,78167,216407,1.7391304347826086,0
2023-07-28 10:58:37,819.0,630676,1,819.79,78150,216412,1.7391304347826086,0
2023-07-28 10:58:37,819.75,630676,2,819.79,78150,216412,1.8322981366459627,0
2023-07-28 10:58:40,819.75,630678,2,819.79,78163,216306,1.8322981366459627,0
2023-07-28 10:58:40,819.75,630678,1,819.79,78163,216306,1.8322981366459627,0
2023-07-28 10:58:43,819.75,630679,1,819.79,78405,216262,1.8322981366459627,0
2023-07-28 10:58:43,819.0,630679,4,819.79,78405,216262,1.7391304347826086,0
2023-07-28 10:58:43,819.8,630679,15,819.79,78405,216262,1.8385093167701807,0
2023-07-28 10:58:47,819.8,630714,15,819.79,79931,216300,1.8385093167701807,0
2023-07-28 10:58:51,819.0,630744,5,819.79,79890,216449,1.7391304347826086,0
2023-07-28 10:58:51,818.95,630744,3,819.79,79890,216449,1.7329192546583907,0
2023-07-28 10:58:52,818.95,630793,3,819.79,79773,216567,1.7329192546583907,0
2023-07-28 10:58:52,819.75,630793,1,819.79,79773,216567,1.8322981366459627,0
2023-07-28 10:58:57,819.75,630796,1,819.79,79798,216594,1.8322981366459627,0
2023-07-28 10:58:57,819.75,630796,1,819.79,79766,216594,1.8322981366459627,0
2023-07-28 10:58:57,819.75,630796,1,819.79,79765,216595,1.8322981366459627,0
2023-07-28 10:58:57,819.0,630796,6,819.79,79765,216595,1.7391304347826086,0
2023-07-28 10:59:04,819.0,630802,6,819.79,79767,216595,1.7391304347826086,0
2023-07-28 10:59:04,819.0,630802,5,819.79,79767,216595,1.7391304347826086,0
2023-07-28 10:59:04,819.0,630802,15,819.79,79767,216595,1.7391304347826086,0
2023-07-28 10:59:04,819.0,630802,2,819.79,79767,216595,1.7391304347826086,0
2023-07-28 10:59:07,819.0,630824,2,819.79,79741,216595,1.7391304347826086,0
2023-07-28 10:59:07,819.0,630824,2,819.79,79767,216633,1.7391304347826086,0
2023-07-28 10:59:07,819.8,630824,22,819.79,79767,216633,1.8385093167701807,0
2023-07-28 10:59:12,819.8,630924,22,819.79,80341,216067,1.8385093167701807,0
2023-07-28 10:59:12,819.15,630924,14,819.79,80341,216067,1.7577639751552767,0
2023-07-28 10:59:13,819.15,630944,14,819.79,80110,216360,1.7577639751552767,0
2023-07-28 10:59:13,819.1,630944,4,819.79,80110,216360,1.7515527950310588,0
2023-07-28 10:59:17,819.1,631024,16,819.79,79633,216810,1.7515527950310588,0
2023-07-28 10:59:17,819.0,631024,2,819.79,79633,216810,1.7391304347826086,0
2023-07-28 10:59:17,819.4,631024,30,819.79,79633,216810,1.7888198757763947,0
2023-07-28 10:59:19,819.4,631189,30,819.79,79335,216899,1.7888198757763947,0
2023-07-28 10:59:23,819.6,631245,33,819.79,79496,216320,1.8136645962732947,0
2023-07-28 10:59:23,819.65,631245,3,819.79,79496,216320,1.8198757763975126,0
2023-07-28 10:59:24,819.65,631249,3,819.79,78533,216406,1.8198757763975126,0
2023-07-28 10:59:24,819.65,631249,3,819.79,78527,216821,1.8198757763975126,0
2023-07-28 10:59:24,819.1,631249,2,819.79,78527,216821,1.7515527950310588,0
2023-07-28 10:59:29,819.1,631251,2,819.79,78725,217135,1.7515527950310588,0
2023-07-28 10:59:29,819.1,631251,2,819.79,78726,216496,1.7515527950310588,0
2023-07-28 10:59:29,819.1,631251,2,819.79,78673,216236,1.7515527950310588,0
2023-07-28 10:59:29,819.1,631251,12,819.79,78673,216236,1.7515527950310588,0
2023-07-28 10:59:38,819.1,631266,2,819.79,78483,217058,1.7515527950310588,0
2023-07-28 10:59:38,819.4,631266,21,819.79,78483,217058,1.7888198757763947,0
2023-07-28 10:59:39,819.4,631316,21,819.79,78735,216538,1.7888198757763947,0
2023-07-28 10:59:39,819.4,631316,21,819.79,78741,216538,1.7888198757763947,0
2023-07-28 10:59:39,819.4,631316,21,819.79,78898,216443,1.7888198757763947,0
2023-07-28 10:59:39,819.4,631316,21,819.79,79227,216453,1.7888198757763947,0
2023-07-28 10:59:39,819.55,631316,20,819.79,79227,216453,1.8074534161490627,0
2023-07-28 10:59:50,819.55,631336,20,819.79,79185,216466,1.8074534161490627,0
2023-07-28 10:59:50,819.55,631336,20,819.79,78797,216496,1.8074534161490627,0
2023-07-28 10:59:50,819.6,631336,15,819.79,78797,216496,1.8136645962732947,0
2023-07-28 10:59:50,819.05,631336,15,819.79,78797,216496,1.7453416149068266,0
2023-07-28 10:59:55,819.05,631401,15,819.79,79060,216358,1.7453416149068266,0
2023-07-28 10:59:55,819.6,631401,1,819.79,79060,216358,1.8136645962732947,0
2023-07-28 10:59:59,819.05,631404,2,819.79,79389,216503,1.7453416149068266,0
2023-07-28 10:59:59,819.55,631404,5,819.79,79389,216503,1.8074534161490627,0
2023-07-28 10:59:59,819.55,631404,1,819.79,79389,216503,1.8074534161490627,0
2023-07-28 10:59:59,819.55,631404,10,819.79,79389,216503,1.8074534161490627,0
2023-07-28 11:00:02,819.55,631420,10,819.79,79395,216487,1.8074534161490627,0
2023-07-28 11:00:02,819.55,631420,10,819.79,78940,216396,1.8074534161490627,0
2023-07-28 11:00:07,818.9,631453,7,819.79,79113,216561,1.7267080745341588,0
2023-07-28 11:00:07,818.9,631453,45,819.79,79113,216561,1.7267080745341588,0
2023-07-28 11:00:07,818.95,631453,75,819.79,79113,216561,1.7329192546583907,0
2023-07-28 11:00:12,818.95,631620,75,819.79,79723,216111,1.7329192546583907,0
2023-07-28 11:00:12,818.9,631620,93,819.79,79723,216111,1.7267080745341588,0
2023-07-28 11:00:14,818.9,631870,93,819.79,80179,215344,1.7267080745341588,0
2023-07-28 11:00:18,818.9,631890,20,819.79,78689,216584,1.7267080745341588,0
2023-07-28 11:00:18,818.9,631890,20,819.79,78689,216584,1.7267080745341588,0
2023-07-28 11:00:20,818.9,631923,1,819.79,78731,216889,1.7267080745341588,0
2023-07-28 11:00:20,818.9,631923,1,819.79,78731,216889,1.7267080745341588,0
2023-07-28 11:00:23,818.9,632072,63,819.79,78646,217529,1.7267080745341588,0
2023-07-28 11:00:25,818.85,632073,1,819.79,78645,216905,1.7204968944099408,0
2023-07-28 11:00:25,818.85,632073,1,819.79,78645,216905,1.7204968944099408,0
2023-07-28 11:00:25,818.8,632073,116,819.79,78645,216905,1.7142857142857086,0
2023-07-28 11:00:27,818.8,632210,116,819.79,78722,216887,1.7142857142857086,0
2023-07-28 11:00:27,818.8,632210,8,819.79,78722,216887,1.7142857142857086,0
2023-07-28 11:00:36,818.9,632258,31,819.79,78699,216706,1.7267080745341588,0
2023-07-28 11:00:36,818.9,632258,18,819.79,78699,216706,1.7267080745341588,0
2023-07-28 11:00:36,818.9,632278,18,819.79,78699,216849,1.7267080745341588,0
2023-07-28 11:00:36,818.8,632278,108,819.79,78699,216849,1.7142857142857086,0
2023-07-28 11:00:36,818.8,632278,20,819.79,78699,216849,1.7142857142857086,0
2023-07-28 11:00:40,818.8,632406,20,819.79,78714,216788,1.7142857142857086,0
2023-07-28 11:00:40,819.1,632406,42,819.79,78714,216788,1.7515527950310588,0
2023-07-28 11:00:41,819.1,632448,42,819.79,78838,216584,1.7515527950310588,0
2023-07-28 11:00:41,818.85,632448,15,819.79,78838,216584,1.7204968944099408,0
2023-07-28 11:00:45,818.85,632463,15,819.79,79064,216626,1.7204968944099408,0
2023-07-28 11:00:45,819.5,632463,104,819.79,79064,216626,1.8012422360248448,0
2023-07-28 11:00:47,819.5,632581,104,819.79,79272,215819,1.8012422360248448,0
2023-07-28 11:00:47,819.5,632581,1,819.79,79272,215819,1.8012422360248448,0
2023-07-28 11:00:47,819.5,632581,1,819.79,79272,215819,1.8012422360248448,0
2023-07-28 11:00:51,819.5,632583,1,819.79,79199,216583,1.8012422360248448,0
2023-07-28 11:00:54,819.0,632590,7,819.79,79212,216566,1.7391304347826086,0
2023-07-28 11:00:54,820.45,632590,3,819.79,79212,216566,1.919254658385099,0
2023-07-28 11:00:56,820.8,633464,5,819.79,90362,214452,1.9627329192546528,0
2023-07-28 11:00:57,820.8,633469,5,819.79,90459,214550,1.9627329192546528,0
2023-07-28 11:00:57,820.8,633469,45,819.79,90665,214622,1.9627329192546528,0
2023-07-28 11:00:57,820.8,633469,15,819.79,90665,214622,1.9627329192546528,0
2023-07-28 11:01:05,820.25,633549,1,819.79,90647,214749,1.8944099378881987,0
2023-07-28 11:01:05,820.25,633549,1,819.79,90519,214916,1.8944099378881987,0
2023-07-28 11:01:05,820.8,633549,7,819.79,90519,214916,1.9627329192546528,0
2023-07-28 11:01:10,820.8,633569,7,819.79,90441,214916,1.9627329192546528,0
2023-07-28 11:01:10,820.8,633569,7,819.79,90116,214854,1.9627329192546528,0
2023-07-28 11:01:10,820.8,633569,7,819.79,90043,214854,1.9627329192546528,0
2023-07-28 11:01:10,820.55,633569,100,819.79,90043,214854,1.9316770186335348,0
2023-07-28 11:01:18,820.55,633673,4,819.79,89939,215044,1.9316770186335348,0
2023-07-28 11:01:21,820.8,633781,40,819.79,89978,215120,1.9627329192546528,0
2023-07-28 11:01:23,821.0,634447,4,819.79,90374,214137,1.9875776397515528,0
2023-07-28 11:01:26,821.15,634460,4,819.79,90684,214170,2.006211180124221,0
2023-07-28 11:01:26,821.1,634460,5,819.79,90684,214170,2.0000000000000027,0
2023-07-28 11:01:26,821.3,634460,1,819.79,90684,214170,2.0248447204968887,0
2023-07-28 11:01:28,821.15,634589,5,819.79,90860,214482,2.006211180124221,0
2023-07-28 11:01:28,821.15,634589,5,819.79,90878,214681,2.006211180124221,0
2023-07-28 11:01:28,821.15,634589,10,819.79,90878,214681,2.006211180124221,0
2023-07-28 11:01:28,821.15,634589,20,819.79,90878,214681,2.006211180124221,0
2023-07-28 11:01:33,821.15,634620,20,819.79,91003,214766,2.006211180124221,0
2023-07-28 11:01:33,821.35,634620,34,819.79,91003,214766,2.0310559006211206,0
2023-07-28 11:01:33,821.35,634620,1,819.79,91003,214766,2.0310559006211206,0
2023-07-28 11:01:34,821.35,634661,1,819.79,90968,214725,2.0310559006211206,0
2023-07-28 11:01:34,821.4,634661,1,819.79,90968,214725,2.037267080745339,0
2023-07-28 11:01:34,821.15,634661,129,819.79,90968,214725,2.006211180124221,0
2023-07-28 11:01:36,821.15,634976,129,819.79,90718,214537,2.006211180124221,0
2023-07-28 11:01:36,821.15,634976,129,819.79,90718,214544,2.006211180124221,0
2023-07-28 11:01:36,821.2,634976,2,819.79,90718,214544,2.012422360248453,0
2023-07-28 11:01:36,821.65,634976,4,819.79,90718,214544,2.0683229813664568,0
2023-07-28 11:01:44,821.65,634985,3,819.79,90717,214537,2.0683229813664568,0
2023-07-28 11:01:44,821.65,634985,1,819.79,90717,214537,2.0683229813664568,0
2023-07-28 11:01:44,821.2,634985,1,819.79,90717,214537,2.012422360248453,0
2023-07-28 11:01:45,821.2,634987,1,819.79,90757,214536,2.012422360248453,0
2023-07-28 11:01:45,821.65,634987,5,819.79,90757,214536,2.0683229813664568,0
2023-07-28 11:01:49,821.25,635033,41,819.79,90774,214466,2.018633540372671,0
2023-07-28 11:01:49,821.25,635033,41,819.79,91607,214273,2.018633540372671,0
2023-07-28 11:01:49,821.2,635033,1,819.79,91607,214273,2.012422360248453,0
2023-07-28 11:01:49,821.25,635033,1,819.79,91607,214273,2.018633540372671,0
2023-07-28 11:01:53,821.25,635035,1,819.79,91369,214524,2.018633540372671,0
2023-07-28 11:01:53,821.25,635035,1,819.79,91368,214746,2.018633540372671,0
2023-07-28 11:01:53,821.25,635035,1,819.79,91298,214322,2.018633540372671,0
2023-07-28 11:01:53,821.25,635035,2,819.79,91298,214322,2.018633540372671,0
2023-07-28 11:01:53,821.25,635035,47,819.79,91298,214322,2.018633540372671,0
2023-07-28 11:02:01,821.25,635086,47,819.79,91436,214268,2.018633540372671,0
2023-07-28 11:02:01,821.25,635086,47,819.79,91506,214269,2.018633540372671,0
2023-07-28 11:02:01,821.25,635086,47,819.79,91591,215238,2.018633540372671,0
2023-07-28 11:02:01,821.2,635086,22,819.79,91591,215238,2.012422360248453,0
2023-07-28 11:02:01,821.5,635086,4,819.79,91591,215238,2.049689440993789,0
2023-07-28 11:02:01,821.5,635086,106,819.79,91591,215238,2.049689440993789,0
2023-07-28 11:02:09,821.5,635321,106,819.79,91357,215326,2.049689440993789,0
2023-07-28 11:02:09,821.2,635321,1,819.79,91357,215326,2.012422360248453,0
2023-07-28 11:02:11,821.2,635342,1,819.79,91393,215503,2.012422360248453,0
2023-07-28 11:02:11,821.5,635342,8,819.79,91393,215632,2.049689440993789,0
2023-07-28 11:02:15,821.5,635350,8,819.79,91293,215644,2.049689440993789,0
2023-07-28 11:02:15,821.5,635350,1,819.79,91293,215644,2.049689440993789,0
2023-07-28 11:02:20,821.5,635351,1,819.79,91293,215642,2.049689440993789,0
2023-07-28 11:02:23,821.15,635465,114,819.79,91179,215796,2.006211180124221,0
2023-07-28 11:02:23,821.5,635465,46,819.79,91179,215796,2.049689440993789,0
2023-07-28 11:02:25,821.5,635511,46,819.79,91178,215636,2.049689440993789,0
2023-07-28 11:02:25,821.15,635511,16,819.79,91178,215636,2.006211180124221,0
2023-07-28 11:02:27,821.15,635527,16,819.79,91162,215813,2.006211180124221,0
2023-07-28 11:02:30,821.45,635543,16,819.79,91162,215807,2.0434782608695707,0
2023-07-28 11:02:30,821.15,635543,200,819.79,91162,215807,2.006211180124221,0
2023-07-28 11:02:32,821.15,635743,200,819.79,91128,216311,2.006211180124221,0
2023-07-28 11:02:36,821.45,635746,3,819.79,91283,216554,2.0434782608695707,0
2023-07-28 11:02:36,821.45,635746,10,819.79,91283,216554,2.0434782608695707,0
2023-07-28 11:02:38,821.45,635756,10,819.79,91283,216775,2.0434782608695707,0
2023-07-28 11:02:38,821.45,635756,10,819.79,90987,216775,2.0434782608695707,0
2023-07-28 11:02:44,821.15,635757,1,819.79,90988,216816,2.006211180124221,0
2023-07-28 11:02:44,821.45,635757,35,819.79,90988,216816,2.0434782608695707,0
2023-07-28 11:02:46,821.45,635809,17,819.79,90988,216764,2.0434782608695707,0
2023-07-28 11:02:46,821.4,635809,10,819.79,90988,216764,2.037267080745339,0
2023-07-28 11:02:48,821.4,636019,10,819.79,90793,216842,2.037267080745339,0
2023-07-28 11:02:48,821.4,636019,25,819.79,90793,216842,2.037267080745339,0
2023-07-28 11:02:51,821.4,636044,25,819.79,90775,217208,2.037267080745339,0
2023-07-28 11:02:51,821.4,636044,4,819.79,90775,217208,2.037267080745339,0
2023-07-28 11:02:54,821.4,636066,1,819.79,80878,217950,2.037267080745339,0
2023-07-28 11:02:54,821.45,636066,1,819.79,80878,217950,2.0434782608695707,0
2023-07-28 11:02:57,821.5,636090,1,819.79,81038,217797,2.049689440993789,0
2023-07-28 11:02:57,821.5,636090,26,819.79,81038,217797,2.049689440993789,0
2023-07-28 11:02:57,821.5,636090,4,819.79,81038,217797,2.049689440993789,0
2023-07-28 11:03:00,821.5,636144,4,819.79,80997,217829,2.049689440993789,0
2023-07-28 11:03:00,821.4,636144,50,819.79,80997,217829,2.037267080745339,0
2023-07-28 11:03:00,821.4,636144,5,819.79,80997,217829,2.037267080745339,0
2023-07-28 11:03:03,821.5,636333,85,819.79,80849,217710,2.049689440993789,0
2023-07-28 11:03:03,821.15,636333,3,819.79,80849,217710,2.006211180124221,0
2023-07-28 11:03:03,821.5,636333,1,819.79,80849,217710,2.049689440993789,0
2023-07-28 11:03:03,821.5,636333,16,819.79,80849,217710,2.049689440993789,0
2023-07-28 11:03:05,821.5,636353,16,819.79,80850,217716,2.049689440993789,0
2023-07-28 11:03:05,820.0,636353,2,819.79,80850,217716,1.8633540372670807,0
2023-07-28 11:03:07,820.0,639378,2,819.79,79777,220053,1.8633540372670807,0
2023-07-28 11:03:07,820.0,639378,227,819.79,79777,220053,1.8633540372670807,0
2023-07-28 11:03:11,820.0,639617,227,819.79,79626,219236,1.8633540372670807,0
2023-07-28 11:03:11,820.0,639617,227,819.79,79626,219294,1.8633540372670807,0
2023-07-28 11:03:11,820.0,639617,11,819.79,79626,219294,1.8633540372670807,0
2023-07-28 11:03:11,820.0,639617,10,819.79,79626,219294,1.8633540372670807,0
2023-07-28 11:03:16,820.0,639938,80,819.79,79626,219522,1.8633540372670807,0
2023-07-28 11:03:19,820.0,639966,22,819.79,79645,219658,1.8633540372670807,0
2023-07-28 11:03:19,819.05,639966,37,819.79,79645,219658,1.7453416149068266,0
2023-07-28 11:03:22,819.05,640339,37,819.79,79365,220561,1.7453416149068266,0
2023-07-28 11:03:22,819.85,640339,5,819.79,79365,220561,1.8447204968944129,0
2023-07-28 11:03:28,819.85,640350,1,819.79,79627,220140,1.8447204968944129,0
2023-07-28 11:03:28,820.0,640350,50,819.79,79627,220140,1.8633540372670807,0
2023-07-28 11:03:28,820.0,640400,50,819.79,79677,220686,1.8633540372670807,0
2023-07-28 11:03:32,819.85,640458,13,819.79,80061,220940,1.8447204968944129,0
2023-07-28 11:03:32,819.8,640458,8,819.79,80061,220940,1.8385093167701807,0
2023-07-28 11:03:33,819.8,640466,8,819.79,80116,220782,1.8385093167701807,0
2023-07-28 11:03:33,819.8,640466,8,819.79,80157,220327,1.8385093167701807,0
2023-07-28 11:03:33,819.9,640466,6,819.79,80157,220327,1.8509316770186308,0
2023-07-28 11:03:40,819.9,640476,6,819.79,80535,219794,1.8509316770186308,0
2023-07-28 11:03:40,820.0,640476,150,819.79,80535,219794,1.8633540372670807,0
2023-07-28 11:03:42,820.0,640626,150,819.79,80566,219360,1.8633540372670807,0
2023-07-28 11:03:42,820.0,640626,18,819.79,80566,219360,1.8633540372670807,0
2023-07-28 11:03:44,819.6,641209,24,819.79,80593,219640,1.8136645962732947,0
2023-07-28 11:03:47,820.0,641313,37,819.79,80645,219881,1.8633540372670807,0
2023-07-28 11:03:47,820.0,641313,37,819.79,80711,219493,1.8633540372670807,0
2023-07-28 11:03:52,820.0,641350,8,819.79,80671,219666,1.8633540372670807,0
2023-07-28 11:03:52,820.0,641350,100,819.79,80671,219666,1.8633540372670807,0
2023-07-28 11:03:53,820.0,641450,100,819.79,80674,219456,1.8633540372670807,0
2023-07-28 11:03:53,820.0,641450,100,819.79,80642,220066,1.8633540372670807,0
2023-07-28 11:03:53,820.0,641450,100,819.79,80713,220082,1.8633540372670807,0
2023-07-28 11:04:02,820.0,641595,19,819.79,80984,219861,1.8633540372670807,0
2023-07-28 11:04:05,820.0,641616,21,819.79,80463,220040,1.8633540372670807,0
2023-07-28 11:04:05,819.4,641616,2,819.79,80463,220040,1.7888198757763947,0
2023-07-28 11:04:05,819.4,641618,2,819.79,80461,220169,1.7888198757763947,0
2023-07-28 11:04:05,819.4,641618,2,819.79,80460,220324,1.7888198757763947,0
2023-07-28 11:04:05,820.0,641618,127,819.79,80460,220324,1.8633540372670807,0
2023-07-28 11:04:11,820.0,642573,127,819.8,81000,219041,1.8633540372670807,0
2023-07-28 11:04:11,820.0,642573,127,819.8,80618,219342,1.8633540372670807,0
2023-07-28 11:04:11,820.0,642573,25,819.8,80618,219342,1.8633540372670807,0
2023-07-28 11:04:15,820.0,642598,25,819.8,80850,219267,1.8633540372670807,0
2023-07-28 11:04:15,820.6,642598,1,819.8,80850,219267,1.9378881987577667,0
2023-07-28 11:04:19,820.6,642599,1,819.8,80942,220338,1.9378881987577667,0
2023-07-28 11:04:19,820.6,642599,1,819.8,80943,220332,1.9378881987577667,0
2023-07-28 11:04:19,820.0,642599,1,819.8,80943,220332,1.8633540372670807,0
2023-07-28 11:04:24,820.0,642600,1,819.8,80946,220312,1.8633540372670807,0
2023-07-28 11:04:24,820.65,642600,72,819.8,80946,220312,1.9440993788819847,0
2023-07-28 11:04:27,820.65,642800,72,819.8,81095,220267,1.9440993788819847,0
2023-07-28 11:04:27,820.65,642800,72,819.8,81105,220296,1.9440993788819847,0
2023-07-28 11:04:27,820.7,642800,23,819.8,81105,220296,1.9503105590062169,0
2023-07-28 11:04:30,820.7,642825,23,819.8,81200,220218,1.9503105590062169,0
2023-07-28 11:04:30,819.8,642825,1,819.8,81200,220218,1.8385093167701807,0
2023-07-28 11:04:34,819.8,643025,1,819.8,80891,219659,1.8385093167701807,0
2023-07-28 11:04:34,820.6,643025,30,819.8,82354,220107,1.9378881987577667,0
2023-07-28 11:04:37,820.6,643055,30,819.8,82209,219979,1.9378881987577667,0
2023-07-28 11:04:37,820.5,643055,20,819.8,82209,219979,1.9254658385093169,0
2023-07-28 11:04:41,820.5,643075,20,819.8,82114,218984,1.9254658385093169,0
2023-07-28 11:04:41,820.5,643075,20,819.8,82114,219007,1.9254658385093169,0
2023-07-28 11:04:41,820.5,643075,10,819.8,82114,219007,1.9254658385093169,0
2023-07-28 11:04:46,820.5,643085,10,819.8,82115,219111,1.9254658385093169,0
2023-07-28 11:04:46,820.5,643085,10,819.8,82125,219111,1.9254658385093169,0
2023-07-28 11:04:46,819.85,643085,68,819.8,82125,219111,1.8447204968944129,0
2023-07-28 11:04:46,819.7,643085,11,819.8,82125,219111,1.8260869565217448,0
2023-07-28 11:04:52,819.7,643350,11,819.8,82049,219872,1.8260869565217448,0
2023-07-28 11:04:52,819.7,643350,11,819.8,82084,220137,1.8260869565217448,0
2023-07-28 11:04:52,820.35,643350,50,819.8,81984,219604,1.9068322981366488,0
2023-07-28 11:04:58,820.35,643400,50,819.8,82070,219966,1.9068322981366488,0
2023-07-28 11:04:58,820.35,643400,50,819.8,82061,219528,1.9068322981366488,0
2023-07-28 11:04:58,820.35,643400,50,819.8,82061,219742,1.9068322981366488,0
2023-07-28 11:04:58,820.35,643400,50,819.8,82061,219937,1.9068322981366488,0
2023-07-28 11:04:58,820.35,643400,50,819.8,82061,220425,1.9068322981366488,0
2023-07-28 11:04:58,820.35,643400,50,819.8,82061,220425,1.9068322981366488,0
2023-07-28 11:04:58,820.35,643400,50,819.8,82066,220511,1.9068322981366488,0
2023-07-28 11:04:58,820.3,643400,1,819.8,82085,220498,1.9006211180124166,0
2023-07-28 11:05:18,819.8,643435,1,819.8,81987,220586,1.8385093167701807,0
2023-07-28 11:05:18,820.0,643435,30,819.8,81987,220586,1.8633540372670807,0
2023-07-28 11:05:21,820.0,643536,30,819.8,82123,219423,1.8633540372670807,0
2023-07-28 11:05:21,820.3,643536,3,819.8,82123,219423,1.9006211180124166,0
2023-07-28 11:05:25,820.3,643550,10,819.8,82266,219321,1.9006211180124166,0
2023-07-28 11:05:25,820.0,643550,1,819.8,82266,219321,1.8633540372670807,0
2023-07-28 11:05:27,820.0,643551,1,819.8,82264,219559,1.8633540372670807,0
2023-07-28 11:05:27,820.3,643551,1,819.8,82264,219559,1.9006211180124166,0
2023-07-28 11:05:29,820.3,643552,1,819.8,82245,219285,1.9006211180124166,0
2023-07-28 11:05:29,820.3,643552,9,819.8,82245,219285,1.9006211180124166,0
2023-07-28 11:05:29,820.5,643552,5,819.8,82245,219285,1.9254658385093169,0
2023-07-28 11:05:33,819.95,643709,89,819.8,82304,219775,1.8571428571428628,0
2023-07-28 11:05:33,819.95,643709,89,819.8,82193,219808,1.8571428571428628,0
2023-07-28 11:05:33,820.0,643709,10,819.8,82193,219808,1.8633540372670807,0
2023-07-28 11:05:37,820.0,643719,10,819.8,82205,219799,1.8633540372670807,0
2023-07-28 11:05:37,820.0,643719,10,819.8,82068,219364,1.8633540372670807,0
2023-07-28 11:05:37,820.0,643719,10,819.8,82191,219328,1.8633540372670807,0
2023-07-28 11:05:37,819.9,643719,1,819.8,82191,219328,1.8509316770186308,0
2023-07-28 11:05:37,819.6,643719,1,819.8,82191,219328,1.8136645962732947,0
2023-07-28 11:05:44,819.6,643721,1,819.8,82206,219612,1.8136645962732947,0
2023-07-28 11:05:44,819.55,643721,18,819.8,82206,219612,1.8074534161490627,0
2023-07-28 11:05:48,819.55,643739,18,819.8,81994,219531,1.8074534161490627,0
2023-07-28 11:05:48,819.55,643739,5,819.8,81994,219531,1.8074534161490627,0
2023-07-28 11:05:49,819.55,643744,5,819.8,82099,219549,1.8074534161490627,0
2023-07-28 11:05:49,819.55,643744,5,819.8,82032,219674,1.8074534161490627,0
2023-07-28 11:05:49,819.55,643744,5,819.8,82040,219680,1.8074534161490627,0
2023-07-28 11:05:49,819.6,643744,1,819.8,82040,219680,1.8136645962732947,0
2023-07-28 11:05:58,819.6,643745,1,819.8,82136,219680,1.8136645962732947,0
2023-07-28 11:05:58,819.6,643745,1,819.8,82787,219765,1.8136645962732947,0
2023-07-28 11:05:58,820.0,643745,25,819.8,82787,219765,1.8633540372670807,0
2023-07-28 11:06:02,820.0,643770,25,819.8,82016,220446,1.8633540372670807,0
2023-07-28 11:06:02,820.0,643770,25,819.8,82544,219679,1.8633540372670807,0
2023-07-28 11:06:02,820.0,643770,25,819.8,82105,219704,1.8633540372670807,0
2023-07-28 11:06:02,820.0,643770,16,819.8,82105,219704,1.8633540372670807,0
2023-07-28 11:06:11,820.0,643787,16,819.8,82044,219739,1.8633540372670807,0
2023-07-28 11:06:11,820.0,643787,16,819.8,82044,219739,1.8633540372670807,0
2023-07-28 11:06:11,820.0,643787,3,819.8,82044,219739,1.8633540372670807,0
2023-07-28 11:06:14,819.05,643807,4,819.8,81692,219705,1.7453416149068266,0
2023-07-28 11:06:14,818.0,643807,130,819.8,81692,219705,1.6149068322981366,0
2023-07-28 11:06:18,818.0,649336,130,819.79,76334,220455,1.6149068322981366,0
2023-07-28 11:06:18,818.0,649336,130,819.79,76470,220827,1.6149068322981366,0
2023-07-28 11:06:18,818.0,649336,130,819.79,76723,220488,1.6149068322981366,0
2023-07-28 11:06:18,818.0,649336,130,819.79,77166,220362,1.6149068322981366,0
2023-07-28 11:06:18,818.8,649336,63,819.79,77166,220362,1.7142857142857086,0
2023-07-28 11:06:30,818.8,649448,63,819.79,77135,219731,1.7142857142857086,0
2023-07-28 11:06:30,818.2,649448,10,819.79,77135,219731,1.6397515527950368,0
2023-07-28 11:06:33,818.2,649458,10,819.79,77151,220120,1.6397515527950368,0
2023-07-28 11:06:33,818.2,649458,25,819.79,77151,220120,1.6397515527950368,0
2023-07-28 11:06:36,818.2,649483,25,819.79,77079,219569,1.6397515527950368,0
2023-07-28 11:06:36,818.2,649483,25,819.79,77103,219618,1.6397515527950368,0
2023-07-28 11:06:36,818.25,649483,10,819.79,77103,219618,1.6459627329192548,0
2023-07-28 11:06:41,818.9,649513,20,819.79,77665,219605,1.7267080745341588,0
2023-07-28 11:06:41,818.9,649513,3,819.79,77665,219605,1.7267080745341588,0
2023-07-28 11:06:41,818.3,649513,4,819.79,77665,219605,1.6521739130434727,0
2023-07-28 11:06:44,818.25,649520,1,819.79,77353,219535,1.6459627329192548,0
2023-07-28 11:06:45,818.95,649521,33,819.79,77405,219501,1.7329192546583907,0
2023-07-28 11:06:45,819.25,649521,2,819.79,77405,219501,1.7701863354037266,0
2023-07-28 11:06:49,819.25,649586,2,819.78,77685,220185,1.7701863354037266,0
2023-07-28 11:06:49,819.25,649586,12,819.78,77685,220185,1.7701863354037266,0
2023-07-28 11:06:52,819.25,649761,48,819.78,78071,219915,1.7701863354037266,0
2023-07-28 11:06:52,819.55,649761,2,819.78,78071,219915,1.8074534161490627,0
2023-07-28 11:06:52,819.0,649761,1,819.78,78071,219915,1.7391304347826086,0
2023-07-28 11:06:54,819.0,649764,1,819.78,78250,220160,1.7391304347826086,0
2023-07-28 11:06:58,819.55,649777,4,819.78,78285,220172,1.8074534161490627,0
2023-07-28 11:06:58,819.55,649777,4,819.78,78277,219170,1.8074534161490627,0
2023-07-28 11:06:58,819.2,649777,15,819.78,78277,219170,1.7639751552795087,0
2023-07-28 11:07:03,819.5,649792,30,819.78,78181,219793,1.8012422360248448,0
2023-07-28 11:07:03,818.5,649792,2,819.78,78181,219793,1.6770186335403727,0
2023-07-28 11:07:06,819.4,649892,18,819.78,77912,219892,1.7888198757763947,0
2023-07-28 11:07:06,818.7,649892,18,819.78,77912,219892,1.7018633540372727,0
2023-07-28 11:07:09,818.7,649924,1,819.78,77981,220343,1.7018633540372727,0
2023-07-28 11:07:09,819.3,649924,1,819.78,77981,220343,1.7763975155279446,0
2023-07-28 11:07:09,819.3,649924,10,819.78,77981,220343,1.7763975155279446,0
2023-07-28 11:07:11,819.3,649935,10,819.78,78417,220240,1.7763975155279446,0
2023-07-28 11:07:11,819.3,649935,10,819.78,78417,220369,1.7763975155279446,0
2023-07-28 11:07:11,819.3,649935,10,819.78,78417,220153,1.7763975155279446,0
2023-07-28 11:07:11,819.3,649935,10,819.78,78364,220490,1.7763975155279446,0
2023-07-28 11:07:11,819.3,649935,10,819.78,78380,220220,1.7763975155279446,0
2023-07-28 11:07:11,819.0,649935,9,819.78,78380,220220,1.7391304347826086,0
2023-07-28 11:07:23,819.0,649944,9,819.78,78439,220874,1.7391304347826086,0
2023-07-28 11:07:23,819.3,649944,27,819.78,78439,220874,1.7763975155279446,0
2023-07-28 11:07:27,819.3,649972,27,819.78,78543,220736,1.7763975155279446,0
2023-07-28 11:07:27,819.3,649972,27,819.78,78743,220405,1.7763975155279446,0
2023-07-28 11:07:27,819.3,649972,8,819.78,78743,220405,1.7763975155279446,0
2023-07-28 11:07:32,819.0,650078,97,819.78,78574,221130,1.7391304347826086,0
2023-07-28 11:07:35,819.25,650086,8,819.78,78775,221079,1.7701863354037266,0
2023-07-28 11:07:35,819.3,650086,12,819.78,78775,221079,1.7763975155279446,0
2023-07-28 11:07:37,819.3,650246,21,819.78,79190,220202,1.7763975155279446,0
2023-07-28 11:07:37,819.5,650246,1,819.78,79190,220202,1.8012422360248448,0
2023-07-28 11:07:39,819.8,650261,1,819.78,79541,220476,1.8385093167701807,0
2023-07-28 11:07:40,819.8,650262,1,819.78,79543,220813,1.8385093167701807,0
2023-07-28 11:07:40,819.3,650262,25,819.78,79543,220813,1.7763975155279446,0
2023-07-28 11:07:40,819.3,650262,1,819.78,79543,220813,1.7763975155279446,0
2023-07-28 11:07:45,819.3,650290,1,819.78,79615,222055,1.7763975155279446,0
2023-07-28 11:07:45,819.85,650290,1,819.78,79615,222055,1.8447204968944129,0
2023-07-28 11:07:47,819.85,650366,1,819.78,79587,221893,1.8447204968944129,0
2023-07-28 11:07:47,819.9,650366,33,819.78,79566,221530,1.8509316770186308,0
2023-07-28 11:07:47,819.85,650366,3,819.78,79566,221530,1.8447204968944129,0
2023-07-28 11:07:52,819.85,650510,3,819.78,79575,220943,1.8447204968944129,0
2023-07-28 11:07:52,819.3,650510,47,819.78,79575,220943,1.7763975155279446,0
2023-07-28 11:07:52,819.8,650510,5,819.78,79575,220943,1.8385093167701807,0
2023-07-28 11:07:54,819.8,650562,5,819.78,79061,221410,1.8385093167701807,0
2023-07-28 11:07:54,820.0,650562,5,819.78,79403,220036,1.8633540372670807,0
2023-07-28 11:07:54,820.0,650562,58,819.78,79403,220036,1.8633540372670807,0
2023-07-28 11:08:01,820.0,650755,1,819.78,79550,220707,1.8633540372670807,0
2023-07-28 11:08:04,819.55,650756,1,819.78,79607,220285,1.8074534161490627,0
2023-07-28 11:08:07,819.9,650789,33,819.78,78993,220882,1.8509316770186308,0
2023-07-28 11:08:10,819.9,650839,50,819.78,79122,220096,1.8509316770186308,0
2023-07-28 11:08:10,819.95,650839,1,819.78,79122,220096,1.8571428571428628,0
2023-07-28 11:08:12,819.95,650840,1,819.78,79122,220261,1.8571428571428628,0
2023-07-28 11:08:12,819.95,650840,1,819.78,79122,220320,1.8571428571428628,0
2023-07-28 11:08:12,819.95,650840,5,819.78,79122,220320,1.8571428571428628,0
2023-07-28 11:08:12,819.95,650840,25,819.78,79122,220320,1.8571428571428628,0
2023-07-28 11:08:18,819.9,650962,17,819.78,79071,220545,1.8509316770186308,0
2023-07-28 11:08:18,819.6,650962,1,819.78,79071,220545,1.8136645962732947,0
2023-07-28 11:08:20,819.6,650963,1,819.78,79270,220355,1.8136645962732947,0
2023-07-28 11:08:23,819.9,650970,7,819.78,79497,220335,1.8509316770186308,0
2023-07-28 11:08:23,819.9,650970,1,819.78,79497,220335,1.8509316770186308,0
2023-07-28 11:08:25,819.9,650971,1,819.78,79731,220345,1.8509316770186308,0
2023-07-28 11:08:25,819.9,650971,5,819.78,79731,220345,1.8509316770186308,0
2023-07-28 11:08:25,819.9,650971,25,819.78,79731,220345,1.8509316770186308,0
2023-07-28 11:08:27,819.9,651001,25,819.78,79135,221407,1.8509316770186308,0
2023-07-28 11:08:27,819.9,651001,2,819.78,79135,221407,1.8509316770186308,0
2023-07-28 11:08:31,819.9,651009,6,819.78,79138,220383,1.8509316770186308,0
2023-07-28 11:08:31,819.9,651009,6,819.78,79489,220450,1.8509316770186308,0
2023-07-28 11:08:31,819.6,651009,11,819.78,79489,220450,1.8136645962732947,0
2023-07-28 11:08:35,819.6,651020,11,819.78,79202,220457,1.8136645962732947,0
2023-07-28 11:08:40,819.6,651122,62,819.78,79096,220474,1.8136645962732947,0
2023-07-28 11:08:40,819.6,651122,62,819.78,79053,220684,1.8136645962732947,0
2023-07-28 11:08:40,819.6,651122,62,819.78,79053,220664,1.8136645962732947,0
2023-07-28 11:08:40,820.0,651122,12,819.78,79053,220664,1.8633540372670807,0
2023-07-28 11:08:46,820.1,651485,1,819.78,79174,220257,1.8757763975155308,0
2023-07-28 11:08:51,819.9,651836,350,819.78,79178,220431,1.8509316770186308,0
2023-07-28 11:08:51,819.9,651836,350,819.78,79178,220431,1.8509316770186308,0
2023-07-28 11:08:51,819.95,651836,1,819.78,79178,220431,1.8571428571428628,0
2023-07-28 11:08:53,819.95,651837,1,819.78,79199,221429,1.8571428571428628,0
2023-07-28 11:08:53,819.95,651837,1,819.78,79199,221429,1.8571428571428628,0
2023-07-28 11:08:54,819.95,651838,1,819.78,79177,221426,1.8571428571428628,0
2023-07-28 11:08:54,820.0,651838,20,819.78,79177,221426,1.8633540372670807,0
2023-07-28 11:08:54,819.6,651838,8,819.78,79177,221426,1.8136645962732947,0
2023-07-28 11:08:59,819.6,651866,8,819.78,79201,221413,1.8136645962732947,0
2023-07-28 11:08:59,819.6,651866,8,819.78,79203,220774,1.8136645962732947,0
2023-07-28 11:08:59,819.95,651866,50,819.78,79203,220774,1.8571428571428628,0
2023-07-28 11:09:05,819.45,651916,17,819.78,79206,220988,1.7950310559006268,0
2023-07-28 11:09:05,819.8,651916,5,819.78,79206,220988,1.8385093167701807,0
2023-07-28 11:09:05,819.8,651916,19,819.78,79206,220988,1.8385093167701807,0
2023-07-28 11:09:08,819.8,651974,19,819.78,79163,221626,1.8385093167701807,0
2023-07-28 11:09:08,819.8,651974,19,819.78,79168,221626,1.8385093167701807,0
2023-07-28 11:09:08,819.8,651974,19,819.78,79168,221604,1.8385093167701807,0
2023-07-28 11:09:08,819.3,651974,27,819.78,79168,221604,1.7763975155279446,0
2023-07-28 11:09:08,819.7,651974,25,819.78,79168,221604,1.8260869565217448,0
2023-07-28 11:09:14,819.7,652057,25,819.78,78889,222009,1.8260869565217448,0
2023-07-28 11:09:14,819.7,652057,25,819.78,78889,220855,1.8260869565217448,0
2023-07-28 11:09:14,819.7,652057,25,819.78,79185,220909,1.8260869565217448,0
2023-07-28 11:09:14,819.2,652057,25,819.78,79185,220909,1.7639751552795087,0
2023-07-28 11:09:21,819.2,652082,25,819.78,78931,221130,1.7639751552795087,0
2023-07-28 11:09:21,819.6,652082,1,819.78,78931,221130,1.8136645962732947,0
2023-07-28 11:09:24,819.6,652083,1,819.78,78983,221596,1.8136645962732947,0
2023-07-28 11:09:24,819.6,652083,1,819.78,79083,221914,1.8136645962732947,0
2023-07-28 11:09:24,819.6,652083,1,819.78,79276,220567,1.8136645962732947,0
2023-07-28 11:09:24,819.6,652083,1,819.78,79466,220629,1.8136645962732947,0
2023-07-28 11:09:24,819.6,652083,1,819.78,79034,220986,1.8136645962732947,0
2023-07-28 11:09:24,820.0,652083,10,819.78,79034,220986,1.8633540372670807,0
2023-07-28 11:09:37,820.0,652103,10,819.78,79039,220903,1.8633540372670807,0
2023-07-28 11:09:37,820.0,652103,2,819.78,79039,220903,1.8633540372670807,0
2023-07-28 11:09:37,819.7,652103,60,819.78,79039,220903,1.8260869565217448,0
2023-07-28 11:09:39,819.7,652165,60,819.78,78801,221643,1.8260869565217448,0
2023-07-28 11:09:39,819.3,652165,2,819.78,78801,221643,1.7763975155279446,0
2023-07-28 11:09:43,819.9,652537,48,819.78,78970,220883,1.8509316770186308,0
2023-07-28 11:09:43,819.25,652537,9,819.78,78970,220883,1.7701863354037266,0
2023-07-28 11:09:45,819.8,652579,8,819.78,78820,221777,1.8385093167701807,0
2023-07-28 11:09:45,819.2,652579,1,819.78,78820,221777,1.7639751552795087,0
2023-07-28 11:09:47,819.2,652580,1,819.78,79005,222074,1.7639751552795087,0
2023-07-28 11:09:47,819.25,652580,2,819.78,79005,222074,1.7701863354037266,0
2023-07-28 11:09:49,819.25,652635,2,819.78,79020,221993,1.7701863354037266,0
2023-07-28 11:09:49,819.25,652635,10,819.78,79020,221993,1.7701863354037266,0
2023-07-28 11:09:49,819.2,652635,30,819.78,79020,221993,1.7639751552795087,0
2023-07-28 11:09:51,819.2,652675,30,819.78,78959,220952,1.7639751552795087,0
2023-07-28 11:09:51,819.25,652675,6,819.78,78981,220952,1.7701863354037266,0
2023-07-28 11:09:51,819.25,652675,10,819.78,78981,220952,1.7701863354037266,0
2023-07-28 11:09:51,819.2,652675,33,819.78,78981,220952,1.7639751552795087,0
2023-07-28 11:09:57,819.2,652726,9,819.78,78948,221102,1.7639751552795087,0
2023-07-28 11:09:58,819.2,652735,9,819.78,79063,220559,1.7639751552795087,0
2023-07-28 11:09:58,819.2,652735,9,819.78,79063,220878,1.7639751552795087,0
2023-07-28 11:09:58,819.85,652735,12,819.78,79063,220878,1.8447204968944129,0
2023-07-28 11:09:58,820.0,652735,16,819.78,79063,220878,1.8633540372670807,0
2023-07-28 11:10:05,820.0,652797,16,819.78,79400,220633,1.8633540372670807,0
2023-07-28 11:10:05,819.9,652797,7,819.78,79400,220633,1.8509316770186308,0
2023-07-28 11:10:07,819.9,652807,7,819.78,78917,221097,1.8509316770186308,0
2023-07-28 11:10:07,819.85,652807,6,819.78,78917,221097,1.8447204968944129,0
2023-07-28 11:10:11,819.85,652858,6,819.78,78733,221051,1.8447204968944129,0
2023-07-28 11:10:11,819.85,652858,6,819.78,78905,221042,1.8447204968944129,0
2023-07-28 11:10:11,819.85,652858,10,819.78,78905,221042,1.8447204968944129,0
2023-07-28 11:10:14,819.85,652868,10,819.78,78847,221674,1.8447204968944129,0
2023-07-28 11:10:14,819.85,652868,10,819.78,78877,221237,1.8447204968944129,0
2023-07-28 11:10:14,819.15,652868,1,819.78,78877,221237,1.7577639751552767,0
2023-07-28 11:10:21,819.6,652900,4,819.78,78543,221937,1.8136645962732947,0
2023-07-28 11:10:21,819.6,652900,4,819.78,78660,221339,1.8136645962732947,0
2023-07-28 11:10:21,819.6,652900,4,819.78,78660,221404,1.8136645962732947,0
2023-07-28 11:10:21,819.6,652900,4,819.78,78699,222281,1.8136645962732947,0
2023-07-28 11:10:21,819.6,652900,4,819.78,78497,222150,1.8136645962732947,0
2023-07-28 11:10:21,819.6,652900,4,819.78,78495,221215,1.8136645962732947,0
2023-07-28 11:10:21,819.55,652900,1,819.78,78495,221215,1.8074534161490627,0
2023-07-28 11:10:34,819.55,652901,1,819.78,78495,221410,1.8074534161490627,0
2023-07-28 11:10:34,819.55,652901,1,819.78,78503,221597,1.8074534161490627,0
2023-07-28 11:10:34,819.55,652901,1,819.78,78503,221456,1.8074534161490627,0
2023-07-28 11:10:34,819.05,652901,48,819.78,78503,221456,1.7453416149068266,0
2023-07-28 11:10:34,819.5,652901,55,819.78,78503,221456,1.8012422360248448,0
2023-07-28 11:10:34,819.1,652901,5,819.78,78503,221456,1.7515527950310588,0
2023-07-28 11:10:42,819.1,653103,5,819.78,78339,222530,1.7515527950310588,0
2023-07-28 11:10:42,819.1,653103,5,819.78,78343,221395,1.7515527950310588,0
2023-07-28 11:10:42,819.1,653103,5,819.78,78346,221476,1.7515527950310588,0
2023-07-28 11:10:42,819.1,653103,5,819.78,78412,221526,1.7515527950310588,0
2023-07-28 11:10:42,819.0,653103,3,819.78,78412,221526,1.7391304347826086,0
2023-07-28 11:10:54,819.0,653107,3,819.78,78477,221708,1.7391304347826086,0
2023-07-28 11:10:54,819.1,653107,10,819.78,78477,221708,1.7515527950310588,0
2023-07-28 11:10:57,819.1,653117,10,819.78,78547,221514,1.7515527950310588,0
2023-07-28 11:10:57,819.1,653117,10,819.78,78449,221513,1.7515527950310588,0
2023-07-28 11:10:57,819.45,653117,1,819.78,78449,221513,1.7950310559006268,0
2023-07-28 11:11:02,819.0,653118,3,819.78,78447,221921,1.7391304347826086,0
2023-07-28 11:11:03,819.0,653128,3,819.78,78272,221522,1.7391304347826086,0
2023-07-28 11:11:03,819.45,653128,3,819.78,78272,221522,1.7950310559006268,0
2023-07-28 11:11:07,819.45,653131,3,819.78,78273,222122,1.7950310559006268,0
2023-07-28 11:11:07,819.0,653131,4,819.78,78273,222122,1.7391304347826086,0
2023-07-28 11:11:07,819.0,653131,9,819.78,78273,222122,1.7391304347826086,0
2023-07-28 11:11:09,819.0,653144,9,819.78,78343,221507,1.7391304347826086,0
2023-07-28 11:11:09,819.0,653144,9,819.78,78354,221512,1.7391304347826086,0
2023-07-28 11:11:09,819.0,653144,9,819.78,78157,221484,1.7391304347826086,0
2023-07-28 11:11:09,819.0,653144,9,819.78,78311,222482,1.7391304347826086,0
2023-07-28 11:11:09,819.0,653144,5,819.78,78311,222482,1.7391304347826086,0
2023-07-28 11:11:09,819.0,653144,1,819.78,78311,222482,1.7391304347826086,0
2023-07-28 11:11:20,819.45,653160,18,819.78,78615,222513,1.7950310559006268,0
2023-07-28 11:11:24,819.45,653178,18,819.78,78624,221998,1.7950310559006268,0
2023-07-28 11:11:29,819.0,653403,3,819.78,78171,221711,1.7391304347826086,0
2023-07-28 11:11:29,819.0,653403,18,819.78,78171,221711,1.7391304347826086,0
2023-07-28 11:11:31,818.25,653616,35,819.78,77727,222915,1.6459627329192548,0
2023-07-28 11:11:31,818.5,653616,7,819.78,77866,221961,1.6770186335403727,0
2023-07-28 11:11:34,818.5,653623,7,819.78,78326,221448,1.6770186335403727,0
2023-07-28 11:11:34,819.0,653623,10,819.78,79022,221564,1.7391304347826086,0
2023-07-28 11:11:34,818.9,653623,5,819.78,79022,221564,1.7267080745341588,0
2023-07-28 11:11:41,818.9,653734,5,819.78,78378,222023,1.7267080745341588,0
2023-07-28 11:11:41,818.9,653734,5,819.78,78169,222160,1.7267080745341588,0
2023-07-28 11:11:41,819.0,653734,660,819.78,78169,222160,1.7391304347826086,0
2023-07-28 11:11:46,819.0,654663,660,819.78,78110,221919,1.7391304347826086,0
2023-07-28 11:11:46,819.0,654663,660,819.78,78114,222012,1.7391304347826086,0
2023-07-28 11:11:46,819.0,654663,24,819.78,78114,222012,1.7391304347826086,0
2023-07-28 11:11:52,819.0,654694,1,819.78,78407,222171,1.7391304347826086,0
2023-07-28 11:11:52,819.0,654694,1,819.78,78407,222171,1.7391304347826086,0
2023-07-28 11:11:52,819.0,654695,1,819.78,78826,221972,1.7391304347826086,0
2023-07-28 11:11:52,819.0,654695,1,819.78,78620,222018,1.7391304347826086,0
2023-07-28 11:11:52,819.0,654695,1,819.78,78623,221917,1.7391304347826086,0
2023-07-28 11:11:52,819.0,654695,1,819.78,79771,221917,1.7391304347826086,0
2023-07-28 11:11:52,818.6,654695,13,819.78,79771,221917,1.6894409937888226,0
2023-07-28 11:12:04,819.0,654726,6,819.78,78800,221902,1.7391304347826086,0
2023-07-28 11:12:04,819.0,654726,12,819.78,80275,221811,1.7391304347826086,0
2023-07-28 11:12:04,819.1,654726,1,819.78,80275,221811,1.7515527950310588,0
2023-07-28 11:12:08,819.1,654766,1,819.78,80339,221898,1.7515527950310588,0
2023-07-28 11:12:08,819.1,654766,49,819.78,80339,221898,1.7515527950310588,0
2023-07-28 11:12:10,819.1,654815,49,819.78,79371,221852,1.7515527950310588,0
2023-07-28 11:12:10,819.1,654815,49,819.78,79578,221852,1.7515527950310588,0
2023-07-28 11:12:10,819.1,654815,49,819.78,79573,221767,1.7515527950310588,0
2023-07-28 11:12:10,819.1,654815,49,819.78,80106,221767,1.7515527950310588,0
2023-07-28 11:12:10,819.0,654815,2,819.78,80106,221767,1.7391304347826086,0
2023-07-28 11:12:23,819.0,654817,2,819.78,80055,221745,1.7391304347826086,0
2023-07-28 11:12:23,818.9,654817,15,819.78,80055,221745,1.7267080745341588,0
2023-07-28 11:12:25,818.9,654832,15,819.78,79894,222194,1.7267080745341588,0
2023-07-28 11:12:28,818.9,654834,2,819.78,79897,222034,1.7267080745341588,0
2023-07-28 11:12:30,819.0,655065,23,819.78,80209,221808,1.7391304347826086,0
2023-07-28 11:12:30,819.1,655065,5,819.78,80209,221808,1.7515527950310588,0
2023-07-28 11:12:32,819.5,655070,2,819.78,80597,221242,1.8012422360248448,0
2023-07-28 11:12:33,819.5,657572,2,819.78,80125,222257,1.8012422360248448,0
2023-07-28 11:12:33,819.05,657572,5,819.78,80125,222257,1.7453416149068266,0
2023-07-28 11:12:39,819.0,657591,14,819.78,80117,222437,1.7391304347826086,0
2023-07-28 11:12:39,819.0,657591,3,819.78,80117,222437,1.7391304347826086,0
2023-07-28 11:12:39,819.25,657591,10,819.78,80117,222437,1.7701863354037266,0
2023-07-28 11:12:42,819.25,657605,10,819.78,79175,221502,1.7701863354037266,0
2023-07-28 11:12:45,819.0,657610,5,819.78,79170,221357,1.7391304347826086,0
2023-07-28 11:12:45,819.0,657610,16,819.78,79170,221357,1.7391304347826086,0
2023-07-28 11:12:46,819.0,657626,16,819.78,79756,221770,1.7391304347826086,0
2023-07-28 11:12:46,819.35,657626,11,819.78,79756,221770,1.7826086956521767,0
2023-07-28 11:12:50,819.35,657726,11,819.78,78955,221917,1.7826086956521767,0
2023-07-28 11:12:50,818.7,657726,2,819.78,78955,221917,1.7018633540372727,0
2023-07-28 11:12:50,818.5,657726,200,819.78,78955,221917,1.6770186335403727,0
2023-07-28 11:12:53,818.75,658362,20,819.78,78000,222369,1.7080745341614907,0
2023-07-28 11:12:53,818.7,658362,25,819.78,78000,222369,1.7018633540372727,0
2023-07-28 11:12:53,818.2,658362,1,819.78,78000,222369,1.6397515527950368,0
2023-07-28 11:12:54,818.2,658861,1,819.78,77931,222182,1.6397515527950368,0
2023-07-28 11:12:54,818.5,658861,20,819.78,77931,222182,1.6770186335403727,0
2023-07-28 11:12:55,818.5,658923,20,819.78,77375,221662,1.6770186335403727,0
2023-07-28 11:13:00,818.05,658940,1,819.78,77332,221496,1.6211180124223545,0
2023-07-28 11:13:01,818.05,658946,1,819.78,77779,221925,1.6211180124223545,0
2023-07-28 11:13:05,817.5,660180,5,819.77,76730,222195,1.5527950310559007,0
2023-07-28 11:13:05,817.5,660180,5,819.77,77118,222357,1.5527950310559007,0
2023-07-28 11:13:05,817.4,660180,1,819.77,77118,222357,1.5403726708074506,0
2023-07-28 11:13:11,817.2,660248,2,819.77,76888,222420,1.5155279503105648,0
2023-07-28 11:13:11,817.2,660248,100,819.77,76888,222420,1.5155279503105648,0
2023-07-28 11:13:11,817.2,660248,16,819.77,76888,222420,1.5155279503105648,0
2023-07-28 11:13:14,817.2,660605,17,819.77,76779,222253,1.5155279503105648,0
2023-07-28 11:13:14,817.2,660605,8,819.77,76779,222253,1.5155279503105648,0
2023-07-28 11:13:14,817.15,660605,114,819.77,76779,222253,1.5093167701863326,0
2023-07-28 11:13:16,817.15,663963,1,819.76,73951,222250,1.5093167701863326,0
2023-07-28 11:13:16,817.25,663963,10,819.76,74144,222177,1.5217391304347827,0
2023-07-28 11:13:21,817.2,663993,20,819.76,74430,222740,1.5155279503105648,0
2023-07-28 11:13:24,818.0,664019,2,819.76,75269,221571,1.6149068322981366,0
2023-07-28 11:13:24,817.25,664019,1,819.76,75269,221571,1.5217391304347827,0
2023-07-28 11:13:25,817.25,664029,1,819.76,74820,221826,1.5217391304347827,0
2023-07-28 11:13:25,817.25,664029,1,819.76,74939,221826,1.5217391304347827,0
2023-07-28 11:13:25,817.0,664029,200,819.76,74939,221826,1.4906832298136645,0
2023-07-28 11:13:25,815.55,664029,105,819.76,74939,221826,1.3105590062111745,0
2023-07-28 11:13:32,816.25,666885,50,819.74,73539,221939,1.3975155279503106,0
2023-07-28 11:13:32,816.8,666885,47,819.74,73539,221939,1.4658385093167645,0
2023-07-28 11:13:32,816.3,666885,49,819.74,73539,221939,1.4037267080745286,0
2023-07-28 11:13:37,817.15,667841,19,819.74,72813,221874,1.5093167701863326,0
2023-07-28 11:13:37,816.1,667841,1,819.74,72813,221874,1.3788819875776426,0
2023-07-28 11:13:38,816.1,668042,1,819.74,73347,221747,1.3788819875776426,0
2023-07-28 11:13:38,816.15,668042,1,819.74,73347,221747,1.3850931677018605,0
2023-07-28 11:13:41,816.15,668043,1,819.74,73781,221748,1.3850931677018605,0
2023-07-28 11:13:41,816.2,668043,10,819.74,73781,221748,1.3913043478260927,0
2023-07-28 11:13:41,817.25,668043,2,819.74,73781,221748,1.5217391304347827,0
2023-07-28 11:13:45,816.5,668192,9,819.73,74012,221786,1.4285714285714286,0
2023-07-28 11:13:45,817.2,668192,2,819.73,74012,221786,1.5155279503105648,0
2023-07-28 11:13:45,816.35,668192,50,819.73,74012,221786,1.4099378881987605,0
2023-07-28 11:13:47,816.25,668295,36,819.73,73801,221956,1.3975155279503106,0
2023-07-28 11:13:47,816.9,668295,5,819.73,73801,221956,1.4782608695652146,0
2023-07-28 11:13:50,816.9,668305,5,819.73,74369,222215,1.4782608695652146,0
2023-07-28 11:13:50,816.3,668305,58,819.73,74369,222215,1.4037267080745286,0
2023-07-28 11:13:53,816.3,668405,4,819.73,73650,222308,1.4037267080745286,0
2023-07-28 11:13:53,816.9,668405,23,819.73,73650,222308,1.4782608695652146,0
2023-07-28 11:13:55,816.9,668465,23,819.73,73846,221398,1.4782608695652146,0
2023-07-28 11:13:55,817.4,668465,100,819.73,73846,221398,1.5403726708074506,0
2023-07-28 11:13:55,817.0,668465,1,819.73,73846,221398,1.4906832298136645,0
2023-07-28 11:13:58,817.0,668566,110,819.73,76908,221929,1.4906832298136645,0
2023-07-28 11:13:58,817.6,668566,2,819.73,76908,221929,1.5652173913043506,0
2023-07-28 11:13:58,816.75,668566,29,819.73,76908,221929,1.4596273291925466,0
2023-07-28 11:14:01,816.75,668842,29,819.73,76529,222502,1.4596273291925466,0
2023-07-28 11:14:01,816.75,668842,29,819.73,76760,222199,1.4596273291925466,0
2023-07-28 11:14:01,816.75,668842,29,819.73,76800,222450,1.4596273291925466,0
2023-07-28 11:14:01,816.75,668842,29,819.73,76868,222450,1.4596273291925466,0
2023-07-28 11:14:01,816.75,668842,29,819.73,76893,222450,1.4596273291925466,0
2023-07-28 11:14:09,817.0,668942,100,819.73,76051,223083,1.4906832298136645,0
2023-07-28 11:14:09,817.0,668942,100,819.73,76109,223083,1.4906832298136645,0
2023-07-28 11:14:09,817.0,668942,100,819.73,76311,223083,1.4906832298136645,0
2023-07-28 11:14:09,817.0,668942,100,819.73,76311,223088,1.4906832298136645,0
2023-07-28 11:14:09,817.0,668942,505,819.73,76311,223088,1.4906832298136645,0
2023-07-28 11:14:12,817.0,669447,505,819.73,76679,222392,1.4906832298136645,0
2023-07-28 11:14:13,817.0,669452,5,819.73,76581,222390,1.4906832298136645,0
2023-07-28 11:14:13,816.8,669452,4,819.73,76581,222390,1.4658385093167645,0
2023-07-28 11:14:13,816.5,669452,2,819.73,76581,222390,1.4285714285714286,0
2023-07-28 11:14:15,816.5,669703,2,819.73,75128,222577,1.4285714285714286,0
2023-07-28 11:14:15,816.5,669703,2,819.73,75356,222616,1.4285714285714286,0
2023-07-28 11:14:18,816.8,669714,1,819.73,75456,222354,1.4658385093167645,0
2023-07-28 11:14:19,817.0,670063,48,819.73,76193,221532,1.4906832298136645,0
2023-07-28 11:14:19,817.0,670063,48,819.73,76363,221894,1.4906832298136645,0
2023-07-28 11:14:19,817.3,670063,1,819.73,76512,221894,1.5279503105590007,0
2023-07-28 11:14:19,817.3,670063,1,819.73,76512,221894,1.5279503105590007,0
2023-07-28 11:14:22,817.3,670065,1,819.73,76510,222108,1.5279503105590007,0
2023-07-28 11:14:22,817.1,670065,18,819.73,76665,221629,1.5031055900621146,0
2023-07-28 11:14:25,816.55,670623,27,819.72,75893,222158,1.4347826086956466,0
2023-07-28 11:14:25,816.55,670623,27,819.72,75894,222110,1.4347826086956466,0
2023-07-28 11:14:25,816.55,670623,27,819.72,76063,222447,1.4347826086956466,0
2023-07-28 11:14:25,816.55,670623,27,819.72,76063,222447,1.4347826086956466,0
2023-07-28 11:14:25,816.55,670623,27,819.72,76063,222267,1.4347826086956466,0
2023-07-28 11:14:25,816.55,670623,27,819.72,75643,221832,1.4347826086956466,0
2023-07-28 11:14:25,817.0,670623,3,819.72,75444,222277,1.4906832298136645,0
2023-07-28 11:14:35,817.0,670626,3,819.72,75514,221843,1.4906832298136645,0
2023-07-28 11:14:35,817.0,670626,3,819.72,75562,221940,1.4906832298136645,0
2023-07-28 11:14:35,817.0,670626,3,819.72,76101,221961,1.4906832298136645,0
2023-07-28 11:14:35,817.0,670626,3,819.72,76514,221961,1.4906832298136645,0
2023-07-28 11:14:35,817.0,670626,3,819.72,75963,222072,1.4906832298136645,0
2023-07-28 11:14:35,817.0,670626,3,819.72,75972,221868,1.4906832298136645,0
2023-07-28 11:14:35,817.0,670626,3,819.72,75976,221868,1.4906832298136645,0
2023-07-28 11:14:35,817.0,670626,3,819.72,75976,221868,1.4906832298136645,0
2023-07-28 11:14:35,816.7,670626,16,819.72,75977,221868,1.4534161490683286,0
2023-07-28 11:14:45,816.7,670809,16,819.72,75984,222007,1.4534161490683286,0
2023-07-28 11:14:45,816.7,670809,16,819.72,75995,222007,1.4534161490683286,0
2023-07-28 11:14:48,817.0,670853,1,819.72,76729,222101,1.4906832298136645,0
2023-07-28 11:14:48,816.7,670853,1,819.72,76729,222101,1.4534161490683286,0
2023-07-28 11:14:50,816.55,670918,12,819.72,76576,222228,1.4347826086956466,0
2023-07-28 11:14:50,816.55,670918,12,819.72,76576,222228,1.4347826086956466,0
2023-07-28 11:14:50,816.55,670918,12,819.72,76707,222155,1.4347826086956466,0
2023-07-28 11:14:50,816.55,670918,12,819.72,76717,222155,1.4347826086956466,0
2023-07-28 11:14:50,816.55,670918,12,819.72,76729,222155,1.4347826086956466,0
2023-07-28 11:14:50,816.55,670918,12,819.72,76759,222155,1.4347826086956466,0
2023-07-28 11:14:50,816.55,670918,12,819.72,76759,222155,1.4347826086956466,0
2023-07-28 11:14:50,816.55,670918,12,819.72,77349,221508,1.4347826086956466,0
2023-07-28 11:14:57,817.4,670920,31,819.72,77308,221484,1.5403726708074506,0
2023-07-28 11:14:58,816.5,673864,138,819.71,75056,221839,1.4285714285714286,0
2023-07-28 11:14:58,816.5,673864,138,819.71,75056,221889,1.4285714285714286,0
2023-07-28 11:15:00,817.3,673869,3,819.71,75215,221676,1.5279503105590007,0
2023-07-28 11:15:00,817.35,673869,1,819.71,75215,221676,1.5341614906832326,0
2023-07-28 11:15:01,817.35,673870,1,819.71,75406,221675,1.5341614906832326,0
2023-07-28 11:15:03,816.75,673880,10,819.71,75396,221734,1.4596273291925466,0
2023-07-28 11:15:03,817.25,673880,1,819.71,75396,221734,1.5217391304347827,0
2023-07-28 11:15:05,817.25,673883,1,819.71,75600,221476,1.5217391304347827,0
2023-07-28 11:15:05,817.25,673883,1,819.71,75600,221476,1.5217391304347827,0
2023-07-28 11:15:05,817.45,673883,15,819.71,75600,221476,1.5465838509316827,0
2023-07-28 11:15:05,816.8,673883,2,819.71,75600,221476,1.4658385093167645,0
2023-07-28 11:15:05,816.7,673883,20,819.71,75600,221476,1.4534161490683286,0
2023-07-28 11:15:10,816.8,674030,5,819.71,76139,221955,1.4658385093167645,0
2023-07-28 11:15:10,817.0,674030,5,819.71,76139,221955,1.4906832298136645,0
2023-07-28 11:15:15,817.0,674036,1,819.71,76509,221964,1.4906832298136645,0
2023-07-28 11:15:15,817.0,674036,1,819.71,76511,222915,1.4906832298136645,0
2023-07-28 11:15:15,816.8,674036,1,819.71,76511,222915,1.4658385093167645,0
2023-07-28 11:15:20,816.8,674037,1,819.71,75646,222637,1.4658385093167645,0
2023-07-28 11:15:20,817.0,674037,11,819.71,75646,222637,1.4906832298136645,0
2023-07-28 11:15:20,816.5,674037,500,819.71,75646,222637,1.4285714285714286,0
2023-07-28 11:15:20,817.0,674037,39,819.71,75646,222637,1.4906832298136645,0
2023-07-28 11:15:20,817.0,674037,4,819.71,75646,222637,1.4906832298136645,0
2023-07-28 11:15:20,817.0,674037,1,819.71,75646,222637,1.4906832298136645,0
2023-07-28 11:15:25,817.0,674693,1,819.71,75522,223419,1.4906832298136645,0
2023-07-28 11:15:25,817.0,674693,55,819.71,75522,223419,1.4906832298136645,0
2023-07-28 11:15:29,817.0,674768,55,819.71,75577,223317,1.4906832298136645,0
2023-07-28 11:15:29,817.0,674768,6,819.71,75577,223317,1.4906832298136645,0
2023-07-28 11:15:30,817.0,674774,6,819.71,75238,223085,1.4906832298136645,0
2023-07-28 11:15:30,816.55,674774,8,819.71,75238,223085,1.4347826086956466,0
2023-07-28 11:15:35,817.0,675058,6,819.71,76369,222717,1.4906832298136645,0
2023-07-28 11:15:35,817.0,675058,1,819.71,76369,222717,1.4906832298136645,0
2023-07-28 11:15:37,816.6,675086,4,819.71,75848,223239,1.4409937888198785,0
2023-07-28 11:15:37,816.6,675086,10,819.71,75848,223239,1.4409937888198785,0
2023-07-28 11:15:37,816.5,675086,15,819.71,75848,223239,1.4285714285714286,0
2023-07-28 11:15:39,816.5,675283,21,819.7,75749,223105,1.4285714285714286,0
2023-07-28 11:15:39,816.95,675283,6,819.7,75749,223105,1.4844720496894466,0
2023-07-28 11:15:40,816.95,675289,6,819.7,75786,223099,1.4844720496894466,0
2023-07-28 11:15:45,816.95,675466,6,819.7,74635,223305,1.4844720496894466,0
2023-07-28 11:15:45,817.0,675466,41,819.7,74635,223305,1.4906832298136645,0
2023-07-28 11:15:45,817.0,675566,41,819.7,74848,222594,1.4906832298136645,0
2023-07-28 11:15:45,817.0,675566,6,819.7,74848,222594,1.4906832298136645,0
2023-07-28 11:15:50,817.0,675572,6,819.7,74864,222792,1.4906832298136645,0
2023-07-28 11:15:50,817.0,675572,6,819.7,74648,222792,1.4906832298136645,0
2023-07-28 11:15:50,817.0,675572,1,819.7,74648,222792,1.4906832298136645,0
2023-07-28 11:15:55,817.0,675573,1,819.7,74763,222781,1.4906832298136645,0
2023-07-28 11:15:55,817.0,675573,5,819.7,74763,222781,1.4906832298136645,0
2023-07-28 11:15:55,817.0,675573,1,819.7,74763,222781,1.4906832298136645,0
2023-07-28 11:15:58,817.0,675579,1,819.7,75002,222776,1.4906832298136645,0
2023-07-28 11:15:58,817.0,675579,1,819.7,75932,222776,1.4906832298136645,0
2023-07-28 11:15:58,817.0,675579,1,819.7,76058,222724,1.4906832298136645,0
2023-07-28 11:15:58,817.0,675579,25,819.7,76058,222724,1.4906832298136645,0
2023-07-28 11:15:58,816.6,675579,3,819.7,76058,222724,1.4409937888198785,0
2023-07-28 11:16:06,816.55,675607,10,819.7,76120,222673,1.4347826086956466,0
2023-07-28 11:16:06,817.0,675607,1,819.7,76120,222673,1.4906832298136645,0
2023-07-28 11:16:08,817.0,675618,1,819.7,76105,222654,1.4906832298136645,0
2023-07-28 11:16:08,817.0,675618,2,819.7,76105,222654,1.4906832298136645,0
2023-07-28 11:16:08,817.0,675618,1,819.7,76105,222654,1.4906832298136645,0
2023-07-28 11:16:12,817.0,675621,1,819.7,76114,222681,1.4906832298136645,0
2023-07-28 11:16:12,816.55,675621,4,819.7,76114,222681,1.4347826086956466,0
2023-07-28 11:16:13,816.55,675645,4,819.7,75933,222356,1.4347826086956466,0
2023-07-28 11:16:13,816.55,675645,4,819.7,75848,222268,1.4347826086956466,0
2023-07-28 11:16:13,817.0,675645,6,819.7,75894,222268,1.4906832298136645,0
2023-07-28 11:16:13,817.0,675645,10,819.7,75894,222268,1.4906832298136645,0
2023-07-28 11:16:20,817.0,675661,15,819.7,76047,222252,1.4906832298136645,0
2023-07-28 11:16:24,816.55,675816,96,819.7,75609,222642,1.4347826086956466,0
2023-07-28 11:16:24,816.95,675816,1,819.7,75609,222642,1.4844720496894466,0
2023-07-28 11:16:26,816.55,675818,1,819.7,75645,222641,1.4347826086956466,0
2023-07-28 11:16:26,816.55,675818,1,819.7,75645,222641,1.4347826086956466,0
2023-07-28 11:16:28,816.95,675847,1,819.7,74589,222475,1.4844720496894466,0
2023-07-28 11:16:28,816.95,675847,1,819.7,74589,222475,1.4844720496894466,0
2023-07-28 11:16:28,816.95,675847,10,819.7,74589,222475,1.4844720496894466,0
2023-07-28 11:16:29,816.95,675857,10,819.7,74800,222401,1.4844720496894466,0
2023-07-28 11:16:29,816.95,675857,3,819.7,74800,222401,1.4844720496894466,0
2023-07-28 11:16:29,816.55,675857,5,819.7,74800,222401,1.4347826086956466,0
2023-07-28 11:16:33,816.55,675870,15,819.7,74840,222238,1.4347826086956466,0
2023-07-28 11:16:33,816.95,675870,10,819.7,74840,222238,1.4844720496894466,0
2023-07-28 11:16:34,816.95,675913,10,819.7,75063,222677,1.4844720496894466,0
2023-07-28 11:16:38,816.5,676515,1,819.7,75190,223055,1.4285714285714286,0
2023-07-28 11:16:38,816.25,676515,3,819.7,75190,223055,1.3975155279503106,0
2023-07-28 11:16:40,816.25,676518,3,819.7,75304,223053,1.3975155279503106,0
2023-07-28 11:16:40,816.65,676518,1,819.7,75304,223053,1.4472049689440964,0
2023-07-28 11:16:42,816.65,676519,1,819.7,74309,222987,1.4472049689440964,0
2023-07-28 11:16:42,816.65,676519,18,819.7,74309,222987,1.4472049689440964,0
2023-07-28 11:16:43,816.65,676539,9,819.7,74447,222896,1.4472049689440964,0
2023-07-28 11:16:47,816.7,676672,2,819.7,74321,222761,1.4534161490683286,0
2023-07-28 11:16:47,816.7,676672,2,819.7,74321,222761,1.4534161490683286,0
2023-07-28 11:16:49,816.65,676673,1,819.7,74411,222428,1.4472049689440964,0
2023-07-28 11:16:49,816.65,676673,1,819.7,74411,222428,1.4472049689440964,0
2023-07-28 11:16:50,816.7,676674,15,819.7,74411,222427,1.4534161490683286,0
2023-07-28 11:16:50,816.65,676674,6,819.7,74411,222427,1.4472049689440964,0
2023-07-28 11:16:54,816.65,676730,6,819.7,74467,222357,1.4472049689440964,0
2023-07-28 11:16:54,816.1,676730,100,819.7,74467,222357,1.3788819875776426,0
2023-07-28 11:16:57,816.1,676830,100,819.7,74778,222386,1.3788819875776426,0
2023-07-28 11:16:57,816.75,676830,13,819.7,74778,222386,1.4596273291925466,0
2023-07-28 11:16:57,816.1,676830,9,819.7,74778,222386,1.3788819875776426,0
2023-07-28 11:16:59,816.1,676980,9,819.7,74289,222541,1.3788819875776426,0
2023-07-28 11:16:59,816.0,676980,11,819.7,74289,222541,1.3664596273291925,0
2023-07-28 11:17:02,816.0,677017,11,819.7,75168,222623,1.3664596273291925,0
2023-07-28 11:17:02,816.0,677017,11,819.7,75384,222627,1.3664596273291925,0
2023-07-28 11:17:02,816.0,677017,11,819.7,75361,222707,1.3664596273291925,0
2023-07-28 11:17:02,816.45,677017,10,819.7,75361,222707,1.4223602484472107,0
2023-07-28 11:17:08,816.45,677027,10,819.7,74334,222322,1.4223602484472107,0
2023-07-28 11:17:08,816.45,677027,10,819.7,74823,222385,1.4223602484472107,0
2023-07-28 11:17:08,816.55,677027,3,819.7,74823,222385,1.4347826086956466,0
2023-07-28 11:17:14,816.55,677030,3,819.7,74401,222650,1.4347826086956466,0
2023-07-28 11:17:14,816.45,677030,50,819.7,74400,222650,1.4223602484472107,0
2023-07-28 11:17:14,816.45,677030,5,819.7,74400,222650,1.4223602484472107,0
2023-07-28 11:17:20,816.45,677085,1,819.7,74547,222534,1.4223602484472107,0
2023-07-28 11:17:22,816.45,677086,1,819.7,74537,222543,1.4223602484472107,0
2023-07-28 11:17:22,816.45,677086,1,819.7,74537,222543,1.4223602484472107,0
2023-07-28 11:17:27,816.0,677103,11,819.7,74749,222542,1.3664596273291925,0
2023-07-28 11:17:27,816.0,677103,88,819.7,74749,222542,1.3664596273291925,0
2023-07-28 11:17:30,816.4,677248,23,819.7,74599,222803,1.4161490683229785,0
2023-07-28 11:17:30,816.0,677248,10,819.7,74599,222803,1.3664596273291925,0
2023-07-28 11:17:30,816.0,677248,10,819.7,74599,222803,1.3664596273291925,0
2023-07-28 11:17:32,816.0,677268,10,819.7,74218,222634,1.3664596273291925,0
2023-07-28 11:17:32,816.0,677268,10,819.7,74218,222634,1.3664596273291925,0
2023-07-28 11:17:35,816.0,677368,10,819.69,74171,222767,1.3664596273291925,0
2023-07-28 11:17:35,815.6,677368,6,819.69,74190,222741,1.3167701863354067,0
2023-07-28 11:17:35,816.3,677368,10,819.69,74190,222741,1.4037267080745286,0
2023-07-28 11:17:41,816.25,677495,7,819.69,74620,222333,1.3975155279503106,0
2023-07-28 11:17:41,816.4,677495,1,819.69,74620,222333,1.4161490683229785,0
2023-07-28 11:17:41,816.4,677495,1,819.69,74620,222333,1.4161490683229785,0
2023-07-28 11:17:43,816.4,677507,1,819.69,74811,222129,1.4161490683229785,0
2023-07-28 11:17:43,816.4,677507,1,819.69,74771,222129,1.4161490683229785,0
2023-07-28 11:17:43,815.9,677507,5,819.69,74771,222129,1.3540372670807426,0
2023-07-28 11:17:49,815.9,677512,5,819.69,74774,222590,1.3540372670807426,0
2023-07-28 11:17:49,815.7,677512,10,819.69,74778,222761,1.3291925465838565,0
2023-07-28 11:17:54,815.75,677626,29,819.69,74935,222530,1.3354037267080745,0
2023-07-28 11:17:56,815.7,677661,25,819.69,74902,222530,1.3291925465838565,0
2023-07-28 11:17:56,815.6,677661,1,819.69,74902,222530,1.3167701863354067,0
2023-07-28 11:17:59,816.25,677669,3,819.69,74540,222592,1.3975155279503106,0
2023-07-28 11:17:59,816.25,677669,40,819.69,74540,222592,1.3975155279503106,0
2023-07-28 11:18:01,816.25,677719,40,819.69,74727,222348,1.3975155279503106,0
2023-07-28 11:18:01,816.25,677719,40,819.69,74641,222479,1.3975155279503106,0
2023-07-28 11:18:01,816.0,677719,23,819.69,74641,222479,1.3664596273291925,0
2023-07-28 11:18:01,816.0,677719,13,819.69,74641,222479,1.3664596273291925,0
2023-07-28 11:18:06,816.0,677755,13,819.69,74509,222443,1.3664596273291925,0
2023-07-28 11:18:06,816.0,677755,13,819.69,74568,222471,1.3664596273291925,0
2023-07-28 11:18:06,815.65,677755,2,819.69,74568,222471,1.3229813664596246,0
2023-07-28 11:18:11,815.6,677778,3,819.69,75027,222527,1.3167701863354067,0
2023-07-28 11:18:11,816.25,677778,7,819.69,75027,222527,1.3975155279503106,0
2023-07-28 11:18:13,816.25,677886,7,819.69,74916,222096,1.3975155279503106,0
2023-07-28 11:18:13,815.75,677886,25,819.69,74916,222096,1.3354037267080745,0
2023-07-28 11:18:13,815.5,677886,245,819.69,74916,222096,1.3043478260869565,0
2023-07-28 11:18:17,815.5,678411,245,819.69,74127,222479,1.3043478260869565,0
2023-07-28 11:18:17,816.0,678411,1,819.69,74127,222479,1.3664596273291925,0
2023-07-28 11:18:18,816.0,678412,1,819.69,74144,222480,1.3664596273291925,0
2023-07-28 11:18:18,815.5,678412,22,819.69,74144,222480,1.3043478260869565,0
2023-07-28 11:18:21,815.5,678443,22,819.69,74623,222138,1.3043478260869565,0
2023-07-28 11:18:25,815.8,678447,27,819.69,74393,222185,1.3416149068322925,0
2023-07-28 11:18:25,815.5,678447,18,819.69,74393,222185,1.3043478260869565,0
2023-07-28 11:18:27,816.0,678522,5,819.69,74550,222823,1.3664596273291925,0
2023-07-28 11:18:27,815.5,678522,5,819.69,74550,222823,1.3043478260869565,0
2023-07-28 11:18:30,815.45,678691,17,819.69,74382,222823,1.2981366459627386,0
2023-07-28 11:18:30,815.45,678791,17,819.69,74760,223022,1.2981366459627386,0
2023-07-28 11:18:30,816.0,678791,4,819.69,74760,223022,1.3664596273291925,0
2023-07-28 11:18:33,816.0,678810,4,819.69,74843,223016,1.3664596273291925,0
2023-07-28 11:18:33,815.95,678810,142,819.69,74843,223016,1.3602484472049745,0
2023-07-28 11:18:37,815.95,678960,142,819.69,74855,222845,1.3602484472049745,0
2023-07-28 11:18:37,815.45,678960,4,819.69,74855,222845,1.2981366459627386,0
2023-07-28 11:18:37,814.35,678960,55,819.69,74855,222845,1.1614906832298164,0
2023-07-28 11:18:37,814.3,678960,5,819.69,74855,222845,1.1552795031055845,0
2023-07-28 11:18:40,814.3,684817,1,819.64,70802,224995,1.1552795031055845,0
2023-07-28 11:18:40,814.3,684817,1,819.64,70802,224995,1.1552795031055845,0
2023-07-28 11:18:40,814.1,684817,35,819.64,70802,224995,1.1304347826086985,0
2023-07-28 11:18:43,814.0,685631,15,819.64,71875,224592,1.1180124223602483,0
2023-07-28 11:18:46,813.85,685773,1,819.64,71845,224106,1.0993788819875805,0
2023-07-28 11:18:46,813.7,685773,20,819.64,71845,224106,1.0807453416149124,0
2023-07-28 11:18:49,814.0,686469,15,819.63,71356,224066,1.1180124223602483,0
2023-07-28 11:18:49,814.0,686469,2,819.63,71356,224066,1.1180124223602483,0
2023-07-28 11:18:49,813.65,686469,58,819.63,71356,224066,1.0745341614906805,0
2023-07-28 11:18:51,813.95,687282,63,819.62,70601,224785,1.1118012422360304,0
2023-07-28 11:18:55,814.0,687970,6,819.62,71544,223852,1.1180124223602483,0
2023-07-28 11:18:55,814.0,687970,5,819.62,71544,223852,1.1180124223602483,0
2023-07-28 11:18:55,814.0,687970,4,819.62,71544,223852,1.1180124223602483,0
2023-07-28 11:18:57,814.0,688311,4,819.61,71462,223628,1.1180124223602483,0
2023-07-28 11:18:57,813.95,688311,6,819.61,71462,223628,1.1118012422360304,0
2023-07-28 11:19:00,814.0,688595,1,819.61,70853,223944,1.1180124223602483,0
2023-07-28 11:19:03,814.0,688606,10,819.61,70913,223631,1.1180124223602483,0
2023-07-28 11:19:03,814.0,688606,14,819.61,70913,223631,1.1180124223602483,0
2023-07-28 11:19:04,813.5,688716,5,819.61,71037,223748,1.0559006211180124,0
2023-07-28 11:19:04,813.15,688716,33,819.61,71037,223748,1.0124223602484443,0
2023-07-28 11:19:04,813.9,688716,2,819.61,71037,223748,1.1055900621117984,0
2023-07-28 11:19:07,813.9,688817,2,819.61,70841,223796,1.1055900621117984,0
2023-07-28 11:19:07,814.0,688817,27,819.61,70841,223796,1.1180124223602483,0
2023-07-28 11:19:08,813.45,688917,2,819.61,71411,223075,1.0496894409937945,0
2023-07-28 11:19:08,813.1,688917,3,819.61,71411,223075,1.0062111801242264,0
2023-07-28 11:19:12,813.1,689023,3,819.61,71219,223581,1.0062111801242264,0
2023-07-28 11:19:14,813.85,689126,22,819.61,72254,222862,1.0993788819875805,0
2023-07-28 11:19:14,813.8,689126,3,819.61,72254,222862,1.0931677018633483,0
2023-07-28 11:19:14,813.3,689126,3,819.61,72254,222862,1.0310559006211124,0
2023-07-28 11:19:18,813.3,689163,3,819.61,72652,223422,1.0310559006211124,0
2023-07-28 11:19:18,813.2,689163,8,819.61,72652,223422,1.0186335403726765,0
2023-07-28 11:19:20,813.2,689171,8,819.61,72350,223557,1.0186335403726765,0
2023-07-28 11:19:20,813.2,689171,8,819.61,72381,223564,1.0186335403726765,0
2023-07-28 11:19:20,813.75,689171,1,819.61,72381,223564,1.0869565217391304,0
2023-07-28 11:19:20,813.2,689171,14,819.61,72381,223564,1.0186335403726765,0
2023-07-28 11:19:25,813.65,689515,1,819.6,72014,223889,1.0745341614906805,0
2023-07-28 11:19:25,813.75,689515,4,819.6,72014,223889,1.0869565217391304,0
2023-07-28 11:19:28,813.3,689660,1,819.6,72369,223349,1.0310559006211124,0
2023-07-28 11:19:28,813.15,689660,15,819.6,72369,223349,1.0124223602484443,0
2023-07-28 11:19:30,813.7,689816,4,819.6,72198,224337,1.0807453416149124,0
2023-07-28 11:19:30,813.7,689816,4,819.6,72198,224337,1.0807453416149124,0
2023-07-28 11:19:30,813.6,689816,154,819.6,72198,224337,1.0683229813664625,0
2023-07-28 11:19:32,813.95,690004,4,819.6,72758,222950,1.1118012422360304,0
2023-07-28 11:19:32,813.65,690004,1,819.6,72758,222950,1.0745341614906805,0
2023-07-28 11:19:35,814.0,690381,45,819.6,72724,222084,1.1180124223602483,0
2023-07-28 11:19:35,813.65,690381,12,819.6,72724,222084,1.0745341614906805,0
2023-07-28 11:19:35,814.0,690381,1,819.6,72724,222084,1.1180124223602483,0
2023-07-28 11:19:37,814.0,690769,1,819.59,72993,222180,1.1180124223602483,0
2023-07-28 11:19:37,814.0,690769,81,819.59,72993,222180,1.1180124223602483,0
2023-07-28 11:19:40,814.55,691470,1,819.59,72268,223251,1.1863354037267024,0
2023-07-28 11:19:40,814.0,691470,25,819.59,72268,223251,1.1180124223602483,0
2023-07-28 11:19:42,814.55,691505,4,819.59,72522,223920,1.1863354037267024,0
2023-07-28 11:19:42,814.55,691505,4,819.59,72641,223920,1.1863354037267024,0
2023-07-28 11:19:42,813.55,691505,54,819.59,72641,223920,1.0621118012422304,0
2023-07-28 11:19:47,813.65,691625,16,819.59,72628,223744,1.0745341614906805,0
2023-07-28 11:19:47,814.35,691625,1,819.59,72628,223744,1.1614906832298164,0
2023-07-28 11:19:47,814.3,691625,1,819.59,72628,223744,1.1552795031055845,0
2023-07-28 11:19:49,814.3,691627,1,819.59,72629,223232,1.1552795031055845,0
2023-07-28 11:19:49,814.55,691627,3,819.59,72629,223232,1.1863354037267024,0
2023-07-28 11:19:50,814.55,691637,3,819.59,72881,222474,1.1863354037267024,0
2023-07-28 11:19:50,814.55,691637,3,819.59,73158,222632,1.1863354037267024,0
2023-07-28 11:19:50,814.55,691637,3,819.59,73230,222867,1.1863354037267024,0
2023-07-28 11:19:50,814.55,691637,3,819.59,73341,222818,1.1863354037267024,0
2023-07-28 11:20:03,815.25,691657,12,819.59,73705,221125,1.2732919254658386,0
2023-07-28 11:20:03,815.2,691657,22,819.59,73705,221125,1.2670807453416206,0
2023-07-28 11:20:05,814.75,691699,10,819.59,73629,221100,1.2111801242236024,0
2023-07-28 11:20:05,815.2,691699,2,819.59,73629,221100,1.2670807453416206,0
2023-07-28 11:20:05,815.2,691701,2,819.59,73805,221097,1.2670807453416206,0
2023-07-28 11:20:05,814.8,691701,10,819.59,73805,221097,1.2173913043478204,0
2023-07-28 11:20:05,815.2,691701,2,819.59,73805,221097,1.2670807453416206,0
2023-07-28 11:20:11,815.2,691713,2,819.59,74682,220223,1.2670807453416206,0
2023-07-28 11:20:11,815.2,691713,6,819.59,74682,220223,1.2670807453416206,0
2023-07-28 11:20:14,815.2,691719,6,819.59,74858,220434,1.2670807453416206,0
2023-07-28 11:20:14,815.2,691719,63,819.59,74858,220434,1.2670807453416206,0
2023-07-28 11:20:17,815.2,691827,1,819.59,74282,220594,1.2670807453416206,0
2023-07-28 11:20:17,815.2,691827,1,819.59,74388,220338,1.2670807453416206,0
2023-07-28 11:20:17,815.3,691827,12,819.59,74388,220338,1.2795031055900565,0
2023-07-28 11:20:17,815.1,691827,32,819.59,74388,220338,1.2546583850931705,0
2023-07-28 11:20:22,815.1,691916,32,819.58,74617,220917,1.2546583850931705,0
2023-07-28 11:20:22,815.6,691916,1,819.58,74617,220917,1.3167701863354067,0
2023-07-28 11:20:22,815.7,691916,30,819.58,74617,220917,1.3291925465838565,0
2023-07-28 11:20:27,815.7,691953,30,819.58,74827,220737,1.3291925465838565,0
2023-07-28 11:20:27,815.7,691953,10,819.58,74827,220737,1.3291925465838565,0
2023-07-28 11:20:27,815.7,691953,1,819.58,74827,220737,1.3291925465838565,0
2023-07-28 11:20:29,815.05,692024,4,819.58,74928,221127,1.2484472049689384,0
2023-07-28 11:20:29,815.05,692024,4,819.58,74930,220934,1.2484472049689384,0
2023-07-28 11:20:29,815.6,692024,10,819.58,74930,220934,1.3167701863354067,0
2023-07-28 11:20:33,815.6,692034,10,819.58,74821,221000,1.3167701863354067,0
2023-07-28 11:20:33,815.6,692034,10,819.58,74821,220804,1.3167701863354067,0
2023-07-28 11:20:33,815.9,692034,22,819.58,74821,220804,1.3540372670807426,0
2023-07-28 11:20:39,815.9,692144,10,819.58,75123,220528,1.3540372670807426,0
2023-07-28 11:20:39,815.9,692144,10,819.58,75123,220528,1.3540372670807426,0
2023-07-28 11:20:39,815.65,692144,1,819.58,75123,220528,1.3229813664596246,0
2023-07-28 11:20:42,815.95,692245,10,819.58,75053,219828,1.3602484472049745,0
2023-07-28 11:20:42,815.95,692245,10,819.58,75051,220115,1.3602484472049745,0
2023-07-28 11:20:42,815.15,692245,1,819.58,75051,220115,1.2608695652173885,0
2023-07-28 11:20:47,815.15,692270,1,819.58,74736,221336,1.2608695652173885,0
2023-07-28 11:20:47,816.05,692270,11,819.58,74736,221336,1.3726708074534104,0
2023-07-28 11:20:47,815.95,692270,29,819.58,74736,221336,1.3602484472049745,0
2023-07-28 11:20:52,815.95,692559,29,819.58,74792,221204,1.3602484472049745,0
2023-07-28 11:20:52,815.95,692559,29,819.58,74890,221396,1.3602484472049745,0
2023-07-28 11:20:52,815.95,692559,2,819.58,74890,221396,1.3602484472049745,0
2023-07-28 11:20:56,815.95,692561,2,819.58,75032,221396,1.3602484472049745,0
2023-07-28 11:20:56,815.95,692561,2,819.58,75156,221516,1.3602484472049745,0
2023-07-28 11:20:56,815.95,692561,2,819.58,75156,221516,1.3602484472049745,0
2023-07-28 11:21:03,815.95,692568,5,819.58,75161,221586,1.3602484472049745,0
2023-07-28 11:21:03,815.95,692568,10,819.58,75161,221586,1.3602484472049745,0
2023-07-28 11:21:03,815.95,692568,1,819.58,75161,221586,1.3602484472049745,0
2023-07-28 11:21:04,815.95,692579,1,819.58,75206,222326,1.3602484472049745,0
2023-07-28 11:21:04,815.0,692579,11,819.58,75206,222326,1.2422360248447204,0
2023-07-28 11:21:10,815.0,692749,11,819.58,74892,222946,1.2422360248447204,0
2023-07-28 11:21:10,815.25,692749,3,819.58,74892,222946,1.2732919254658386,0
2023-07-28 11:21:16,815.9,692854,6,819.58,75052,222155,1.3540372670807426,0
2023-07-28 11:21:16,815.9,692854,6,819.58,75052,222155,1.3540372670807426,0
2023-07-28 11:21:16,815.3,692854,21,819.58,75052,222155,1.2795031055900565,0
2023-07-28 11:21:18,815.25,692932,42,819.58,74847,222704,1.2732919254658386,0
2023-07-28 11:21:18,815.0,692932,89,819.58,74847,222704,1.2422360248447204,0
2023-07-28 11:21:20,815.0,693246,89,819.58,74361,223302,1.2422360248447204,0
2023-07-28 11:21:20,815.0,693246,26,819.58,74361,223302,1.2422360248447204,0
2023-07-28 11:21:20,815.5,693246,3,819.58,74361,223302,1.3043478260869565,0
2023-07-28 11:21:20,815.0,693246,200,819.58,74361,223302,1.2422360248447204,0
2023-07-28 11:21:24,815.0,693535,200,819.58,74927,222312,1.2422360248447204,0
2023-07-28 11:21:24,815.8,693535,8,819.58,74927,222312,1.3416149068322925,0
