2023-07-28 10:49:29,757.2,1260975,20,752.61,285547,405869,1.1285475792988375,0
2023-07-28 10:49:29,757.2,1260975,20,752.61,284909,405777,1.1285475792988375,0
2023-07-28 10:49:29,757.2,1260975,20,752.61,285623,406074,1.1285475792988375,0
2023-07-28 10:49:29,757.5,1260975,4,752.61,285623,406074,1.1686143572621035,0
2023-07-28 10:49:33,757.15,1261384,41,752.61,284717,405983,1.1218697829716164,0
2023-07-28 10:49:33,757.5,1261384,25,752.61,284717,405983,1.1686143572621035,0
2023-07-28 10:49:36,757.5,1262234,800,752.61,285053,405090,1.1686143572621035,0
2023-07-28 10:49:37,757.15,1262530,23,752.62,285243,404866,1.1218697829716164,0
2023-07-28 10:49:39,757.2,1262780,49,752.62,284932,405025,1.1285475792988375,0
2023-07-28 10:49:39,757.5,1262780,3,752.62,284932,405025,1.1686143572621035,0
2023-07-28 10:49:40,757.5,1262813,3,752.62,285249,404930,1.1686143572621035,0
2023-07-28 10:49:42,757.15,1262847,24,752.62,284335,405295,1.1218697829716164,0
2023-07-28 10:49:42,757.15,1262847,10,752.62,284335,405295,1.1218697829716164,0
2023-07-28 10:49:44,757.15,1262907,50,752.62,284919,405653,1.1218697829716164,0
2023-07-28 10:49:45,757.15,1262957,50,752.62,284969,405666,1.1218697829716164,0
2023-07-28 10:49:45,757.15,1262971,14,752.62,284955,405737,1.1218697829716164,0
2023-07-28 10:49:47,757.15,1263024,50,752.62,284920,405949,1.1218697829716164,0
2023-07-28 10:49:47,757.45,1263024,2,752.62,284920,405949,1.1619365609348975,0
2023-07-28 10:49:47,757.45,1263026,2,752.62,284902,405940,1.1619365609348975,0
2023-07-28 10:49:50,757.2,1263144,18,752.62,284741,405847,1.1285475792988375,0
2023-07-28 10:49:50,757.2,1263151,7,752.62,284734,405840,1.1285475792988375,0
2023-07-28 10:49:50,757.2,1263151,1,752.62,284734,405840,1.1285475792988375,0
2023-07-28 10:49:51,757.45,1263152,25,752.62,285136,405840,1.1619365609348975,0
2023-07-28 10:49:53,757.2,1263182,5,752.62,284828,405875,1.1285475792988375,0
2023-07-28 10:49:53,757.2,1263182,4,752.62,284828,405875,1.1285475792988375,0
2023-07-28 10:49:53,757.2,1263187,4,752.62,285785,405958,1.1285475792988375,0
2023-07-28 10:49:53,757.2,1263187,10,752.62,285785,405958,1.1285475792988375,0
2023-07-28 10:49:54,757.2,1263197,10,752.62,285977,406149,1.1285475792988375,0
2023-07-28 10:49:54,757.2,1263197,10,752.62,285772,406149,1.1285475792988375,0
2023-07-28 10:49:54,757.2,1263197,10,752.62,285620,406205,1.1285475792988375,0
2023-07-28 10:49:54,757.45,1263197,8,752.62,285620,406205,1.1619365609348975,0
2023-07-28 10:49:59,757.2,1263255,50,752.62,285570,406244,1.1285475792988375,0
2023-07-28 10:50:00,757.45,1263675,57,752.62,285592,405947,1.1619365609348975,0
2023-07-28 10:50:00,757.2,1263675,19,752.62,285592,405947,1.1285475792988375,0
2023-07-28 10:50:00,757.45,1263675,6,752.62,285592,405947,1.1619365609348975,0
2023-07-28 10:50:01,757.05,1263743,2,752.62,285693,406224,1.1085141903171893,0
2023-07-28 10:50:02,757.05,1263745,2,752.62,284695,406256,1.1085141903171893,0
2023-07-28 10:50:04,757.05,1263897,8,752.62,284378,406512,1.1085141903171893,0
2023-07-28 10:50:06,757.05,1263941,16,752.62,284459,406439,1.1085141903171893,0
2023-07-28 10:50:06,757.05,1263941,16,752.62,284459,406439,1.1085141903171893,0
2023-07-28 10:50:07,757.05,1263953,12,752.62,284447,406414,1.1085141903171893,0
2023-07-28 10:50:07,757.5,1263953,111,752.62,284447,406414,1.1686143572621035,0
2023-07-28 10:50:07,757.4,1263953,1,752.62,284447,406414,1.1552587646076764,0
2023-07-28 10:50:07,757.1,1263953,50,752.62,284447,406414,1.1151919866444104,0
2023-07-28 10:50:07,757.4,1263953,32,752.62,284447,406414,1.1552587646076764,0
2023-07-28 10:50:12,757.1,1264969,16,752.62,284521,407961,1.1151919866444104,0
2023-07-28 10:50:12,757.2,1264969,10,752.62,284521,407961,1.1285475792988375,0
2023-07-28 10:50:15,757.2,1264995,10,752.62,283806,409361,1.1285475792988375,0
2023-07-28 10:50:15,757.3,1264995,70,752.62,283806,409361,1.1419031719532493,0
2023-07-28 10:50:17,757.1,1265065,12,752.62,284604,408905,1.1151919866444104,0
2023-07-28 10:50:17,757.0,1265065,20,752.62,284604,408905,1.1018363939899833,0
2023-07-28 10:50:17,757.0,1265065,20,752.62,284604,408905,1.1018363939899833,0
2023-07-28 10:50:21,757.4,1265167,2,752.63,284671,408592,1.1552587646076764,0
2023-07-28 10:50:21,757.1,1265167,1,752.63,284671,408592,1.1151919866444104,0
2023-07-28 10:50:21,757.1,1265167,1,752.63,284671,408592,1.1151919866444104,0
2023-07-28 10:50:21,757.1,1265167,1,752.63,284671,408592,1.1151919866444104,0
2023-07-28 10:50:21,757.1,1265167,1,752.63,284671,408592,1.1151919866444104,0
2023-07-28 10:50:24,757.45,1265971,36,752.63,284614,408125,1.1619365609348975,0
2023-07-28 10:50:24,757.1,1265971,61,752.63,284614,408125,1.1151919866444104,0
2023-07-28 10:50:24,757.1,1265971,1,752.63,284614,408125,1.1151919866444104,0
2023-07-28 10:50:27,757.4,1266084,25,752.63,285113,408476,1.1552587646076764,0
2023-07-28 10:50:27,757.45,1266084,1,752.63,285113,408476,1.1619365609348975,0
2023-07-28 10:50:27,757.75,1266084,31,752.63,285113,408476,1.2020033388981637,0
2023-07-28 10:50:27,757.5,1266084,20,752.63,285113,408476,1.1686143572621035,0
2023-07-28 10:50:29,757.5,1269045,20,752.64,285992,405555,1.1686143572621035,0
2023-07-28 10:50:29,757.45,1269045,28,752.64,285992,405555,1.1619365609348975,0
2023-07-28 10:50:29,757.4,1269045,10,752.64,285992,405555,1.1552587646076764,0
2023-07-28 10:50:32,757.4,1269528,10,752.64,286786,401792,1.1552587646076764,0
2023-07-28 10:50:32,757.4,1269528,19,752.64,286786,401792,1.1552587646076764,0
2023-07-28 10:50:32,757.75,1269528,1,752.64,286786,401792,1.2020033388981637,0
2023-07-28 10:50:34,757.75,1269548,1,752.64,286692,406039,1.2020033388981637,0
2023-07-28 10:50:34,757.75,1269548,7,752.64,286692,406039,1.2020033388981637,0
2023-07-28 10:50:38,757.75,1269555,7,752.64,287022,406289,1.2020033388981637,0
2023-07-28 10:50:38,757.4,1269555,19,752.64,287022,406289,1.1552587646076764,0
2023-07-28 10:50:39,757.4,1269581,19,752.64,287778,406288,1.1552587646076764,0
2023-07-28 10:50:39,757.45,1269581,70,752.64,287778,406288,1.1619365609348975,0
2023-07-28 10:50:39,757.8,1269581,11,752.64,287778,406288,1.2086811352253695,0
2023-07-28 10:50:44,757.4,1269690,16,752.64,287081,406169,1.1552587646076764,0
2023-07-28 10:50:44,757.4,1269706,16,752.64,288661,406988,1.1552587646076764,0
2023-07-28 10:50:44,757.7,1269706,1,752.64,288661,406988,1.1953255425709577,0
2023-07-28 10:50:49,757.4,1269719,12,752.64,289029,407097,1.1552587646076764,0
2023-07-28 10:50:49,757.4,1269719,5,752.64,289029,407097,1.1552587646076764,0
2023-07-28 10:50:49,757.2,1269719,64,752.64,289029,407097,1.1285475792988375,0
2023-07-28 10:50:49,757.6,1269719,1,752.64,289029,407097,1.1819699499165306,0
2023-07-28 10:50:55,757.3,1270770,63,752.65,288130,407210,1.1419031719532493,0
2023-07-28 10:50:55,757.3,1270890,63,752.65,290921,407568,1.1419031719532493,0
2023-07-28 10:50:55,757.55,1270890,3,752.65,290921,407568,1.1752921535893095,0
2023-07-28 10:50:55,757.55,1270890,3,752.65,290921,407568,1.1752921535893095,0
2023-07-28 10:50:55,757.2,1270890,3,752.65,290921,407568,1.1285475792988375,0
2023-07-28 10:51:01,757.2,1270900,3,752.65,290675,409296,1.1285475792988375,0
2023-07-28 10:51:01,757.3,1270900,10,752.65,290675,409296,1.1419031719532493,0
2023-07-28 10:51:05,757.3,1270920,1,752.65,290857,408986,1.1419031719532493,0
2023-07-28 10:51:05,757.3,1270920,1,752.65,290933,408986,1.1419031719532493,0
2023-07-28 10:51:05,757.4,1270920,125,752.65,290933,408986,1.1552587646076764,0
2023-07-28 10:51:07,757.2,1271171,34,752.65,290025,408465,1.1285475792988375,0
2023-07-28 10:51:09,757.3,1271206,1,752.65,291292,408424,1.1419031719532493,0
2023-07-28 10:51:09,757.35,1271206,1,752.65,291292,408424,1.1485809682804704,0
2023-07-28 10:51:10,757.25,1271508,52,752.65,290970,408076,1.1352253756260433,0
2023-07-28 10:51:11,757.6,1271543,1,752.65,291724,408174,1.1819699499165306,0
2023-07-28 10:51:11,757.6,1271543,1,752.65,291724,408174,1.1819699499165306,0
2023-07-28 10:51:12,757.7,1271544,1,752.65,291297,408277,1.1953255425709577,0
2023-07-28 10:51:12,757.7,1271544,1,752.65,291431,408050,1.1953255425709577,0
2023-07-28 10:51:12,757.6,1271544,24,752.65,291431,408050,1.1819699499165306,0
2023-07-28 10:51:14,757.8,1271782,9,752.65,293042,407990,1.2086811352253695,0
2023-07-28 10:51:15,757.35,1271800,12,752.65,292671,409012,1.1485809682804704,0
2023-07-28 10:51:16,757.3,1272027,22,752.65,292080,407934,1.1419031719532493,0
2023-07-28 10:51:16,757.3,1272050,22,752.65,292064,407994,1.1419031719532493,0
2023-07-28 10:51:16,757.3,1272050,22,752.65,292064,407995,1.1419031719532493,0
2023-07-28 10:51:18,757.6,1272060,10,752.65,292208,407985,1.1819699499165306,0
2023-07-28 10:51:18,757.3,1272060,100,752.65,292208,407985,1.1419031719532493,0
2023-07-28 10:51:19,757.6,1272174,14,752.65,292393,407992,1.1819699499165306,0
2023-07-28 10:51:19,757.3,1272174,7,752.65,292393,407992,1.1419031719532493,0
2023-07-28 10:51:20,757.3,1272188,7,752.65,292908,408281,1.1419031719532493,0
2023-07-28 10:51:21,757.35,1272189,1,752.65,292881,408236,1.1485809682804704,0
2023-07-28 10:51:23,757.75,1272659,1,752.65,292952,408835,1.2020033388981637,0
2023-07-28 10:51:23,757.35,1272659,50,752.65,292952,408835,1.1485809682804704,0
2023-07-28 10:51:23,757.35,1272711,50,752.65,292964,409208,1.1485809682804704,0
2023-07-28 10:51:24,757.6,1272712,1,752.65,293173,408510,1.1819699499165306,0
2023-07-28 10:51:26,757.7,1272762,50,752.65,293250,408257,1.1953255425709577,0
2023-07-28 10:51:27,757.7,1272822,13,752.65,293512,408004,1.1953255425709577,0
2023-07-28 10:51:27,757.7,1272835,13,752.65,292854,408105,1.1953255425709577,0
2023-07-28 10:51:27,757.8,1272835,25,752.65,292854,408105,1.2086811352253695,0
2023-07-28 10:51:28,757.8,1273110,25,752.66,293539,407291,1.2086811352253695,0
2023-07-28 10:51:30,757.65,1273449,51,752.66,292629,408386,1.1886477462437366,0
2023-07-28 10:51:30,757.4,1273449,26,752.66,292629,408386,1.1552587646076764,0
2023-07-28 10:51:31,757.35,1273673,53,752.66,292560,408025,1.1485809682804704,0
2023-07-28 10:51:32,757.35,1273705,28,752.66,291192,408318,1.1485809682804704,0
2023-07-28 10:51:32,757.6,1273705,1,752.66,291192,408318,1.1819699499165306,0
2023-07-28 10:51:32,757.6,1273706,1,752.66,293289,408392,1.1819699499165306,0
2023-07-28 10:51:32,757.6,1273706,1,752.66,293289,408392,1.1819699499165306,0
2023-07-28 10:51:32,757.6,1273706,1,752.66,294026,408392,1.1819699499165306,0
2023-07-28 10:51:32,757.6,1273706,1,752.66,294142,408516,1.1819699499165306,0
2023-07-28 10:51:32,757.6,1273706,1,752.66,294804,408431,1.1819699499165306,0
2023-07-28 10:51:32,757.6,1273706,1,752.66,294804,408787,1.1819699499165306,0
2023-07-28 10:51:32,757.6,1273706,1,752.66,295611,409061,1.1819699499165306,0
2023-07-28 10:51:32,757.8,1273706,75,752.66,295611,409061,1.2086811352253695,0
2023-07-28 10:51:42,757.8,1274506,75,752.66,295753,407759,1.2086811352253695,0
2023-07-28 10:51:42,757.55,1274506,1,752.66,295753,407759,1.1752921535893095,0
2023-07-28 10:51:44,757.7,1274624,4,752.66,296178,407945,1.1953255425709577,0
2023-07-28 10:51:44,757.6,1274624,50,752.66,296178,407945,1.1819699499165306,0
2023-07-28 10:51:44,757.7,1274745,12,752.66,295074,409881,1.1953255425709577,0
2023-07-28 10:51:45,757.7,1274757,12,752.66,295296,410164,1.1953255425709577,0
2023-07-28 10:51:46,757.8,1274807,48,752.66,295504,410094,1.2086811352253695,0
2023-07-28 10:51:46,757.45,1274807,13,752.66,295375,410620,1.1619365609348975,0
2023-07-28 10:51:48,757.45,1274822,13,752.66,295664,410581,1.1619365609348975,0
2023-07-28 10:51:48,757.75,1274822,1,752.66,295664,410581,1.2020033388981637,0
2023-07-28 10:51:50,757.75,1274823,1,752.66,294864,410609,1.2020033388981637,0
2023-07-28 10:51:50,757.75,1274823,1,752.66,294864,410609,1.2020033388981637,0
2023-07-28 10:51:51,757.85,1274830,5,752.66,287447,410557,1.2153589315525908,0
2023-07-28 10:51:52,757.85,1274835,5,752.66,287194,410525,1.2153589315525908,0
2023-07-28 10:51:52,757.85,1274835,5,752.66,287188,410497,1.2153589315525908,0
2023-07-28 10:51:52,757.85,1274835,5,752.66,287188,410497,1.2153589315525908,0
2023-07-28 10:51:52,757.7,1274835,5,752.66,287648,410968,1.1953255425709577,0
2023-07-28 10:51:56,757.55,1274892,11,752.66,287494,410700,1.1752921535893095,0
2023-07-28 10:51:56,757.45,1274892,15,752.66,287494,410700,1.1619365609348975,0
2023-07-28 10:51:56,757.45,1274907,15,752.66,287537,410709,1.1619365609348975,0
2023-07-28 10:51:56,757.45,1274907,15,752.66,287454,410934,1.1619365609348975,0
2023-07-28 10:51:56,757.75,1274907,1,752.66,287454,410934,1.2020033388981637,0
2023-07-28 10:51:56,757.45,1274907,28,752.66,287454,410934,1.1619365609348975,0
2023-07-28 10:51:59,757.45,1275186,7,752.66,287209,411611,1.1619365609348975,0
2023-07-28 10:52:01,757.45,1275246,50,752.66,287311,411406,1.1619365609348975,0
2023-07-28 10:52:01,757.8,1275285,8,752.66,287291,411615,1.2086811352253695,0
2023-07-28 10:52:01,757.45,1275285,18,752.66,287291,411615,1.1619365609348975,0
2023-07-28 10:52:01,757.75,1275285,1,752.66,287291,411615,1.2020033388981637,0
2023-07-28 10:52:04,757.4,1275940,26,752.67,285729,412559,1.1552587646076764,0
2023-07-28 10:52:04,757.35,1275940,15,752.67,285729,412559,1.1485809682804704,0
2023-07-28 10:52:04,757.35,1275955,15,752.67,285451,412549,1.1485809682804704,0
2023-07-28 10:52:04,757.35,1275955,15,752.67,285451,412550,1.1485809682804704,0
2023-07-28 10:52:07,757.45,1275989,34,752.67,285494,412900,1.1619365609348975,0
2023-07-28 10:52:08,757.25,1276197,7,752.67,285260,413521,1.1352253756260433,0
2023-07-28 10:52:08,757.25,1276197,2,752.67,285260,413521,1.1352253756260433,0
2023-07-28 10:52:09,757.25,1276209,3,752.67,285799,412881,1.1352253756260433,0
2023-07-28 10:52:09,757.2,1276209,14,752.67,285799,412881,1.1285475792988375,0
2023-07-28 10:52:09,757.4,1276209,50,752.67,285799,412881,1.1552587646076764,0
2023-07-28 10:52:11,757.15,1276273,15,752.67,285059,412775,1.1218697829716164,0
2023-07-28 10:52:12,757.45,1276314,18,752.67,285054,414200,1.1619365609348975,0
2023-07-28 10:52:12,757.15,1276314,2,752.67,285054,414200,1.1218697829716164,0
2023-07-28 10:52:12,757.15,1276514,2,752.67,285052,414152,1.1218697829716164,0
2023-07-28 10:52:12,757.45,1276514,25,752.67,285052,414152,1.1619365609348975,0
2023-07-28 10:52:14,757.3,1276572,2,752.67,285370,413804,1.1419031719532493,0
2023-07-28 10:52:15,757.45,1277487,22,752.67,284578,413252,1.1619365609348975,0
2023-07-28 10:52:16,757.45,1277643,15,752.67,283919,413137,1.1619365609348975,0
2023-07-28 10:52:16,757.2,1277643,18,752.67,283919,413137,1.1285475792988375,0
2023-07-28 10:52:18,757.2,1277665,4,752.67,284305,413269,1.1285475792988375,0
2023-07-28 10:52:18,757.2,1277665,4,752.67,284508,413608,1.1285475792988375,0
2023-07-28 10:52:18,757.15,1277665,24,752.67,284508,413608,1.1218697829716164,0
2023-07-28 10:52:21,757.2,1277704,2,752.67,284680,413809,1.1285475792988375,0
2023-07-28 10:52:22,757.15,1277955,37,752.67,284643,414218,1.1218697829716164,0
2023-07-28 10:52:22,757.15,1277955,3,752.67,284643,414218,1.1218697829716164,0
2023-07-28 10:52:23,757.15,1277981,1,752.67,284461,414396,1.1218697829716164,0
2023-07-28 10:52:23,757.15,1277981,1,752.67,284443,414556,1.1218697829716164,0
2023-07-28 10:52:24,757.1,1277997,12,752.67,284431,414826,1.1151919866444104,0
2023-07-28 10:52:26,757.4,1278048,1,752.67,284467,414383,1.1552587646076764,0
2023-07-28 10:52:26,757.4,1278048,1,752.67,284514,414200,1.1552587646076764,0
2023-07-28 10:52:26,757.15,1278048,8,752.67,284514,414200,1.1218697829716164,0
2023-07-28 10:52:27,757.15,1278348,8,752.68,284609,414551,1.1218697829716164,0
2023-07-28 10:52:27,757.15,1278348,41,752.68,284609,414551,1.1218697829716164,0
2023-07-28 10:52:29,757.15,1278430,15,752.68,284621,414709,1.1218697829716164,0
2023-07-28 10:52:29,757.15,1278430,15,752.68,284621,414709,1.1218697829716164,0
2023-07-28 10:52:31,757.5,1278620,26,752.68,284833,413877,1.1686143572621035,0
2023-07-28 10:52:31,757.5,1278646,26,752.68,284592,414115,1.1686143572621035,0
2023-07-28 10:52:31,757.55,1278646,2,752.68,284592,414115,1.1752921535893095,0
2023-07-28 10:52:33,757.55,1278650,2,752.68,284588,414314,1.1752921535893095,0
2023-07-28 10:52:33,757.55,1278650,2,752.68,284588,414314,1.1752921535893095,0
2023-07-28 10:52:34,757.25,1278655,4,752.68,284555,414666,1.1352253756260433,0
2023-07-28 10:52:35,757.6,1278755,100,752.68,284279,414566,1.1819699499165306,0
2023-07-28 10:52:35,757.2,1278767,10,752.68,284486,414741,1.1285475792988375,0
2023-07-28 10:52:35,757.2,1278767,10,752.68,284486,414776,1.1285475792988375,0
2023-07-28 10:52:35,757.2,1278767,10,752.68,283661,416042,1.1285475792988375,0
2023-07-28 10:52:35,757.15,1278767,14,752.68,283661,416042,1.1218697829716164,0
2023-07-28 10:52:40,757.15,1278966,14,752.68,283871,415303,1.1218697829716164,0
2023-07-28 10:52:40,757.1,1278966,1,752.68,283871,415303,1.1151919866444104,0
2023-07-28 10:52:41,757.1,1278991,3,752.68,284535,415606,1.1151919866444104,0
2023-07-28 10:52:41,757.1,1278994,3,752.68,284330,415900,1.1151919866444104,0
2023-07-28 10:52:43,757.1,1279024,20,752.68,284449,415643,1.1151919866444104,0
2023-07-28 10:52:43,757.5,1279024,13,752.68,284449,415643,1.1686143572621035,0
2023-07-28 10:52:43,757.15,1279169,23,752.68,284161,415533,1.1218697829716164,0
2023-07-28 10:52:44,757.15,1279192,23,752.68,282928,415787,1.1218697829716164,0
2023-07-28 10:52:44,757.1,1279192,8,752.68,282928,415787,1.1151919866444104,0
2023-07-28 10:52:46,757.1,1279226,24,752.68,284462,415813,1.1151919866444104,0
2023-07-28 10:52:47,757.1,1279276,24,752.68,284412,415893,1.1151919866444104,0
2023-07-28 10:52:47,757.35,1279276,2,752.68,284412,415893,1.1485809682804704,0
2023-07-28 10:52:49,757.1,1279286,8,752.68,284402,416559,1.1151919866444104,0
2023-07-28 10:52:49,757.1,1279297,11,752.68,284124,416735,1.1151919866444104,0
2023-07-28 10:52:49,757.1,1279297,11,752.68,284391,416541,1.1151919866444104,0
2023-07-28 10:52:52,757.1,1279314,12,752.68,284519,416789,1.1151919866444104,0
2023-07-28 10:52:52,757.35,1279684,100,752.68,284057,416300,1.1485809682804704,0
2023-07-28 10:52:52,757.15,1279684,9,752.68,284057,416300,1.1218697829716164,0
2023-07-28 10:52:52,757.35,1279734,2,752.68,284476,416713,1.1485809682804704,0
2023-07-28 10:52:54,757.35,1279736,2,752.68,284449,416604,1.1485809682804704,0
2023-07-28 10:52:54,757.35,1279736,2,752.68,284601,416704,1.1485809682804704,0
2023-07-28 10:52:57,757.4,1279743,1,752.68,284614,416770,1.1552587646076764,0
2023-07-28 10:52:57,757.4,1279743,1,752.68,284691,416805,1.1552587646076764,0
2023-07-28 10:52:57,757.4,1279743,1,752.68,284691,416806,1.1552587646076764,0
2023-07-28 10:53:00,757.4,1279768,25,752.68,284591,416808,1.1552587646076764,0
2023-07-28 10:53:02,757.1,1279772,4,752.68,284430,416808,1.1151919866444104,0
2023-07-28 10:53:03,757.1,1279847,14,752.68,279983,416413,1.1151919866444104,0
2023-07-28 10:53:03,756.75,1279861,25,752.68,283388,417146,1.0684474123539232,0
2023-07-28 10:53:06,756.6,1281136,15,752.68,279261,419075,1.0484140233722903,0
2023-07-28 10:53:07,756.6,1281286,150,752.69,278913,419009,1.0484140233722903,0
2023-07-28 10:53:08,756.6,1281336,50,752.69,278867,419134,1.0484140233722903,0
2023-07-28 10:53:08,756.6,1281336,50,752.69,279037,418298,1.0484140233722903,0
2023-07-28 10:53:08,756.6,1281336,50,752.69,279037,418205,1.0484140233722903,0
2023-07-28 10:53:08,756.6,1281336,50,752.69,279037,418217,1.0484140233722903,0
2023-07-28 10:53:08,756.6,1281336,50,752.69,278928,418197,1.0484140233722903,0
2023-07-28 10:53:08,756.85,1281336,4,752.69,278928,418197,1.0818030050083502,0
2023-07-28 10:53:13,756.85,1281341,4,752.69,278927,418411,1.0818030050083502,0
2023-07-28 10:53:13,756.85,1281341,1,752.69,278927,418411,1.0818030050083502,0
2023-07-28 10:53:15,756.85,1282137,795,752.69,280543,417337,1.0818030050083502,0
2023-07-28 10:53:15,756.85,1282137,95,752.69,280543,417337,1.0818030050083502,0
2023-07-28 10:53:16,756.85,1282252,20,752.69,279200,417665,1.0818030050083502,0
2023-07-28 10:53:16,757.0,1282287,1,752.69,279200,417729,1.1018363939899833,0
2023-07-28 10:53:16,756.6,1282287,3,752.69,279200,417729,1.0484140233722903,0
2023-07-28 10:53:17,756.6,1282292,3,752.69,279197,417204,1.0484140233722903,0
2023-07-28 10:53:19,756.95,1282294,2,752.69,279366,417575,1.0951585976627773,0
2023-07-28 10:53:20,756.6,1282309,10,752.69,279356,417586,1.0484140233722903,0
2023-07-28 10:53:20,756.6,1282309,10,752.69,279356,417586,1.0484140233722903,0
2023-07-28 10:53:20,756.6,1282319,200,752.69,279336,417629,1.0484140233722903,0
2023-07-28 10:53:20,756.6,1282319,200,752.69,279336,417629,1.0484140233722903,0
2023-07-28 10:53:22,756.6,1282519,22,752.69,279136,417662,1.0484140233722903,0
2023-07-28 10:53:22,756.6,1282519,22,752.69,279136,417662,1.0484140233722903,0
2023-07-28 10:53:23,756.6,1282541,22,752.69,279139,417657,1.0484140233722903,0
2023-07-28 10:53:23,756.6,1282541,22,752.69,279274,417636,1.0484140233722903,0
2023-07-28 10:53:23,756.6,1282541,22,752.69,279274,417813,1.0484140233722903,0
2023-07-28 10:53:23,756.6,1282541,22,752.69,279274,417828,1.0484140233722903,0
2023-07-28 10:53:23,756.2,1282541,2,752.69,279274,417828,0.9949916527545971,0
2023-07-28 10:53:27,756.45,1286733,66,752.7,270387,417140,1.0283806343906572,0
2023-07-28 10:53:27,756.1,1286733,204,752.7,270387,417140,0.98163606010017,0
2023-07-28 10:53:28,756.1,1287201,1,752.7,272765,418261,0.98163606010017,0
2023-07-28 10:53:28,756.45,1287201,10,752.7,272765,418261,1.0283806343906572,0
2023-07-28 10:53:29,756.45,1287213,10,752.7,272515,418318,1.0283806343906572,0
2023-07-28 10:53:29,756.45,1287213,10,752.7,272515,418318,1.0283806343906572,0
2023-07-28 10:53:29,756.45,1287223,10,752.7,272431,418108,1.0283806343906572,0
2023-07-28 10:53:29,756.45,1287223,10,752.7,272432,419461,1.0283806343906572,0
2023-07-28 10:53:29,756.45,1287223,10,752.7,272516,419418,1.0283806343906572,0
2023-07-28 10:53:33,756.5,1288023,14,752.71,272604,418288,1.0350584307178632,0
2023-07-28 10:53:33,756.55,1288023,137,752.71,272604,418288,1.041736227045069,0
2023-07-28 10:53:34,756.35,1288292,20,752.71,273833,416695,1.01502504173623,0
2023-07-28 10:53:35,756.35,1288312,20,752.71,273437,416885,1.01502504173623,0
2023-07-28 10:53:35,756.35,1288312,20,752.71,273331,417023,1.01502504173623,0
2023-07-28 10:53:37,756.25,1288693,20,752.71,272772,417161,1.001669449081803,0
2023-07-28 10:53:37,756.6,1288745,4,752.71,272289,417272,1.0484140233722903,0
2023-07-28 10:53:39,756.2,1288945,40,752.71,272260,417766,0.9949916527545971,0
2023-07-28 10:53:39,756.25,1288945,3,752.71,272260,417766,1.001669449081803,0
2023-07-28 10:53:40,756.2,1288952,2,752.71,273188,418444,0.9949916527545971,0
2023-07-28 10:53:40,756.15,1288968,16,752.71,272111,418222,0.9883138564273759,0
2023-07-28 10:53:40,756.05,1288968,50,752.71,272111,418222,0.9749582637729488,0
2023-07-28 10:53:40,756.05,1288968,90,752.71,272111,418222,0.9749582637729488,0
2023-07-28 10:53:43,756.45,1290226,25,752.71,272804,418900,1.0283806343906572,0
2023-07-28 10:53:43,756.45,1290226,25,752.71,272804,418900,1.0283806343906572,0
2023-07-28 10:53:43,756.45,1290226,25,752.71,272537,418240,1.0283806343906572,0
2023-07-28 10:53:43,756.45,1290226,25,752.71,272572,419047,1.0283806343906572,0
2023-07-28 10:53:43,756.45,1290226,25,752.71,272572,419050,1.0283806343906572,0
2023-07-28 10:53:43,756.15,1290226,2,752.71,272572,419050,0.9883138564273759,0
2023-07-28 10:53:47,756.15,1290228,2,752.71,272543,417279,0.9883138564273759,0
2023-07-28 10:53:47,756.15,1290228,2,752.71,272603,417619,0.9883138564273759,0
2023-07-28 10:53:47,756.4,1290228,1,752.71,272603,417619,1.021702838063436,0
2023-07-28 10:53:49,756.4,1290229,1,752.71,273305,417100,1.021702838063436,0
2023-07-28 10:53:49,756.45,1290229,18,752.71,273305,417100,1.0283806343906572,0
2023-07-28 10:53:52,756.05,1291283,19,752.71,270681,418488,0.9749582637729488,0
2023-07-28 10:53:52,756.0,1291478,70,752.71,271387,418705,0.9682804674457429,0
2023-07-28 10:53:52,756.0,1291478,70,752.71,271387,418705,0.9682804674457429,0
2023-07-28 10:53:53,756.05,1291528,2,752.71,272478,418772,0.9749582637729488,0
2023-07-28 10:53:54,756.0,1291538,3,752.71,272412,418893,0.9682804674457429,0
2023-07-28 10:53:54,756.3,1291538,2,752.71,272412,418893,1.008347245409009,0
2023-07-28 10:53:55,756.3,1291550,2,752.71,272017,417079,1.008347245409009,0
2023-07-28 10:53:55,756.3,1291550,5,752.71,272017,417079,1.008347245409009,0
2023-07-28 10:53:57,756.3,1291555,5,752.71,272707,418282,1.008347245409009,0
2023-07-28 10:53:57,756.3,1291555,29,752.71,272707,418282,1.008347245409009,0
2023-07-28 10:53:58,756.3,1291584,29,752.71,272563,419901,1.008347245409009,0
2023-07-28 10:53:59,756.35,1291612,1,752.72,272577,420049,1.01502504173623,0
2023-07-28 10:54:00,756.3,1291613,1,752.72,273235,418829,1.008347245409009,0
2023-07-28 10:54:01,756.05,1291835,1,752.72,273065,419966,0.9749582637729488,0
2023-07-28 10:54:01,756.05,1291835,1,752.72,273065,419966,0.9749582637729488,0
2023-07-28 10:54:02,756.0,1291841,20,752.72,273080,419898,0.9682804674457429,0
2023-07-28 10:54:03,756.0,1291881,20,752.72,272850,420441,0.9682804674457429,0
2023-07-28 10:54:03,756.0,1291881,20,752.72,273018,420007,0.9682804674457429,0
2023-07-28 10:54:03,756.0,1291881,20,752.72,272138,421021,0.9682804674457429,0
2023-07-28 10:54:03,756.0,1291881,10,752.72,272138,421021,0.9682804674457429,0
2023-07-28 10:54:06,755.95,1292178,4,752.72,271146,421021,0.9616026711185369,0
2023-07-28 10:54:07,755.95,1292204,4,752.72,271304,421365,0.9616026711185369,0
2023-07-28 10:54:09,755.65,1292213,9,752.72,271211,421637,0.9215358931552557,0
2023-07-28 10:54:09,755.65,1292213,10,752.72,271211,421637,0.9215358931552557,0
2023-07-28 10:54:09,755.65,1292223,10,752.72,271259,421922,0.9215358931552557,0
2023-07-28 10:54:11,755.95,1292224,1,752.72,271407,421451,0.9616026711185369,0
2023-07-28 10:54:11,755.95,1292224,1,752.72,271156,421512,0.9616026711185369,0
2023-07-28 10:54:11,755.65,1292224,491,752.72,271156,421512,0.9215358931552557,0
2023-07-28 10:54:14,755.65,1292724,3,752.72,270811,421830,0.9215358931552557,0
2023-07-28 10:54:14,755.6,1292724,29,752.72,270811,421830,0.9148580968280497,0
2023-07-28 10:54:16,755.6,1293081,29,752.72,270697,421534,0.9148580968280497,0
2023-07-28 10:54:16,755.6,1293081,9,752.72,270697,421534,0.9148580968280497,0
2023-07-28 10:54:17,756.0,1293870,6,752.72,270832,421704,0.9682804674457429,0
2023-07-28 10:54:17,755.6,1293870,15,752.72,270832,421704,0.9148580968280497,0
2023-07-28 10:54:18,755.6,1293954,15,752.72,270782,421920,0.9148580968280497,0
2023-07-28 10:54:18,756.0,1293954,1,752.72,270782,421920,0.9682804674457429,0
2023-07-28 10:54:20,755.65,1293956,1,752.72,270781,421319,0.9215358931552557,0
2023-07-28 10:54:20,755.65,1293956,1,752.72,270781,421319,0.9215358931552557,0
2023-07-28 10:54:20,755.65,1293956,70,752.72,270781,422119,0.9215358931552557,0
2023-07-28 10:54:22,755.65,1294026,70,752.72,270630,422070,0.9215358931552557,0
2023-07-28 10:54:23,755.65,1294027,1,752.72,270619,423070,0.9215358931552557,0
2023-07-28 10:54:23,755.65,1294027,1,752.72,271194,423867,0.9215358931552557,0
2023-07-28 10:54:23,755.85,1294027,8,752.72,270830,423480,0.9482470784641098,0
2023-07-28 10:54:28,755.65,1294345,100,752.72,268482,425010,0.9215358931552557,0
2023-07-28 10:54:28,755.75,1294747,2,752.72,270337,424170,0.9348914858096828,0
2023-07-28 10:54:28,755.35,1294747,5,752.72,270337,424170,0.8814691151919897,0
2023-07-28 10:54:29,755.35,1294793,5,752.72,270111,424412,0.8814691151919897,0
2023-07-28 10:54:29,755.3,1294793,2,752.72,270111,424412,0.8747913188647686,0
2023-07-28 10:54:30,755.3,1294801,2,752.72,270238,425042,0.8747913188647686,0
2023-07-28 10:54:32,755.4,1294841,10,752.72,269978,425454,0.8881469115191957,0
2023-07-28 10:54:33,755.4,1294851,10,752.72,269661,426510,0.8881469115191957,0
2023-07-28 10:54:33,755.4,1294851,10,752.72,270241,425964,0.8881469115191957,0
2023-07-28 10:54:33,755.4,1294851,10,752.72,270241,425850,0.8881469115191957,0
2023-07-28 10:54:33,755.4,1294851,10,752.72,270015,426190,0.8881469115191957,0
2023-07-28 10:54:33,755.4,1294851,10,752.72,270419,425045,0.8881469115191957,0
2023-07-28 10:54:33,755.4,1294851,10,752.72,270419,425331,0.8881469115191957,0
2023-07-28 10:54:33,755.4,1294851,10,752.72,270086,426199,0.8881469115191957,0
2023-07-28 10:54:33,755.35,1294851,1,752.72,270086,426199,0.8814691151919897,0
2023-07-28 10:54:41,755.35,1294852,1,752.72,269568,426907,0.8814691151919897,0
2023-07-28 10:54:42,755.5,1295027,150,752.72,269795,427622,0.9015025041736227,0
2023-07-28 10:54:42,755.5,1295027,27,752.72,269795,427622,0.9015025041736227,0
2023-07-28 10:54:42,755.5,1295054,27,752.72,269304,428360,0.9015025041736227,0
2023-07-28 10:54:42,755.7,1295054,48,752.72,269304,428360,0.9282136894824768,0
2023-07-28 10:54:44,755.7,1295179,48,752.72,269199,428277,0.9282136894824768,0
2023-07-28 10:54:45,755.4,1295293,84,752.72,269886,428134,0.8881469115191957,0
2023-07-28 10:54:46,755.35,1295304,11,752.72,269831,428159,0.8814691151919897,0
2023-07-28 10:54:46,755.35,1295304,100,752.72,269831,428159,0.8814691151919897,0
2023-07-28 10:54:48,755.35,1295415,11,752.72,269912,428304,0.8814691151919897,0
2023-07-28 10:54:48,755.35,1295415,11,752.72,269912,428304,0.8814691151919897,0
2023-07-28 10:54:49,755.35,1295430,15,752.72,269563,428495,0.8814691151919897,0
2023-07-28 10:54:49,755.35,1295430,15,752.72,269563,429522,0.8814691151919897,0
2023-07-28 10:54:49,755.35,1295430,24,752.72,269563,429916,0.8814691151919897,0
2023-07-28 10:54:52,755.35,1295485,26,752.72,270166,428951,0.8814691151919897,0
2023-07-28 10:54:52,755.4,1295485,14,752.72,270166,428951,0.8881469115191957,0
2023-07-28 10:54:53,755.4,1295499,14,752.72,269731,430048,0.8881469115191957,0
2023-07-28 10:54:53,755.4,1295499,14,752.72,269828,430055,0.8881469115191957,0
2023-07-28 10:54:53,755.55,1295499,4,752.72,269831,429946,0.9081803005008287,0
2023-07-28 10:54:56,755.7,1295603,42,752.72,270123,429465,0.9282136894824768,0
2023-07-28 10:54:57,755.75,1296439,11,752.73,271623,426402,0.9348914858096828,0
2023-07-28 10:54:57,755.75,1296439,11,752.73,271623,426402,0.9348914858096828,0
2023-07-28 10:54:58,755.7,1296464,5,752.73,270749,428253,0.9282136894824768,0
2023-07-28 10:54:58,755.7,1296464,5,752.73,270749,428253,0.9282136894824768,0
2023-07-28 10:54:59,755.45,1296478,2,752.73,269939,429452,0.8948247078464168,0
2023-07-28 10:55:00,756.0,1297331,119,752.73,271557,427391,0.9682804674457429,0
2023-07-28 10:55:00,755.7,1297331,62,752.73,271557,427391,0.9282136894824768,0
2023-07-28 10:55:01,756.05,1297420,2,752.73,271706,428174,0.9749582637729488,0
2023-07-28 10:55:01,756.05,1297422,2,752.73,271680,428122,0.9749582637729488,0
2023-07-28 10:55:01,756.05,1297422,2,752.73,271680,428622,0.9749582637729488,0
2023-07-28 10:55:04,755.65,1297434,12,752.73,271321,429527,0.9215358931552557,0
2023-07-28 10:55:04,755.65,1297434,10,752.73,271321,429527,0.9215358931552557,0
2023-07-28 10:55:05,755.65,1297444,10,752.73,271233,429599,0.9215358931552557,0
2023-07-28 10:55:07,755.7,1297544,2,752.73,271511,431753,0.9282136894824768,0
2023-07-28 10:55:08,755.65,1297558,9,752.73,270588,432288,0.9215358931552557,0
2023-07-28 10:55:08,755.65,1297558,5,752.73,270588,432288,0.9215358931552557,0
2023-07-28 10:55:09,755.65,1297563,5,752.73,270795,433783,0.9215358931552557,0
2023-07-28 10:55:09,755.65,1297563,5,752.73,271329,433823,0.9215358931552557,0
2023-07-28 10:55:09,755.65,1297563,5,752.73,271329,433550,0.9215358931552557,0
2023-07-28 10:55:09,755.65,1297563,5,752.73,271841,433550,0.9215358931552557,0
2023-07-28 10:55:09,755.65,1297563,5,752.73,271742,433638,0.9215358931552557,0
2023-07-28 10:55:09,755.65,1297563,5,752.73,271607,433708,0.9215358931552557,0
2023-07-28 10:55:09,755.65,1297563,5,752.73,270807,433975,0.9215358931552557,0
2023-07-28 10:55:09,755.65,1297563,5,752.73,271440,434639,0.9215358931552557,0
2023-07-28 10:55:09,755.65,1297563,5,752.73,270881,437532,0.9215358931552557,0
2023-07-28 10:55:09,755.65,1297563,5,752.73,270811,437799,0.9215358931552557,0
2023-07-28 10:55:09,755.65,1297563,5,752.73,270318,437900,0.9215358931552557,0
2023-07-28 10:55:09,755.65,1297563,5,752.73,270318,437900,0.9215358931552557,0
2023-07-28 10:55:26,755.75,1297568,3,752.73,270643,437988,0.9348914858096828,0
2023-07-28 10:55:26,755.75,1297568,3,752.73,271835,436429,0.9348914858096828,0
2023-07-28 10:55:26,755.75,1297568,3,752.73,271181,437248,0.9348914858096828,0
2023-07-28 10:55:28,755.55,1297782,14,752.73,270828,437505,0.9081803005008287,0
2023-07-28 10:55:30,755.55,1297813,2,752.73,271126,437157,0.9081803005008287,0
2023-07-28 10:55:30,755.55,1297813,2,752.73,271126,437157,0.9081803005008287,0
2023-07-28 10:55:30,755.55,1297813,2,752.73,270842,437160,0.9081803005008287,0
2023-07-28 10:55:30,755.55,1297813,2,752.73,270965,438537,0.9081803005008287,0
2023-07-28 10:55:30,755.55,1297813,2,752.73,271066,438265,0.9081803005008287,0
2023-07-28 10:55:30,755.55,1297813,2,752.73,271866,438287,0.9081803005008287,0
2023-07-28 10:55:30,755.55,1297813,2,752.73,272675,438545,0.9081803005008287,0
2023-07-28 10:55:30,755.55,1297813,2,752.73,270706,438110,0.9081803005008287,0
2023-07-28 10:55:30,755.75,1297813,1,752.73,270706,438110,0.9348914858096828,0
2023-07-28 10:55:36,755.75,1297814,1,752.73,273011,437187,0.9348914858096828,0
2023-07-28 10:55:37,755.9,1297841,25,752.73,273132,437132,0.9549248747913158,0
2023-07-28 10:55:38,755.8,1297842,1,752.73,273131,438237,0.9415692821368887,0
2023-07-28 10:55:40,755.95,1297917,50,752.73,273642,437908,0.9616026711185369,0
2023-07-28 10:55:40,755.85,1297917,12,752.73,273642,437908,0.9482470784641098,0
2023-07-28 10:55:40,755.85,1297929,12,752.73,273513,438096,0.9482470784641098,0
2023-07-28 10:55:40,756.15,1297929,50,752.73,272738,438553,0.9883138564273759,0
2023-07-28 10:55:43,756.15,1297988,50,752.73,273129,438202,0.9883138564273759,0
2023-07-28 10:55:43,756.15,1297988,50,752.73,273159,438282,0.9883138564273759,0
2023-07-28 10:55:46,755.85,1298050,53,752.73,272309,440163,0.9482470784641098,0
2023-07-28 10:55:47,755.6,1298064,10,752.73,272326,441752,0.9148580968280497,0
2023-07-28 10:55:47,755.6,1298064,10,752.73,272326,441752,0.9148580968280497,0
2023-07-28 10:55:47,755.6,1298064,10,752.73,272508,441847,0.9148580968280497,0
2023-07-28 10:55:47,755.6,1298064,10,752.73,272598,441682,0.9148580968280497,0
2023-07-28 10:55:50,755.6,1298864,96,752.73,272819,442177,0.9148580968280497,0
2023-07-28 10:55:50,755.6,1298960,96,752.73,272047,442517,0.9148580968280497,0
2023-07-28 10:55:50,755.6,1298960,96,752.73,272047,442844,0.9148580968280497,0
2023-07-28 10:55:50,755.6,1298960,96,752.73,272047,442783,0.9148580968280497,0
2023-07-28 10:55:50,755.6,1298960,96,752.73,272097,443793,0.9148580968280497,0
2023-07-28 10:55:50,755.6,1298960,96,752.73,272097,443793,0.9148580968280497,0
2023-07-28 10:55:50,755.6,1298960,96,752.73,272491,443845,0.9148580968280497,0
2023-07-28 10:55:50,755.6,1298960,96,752.73,272411,442901,0.9148580968280497,0
2023-07-28 10:55:50,755.6,1298960,2,752.73,272411,442901,0.9148580968280497,0
2023-07-28 10:55:58,755.6,1298962,2,752.73,272646,443548,0.9148580968280497,0
2023-07-28 10:55:58,755.6,1298962,2,752.73,273298,443435,0.9148580968280497,0
2023-07-28 10:56:00,756.05,1298964,2,752.73,273385,443276,0.9749582637729488,0
2023-07-28 10:56:00,756.05,1298964,2,752.73,273485,443502,0.9749582637729488,0
2023-07-28 10:56:00,756.05,1298964,2,752.73,273433,443502,0.9749582637729488,0
2023-07-28 10:56:00,756.05,1298964,2,752.73,273433,444502,0.9749582637729488,0
2023-07-28 10:56:00,756.15,1298964,28,752.73,273433,444502,0.9883138564273759,0
2023-07-28 10:56:04,756.15,1299027,28,752.73,273431,442998,0.9883138564273759,0
2023-07-28 10:56:04,756.15,1299027,28,752.73,274310,442930,0.9883138564273759,0
2023-07-28 10:56:04,756.15,1299027,28,752.73,274310,442930,0.9883138564273759,0
2023-07-28 10:56:04,756.15,1299027,28,752.73,274473,442940,0.9883138564273759,0
2023-07-28 10:56:04,756.15,1299027,28,752.73,274134,445102,0.9883138564273759,0
2023-07-28 10:56:09,755.85,1299079,3,752.73,273879,445314,0.9482470784641098,0
2023-07-28 10:56:10,756.05,1299094,8,752.73,274649,445198,0.9749582637729488,0
2023-07-28 10:56:11,756.05,1299112,8,752.73,274558,445521,0.9749582637729488,0
2023-07-28 10:56:11,756.25,1299112,6,752.73,274558,445521,1.001669449081803,0
2023-07-28 10:56:12,756.25,1299120,6,752.73,274187,445132,1.001669449081803,0
2023-07-28 10:56:12,756.25,1299120,6,752.73,274321,445226,1.001669449081803,0
2023-07-28 10:56:12,756.25,1299120,6,752.73,274321,445226,1.001669449081803,0
2023-07-28 10:56:12,756.25,1299120,6,752.73,273854,445254,1.001669449081803,0
2023-07-28 10:56:12,756.6,1299120,14,752.73,273854,445254,1.0484140233722903,0
2023-07-28 10:56:16,756.5,1300879,38,752.74,276853,441050,1.0350584307178632,0
2023-07-28 10:56:16,756.8,1300879,2,752.74,276853,441050,1.0751252086811292,0
2023-07-28 10:56:18,756.6,1301075,2,752.74,277253,441205,1.0484140233722903,0
2023-07-28 10:56:19,756.85,1301181,5,752.74,277946,440927,1.0818030050083502,0
2023-07-28 10:56:19,756.65,1301193,12,752.74,277798,441054,1.055091819699496,0
2023-07-28 10:56:20,756.65,1301223,30,752.74,277182,442038,1.055091819699496,0
2023-07-28 10:56:20,756.65,1301223,30,752.74,275882,442135,1.055091819699496,0
2023-07-28 10:56:20,756.65,1301223,30,752.74,275882,442135,1.055091819699496,0
2023-07-28 10:56:20,756.65,1301223,30,752.74,277331,442476,1.055091819699496,0
2023-07-28 10:56:20,756.65,1301223,30,752.74,277331,442476,1.055091819699496,0
2023-07-28 10:56:23,756.65,1301297,55,752.74,276138,443038,1.055091819699496,0
2023-07-28 10:56:23,756.65,1301297,12,752.74,276138,443038,1.055091819699496,0
2023-07-28 10:56:23,756.65,1301297,12,752.74,276138,443038,1.055091819699496,0
2023-07-28 10:56:25,756.55,1301392,15,752.74,277447,442653,1.041736227045069,0
2023-07-28 10:56:25,756.55,1301392,15,752.74,277447,442653,1.041736227045069,0
2023-07-28 10:56:25,756.55,1301392,15,752.74,276942,443111,1.041736227045069,0
2023-07-28 10:56:25,756.5,1301392,30,752.74,273999,443674,1.0350584307178632,0
2023-07-28 10:56:28,756.5,1301422,30,752.74,272029,442348,1.0350584307178632,0
2023-07-28 10:56:28,756.5,1301422,30,752.74,272486,443232,1.0350584307178632,0
2023-07-28 10:56:28,756.6,1301422,48,752.74,272486,443232,1.0484140233722903,0
2023-07-28 10:56:32,756.25,1301473,1,752.74,272940,443565,1.001669449081803,0
2023-07-28 10:56:32,756.25,1301473,1,752.74,272983,443565,1.001669449081803,0
2023-07-28 10:56:32,756.25,1301473,1,752.74,272202,443376,1.001669449081803,0
2023-07-28 10:56:32,756.55,1301473,47,752.74,272202,443376,1.041736227045069,0
2023-07-28 10:56:32,756.25,1301473,4,752.74,272202,443376,1.001669449081803,0
2023-07-28 10:56:35,756.25,1301526,4,752.74,270047,445073,1.001669449081803,0
2023-07-28 10:56:35,756.0,1301526,2,752.74,270047,445073,0.9682804674457429,0
2023-07-28 10:56:35,756.0,1301526,1,752.74,270047,445073,0.9682804674457429,0
2023-07-28 10:56:37,756.1,1301541,5,752.74,263530,444952,0.98163606010017,0
2023-07-28 10:56:37,756.1,1301541,5,752.74,268939,445058,0.98163606010017,0
2023-07-28 10:56:37,755.6,1301541,1,752.74,268939,445058,0.9148580968280497,0
2023-07-28 10:56:39,755.6,1301542,1,752.74,269072,445119,0.9148580968280497,0
2023-07-28 10:56:39,756.0,1301542,2,752.74,269072,445119,0.9682804674457429,0
2023-07-28 10:56:39,756.1,1301542,10,752.74,269072,445119,0.98163606010017,0
2023-07-28 10:56:40,756.1,1301557,10,752.74,270771,443762,0.98163606010017,0
2023-07-28 10:56:42,755.85,1301757,26,752.74,270452,444274,0.9482470784641098,0
2023-07-28 10:56:43,756.1,1301788,5,752.74,269190,444584,0.98163606010017,0
2023-07-28 10:56:43,755.85,1301788,1,752.74,269327,444543,0.9482470784641098,0
2023-07-28 10:56:46,756.1,1301817,14,752.74,269679,444241,0.98163606010017,0
2023-07-28 10:56:46,756.0,1301817,105,752.74,269679,444241,0.9682804674457429,0
2023-07-28 10:56:47,755.75,1302036,50,752.74,269215,445208,0.9348914858096828,0
2023-07-28 10:56:49,755.9,1302082,13,752.74,272167,444446,0.9549248747913158,0
2023-07-28 10:56:49,756.25,1302082,13,752.74,272167,444446,1.001669449081803,0
2023-07-28 10:56:50,756.0,1302261,1,752.74,270262,445022,0.9682804674457429,0
2023-07-28 10:56:50,755.95,1302261,3,752.74,269520,445628,0.9616026711185369,0
2023-07-28 10:56:52,755.75,1302283,16,752.74,268897,445453,0.9348914858096828,0
2023-07-28 10:56:53,756.1,1303367,14,752.74,271553,444173,0.98163606010017,0
2023-07-28 10:56:54,756.45,1303490,1,752.74,273544,444184,1.0283806343906572,0
2023-07-28 10:56:55,756.15,1303491,1,752.74,272434,443998,0.9883138564273759,0
2023-07-28 10:56:55,756.15,1303491,1,752.74,272254,444405,0.9883138564273759,0
2023-07-28 10:56:55,756.15,1303491,1,752.74,273167,443637,0.9883138564273759,0
2023-07-28 10:56:55,756.25,1303491,60,752.74,273167,443637,1.001669449081803,0
2023-07-28 10:56:58,756.2,1303551,20,752.75,272391,444769,0.9949916527545971,0
2023-07-28 10:56:59,756.55,1303572,1,752.75,271841,444805,1.041736227045069,0
2023-07-28 10:56:59,756.2,1303572,14,752.75,271841,444805,0.9949916527545971,0
2023-07-28 10:57:00,756.2,1303615,14,752.75,272038,444638,0.9949916527545971,0
2023-07-28 10:57:01,756.2,1303629,10,752.75,272282,444565,0.9949916527545971,0
2023-07-28 10:57:01,756.15,1303629,15,752.75,272614,445009,0.9883138564273759,0
2023-07-28 10:57:01,756.5,1303629,11,752.75,272614,445009,1.0350584307178632,0
2023-07-28 10:57:03,756.5,1303655,11,752.75,272416,444695,1.0350584307178632,0
2023-07-28 10:57:03,756.55,1303655,4,752.75,272416,444695,1.041736227045069,0
2023-07-28 10:57:05,756.2,1303660,1,752.75,272637,444606,0.9949916527545971,0
2023-07-28 10:57:05,756.2,1303660,1,752.75,272636,444644,0.9949916527545971,0
2023-07-28 10:57:05,756.55,1303660,1,752.75,272636,444644,1.041736227045069,0
2023-07-28 10:57:07,756.55,1303661,1,752.75,272653,444837,1.041736227045069,0
2023-07-28 10:57:07,756.2,1303661,56,752.75,272653,444837,0.9949916527545971,0
2023-07-28 10:57:09,756.2,1303760,15,752.75,272355,444755,0.9949916527545971,0
2023-07-28 10:57:09,756.2,1303760,15,752.75,272355,444755,0.9949916527545971,0
2023-07-28 10:57:10,756.2,1303761,1,752.75,272109,444872,0.9949916527545971,0
2023-07-28 10:57:10,756.2,1303761,1,752.75,272109,444872,0.9949916527545971,0
2023-07-28 10:57:10,756.2,1303761,1,752.75,272109,444872,0.9949916527545971,0
2023-07-28 10:57:10,756.05,1303761,8,752.75,272109,444872,0.9749582637729488,0
2023-07-28 10:57:12,756.0,1304217,2,752.75,271569,446281,0.9682804674457429,0
2023-07-28 10:57:13,755.85,1304219,49,752.75,270202,446458,0.9482470784641098,0
2023-07-28 10:57:14,755.85,1304268,49,752.75,270181,447749,0.9482470784641098,0
2023-07-28 10:57:15,756.2,1304290,10,752.75,270306,447388,0.9949916527545971,0
2023-07-28 10:57:15,756.2,1304290,10,752.75,271079,447572,0.9949916527545971,0
2023-07-28 10:57:15,756.2,1304290,10,752.75,271475,447573,0.9949916527545971,0
2023-07-28 10:57:15,756.2,1304290,10,752.75,271135,447634,0.9949916527545971,0
2023-07-28 10:57:20,755.95,1304301,1,752.75,270882,447897,0.9616026711185369,0
2023-07-28 10:57:21,755.85,1304401,20,752.75,270745,448121,0.9482470784641098,0
2023-07-28 10:57:21,755.85,1304417,2,752.75,270751,448181,0.9482470784641098,0
2023-07-28 10:57:22,756.25,1304418,1,752.75,270815,448328,1.001669449081803,0
2023-07-28 10:57:23,756.25,1304419,1,752.75,271391,448206,1.001669449081803,0
2023-07-28 10:57:25,755.8,1305022,7,752.75,270715,448205,0.9415692821368887,0
2023-07-28 10:57:25,755.8,1305090,1,752.75,270990,447570,0.9415692821368887,0
2023-07-28 10:57:27,755.75,1305120,7,752.75,271123,447455,0.9348914858096828,0
2023-07-28 10:57:27,755.75,1305120,7,752.75,271070,447462,0.9348914858096828,0
2023-07-28 10:57:27,755.75,1305120,7,752.75,271070,446762,0.9348914858096828,0
2023-07-28 10:57:30,756.1,1305121,33,752.75,271180,446755,0.98163606010017,0
2023-07-28 10:57:30,756.1,1305177,33,752.75,270973,446689,0.98163606010017,0
2023-07-28 10:57:30,756.1,1305177,94,752.75,270973,446689,0.98163606010017,0
2023-07-28 10:57:32,756.1,1305987,94,752.75,269029,447948,0.98163606010017,0
2023-07-28 10:57:32,755.6,1305987,13,752.75,269029,447948,0.9148580968280497,0
2023-07-28 10:57:33,755.6,1306093,3,752.75,269686,446758,0.9148580968280497,0
2023-07-28 10:57:33,755.6,1306093,3,752.75,269686,446853,0.9148580968280497,0
2023-07-28 10:57:33,755.6,1306093,1,752.75,269686,446853,0.9148580968280497,0
2023-07-28 10:57:35,755.6,1306094,1,752.75,268371,447502,0.9148580968280497,0
2023-07-28 10:57:36,755.5,1306095,1,752.75,269135,447757,0.9015025041736227,0
2023-07-28 10:57:36,755.85,1306095,50,752.75,269135,447757,0.9482470784641098,0
2023-07-28 10:57:37,755.85,1306145,50,752.75,269500,447619,0.9482470784641098,0
2023-07-28 10:57:37,755.85,1306145,50,752.75,269910,447261,0.9482470784641098,0
2023-07-28 10:57:39,755.65,1306150,5,752.75,269856,447614,0.9215358931552557,0
2023-07-28 10:57:39,755.65,1306150,1,752.75,269856,447614,0.9215358931552557,0
2023-07-28 10:57:40,755.65,1306151,1,752.75,269856,447412,0.9215358931552557,0
2023-07-28 10:57:40,755.65,1306151,1,752.75,269859,447415,0.9215358931552557,0
2023-07-28 10:57:40,755.65,1306151,1,752.75,269870,447415,0.9215358931552557,0
2023-07-28 10:57:40,755.65,1306151,1,752.75,269870,447415,0.9215358931552557,0
2023-07-28 10:57:40,755.65,1306151,1,752.75,269870,447415,0.9215358931552557,0
2023-07-28 10:57:45,755.65,1306152,1,752.75,269237,448044,0.9215358931552557,0
2023-07-28 10:57:45,755.65,1306152,1,752.75,268360,447777,0.9215358931552557,0
2023-07-28 10:57:45,755.65,1306152,1,752.75,269190,447640,0.9215358931552557,0
2023-07-28 10:57:45,755.65,1306152,1,752.75,268039,448599,0.9215358931552557,0
2023-07-28 10:57:50,755.65,1306153,1,752.75,269321,447746,0.9215358931552557,0
2023-07-28 10:57:50,755.65,1306153,1,752.75,269321,447740,0.9215358931552557,0
2023-07-28 10:57:50,755.85,1306153,1,752.75,269321,447740,0.9482470784641098,0
2023-07-28 10:57:50,755.65,1306214,16,752.75,269128,447620,0.9215358931552557,0
2023-07-28 10:57:52,755.65,1306230,16,752.75,269162,447881,0.9215358931552557,0
2023-07-28 10:57:52,755.65,1306230,16,752.75,269113,447989,0.9215358931552557,0
2023-07-28 10:57:52,755.65,1306230,50,752.75,269113,447989,0.9215358931552557,0
2023-07-28 10:57:54,755.65,1306280,1,752.75,269160,447941,0.9215358931552557,0
2023-07-28 10:57:55,755.65,1306281,1,752.75,268309,448306,0.9215358931552557,0
2023-07-28 10:57:55,755.65,1306281,1,752.75,269049,448034,0.9215358931552557,0
2023-07-28 10:57:58,755.85,1306287,4,752.75,269454,448028,0.9482470784641098,0
2023-07-28 10:57:58,755.65,1306287,8,752.75,269238,447998,0.9215358931552557,0
2023-07-28 10:58:00,755.65,1306595,8,752.75,267399,449856,0.9215358931552557,0
2023-07-28 10:58:00,755.75,1306595,9,752.75,267399,449856,0.9348914858096828,0
2023-07-28 10:58:01,755.75,1306644,9,752.75,267458,449847,0.9348914858096828,0
2023-07-28 10:58:01,755.75,1306644,9,752.75,267782,449849,0.9348914858096828,0
2023-07-28 10:58:01,755.5,1306644,1,752.75,267782,449849,0.9015025041736227,0
2023-07-28 10:58:04,755.5,1306645,1,752.75,267962,449850,0.9015025041736227,0
2023-07-28 10:58:05,755.75,1306649,2,752.75,267961,449845,0.9348914858096828,0
2023-07-28 10:58:06,755.5,1306665,16,752.75,268254,448957,0.9015025041736227,0
2023-07-28 10:58:06,755.5,1306665,16,752.75,268254,449084,0.9015025041736227,0
2023-07-28 10:58:06,755.5,1306665,16,752.75,268193,449084,0.9015025041736227,0
2023-07-28 10:58:06,755.5,1306665,8,752.75,268193,449084,0.9015025041736227,0
2023-07-28 10:58:06,755.5,1306665,1,752.75,268193,449084,0.9015025041736227,0
2023-07-28 10:58:10,755.7,1306689,10,752.75,267719,449491,0.9282136894824768,0
2023-07-28 10:58:10,755.7,1306689,10,752.75,267719,449491,0.9282136894824768,0
2023-07-28 10:58:10,755.7,1306689,10,752.75,267821,449114,0.9282136894824768,0
2023-07-28 10:58:10,755.7,1306689,10,752.75,267840,449302,0.9282136894824768,0
2023-07-28 10:58:10,755.35,1306689,34,752.75,267840,449302,0.8814691151919897,0
2023-07-28 10:58:13,755.25,1306869,1,752.75,267544,450052,0.8681135225375626,0
2023-07-28 10:58:14,755.25,1306882,1,752.75,267657,450105,0.8681135225375626,0
2023-07-28 10:58:14,755.2,1306882,13,752.75,267657,450105,0.8614357262103567,0
2023-07-28 10:58:15,755.2,1306896,1,752.75,267817,450632,0.8614357262103567,0
2023-07-28 10:58:16,755.2,1306901,5,752.75,267831,450566,0.8614357262103567,0
2023-07-28 10:58:17,755.5,1307001,10,752.75,267829,449457,0.9015025041736227,0
2023-07-28 10:58:18,755.2,1307013,12,752.75,268387,449541,0.8614357262103567,0
2023-07-28 10:58:18,755.2,1307013,12,752.75,268387,449680,0.8614357262103567,0
2023-07-28 10:58:18,755.25,1307013,32,752.75,268387,449680,0.8681135225375626,0
2023-07-28 10:58:20,755.25,1307073,1,752.75,268344,449881,0.8681135225375626,0
2023-07-28 10:58:21,755.25,1307874,14,752.76,267507,449356,0.8681135225375626,0
2023-07-28 10:58:22,755.3,1308170,5,752.76,268311,449638,0.8747913188647686,0
2023-07-28 10:58:22,755.5,1308170,5,752.76,268311,449638,0.9015025041736227,0
2023-07-28 10:58:23,755.5,1308303,5,752.76,268407,449392,0.9015025041736227,0
2023-07-28 10:58:24,755.25,1308353,34,752.76,268357,449634,0.8681135225375626,0
2023-07-28 10:58:25,755.25,1308354,1,752.76,268356,449644,0.8681135225375626,0
2023-07-28 10:58:25,755.25,1308354,15,752.76,267968,449804,0.8681135225375626,0
2023-07-28 10:58:27,755.5,1308369,2,752.76,268151,449818,0.9015025041736227,0
2023-07-28 10:58:28,755.25,1308436,15,752.76,268299,449267,0.8681135225375626,0
2023-07-28 10:58:28,755.55,1308436,1,752.76,268299,449267,0.9081803005008287,0
2023-07-28 10:58:29,755.55,1308451,1,752.76,268456,449266,0.9081803005008287,0
2023-07-28 10:58:30,755.25,1308452,1,752.76,268472,449263,0.8681135225375626,0
2023-07-28 10:58:30,755.25,1308452,1,752.76,268472,449263,0.8681135225375626,0
2023-07-28 10:58:33,755.25,1308467,9,752.76,268457,448917,0.8681135225375626,0
2023-07-28 10:58:33,755.5,1308510,13,752.76,268442,448854,0.9015025041736227,0
2023-07-28 10:58:33,755.25,1308510,20,752.76,268442,448854,0.8681135225375626,0
2023-07-28 10:58:35,755.3,1308531,10,752.76,268735,448952,0.8747913188647686,0
2023-07-28 10:58:35,755.3,1308541,10,752.76,267169,449329,0.8747913188647686,0
2023-07-28 10:58:35,755.3,1308541,10,752.76,268335,448429,0.8747913188647686,0
2023-07-28 10:58:35,755.3,1308541,10,752.76,268879,450021,0.8747913188647686,0
2023-07-28 10:58:40,755.4,1308545,1,752.76,268891,450029,0.8881469115191957,0
2023-07-28 10:58:40,755.4,1308545,1,752.76,268891,450029,0.8881469115191957,0
2023-07-28 10:58:41,755.1,1310438,28,752.76,266956,448850,0.8480801335559296,0
2023-07-28 10:58:41,755.05,1310438,5,752.76,266956,448850,0.8414023372287085,0
2023-07-28 10:58:42,755.0,1318689,223,752.78,265813,442098,0.8347245409015025,0
2023-07-28 10:58:42,754.9,1318689,2,752.78,265813,442098,0.8213689482470754,0
2023-07-28 10:58:44,754.85,1319723,10,752.78,261569,442896,0.8146911519198695,0
2023-07-28 10:58:45,754.5,1319953,3,752.78,261402,443560,0.7679465776293823,0
2023-07-28 10:58:47,754.4,1320131,6,752.78,262134,444146,0.7545909849749552,0
2023-07-28 10:58:47,754.4,1320131,12,752.78,262134,444146,0.7545909849749552,0
2023-07-28 10:58:48,754.4,1320148,5,752.78,261821,443414,0.7545909849749552,0
2023-07-28 10:58:48,754.4,1320153,1,752.78,262206,444406,0.7545909849749552,0
2023-07-28 10:58:49,754.35,1320354,18,752.78,262449,442500,0.7479131886477492,0
2023-07-28 10:58:50,754.75,1320424,8,752.78,262391,442979,0.8013355592654424,0
2023-07-28 10:58:51,754.35,1320433,5,752.78,262387,442989,0.7479131886477492,0
2023-07-28 10:58:51,754.35,1320433,5,752.78,262987,442319,0.7479131886477492,0
2023-07-28 10:58:51,754.35,1320433,5,752.78,262987,443119,0.7479131886477492,0
2023-07-28 10:58:51,754.5,1320433,50,752.78,262987,443119,0.7679465776293823,0
2023-07-28 10:58:55,754.4,1320499,10,752.78,264133,443068,0.7545909849749552,0
2023-07-28 10:58:55,754.5,1320554,43,752.78,262792,442454,0.7679465776293823,0
2023-07-28 10:58:57,754.8,1320584,30,752.78,262794,442424,0.8080133555926483,0
2023-07-28 10:58:57,754.8,1320584,30,752.78,262896,442449,0.8080133555926483,0
2023-07-28 10:58:57,754.8,1320584,30,752.78,263288,442538,0.8080133555926483,0
2023-07-28 10:58:57,754.5,1320584,1,752.78,263288,442538,0.7679465776293823,0
2023-07-28 10:59:00,754.5,1320585,1,752.78,263032,442586,0.7679465776293823,0
2023-07-28 10:59:00,754.7,1320585,1,752.78,263032,442586,0.7946577629382364,0
2023-07-28 10:59:01,754.7,1320586,1,752.78,263032,442602,0.7946577629382364,0
2023-07-28 10:59:01,754.7,1320586,1,752.78,263036,442282,0.7946577629382364,0
2023-07-28 10:59:03,754.5,1320646,1,752.78,264137,441361,0.7679465776293823,0
2023-07-28 10:59:04,754.5,1320659,1,752.78,263355,442342,0.7679465776293823,0
2023-07-28 10:59:04,754.95,1320659,141,752.78,263355,442342,0.8280467445742966,0
2023-07-28 10:59:06,754.8,1321462,2,752.78,264020,442005,0.8080133555926483,0
2023-07-28 10:59:06,754.6,1321462,12,752.78,264020,442005,0.7813021702838093,0
2023-07-28 10:59:06,754.6,1321532,12,752.78,264128,441114,0.7813021702838093,0
2023-07-28 10:59:06,754.8,1321532,8,752.78,264128,441768,0.8080133555926483,0
2023-07-28 10:59:08,754.8,1321546,6,752.78,264178,441627,0.8080133555926483,0
2023-07-28 10:59:09,754.95,1321550,1,752.78,264568,441623,0.8280467445742966,0
2023-07-28 10:59:10,754.6,1321552,1,752.78,264567,441629,0.7813021702838093,0
2023-07-28 10:59:12,755.0,1321689,1,752.78,264363,440964,0.8347245409015025,0
2023-07-28 10:59:12,755.0,1321689,1,752.78,264216,441097,0.8347245409015025,0
2023-07-28 10:59:12,755.1,1321689,25,752.78,264216,441097,0.8480801335559296,0
2023-07-28 10:59:14,755.1,1322189,25,752.78,264844,438054,0.8480801335559296,0
2023-07-28 10:59:14,755.0,1322205,1,752.78,264791,440351,0.8347245409015025,0
2023-07-28 10:59:14,755.1,1322205,1,752.78,264791,440351,0.8480801335559296,0
2023-07-28 10:59:16,755.1,1322207,1,752.78,264843,440202,0.8480801335559296,0
2023-07-28 10:59:16,755.1,1322207,1,752.78,271996,440119,0.8480801335559296,0
2023-07-28 10:59:16,755.1,1322207,42,752.78,271996,440169,0.8480801335559296,0
2023-07-28 10:59:18,755.1,1322249,42,752.78,273246,440054,0.8480801335559296,0
2023-07-28 10:59:20,754.85,1322250,17,752.78,273200,440111,0.8146911519198695,0
2023-07-28 10:59:20,754.85,1322290,17,752.78,273095,440065,0.8146911519198695,0
2023-07-28 10:59:20,754.85,1322290,17,752.78,273095,440065,0.8146911519198695,0
2023-07-28 10:59:20,754.85,1322290,17,752.78,273095,440115,0.8146911519198695,0
2023-07-28 10:59:20,754.85,1322290,17,752.78,273095,440115,0.8146911519198695,0
2023-07-28 10:59:20,754.85,1322290,17,752.78,271270,439938,0.8146911519198695,0
2023-07-28 10:59:24,754.8,1322292,2,752.78,272302,440256,0.8080133555926483,0
2023-07-28 10:59:24,754.8,1322292,2,752.78,272302,440256,0.8080133555926483,0
2023-07-28 10:59:24,754.8,1322292,2,752.78,272362,440440,0.8080133555926483,0
2023-07-28 10:59:24,754.8,1322292,1,752.78,272362,440440,0.8080133555926483,0
2023-07-28 10:59:25,754.8,1322293,1,752.78,272875,440362,0.8080133555926483,0
2023-07-28 10:59:25,754.8,1322293,1,752.78,272172,439346,0.8080133555926483,0
2023-07-28 10:59:25,754.8,1322293,1,752.78,273985,439528,0.8080133555926483,0
2023-07-28 10:59:28,755.0,1322294,1,752.78,273998,439625,0.8347245409015025,0
2023-07-28 10:59:30,755.0,1322300,6,752.78,273944,439684,0.8347245409015025,0
2023-07-28 10:59:30,755.0,1322300,13,752.78,273944,439684,0.8347245409015025,0
2023-07-28 10:59:31,755.3,1322394,6,752.78,274233,439223,0.8747913188647686,0
2023-07-28 10:59:32,755.0,1322405,11,752.78,274197,439424,0.8347245409015025,0
2023-07-28 10:59:32,755.0,1322405,11,752.78,274197,439424,0.8347245409015025,0
2023-07-28 10:59:32,755.0,1322405,11,752.78,274238,439427,0.8347245409015025,0
2023-07-28 10:59:32,755.0,1322405,1,752.78,274172,439435,0.8347245409015025,0
2023-07-28 10:59:36,755.35,1322431,25,752.78,274456,439310,0.8814691151919897,0
2023-07-28 10:59:36,755.0,1322431,3,752.78,274456,439310,0.8347245409015025,0
2023-07-28 10:59:36,755.0,1322436,3,752.78,274383,439681,0.8347245409015025,0
2023-07-28 10:59:38,755.0,1322536,49,752.78,274283,439918,0.8347245409015025,0
2023-07-28 10:59:38,755.0,1322536,14,752.78,274283,439918,0.8347245409015025,0
2023-07-28 10:59:38,755.0,1322550,14,752.78,274207,440231,0.8347245409015025,0
2023-07-28 10:59:40,755.0,1322551,1,752.78,274463,440231,0.8347245409015025,0
2023-07-28 10:59:41,755.0,1322581,5,752.78,274483,440238,0.8347245409015025,0
2023-07-28 10:59:41,755.0,1322581,5,752.78,274483,440238,0.8347245409015025,0
2023-07-28 10:59:41,755.0,1322581,5,752.78,274483,440231,0.8347245409015025,0
2023-07-28 10:59:41,755.0,1322581,5,752.78,274551,440123,0.8347245409015025,0
2023-07-28 10:59:41,755.0,1322581,5,752.78,273386,440118,0.8347245409015025,0
2023-07-28 10:59:41,755.35,1322581,2,752.78,273386,440118,0.8814691151919897,0
2023-07-28 10:59:45,755.35,1322584,2,752.78,273861,440678,0.8814691151919897,0
2023-07-28 10:59:45,755.35,1322584,2,752.78,274661,440412,0.8814691151919897,0
2023-07-28 10:59:47,755.35,1322734,134,752.78,274608,440551,0.8814691151919897,0
2023-07-28 10:59:48,755.05,1322755,21,752.78,274587,440551,0.8414023372287085,0
2023-07-28 10:59:48,755.4,1322755,66,752.78,274555,440479,0.8881469115191957,0
2023-07-28 10:59:48,755.05,1322755,1,752.78,274555,440479,0.8414023372287085,0
2023-07-28 10:59:50,755.05,1322991,1,752.78,274720,440486,0.8414023372287085,0
2023-07-28 10:59:51,755.05,1323017,24,752.78,274634,440525,0.8414023372287085,0
2023-07-28 10:59:51,755.45,1323017,65,752.78,274634,440606,0.8948247078464168,0
2023-07-28 10:59:53,755.45,1323240,65,752.78,274295,437967,0.8948247078464168,0
2023-07-28 10:59:53,755.4,1323240,2,752.78,274295,437967,0.8881469115191957,0
2023-07-28 10:59:54,755.4,1323267,2,752.78,275091,440282,0.8881469115191957,0
2023-07-28 10:59:55,755.4,1323268,1,752.78,275079,440257,0.8881469115191957,0
2023-07-28 10:59:57,755.5,1323393,87,752.78,275077,440401,0.9015025041736227,0
2023-07-28 10:59:57,755.4,1323429,22,752.78,275304,440395,0.8881469115191957,0
2023-07-28 10:59:58,755.4,1323439,10,752.78,275294,440226,0.8881469115191957,0
2023-07-28 10:59:58,755.4,1323439,10,752.78,275107,440223,0.8881469115191957,0
2023-07-28 10:59:58,755.2,1323439,7,752.78,275107,440223,0.8614357262103567,0
2023-07-28 11:00:00,755.2,1323489,7,752.78,274600,441892,0.8614357262103567,0
2023-07-28 11:00:01,755.4,1323490,1,752.78,274568,441523,0.8881469115191957,0
2023-07-28 11:00:01,755.45,1323490,1,752.78,274568,441523,0.8948247078464168,0
2023-07-28 11:00:02,755.45,1323491,1,752.78,274568,441660,0.8948247078464168,0
2023-07-28 11:00:02,755.45,1323491,66,752.78,274568,441660,0.8948247078464168,0
2023-07-28 11:00:03,755.1,1323651,7,752.78,274774,441500,0.8480801335559296,0
2023-07-28 11:00:04,755.1,1323678,7,752.78,274740,441500,0.8480801335559296,0
2023-07-28 11:00:04,755.1,1323678,1,752.78,274740,441500,0.8480801335559296,0
2023-07-28 11:00:05,755.1,1323684,1,752.78,274812,441835,0.8480801335559296,0
2023-07-28 11:00:05,755.1,1323684,1,752.78,274950,441513,0.8480801335559296,0
2023-07-28 11:00:05,755.1,1323684,1,752.78,275120,441584,0.8480801335559296,0
2023-07-28 11:00:05,755.15,1323684,3,752.78,274950,441584,0.8547579298831355,0
2023-07-28 11:00:09,755.15,1323687,1,752.78,274947,441585,0.8547579298831355,0
2023-07-28 11:00:10,755.15,1323688,1,752.78,274946,441725,0.8547579298831355,0
2023-07-28 11:00:10,755.15,1323688,11,752.78,274946,441725,0.8547579298831355,0
2023-07-28 11:00:12,755.15,1323699,11,752.78,274935,441732,0.8547579298831355,0
2023-07-28 11:00:12,755.4,1323699,1,752.78,274935,441732,0.8881469115191957,0
2023-07-28 11:00:14,755.4,1323700,1,752.78,274935,441724,0.8881469115191957,0
2023-07-28 11:00:15,755.05,1324812,19,752.79,274098,441744,0.8414023372287085,0
2023-07-28 11:00:15,755.05,1324812,19,752.79,274260,441637,0.8414023372287085,0
2023-07-28 11:00:15,755.05,1324812,19,752.79,274260,441774,0.8414023372287085,0
2023-07-28 11:00:15,755.05,1324812,19,752.79,273977,441276,0.8414023372287085,0
2023-07-28 11:00:20,755.05,1324813,1,752.79,273976,441244,0.8414023372287085,0
2023-07-28 11:00:20,755.05,1324813,1,752.79,273976,441244,0.8414023372287085,0
2023-07-28 11:00:21,755.05,1324814,1,752.79,273975,441242,0.8414023372287085,0
2023-07-28 11:00:21,755.05,1324814,1,752.79,274023,441354,0.8414023372287085,0
2023-07-28 11:00:24,755.4,1324825,11,752.79,274023,441272,0.8881469115191957,0
2023-07-28 11:00:25,755.1,1324827,1,752.79,274022,441449,0.8480801335559296,0
2023-07-28 11:00:25,755.1,1324827,1,752.79,274222,438445,0.8480801335559296,0
2023-07-28 11:00:25,755.1,1324827,1,752.79,274222,439228,0.8480801335559296,0
2023-07-28 11:00:25,755.1,1324827,1,752.79,274223,439360,0.8480801335559296,0
2023-07-28 11:00:25,755.1,1324827,1,752.79,274233,439406,0.8480801335559296,0
2023-07-28 11:00:29,755.1,1324828,1,752.79,274232,439409,0.8480801335559296,0
2023-07-28 11:00:30,755.1,1324829,10,752.79,274231,438606,0.8480801335559296,0
2023-07-28 11:00:31,755.1,1324839,10,752.79,273959,439305,0.8480801335559296,0
2023-07-28 11:00:31,755.1,1324839,10,752.79,273949,439278,0.8480801335559296,0
2023-07-28 11:00:34,755.4,1324840,1,752.79,274692,440338,0.8881469115191957,0
2023-07-28 11:00:34,755.4,1324841,1,752.79,274692,440242,0.8881469115191957,0
2023-07-28 11:00:35,755.3,1327115,14,752.79,275651,437055,0.8747913188647686,0
2023-07-28 11:00:36,755.3,1327373,14,752.79,276193,437055,0.8747913188647686,0
2023-07-28 11:00:36,755.3,1327373,14,752.79,275856,437354,0.8747913188647686,0
2023-07-28 11:00:36,755.3,1327373,14,752.79,274862,438344,0.8747913188647686,0
2023-07-28 11:00:36,755.15,1327373,1,752.79,274862,438344,0.8547579298831355,0
2023-07-28 11:00:40,755.15,1327374,1,752.79,274699,438799,0.8547579298831355,0
2023-07-28 11:00:40,755.15,1327374,1,752.79,274964,438209,0.8547579298831355,0
2023-07-28 11:00:40,755.25,1327374,1,752.79,275031,438308,0.8681135225375626,0
2023-07-28 11:00:45,755.25,1327375,1,752.79,275030,438638,0.8681135225375626,0
2023-07-28 11:00:45,755.25,1327375,2,752.79,275030,438638,0.8681135225375626,0
2023-07-28 11:00:46,755.3,1327378,1,752.79,275460,438317,0.8747913188647686,0
2023-07-28 11:00:48,755.5,1327449,71,752.79,278255,436610,0.9015025041736227,0
2023-07-28 11:00:48,755.85,1327449,85,752.79,278255,436610,0.9482470784641098,0
2023-07-28 11:00:49,755.55,1327566,20,752.79,277833,437340,0.9081803005008287,0
2023-07-28 11:00:51,755.55,1327567,1,752.79,277803,437340,0.9081803005008287,0
2023-07-28 11:00:51,755.55,1327567,80,752.79,277803,437340,0.9081803005008287,0
2023-07-28 11:00:51,755.55,1327647,80,752.79,277953,437051,0.9081803005008287,0
2023-07-28 11:00:53,755.6,1327660,13,752.79,277727,436940,0.9148580968280497,0
2023-07-28 11:00:53,755.6,1327660,13,752.79,277727,436123,0.9148580968280497,0
2023-07-28 11:00:53,755.6,1327660,1,752.79,277727,436123,0.9148580968280497,0
2023-07-28 11:00:55,755.6,1327661,1,752.79,278303,437033,0.9148580968280497,0
2023-07-28 11:00:55,755.95,1327661,20,752.79,278303,437033,0.9616026711185369,0
2023-07-28 11:00:57,755.95,1327689,20,752.79,277952,437092,0.9616026711185369,0
2023-07-28 11:00:57,755.95,1327689,20,752.79,278204,437048,0.9616026711185369,0
2023-07-28 11:00:57,755.95,1327689,20,752.79,278221,437013,0.9616026711185369,0
2023-07-28 11:01:00,755.7,1327690,1,752.79,278159,437013,0.9282136894824768,0
2023-07-28 11:01:00,755.7,1327690,30,752.79,277918,437038,0.9282136894824768,0
2023-07-28 11:01:02,755.95,1327721,1,752.79,277864,436948,0.9616026711185369,0
2023-07-28 11:01:02,755.95,1327721,1,752.79,277864,436962,0.9616026711185369,0
2023-07-28 11:01:04,755.8,1328521,1,752.79,278349,435851,0.9415692821368887,0
2023-07-28 11:01:05,755.8,1328617,1,752.79,278312,435886,0.9415692821368887,0
2023-07-28 11:01:05,755.8,1328617,1,752.79,278312,434819,0.9415692821368887,0
2023-07-28 11:01:05,755.8,1328617,1,752.79,278312,434820,0.9415692821368887,0
2023-07-28 11:01:05,755.8,1328617,1,752.79,278319,435088,0.9415692821368887,0
2023-07-28 11:01:11,756.0,1328743,30,752.79,278177,435909,0.9682804674457429,0
2023-07-28 11:01:11,756.0,1328787,30,752.79,278163,435879,0.9682804674457429,0
2023-07-28 11:01:11,756.1,1328787,17,752.79,278163,435859,0.98163606010017,0
2023-07-28 11:01:11,755.75,1328787,1,752.79,278163,435859,0.9348914858096828,0
2023-07-28 11:01:14,755.7,1329697,14,752.8,277333,435829,0.9282136894824768,0
2023-07-28 11:01:14,755.7,1329697,14,752.8,276828,437006,0.9282136894824768,0
2023-07-28 11:01:14,755.7,1329697,14,752.8,276826,437006,0.9282136894824768,0
2023-07-28 11:01:14,755.7,1329697,1,752.8,276826,437006,0.9282136894824768,0
2023-07-28 11:01:18,755.7,1329698,1,752.8,278080,435737,0.9282136894824768,0
2023-07-28 11:01:18,755.7,1329698,1,752.8,277943,435770,0.9282136894824768,0
2023-07-28 11:01:20,755.7,1329783,83,752.8,277523,435861,0.9282136894824768,0
2023-07-28 11:01:20,755.7,1329783,10,752.8,277523,435861,0.9282136894824768,0
2023-07-28 11:01:21,755.7,1329793,10,752.8,277229,435057,0.9282136894824768,0
2023-07-28 11:01:21,755.7,1329793,3,752.8,277379,435171,0.9282136894824768,0
2023-07-28 11:01:24,755.7,1329900,100,752.8,277272,435168,0.9282136894824768,0
2023-07-28 11:01:24,755.7,1329914,14,752.8,277307,436029,0.9282136894824768,0
2023-07-28 11:01:26,755.65,1329924,10,752.8,277729,436760,0.9215358931552557,0
2023-07-28 11:01:27,755.7,1329945,1,752.8,276352,435990,0.9282136894824768,0
2023-07-28 11:01:27,755.55,1329955,10,752.8,276042,436925,0.9081803005008287,0
2023-07-28 11:01:27,755.55,1329955,10,752.8,277562,436183,0.9081803005008287,0
2023-07-28 11:01:30,755.55,1330025,12,752.8,277290,436981,0.9081803005008287,0
2023-07-28 11:01:30,755.55,1330025,7,752.8,277290,436981,0.9081803005008287,0
2023-07-28 11:01:31,755.55,1330115,7,752.8,277093,436839,0.9081803005008287,0
2023-07-28 11:01:32,755.7,1330155,39,752.8,277500,436625,0.9282136894824768,0
2023-07-28 11:01:32,755.7,1330169,1,752.8,277590,436785,0.9282136894824768,0
2023-07-28 11:01:32,755.7,1330169,1,752.8,277590,436785,0.9282136894824768,0
2023-07-28 11:01:35,755.55,1330170,1,752.8,277084,436805,0.9081803005008287,0
2023-07-28 11:01:35,755.55,1330170,1,752.8,277090,436800,0.9081803005008287,0
2023-07-28 11:01:35,755.55,1330170,8,752.8,277088,436800,0.9081803005008287,0
2023-07-28 11:01:38,755.55,1330198,20,752.8,277060,437055,0.9081803005008287,0
2023-07-28 11:01:39,755.7,1330199,1,752.8,276838,437124,0.9282136894824768,0
2023-07-28 11:01:39,755.7,1330199,5,752.8,276838,437124,0.9282136894824768,0
2023-07-28 11:01:39,755.7,1330204,5,752.8,276838,436319,0.9282136894824768,0
2023-07-28 11:01:40,755.55,1330205,1,752.8,276809,437624,0.9081803005008287,0
2023-07-28 11:01:40,755.7,1330205,10,752.8,276809,437624,0.9282136894824768,0
2023-07-28 11:01:42,755.7,1330215,10,752.8,276809,438144,0.9282136894824768,0
2023-07-28 11:01:42,755.7,1330215,10,752.8,276809,438145,0.9282136894824768,0
2023-07-28 11:01:42,755.7,1330215,10,752.8,276279,438503,0.9282136894824768,0
2023-07-28 11:01:42,755.55,1330215,1,752.8,276279,438503,0.9081803005008287,0
2023-07-28 11:01:45,755.55,1330216,1,752.8,276115,438505,0.9081803005008287,0
2023-07-28 11:01:47,755.55,1330236,20,752.8,276111,438517,0.9081803005008287,0
2023-07-28 11:01:47,755.55,1330236,20,752.8,276167,438515,0.9081803005008287,0
2023-07-28 11:01:47,755.7,1330236,10,752.8,276167,438515,0.9282136894824768,0
2023-07-28 11:01:49,755.7,1330246,10,752.8,276199,438753,0.9282136894824768,0
2023-07-28 11:01:49,755.55,1330246,1,752.8,276199,438753,0.9081803005008287,0
2023-07-28 11:01:51,755.55,1330277,5,752.8,276136,438756,0.9081803005008287,0
2023-07-28 11:01:52,755.7,1330297,20,752.8,276386,438736,0.9282136894824768,0
2023-07-28 11:01:54,755.7,1330309,2,752.8,276243,438734,0.9282136894824768,0
2023-07-28 11:01:54,755.7,1330309,2,752.8,276743,438734,0.9282136894824768,0
2023-07-28 11:01:54,755.55,1330309,1,752.8,276743,438734,0.9081803005008287,0
2023-07-28 11:01:56,755.5,1330385,21,752.8,276642,439427,0.9015025041736227,0
2023-07-28 11:01:56,755.5,1330406,21,752.8,277121,438616,0.9015025041736227,0
2023-07-28 11:01:58,755.65,1330416,10,752.8,277373,440016,0.9215358931552557,0
2023-07-28 11:01:58,755.45,1330416,29,752.8,277373,440016,0.8948247078464168,0
2023-07-28 11:01:58,755.45,1330446,29,752.8,277392,440164,0.8948247078464168,0
2023-07-28 11:02:00,755.45,1330459,13,752.8,277380,440164,0.8948247078464168,0
2023-07-28 11:02:00,755.5,1330460,1,752.8,278138,439384,0.9015025041736227,0
2023-07-28 11:02:00,755.5,1330460,1,752.8,276539,439729,0.9015025041736227,0
2023-07-28 11:02:02,755.45,1330461,1,752.8,276538,438928,0.8948247078464168,0
2023-07-28 11:02:02,755.85,1330461,3,752.8,276538,438928,0.9482470784641098,0
2023-07-28 11:02:03,755.85,1331261,3,752.8,276553,442549,0.9482470784641098,0
2023-07-28 11:02:03,755.8,1331261,28,752.8,276553,442549,0.9415692821368887,0
2023-07-28 11:02:04,755.6,1332101,32,752.8,276517,442527,0.9148580968280497,0
2023-07-28 11:02:05,755.6,1332190,89,752.8,277063,443681,0.9148580968280497,0
2023-07-28 11:02:05,755.6,1332190,89,752.8,276965,443543,0.9148580968280497,0
2023-07-28 11:02:05,755.6,1332190,89,752.8,277465,443657,0.9148580968280497,0
2023-07-28 11:02:08,755.5,1332191,1,752.8,276546,443372,0.9015025041736227,0
2023-07-28 11:02:08,755.35,1332191,1,752.8,276790,444120,0.8814691151919897,0
2023-07-28 11:02:10,755.35,1332192,1,752.8,276751,444120,0.8814691151919897,0
2023-07-28 11:02:10,755.35,1332192,1,752.8,277466,444534,0.8814691151919897,0
2023-07-28 11:02:10,755.35,1332192,1,752.8,277466,444560,0.8814691151919897,0
2023-07-28 11:02:10,755.35,1332192,1,752.8,277534,444462,0.8814691151919897,0
2023-07-28 11:02:10,755.45,1332192,15,752.8,277534,444462,0.8948247078464168,0
2023-07-28 11:02:15,755.45,1332287,15,752.8,277569,443662,0.8948247078464168,0
2023-07-28 11:02:15,755.45,1332304,1,752.8,277551,443662,0.8948247078464168,0
2023-07-28 11:02:15,755.45,1332304,1,752.8,277551,443723,0.8948247078464168,0
2023-07-28 11:02:15,755.35,1332304,2,752.8,277551,443723,0.8814691151919897,0
2023-07-28 11:02:17,755.35,1332324,2,752.8,277531,444385,0.8814691151919897,0
2023-07-28 11:02:17,755.35,1332324,2,752.8,275970,444942,0.8814691151919897,0
2023-07-28 11:02:17,755.35,1332324,2,752.8,275970,445030,0.8814691151919897,0
2023-07-28 11:02:17,755.35,1332324,1,752.8,275970,445030,0.8814691151919897,0
2023-07-28 11:02:20,755.35,1332325,1,752.8,275969,445030,0.8814691151919897,0
2023-07-28 11:02:22,755.35,1332333,8,752.8,275971,445143,0.8814691151919897,0
2023-07-28 11:02:22,755.35,1332333,8,752.8,275971,445143,0.8814691151919897,0
2023-07-28 11:02:22,755.35,1332333,8,752.8,275971,445193,0.8814691151919897,0
2023-07-28 11:02:22,755.35,1332333,8,752.8,275971,445193,0.8814691151919897,0
2023-07-28 11:02:22,755.35,1332333,8,752.8,276102,444762,0.8814691151919897,0
2023-07-28 11:02:25,755.35,1332434,1,752.8,276485,443830,0.8814691151919897,0
2023-07-28 11:02:26,755.5,1332450,1,752.8,276367,443870,0.9015025041736227,0
2023-07-28 11:02:26,755.5,1332450,1,752.8,276367,443870,0.9015025041736227,0
2023-07-28 11:02:26,755.65,1332491,41,752.8,277165,443728,0.9215358931552557,0
2023-07-28 11:02:26,755.65,1332491,41,752.8,276090,443917,0.9215358931552557,0
2023-07-28 11:02:26,755.65,1332491,41,752.8,276890,444881,0.9215358931552557,0
2023-07-28 11:02:26,755.5,1332491,25,752.8,276890,444881,0.9015025041736227,0
2023-07-28 11:02:30,755.5,1332517,1,752.8,277774,444383,0.9015025041736227,0
2023-07-28 11:02:31,755.75,1332792,134,752.8,278123,443548,0.9348914858096828,0
2023-07-28 11:02:31,755.5,1332792,30,752.8,278123,443548,0.9015025041736227,0
2023-07-28 11:02:31,755.5,1332822,30,752.8,278169,444063,0.9015025041736227,0
2023-07-28 11:02:31,755.5,1332822,30,752.8,278372,444533,0.9015025041736227,0
2023-07-28 11:02:31,755.5,1332822,30,752.8,278189,444189,0.9015025041736227,0
2023-07-28 11:02:35,755.5,1332823,1,752.8,278151,443387,0.9015025041736227,0
2023-07-28 11:02:35,755.5,1332823,1,752.8,278120,443803,0.9015025041736227,0
2023-07-28 11:02:35,755.5,1332823,1,752.8,277993,444815,0.9015025041736227,0
2023-07-28 11:02:35,755.5,1332823,1,752.8,277993,444815,0.9015025041736227,0
2023-07-28 11:02:38,755.7,1332828,4,752.8,278823,442584,0.9282136894824768,0
2023-07-28 11:02:38,755.7,1332828,4,752.8,278823,442584,0.9282136894824768,0
2023-07-28 11:02:38,755.7,1332828,1,752.8,278823,442584,0.9282136894824768,0
2023-07-28 11:02:41,755.7,1332850,21,752.8,278762,442987,0.9282136894824768,0
2023-07-28 11:02:41,755.7,1332850,5,752.8,278762,442987,0.9282136894824768,0
2023-07-28 11:02:41,755.7,1332855,5,752.8,279057,443569,0.9282136894824768,0
2023-07-28 11:02:41,755.7,1332855,5,752.8,279023,443739,0.9282136894824768,0
2023-07-28 11:02:45,755.7,1332856,1,752.8,278859,443645,0.9282136894824768,0
2023-07-28 11:02:45,755.7,1332856,1,752.8,278893,443748,0.9282136894824768,0
2023-07-28 11:02:45,755.7,1332856,1,752.8,279191,443686,0.9282136894824768,0
2023-07-28 11:02:49,755.9,1332990,22,752.8,279824,440892,0.9549248747913158,0
2023-07-28 11:02:49,755.9,1333012,22,752.8,279613,442708,0.9549248747913158,0
2023-07-28 11:02:49,755.9,1333012,1,752.8,279613,442708,0.9549248747913158,0
2023-07-28 11:02:50,755.9,1333013,1,752.8,279644,443237,0.9549248747913158,0
2023-07-28 11:02:50,755.9,1333013,1,752.8,279644,443434,0.9549248747913158,0
2023-07-28 11:02:50,755.9,1333013,1,752.8,279655,442884,0.9549248747913158,0
2023-07-28 11:02:50,755.9,1333013,1,752.8,279731,443635,0.9549248747913158,0
2023-07-28 11:02:50,755.9,1333013,1,752.8,279731,443553,0.9549248747913158,0
2023-07-28 11:02:50,755.9,1333013,1,752.8,279731,443553,0.9549248747913158,0
2023-07-28 11:02:56,755.9,1333015,1,752.8,279743,443853,0.9549248747913158,0
2023-07-28 11:02:56,755.9,1333015,1,752.8,279743,443903,0.9549248747913158,0
2023-07-28 11:02:58,755.9,1333022,7,752.8,279736,443903,0.9549248747913158,0
2023-07-28 11:02:58,755.9,1333022,20,752.8,279736,443903,0.9549248747913158,0
2023-07-28 11:02:59,756.0,1333042,1,752.8,279742,443903,0.9682804674457429,0
2023-07-28 11:03:00,756.0,1333044,1,752.8,279725,443571,0.9682804674457429,0
2023-07-28 11:03:00,756.0,1333044,1,752.8,279725,443571,0.9682804674457429,0
2023-07-28 11:03:00,756.0,1333044,1,752.8,279833,442399,0.9682804674457429,0
2023-07-28 11:03:00,756.0,1333044,1,752.8,279833,443199,0.9682804674457429,0
2023-07-28 11:03:05,755.9,1333099,1,752.8,279725,442400,0.9549248747913158,0
2023-07-28 11:03:05,755.9,1333099,15,752.8,279725,442400,0.9549248747913158,0
2023-07-28 11:03:06,755.9,1333164,50,752.8,279478,443370,0.9549248747913158,0
2023-07-28 11:03:08,755.9,1333174,30,752.8,279224,443309,0.9549248747913158,0
2023-07-28 11:03:09,755.9,1333209,5,752.8,279287,443280,0.9549248747913158,0
2023-07-28 11:03:09,755.9,1333209,11,752.8,279287,443280,0.9549248747913158,0
2023-07-28 11:03:10,755.9,1333221,1,752.8,279275,443233,0.9549248747913158,0
2023-07-28 11:03:10,755.9,1333221,1,752.8,279275,443233,0.9549248747913158,0
2023-07-28 11:03:10,755.9,1333221,1,752.8,279275,443233,0.9549248747913158,0
2023-07-28 11:03:10,755.9,1333221,1,752.8,279275,443238,0.9549248747913158,0
2023-07-28 11:03:10,755.9,1333221,1,752.8,279275,443238,0.9549248747913158,0
2023-07-28 11:03:13,755.9,1333222,1,752.8,279122,443238,0.9549248747913158,0
2023-07-28 11:03:14,756.0,1333360,15,752.8,278762,443433,0.9682804674457429,0
2023-07-28 11:03:14,756.3,1333360,60,752.8,278762,443433,1.008347245409009,0
2023-07-28 11:03:15,756.35,1333627,121,752.8,279485,442937,1.01502504173623,0
2023-07-28 11:03:15,756.1,1333627,28,752.8,279485,442937,0.98163606010017,0
2023-07-28 11:03:16,756.1,1333655,28,752.8,279398,443087,0.98163606010017,0
2023-07-28 11:03:16,756.1,1333655,28,752.8,279398,443340,0.98163606010017,0
2023-07-28 11:03:16,756.1,1333655,28,752.8,279398,443340,0.98163606010017,0
2023-07-28 11:03:16,756.1,1333655,28,752.8,279389,443380,0.98163606010017,0
2023-07-28 11:03:20,756.05,1333656,1,752.8,279352,443383,0.9749582637729488,0
2023-07-28 11:03:20,756.05,1333656,1,752.8,279357,443380,0.9749582637729488,0
2023-07-28 11:03:20,756.05,1333656,99,752.8,280202,443399,0.9749582637729488,0
2023-07-28 11:03:24,756.1,1333766,10,752.8,280188,442413,0.98163606010017,0
2023-07-28 11:03:24,756.1,1333778,12,752.8,280287,444417,0.98163606010017,0
2023-07-28 11:03:24,756.4,1333778,50,752.8,280287,444417,1.021702838063436,0
2023-07-28 11:03:25,756.4,1333855,50,752.81,279687,445751,1.021702838063436,0
2023-07-28 11:03:25,756.4,1333855,50,752.81,279737,444797,1.021702838063436,0
2023-07-28 11:03:25,756.4,1333855,50,752.81,279962,445250,1.021702838063436,0
2023-07-28 11:03:25,756.4,1333855,50,752.81,279967,445274,1.021702838063436,0
2023-07-28 11:03:25,756.2,1333855,18,752.81,279967,445274,0.9949916527545971,0
2023-07-28 11:03:30,756.2,1333885,10,752.81,280799,445098,0.9949916527545971,0
2023-07-28 11:03:30,756.5,1333885,10,752.81,280799,445098,1.0350584307178632,0
2023-07-28 11:03:30,756.5,1333895,10,752.81,280719,445117,1.0350584307178632,0
2023-07-28 11:03:32,756.45,1333900,1,752.81,280640,445328,1.0283806343906572,0
2023-07-28 11:03:32,756.1,1333900,3,752.81,280640,445328,0.98163606010017,0
2023-07-28 11:03:35,756.2,1340127,2,752.82,274626,445854,0.9949916527545971,0
2023-07-28 11:03:35,756.1,1340393,46,752.82,275544,445359,0.98163606010017,0
2023-07-28 11:03:36,756.05,1340630,66,752.82,274764,446016,0.9749582637729488,0
2023-07-28 11:03:37,755.9,1340822,3,752.82,274736,445909,0.9549248747913158,0
2023-07-28 11:03:39,755.9,1340823,1,752.82,273798,445084,0.9549248747913158,0
2023-07-28 11:03:40,756.25,1340874,19,752.82,274405,446156,1.001669449081803,0
2023-07-28 11:03:40,756.25,1340874,19,752.82,274695,445273,1.001669449081803,0
2023-07-28 11:03:40,756.25,1340874,19,752.82,274289,445026,1.001669449081803,0
2023-07-28 11:03:40,756.25,1340874,19,752.82,274284,444901,1.001669449081803,0
2023-07-28 11:03:40,756.25,1340874,19,752.82,274284,444911,1.001669449081803,0
2023-07-28 11:03:40,755.9,1340874,1,752.82,274284,444911,0.9549248747913158,0
2023-07-28 11:03:45,755.9,1340875,1,752.82,274200,444944,0.9549248747913158,0
2023-07-28 11:03:45,755.9,1340875,1,752.82,274200,445744,0.9549248747913158,0
2023-07-28 11:03:45,755.9,1340875,1,752.82,274200,445794,0.9549248747913158,0
2023-07-28 11:03:45,755.9,1340875,1,752.82,274203,445932,0.9549248747913158,0
2023-07-28 11:03:45,755.9,1340875,1,752.82,274888,446432,0.9549248747913158,0
2023-07-28 11:03:50,755.9,1340876,1,752.82,274887,446462,0.9549248747913158,0
2023-07-28 11:03:50,755.9,1340876,72,752.82,274887,446462,0.9549248747913158,0
2023-07-28 11:03:52,755.9,1341008,19,752.82,274978,446883,0.9549248747913158,0
2023-07-28 11:03:52,755.9,1341008,19,752.82,274978,446111,0.9549248747913158,0
2023-07-28 11:03:52,755.9,1341008,19,752.82,274809,447224,0.9549248747913158,0
2023-07-28 11:03:55,755.9,1341009,1,752.82,274883,447418,0.9549248747913158,0
2023-07-28 11:03:55,756.0,1341009,1,752.82,274883,447418,0.9682804674457429,0
2023-07-28 11:03:57,755.9,1341011,1,752.82,275017,447378,0.9549248747913158,0
2023-07-28 11:03:58,755.9,1341028,14,752.82,274946,447375,0.9549248747913158,0
2023-07-28 11:03:58,755.9,1341028,1,752.82,274903,447575,0.9549248747913158,0
2023-07-28 11:04:01,756.0,1341054,25,752.82,275363,446585,0.9682804674457429,0
2023-07-28 11:04:02,756.0,1341084,26,752.82,275338,447055,0.9682804674457429,0
2023-07-28 11:04:02,756.0,1341084,26,752.82,275338,447055,0.9682804674457429,0
2023-07-28 11:04:02,756.0,1341084,1,752.82,275338,447055,0.9682804674457429,0
2023-07-28 11:04:04,755.9,1341217,21,752.82,274841,447984,0.9549248747913158,0
2023-07-28 11:04:05,755.9,1341258,1,752.82,274800,448131,0.9549248747913158,0
2023-07-28 11:04:06,755.25,1346585,218,752.84,268429,443538,0.8681135225375626,0
2023-07-28 11:04:06,755.75,1346585,22,752.84,268429,443538,0.9348914858096828,0
2023-07-28 11:04:07,755.75,1348265,22,752.84,268350,442952,0.9348914858096828,0
2023-07-28 11:04:07,755.35,1348265,20,752.84,268350,442952,0.8814691151919897,0
2023-07-28 11:04:07,755.35,1348405,20,752.84,268208,443495,0.8814691151919897,0
2023-07-28 11:04:07,755.35,1348405,20,752.84,268208,443495,0.8814691151919897,0
2023-07-28 11:04:07,755.35,1348405,1,752.84,268208,443495,0.8814691151919897,0
2023-07-28 11:04:10,755.35,1348406,1,752.84,268384,443520,0.8814691151919897,0
2023-07-28 11:04:10,755.35,1348406,1,752.84,268384,443545,0.8814691151919897,0
2023-07-28 11:04:10,755.35,1348406,1,752.84,268330,443810,0.8814691151919897,0
2023-07-28 11:04:10,755.35,1348406,1,752.84,268706,443820,0.8814691151919897,0
2023-07-28 11:04:10,755.35,1348406,1,752.84,268706,443820,0.8814691151919897,0
2023-07-28 11:04:15,755.35,1348407,1,752.84,268851,443820,0.8814691151919897,0
2023-07-28 11:04:15,755.35,1348407,1,752.84,268779,443020,0.8814691151919897,0
2023-07-28 11:04:15,755.35,1348407,1,752.84,268679,443000,0.8814691151919897,0
2023-07-28 11:04:15,755.35,1348407,1,752.84,268825,443409,0.8814691151919897,0
2023-07-28 11:04:15,755.35,1348407,1,752.84,268825,443409,0.8814691151919897,0
2023-07-28 11:04:15,755.35,1348407,1,752.84,268825,443409,0.8814691151919897,0
2023-07-28 11:04:20,755.35,1348408,1,752.84,268824,443416,0.8814691151919897,0
2023-07-28 11:04:22,755.35,1348428,20,752.84,268767,443410,0.8814691151919897,0
2023-07-28 11:04:22,755.35,1348439,11,752.84,268252,443227,0.8814691151919897,0
2023-07-28 11:04:22,755.35,1348439,11,752.84,268524,443352,0.8814691151919897,0
2023-07-28 11:04:22,755.35,1348439,11,752.84,268524,443362,0.8814691151919897,0
2023-07-28 11:04:26,755.5,1348465,25,752.84,268726,443320,0.9015025041736227,0
2023-07-28 11:04:26,755.5,1348465,25,752.84,268726,443323,0.9015025041736227,0
2023-07-28 11:04:26,755.5,1348465,25,752.84,268826,443323,0.9015025041736227,0
2023-07-28 11:04:26,755.5,1348465,2,752.84,269898,443189,0.9015025041736227,0
2023-07-28 11:04:30,755.7,1348507,40,752.84,269078,443149,0.9282136894824768,0
2023-07-28 11:04:30,755.5,1348507,13,752.84,269078,443149,0.9015025041736227,0
2023-07-28 11:04:31,755.5,1348521,13,752.84,268338,443174,0.9015025041736227,0
2023-07-28 11:04:31,755.5,1348521,13,752.84,268338,443174,0.9015025041736227,0
2023-07-28 11:04:31,755.5,1348521,13,752.84,269173,443174,0.9015025041736227,0
2023-07-28 11:04:31,755.5,1348521,13,752.84,269173,443174,0.9015025041736227,0
2023-07-28 11:04:35,755.5,1348522,1,752.84,268266,443274,0.9015025041736227,0
2023-07-28 11:04:35,755.5,1348522,1,752.84,268266,443284,0.9015025041736227,0
2023-07-28 11:04:35,755.5,1348522,1,752.84,268203,443284,0.9015025041736227,0
2023-07-28 11:04:35,755.5,1348522,1,752.84,268203,443284,0.9015025041736227,0
2023-07-28 11:04:35,755.35,1348522,461,752.84,269202,443284,0.8814691151919897,0
2023-07-28 11:04:35,755.35,1348522,56,752.84,269202,443284,0.8814691151919897,0
2023-07-28 11:04:41,755.35,1349078,56,752.84,269684,443731,0.8814691151919897,0
2023-07-28 11:04:41,755.35,1349078,56,752.84,269797,444003,0.8814691151919897,0
2023-07-28 11:04:41,755.35,1349078,1,752.84,269797,444003,0.8814691151919897,0
2023-07-28 11:04:43,755.35,1349079,1,752.84,269032,443911,0.8814691151919897,0
2023-07-28 11:04:43,755.65,1349079,25,752.84,269032,443941,0.9215358931552557,0
2023-07-28 11:04:45,755.35,1349160,1,752.84,269074,443801,0.8814691151919897,0
2023-07-28 11:04:45,755.35,1349160,1,752.84,269947,443415,0.8814691151919897,0
2023-07-28 11:04:48,755.35,1349199,13,752.84,269939,443385,0.8814691151919897,0
2023-07-28 11:04:48,755.35,1349212,13,752.84,269926,443484,0.8814691151919897,0
2023-07-28 11:04:48,755.5,1349212,5,752.84,269926,443484,0.9015025041736227,0
2023-07-28 11:04:50,755.35,1349218,1,752.84,269925,443762,0.8814691151919897,0
2023-07-28 11:04:52,755.5,1349223,5,752.84,269925,443991,0.9015025041736227,0
2023-07-28 11:04:52,755.5,1349223,5,752.84,270806,443713,0.9015025041736227,0
2023-07-28 11:04:52,755.5,1349223,5,752.84,270829,443526,0.9015025041736227,0
2023-07-28 11:04:55,755.35,1349224,1,752.84,270005,444547,0.8814691151919897,0
2023-07-28 11:04:55,755.35,1349224,1,752.84,270005,444539,0.8814691151919897,0
2023-07-28 11:04:55,755.35,1349224,1,752.84,268960,444311,0.8814691151919897,0
2023-07-28 11:04:55,755.5,1349224,10,752.84,268960,444311,0.9015025041736227,0
2023-07-28 11:04:59,755.35,1349235,1,752.84,269947,444479,0.8814691151919897,0
2023-07-28 11:04:59,755.4,1349235,1,752.84,269947,444479,0.8881469115191957,0
2023-07-28 11:05:00,755.4,1349236,1,752.84,269914,444513,0.8881469115191957,0
2023-07-28 11:05:00,755.4,1349236,1,752.84,269914,444651,0.8881469115191957,0
2023-07-28 11:05:00,755.4,1349236,30,752.84,269914,444651,0.8881469115191957,0
2023-07-28 11:05:02,755.4,1349266,30,752.84,269884,444651,0.8881469115191957,0
2023-07-28 11:05:04,755.65,1349411,7,752.84,271808,444182,0.9215358931552557,0
2023-07-28 11:05:05,755.55,1349457,1,752.84,271970,443432,0.9081803005008287,0
2023-07-28 11:05:05,755.55,1349457,1,752.84,271970,443432,0.9081803005008287,0
2023-07-28 11:05:08,755.55,1349462,5,752.84,270418,443849,0.9081803005008287,0
2023-07-28 11:05:08,755.7,1349462,1,752.84,270418,443849,0.9282136894824768,0
2023-07-28 11:05:08,755.5,1349462,53,752.84,270418,443849,0.9015025041736227,0
2023-07-28 11:05:10,755.7,1349519,1,752.84,271219,444380,0.9282136894824768,0
2023-07-28 11:05:10,755.7,1349519,1,752.84,270056,444475,0.9282136894824768,0
2023-07-28 11:05:10,755.4,1349519,1,752.84,270056,444475,0.8881469115191957,0
2023-07-28 11:05:10,755.4,1349519,1,752.84,270056,444475,0.8881469115191957,0
2023-07-28 11:05:15,755.4,1349536,11,752.84,269755,444587,0.8881469115191957,0
2023-07-28 11:05:15,755.4,1349536,6,752.84,269755,444587,0.8881469115191957,0
2023-07-28 11:05:20,755.4,1349560,1,752.84,269598,444455,0.8881469115191957,0
2023-07-28 11:05:20,755.4,1349560,1,752.84,269598,444455,0.8881469115191957,0
2023-07-28 11:05:20,755.4,1349560,1,752.84,270352,444159,0.8881469115191957,0
2023-07-28 11:05:20,755.4,1349560,1,752.84,270352,444159,0.8881469115191957,0
2023-07-28 11:05:20,755.4,1349560,1,752.84,270352,444159,0.8881469115191957,0
2023-07-28 11:05:25,755.5,1349561,1,752.84,270025,444277,0.9015025041736227,0
2023-07-28 11:05:25,755.5,1349561,1,752.84,270025,444277,0.9015025041736227,0
2023-07-28 11:05:25,755.5,1349561,1,752.84,270025,444277,0.9015025041736227,0
2023-07-28 11:05:25,755.5,1349561,1,752.84,270025,444277,0.9015025041736227,0
2023-07-28 11:05:25,755.7,1349561,4,752.84,270025,444277,0.9282136894824768,0
2023-07-28 11:05:27,755.5,1349565,1,752.84,270067,444283,0.9015025041736227,0
2023-07-28 11:05:30,755.5,1349567,1,752.84,269888,444205,0.9015025041736227,0
2023-07-28 11:05:30,755.6,1349567,50,752.84,269888,444205,0.9148580968280497,0
2023-07-28 11:05:32,755.7,1349627,1,752.84,270375,444006,0.9282136894824768,0
2023-07-28 11:05:32,755.5,1349627,10,752.84,270375,444006,0.9015025041736227,0
2023-07-28 11:05:32,755.5,1349627,10,752.84,270375,444006,0.9015025041736227,0
2023-07-28 11:05:35,755.5,1349648,1,752.84,270314,443940,0.9015025041736227,0
2023-07-28 11:05:35,755.5,1349648,50,752.84,270314,443940,0.9015025041736227,0
2023-07-28 11:05:37,755.5,1349698,50,752.84,270264,444113,0.9015025041736227,0
2023-07-28 11:05:40,755.55,1349699,1,752.84,270363,444023,0.9081803005008287,0
2023-07-28 11:05:40,755.55,1349699,1,752.84,270441,443427,0.9081803005008287,0
2023-07-28 11:05:40,755.5,1349699,1,752.84,270441,443427,0.9015025041736227,0
2023-07-28 11:05:40,755.5,1349699,18,752.84,270441,443427,0.9015025041736227,0
2023-07-28 11:05:47,755.7,1349867,12,752.84,270264,445041,0.9282136894824768,0
2023-07-28 11:05:47,755.5,1349867,1,752.84,270264,445041,0.9015025041736227,0
2023-07-28 11:05:50,755.5,1349868,1,752.84,270223,445032,0.9015025041736227,0
2023-07-28 11:05:50,755.5,1349868,10,752.84,270448,444592,0.9015025041736227,0
2023-07-28 11:05:50,755.5,1349868,1,752.84,270448,444592,0.9015025041736227,0
2023-07-28 11:05:50,755.5,1349868,100,752.84,270448,444592,0.9015025041736227,0
2023-07-28 11:05:56,755.5,1349979,100,752.84,270808,445924,0.9015025041736227,0
2023-07-28 11:05:56,755.5,1349979,12,752.84,270808,445924,0.9015025041736227,0
2023-07-28 11:05:56,755.5,1349979,5,752.84,270808,445924,0.9015025041736227,0
2023-07-28 11:05:59,755.5,1349996,5,752.84,271110,445924,0.9015025041736227,0
2023-07-28 11:05:59,755.5,1349996,1,752.84,271110,445924,0.9015025041736227,0
2023-07-28 11:05:59,755.65,1349996,25,752.84,271110,445924,0.9215358931552557,0
2023-07-28 11:06:01,755.5,1350022,5,752.84,270916,445908,0.9015025041736227,0
2023-07-28 11:06:01,755.6,1350022,1,752.84,270916,445908,0.9148580968280497,0
2023-07-28 11:06:02,755.6,1350028,1,752.84,270983,445858,0.9148580968280497,0
2023-07-28 11:06:02,755.5,1350028,2,752.84,270983,445858,0.9015025041736227,0
2023-07-28 11:06:05,755.5,1350030,2,752.84,270739,445575,0.9015025041736227,0
2023-07-28 11:06:05,755.5,1350030,2,752.84,270739,445625,0.9015025041736227,0
2023-07-28 11:06:05,755.5,1350030,2,752.84,270739,445751,0.9015025041736227,0
2023-07-28 11:06:05,755.5,1350030,2,752.84,270930,445751,0.9015025041736227,0
2023-07-28 11:06:10,755.5,1350031,1,752.84,270674,445781,0.9015025041736227,0
2023-07-28 11:06:10,755.5,1350031,1,752.84,270674,445781,0.9015025041736227,0
2023-07-28 11:06:10,755.5,1350031,1,752.84,270674,445554,0.9015025041736227,0
2023-07-28 11:06:13,755.7,1350038,7,752.84,270669,445547,0.9282136894824768,0
2023-07-28 11:06:13,755.4,1350038,38,752.84,270769,445547,0.8881469115191957,0
2023-07-28 11:06:14,755.35,1351238,139,752.84,269647,445877,0.8814691151919897,0
2023-07-28 11:06:16,755.35,1351377,139,752.85,269840,445418,0.8814691151919897,0
2023-07-28 11:06:16,755.5,1351378,1,752.85,269108,445735,0.9015025041736227,0
2023-07-28 11:06:16,755.5,1351378,75,752.85,269108,445735,0.9015025041736227,0
2023-07-28 11:06:18,755.5,1351453,75,752.85,269497,445948,0.9015025041736227,0
2023-07-28 11:06:18,755.5,1351453,75,752.85,269457,446148,0.9015025041736227,0
2023-07-28 11:06:20,755.5,1351454,1,752.85,269423,446165,0.9015025041736227,0
2023-07-28 11:06:20,755.5,1351454,1,752.85,269423,446165,0.9015025041736227,0
2023-07-28 11:06:20,755.65,1351454,5,752.85,269423,446165,0.9215358931552557,0
2023-07-28 11:06:22,755.65,1351459,5,752.85,269854,445857,0.9215358931552557,0
2023-07-28 11:06:22,755.65,1351459,5,752.85,270654,447886,0.9215358931552557,0
2023-07-28 11:06:22,755.65,1351459,5,752.85,269854,448002,0.9215358931552557,0
2023-07-28 11:06:25,755.5,1351460,1,752.85,269824,448004,0.9015025041736227,0
2023-07-28 11:06:25,755.5,1351460,1,752.85,269824,448004,0.9015025041736227,0
2023-07-28 11:06:25,755.5,1351460,1,752.85,271596,447569,0.9015025041736227,0
2023-07-28 11:06:30,755.5,1351471,1,752.85,271585,447572,0.9015025041736227,0
2023-07-28 11:06:30,755.5,1351471,1,752.85,271585,447572,0.9015025041736227,0
2023-07-28 11:06:30,755.5,1351480,1,752.85,271576,447574,0.9015025041736227,0
2023-07-28 11:06:30,755.5,1351480,1,752.85,271576,447516,0.9015025041736227,0
2023-07-28 11:06:30,755.5,1351480,1,752.85,271576,447476,0.9015025041736227,0
2023-07-28 11:06:35,755.5,1351481,1,752.85,271032,447907,0.9015025041736227,0
2023-07-28 11:06:36,755.7,1351531,50,752.85,271813,447426,0.9282136894824768,0
2023-07-28 11:06:37,755.65,1351551,20,752.85,272410,447341,0.9215358931552557,0
2023-07-28 11:06:37,755.65,1351551,1,752.85,272410,447341,0.9215358931552557,0
2023-07-28 11:06:38,755.7,1352390,11,752.85,272440,445746,0.9282136894824768,0
2023-07-28 11:06:38,755.65,1352390,12,752.85,272440,445746,0.9215358931552557,0
2023-07-28 11:06:39,755.65,1352480,12,752.85,272125,445715,0.9215358931552557,0
2023-07-28 11:06:40,755.65,1352573,1,752.85,272194,445705,0.9215358931552557,0
2023-07-28 11:06:41,755.65,1352633,50,752.85,272134,445870,0.9215358931552557,0
2023-07-28 11:06:41,755.65,1352633,50,752.85,272134,445870,0.9215358931552557,0
2023-07-28 11:06:41,755.65,1352633,12,752.85,272134,445870,0.9215358931552557,0
2023-07-28 11:06:42,755.65,1352645,12,752.85,273123,445883,0.9215358931552557,0
2023-07-28 11:06:45,756.2,1353846,3,752.85,274605,442488,0.9949916527545971,0
2023-07-28 11:06:46,756.15,1353988,139,752.85,275502,444760,0.9883138564273759,0
2023-07-28 11:06:46,756.15,1353988,139,752.85,275502,444760,0.9883138564273759,0
2023-07-28 11:06:46,756.15,1353988,139,752.85,275502,444851,0.9883138564273759,0
2023-07-28 11:06:46,756.15,1353988,1,752.85,275502,444851,0.9883138564273759,0
2023-07-28 11:06:48,756.15,1353989,1,752.85,275583,444909,0.9883138564273759,0
2023-07-28 11:06:48,756.15,1353989,1,752.85,275583,444399,0.9883138564273759,0
2023-07-28 11:06:50,756.15,1353990,1,752.85,275151,444532,0.9883138564273759,0
2023-07-28 11:06:50,756.1,1353990,115,752.85,275151,444532,0.98163606010017,0
2023-07-28 11:06:52,756.1,1354156,1,752.85,274594,444610,0.98163606010017,0
2023-07-28 11:06:53,756.45,1354186,10,752.85,274700,444625,1.0283806343906572,0
2023-07-28 11:06:53,756.45,1354186,10,752.85,274711,444657,1.0283806343906572,0
2023-07-28 11:06:53,756.45,1354186,10,752.85,274721,444926,1.0283806343906572,0
2023-07-28 11:06:53,756.05,1354186,1,752.85,274721,444926,0.9749582637729488,0
2023-07-28 11:06:55,756.05,1354187,1,752.85,274720,444946,0.9749582637729488,0
2023-07-28 11:06:57,756.1,1354188,1,752.85,274719,444953,0.98163606010017,0
2023-07-28 11:06:57,756.1,1354188,12,752.85,274719,444953,0.98163606010017,0
2023-07-28 11:06:57,756.1,1354200,12,752.85,275621,444929,0.98163606010017,0
2023-07-28 11:06:57,756.1,1354200,1,752.85,275621,444929,0.98163606010017,0
2023-07-28 11:07:00,756.1,1354201,1,752.85,275537,444963,0.98163606010017,0
2023-07-28 11:07:00,756.4,1354201,2,752.85,275537,444963,1.021702838063436,0
2023-07-28 11:07:01,756.4,1354203,2,752.85,275537,444961,1.021702838063436,0
2023-07-28 11:07:01,756.4,1354203,2,752.85,275568,444961,1.021702838063436,0
2023-07-28 11:07:03,756.3,1354653,300,752.85,276624,442397,1.008347245409009,0
2023-07-28 11:07:04,756.3,1355006,33,752.85,276741,443980,1.008347245409009,0
2023-07-28 11:07:04,756.3,1355039,33,752.85,276228,443935,1.008347245409009,0
2023-07-28 11:07:04,756.3,1355039,1,752.85,276228,443935,1.008347245409009,0
2023-07-28 11:07:06,756.3,1355040,1,752.85,276227,443942,1.008347245409009,0
2023-07-28 11:07:06,756.3,1355040,1,752.85,276227,444030,1.008347245409009,0
2023-07-28 11:07:06,756.3,1355040,20,752.85,276227,444030,1.008347245409009,0
2023-07-28 11:07:08,756.3,1355100,40,752.85,275893,444075,1.008347245409009,0
2023-07-28 11:07:08,756.3,1355100,100,752.85,275893,444075,1.008347245409009,0
2023-07-28 11:07:08,756.3,1355200,18,752.85,275712,443258,1.008347245409009,0
2023-07-28 11:07:10,756.3,1355219,1,752.85,275665,444068,1.008347245409009,0
2023-07-28 11:07:10,756.3,1355219,1,752.85,275665,444068,1.008347245409009,0
2023-07-28 11:07:10,756.3,1355219,1,752.85,275666,444329,1.008347245409009,0
2023-07-28 11:07:10,756.3,1355219,1,752.85,275666,444329,1.008347245409009,0
2023-07-28 11:07:14,756.3,1355220,1,752.85,275665,444329,1.008347245409009,0
2023-07-28 11:07:15,756.3,1355221,1,752.85,275139,443671,1.008347245409009,0
2023-07-28 11:07:18,756.3,1355233,12,752.85,274076,444317,1.008347245409009,0
2023-07-28 11:07:20,756.3,1355238,5,752.85,274654,444939,1.008347245409009,0
2023-07-28 11:07:21,756.3,1355249,10,752.85,274643,444858,1.008347245409009,0
2023-07-28 11:07:21,756.3,1355249,10,752.85,274643,444858,1.008347245409009,0
2023-07-28 11:07:21,756.3,1355249,10,752.85,274753,444858,1.008347245409009,0
2023-07-28 11:07:23,756.2,1355541,31,752.85,269777,448353,0.9949916527545971,0
2023-07-28 11:07:23,755.65,1355541,10,752.85,269777,448353,0.9215358931552557,0
2023-07-28 11:07:25,755.5,1355593,1,752.86,270509,447777,0.9015025041736227,0
2023-07-28 11:07:25,755.5,1355593,1,752.86,270509,447777,0.9015025041736227,0
2023-07-28 11:07:25,755.5,1355593,1,752.86,270516,447847,0.9015025041736227,0
2023-07-28 11:07:25,755.5,1355593,1,752.86,270590,448119,0.9015025041736227,0
2023-07-28 11:07:25,755.5,1355593,1,752.86,270375,447921,0.9015025041736227,0
2023-07-28 11:07:25,755.8,1355593,67,752.86,270375,447921,0.9415692821368887,0
2023-07-28 11:07:28,755.8,1355661,67,752.86,269812,447740,0.9415692821368887,0
2023-07-28 11:07:28,755.5,1355661,10,752.86,269812,447740,0.9015025041736227,0
2023-07-28 11:07:29,755.5,1355671,1,752.86,270541,447821,0.9015025041736227,0
2023-07-28 11:07:30,755.5,1355672,1,752.86,269751,447932,0.9015025041736227,0
2023-07-28 11:07:30,755.5,1355672,1,752.86,268951,448058,0.9015025041736227,0
2023-07-28 11:07:30,755.5,1355672,1,752.86,268995,447701,0.9015025041736227,0
2023-07-28 11:07:30,755.5,1355672,1,752.86,269472,447816,0.9015025041736227,0
2023-07-28 11:07:30,755.65,1355672,1,752.86,269472,447816,0.9215358931552557,0
2023-07-28 11:07:35,755.65,1355673,1,752.86,270646,447365,0.9215358931552557,0
2023-07-28 11:07:35,755.75,1355673,20,752.86,270646,447344,0.9348914858096828,0
2023-07-28 11:07:36,755.75,1355693,20,752.86,271957,446908,0.9348914858096828,0
2023-07-28 11:07:36,755.65,1355693,10,752.86,271957,446908,0.9215358931552557,0
2023-07-28 11:07:39,755.45,1361489,1,752.87,262087,449489,0.8948247078464168,0
2023-07-28 11:07:39,755.1,1362177,72,752.87,263889,448204,0.8480801335559296,0
2023-07-28 11:07:40,755.1,1362249,72,752.87,264181,448184,0.8480801335559296,0
2023-07-28 11:07:40,755.2,1362249,1,752.87,264181,448184,0.8614357262103567,0
2023-07-28 11:07:40,755.2,1362250,1,752.87,264202,448271,0.8614357262103567,0
2023-07-28 11:07:41,755.45,1362378,4,752.87,264174,447820,0.8948247078464168,0
2023-07-28 11:07:41,755.1,1362378,14,752.87,264174,447820,0.8480801335559296,0
2023-07-28 11:07:42,755.1,1362392,14,752.87,264290,448084,0.8480801335559296,0
2023-07-28 11:07:44,755.0,1367392,3390,752.88,264055,446095,0.8347245409015025,0
2023-07-28 11:07:44,755.0,1367392,556,752.88,264055,446095,0.8347245409015025,0
2023-07-28 11:07:45,755.3,1367960,11,752.88,265211,446992,0.8747913188647686,0
2023-07-28 11:07:45,755.3,1367960,11,752.88,265479,447107,0.8747913188647686,0
2023-07-28 11:07:45,755.3,1367960,11,752.88,265479,447110,0.8747913188647686,0
2023-07-28 11:07:45,755.3,1367960,11,752.88,265574,447005,0.8747913188647686,0
2023-07-28 11:07:49,755.3,1367962,2,752.88,267174,446830,0.8747913188647686,0
2023-07-28 11:07:49,755.5,1367962,23,752.88,267174,446830,0.9015025041736227,0
2023-07-28 11:07:50,755.6,1368071,1,752.88,270707,446567,0.9148580968280497,0
2023-07-28 11:07:52,755.95,1368119,19,752.88,270802,446173,0.9616026711185369,0
2023-07-28 11:07:52,755.95,1368119,19,752.88,270802,446173,0.9616026711185369,0
2023-07-28 11:07:52,755.95,1368119,19,752.88,271499,446465,0.9616026711185369,0
2023-07-28 11:07:52,755.95,1368119,19,752.88,271613,446465,0.9616026711185369,0
2023-07-28 11:07:52,756.1,1368119,87,752.88,271613,446465,0.98163606010017,0
2023-07-28 11:07:55,755.85,1368363,25,752.88,271204,446279,0.9482470784641098,0
2023-07-28 11:07:55,755.85,1368424,25,752.88,270813,445664,0.9482470784641098,0
2023-07-28 11:07:55,755.95,1368424,8,752.88,270813,445664,0.9616026711185369,0
2023-07-28 11:07:57,755.95,1368432,8,752.88,271797,446249,0.9616026711185369,0
2023-07-28 11:07:58,755.85,1368598,7,752.88,269457,448770,0.9482470784641098,0
2023-07-28 11:07:58,755.45,1368598,16,752.88,269457,448770,0.8948247078464168,0
2023-07-28 11:07:58,755.45,1368615,16,752.88,269472,448922,0.8948247078464168,0
