2023-07-28 10:49:26,454.0,1763170,1,452.85,449809,624986,0.9449694274596998,0
2023-07-28 10:49:26,454.0,1763170,5,452.85,449809,624986,0.9449694274596998,0
2023-07-28 10:49:26,454.0,1763170,2,452.85,449809,624986,0.9449694274596998,0
2023-07-28 10:49:26,454.05,1763170,4,452.85,449809,624986,0.9560867148415811,0
2023-07-28 10:49:26,454.0,1763170,6,452.85,449809,624986,0.9449694274596998,0
2023-07-28 10:49:26,454.05,1763170,5,452.85,449809,624986,0.9560867148415811,0
2023-07-28 10:49:26,454.05,1763170,30,452.85,449809,624986,0.9560867148415811,0
2023-07-28 10:49:34,454.05,1763326,30,452.85,448321,625601,0.9560867148415811,0
2023-07-28 10:49:34,454.1,1763326,128,452.85,448321,625601,0.9672040022234625,0
2023-07-28 10:49:36,454.1,1763631,5,452.85,448073,625753,0.9672040022234625,0
2023-07-28 10:49:36,454.15,1763631,17,452.85,448073,625753,0.9783212896053313,0
2023-07-28 10:49:36,454.0,1763631,110,452.85,448073,625753,0.9449694274596998,0
2023-07-28 10:49:39,454.2,1764241,31,452.85,448185,626003,0.9894385769872126,0
2023-07-28 10:49:40,454.2,1764544,31,452.85,448880,627743,0.9894385769872126,0
2023-07-28 10:49:40,454.0,1764544,24,452.85,448880,627743,0.9449694274596998,0
2023-07-28 10:49:47,454.0,1764568,24,452.85,447992,629031,0.9449694274596998,0
2023-07-28 10:49:47,454.0,1764568,24,452.85,447589,629802,0.9449694274596998,0
2023-07-28 10:49:47,453.9,1764568,2,452.85,447589,629802,0.9227348526959371,0
2023-07-28 10:49:51,453.9,1764570,2,452.85,447281,629346,0.9227348526959371,0
2023-07-28 10:49:51,453.95,1764570,19,452.85,447281,629346,0.9338521400778185,0
2023-07-28 10:49:54,453.95,1764590,19,452.85,447417,629327,0.9338521400778185,0
2023-07-28 10:49:54,453.95,1764590,19,452.85,447542,628986,0.9338521400778185,0
2023-07-28 10:49:54,453.95,1764590,19,452.85,447590,628986,0.9338521400778185,0
2023-07-28 10:49:54,453.95,1764590,33,452.85,447590,628986,0.9338521400778185,0
2023-07-28 10:50:02,453.95,1764690,33,452.85,447590,628954,0.9338521400778185,0
2023-07-28 10:50:02,453.95,1764690,17,452.85,447590,628954,0.9338521400778185,0
2023-07-28 10:50:06,453.95,1764740,17,452.85,446387,628990,0.9338521400778185,0
2023-07-28 10:50:06,453.95,1764740,17,452.85,446859,628928,0.9338521400778185,0
2023-07-28 10:50:08,453.8,1764802,5,452.85,446770,628989,0.9005002779321871,0
2023-07-28 10:50:08,453.8,1764802,5,452.85,446768,629014,0.9005002779321871,0
2023-07-28 10:50:08,453.8,1764802,5,452.85,447710,628848,0.9005002779321871,0
2023-07-28 10:50:11,453.7,1765002,112,452.85,446662,630370,0.8782657031684243,0
2023-07-28 10:50:11,453.6,1765002,10,452.85,446662,630370,0.8560311284046743,0
2023-07-28 10:50:13,453.6,1765012,10,452.85,447176,630850,0.8560311284046743,0
2023-07-28 10:50:15,453.55,1765013,1,452.85,446548,630798,0.844913841022793,0
2023-07-28 10:50:15,453.55,1765013,1,452.85,447296,630788,0.844913841022793,0
2023-07-28 10:50:15,453.55,1765013,1,452.85,447296,630888,0.844913841022793,0
2023-07-28 10:50:19,453.8,1765015,2,452.85,447296,630886,0.9005002779321871,0
2023-07-28 10:50:19,453.8,1765015,10,452.85,447296,630886,0.9005002779321871,0
2023-07-28 10:50:19,453.75,1765025,200,452.85,447296,631027,0.8893829905503057,0
2023-07-28 10:50:19,453.75,1765025,200,452.85,447296,631027,0.8893829905503057,0
2023-07-28 10:50:19,453.75,1765025,200,452.85,447296,631027,0.8893829905503057,0
2023-07-28 10:50:20,453.75,1765225,200,452.85,447739,630589,0.8893829905503057,0
2023-07-28 10:50:20,453.75,1765225,200,452.85,447739,630589,0.8893829905503057,0
2023-07-28 10:50:20,453.75,1765225,200,452.85,447762,630540,0.8893829905503057,0
2023-07-28 10:50:20,453.75,1765225,200,452.85,448027,630540,0.8893829905503057,0
2023-07-28 10:50:20,453.75,1765225,200,452.85,448027,630540,0.8893829905503057,0
2023-07-28 10:50:25,453.6,1765230,5,452.85,448624,630685,0.8560311284046743,0
2023-07-28 10:50:25,453.6,1765230,5,452.85,448626,630685,0.8560311284046743,0
2023-07-28 10:50:27,453.75,1765282,50,452.85,448624,630609,0.8893829905503057,0
2023-07-28 10:50:27,453.75,1765282,50,452.85,448624,630609,0.8893829905503057,0
2023-07-28 10:50:27,453.75,1765282,50,452.85,448659,630329,0.8893829905503057,0
2023-07-28 10:50:27,453.75,1765282,50,452.85,448681,630672,0.8893829905503057,0
2023-07-28 10:50:27,453.75,1765282,50,452.85,448682,630672,0.8893829905503057,0
2023-07-28 10:50:27,453.65,1765282,1,452.85,448682,630687,0.867148415786543,0
2023-07-28 10:50:31,453.65,1765283,1,452.85,449308,630421,0.867148415786543,0
2023-07-28 10:50:31,453.65,1765283,1,452.85,449010,630433,0.867148415786543,0
2023-07-28 10:50:34,453.75,1765291,8,452.85,448919,630523,0.8893829905503057,0
2023-07-28 10:50:34,453.75,1765291,8,452.85,448834,630868,0.8893829905503057,0
2023-07-28 10:50:34,453.75,1765291,8,452.85,448210,630599,0.8893829905503057,0
2023-07-28 10:50:34,453.75,1765291,8,452.85,448210,630644,0.8893829905503057,0
2023-07-28 10:50:34,453.75,1765291,8,452.85,448626,630644,0.8893829905503057,0
2023-07-28 10:50:34,453.75,1765291,8,452.85,448628,630744,0.8893829905503057,0
2023-07-28 10:50:34,453.75,1765291,8,452.85,448628,630844,0.8893829905503057,0
2023-07-28 10:50:41,453.8,1765341,50,452.85,448628,630794,0.9005002779321871,0
2023-07-28 10:50:41,453.8,1765341,50,452.85,449078,630147,0.9005002779321871,0
2023-07-28 10:50:41,453.8,1765341,50,452.85,448386,630819,0.9005002779321871,0
2023-07-28 10:50:41,453.65,1765341,10,452.85,448386,630819,0.867148415786543,0
2023-07-28 10:50:43,453.65,1765351,10,452.85,448092,630857,0.867148415786543,0
2023-07-28 10:50:43,453.65,1765351,10,452.85,448087,630584,0.867148415786543,0
2023-07-28 10:50:43,453.65,1765351,10,452.85,448337,630709,0.867148415786543,0
2023-07-28 10:50:43,453.6,1765351,26,452.85,448340,630709,0.8560311284046743,0
2023-07-28 10:50:47,453.6,1765451,26,452.85,448977,631187,0.8560311284046743,0
2023-07-28 10:50:47,453.6,1765451,26,452.85,449320,631187,0.8560311284046743,0
2023-07-28 10:50:47,453.6,1765451,26,452.85,449322,631197,0.8560311284046743,0
2023-07-28 10:50:47,453.6,1765451,26,452.85,447714,631932,0.8560311284046743,0
2023-07-28 10:50:47,453.6,1765451,26,452.85,446843,632838,0.8560311284046743,0
2023-07-28 10:50:55,453.7,1765561,15,452.85,448266,631437,0.8782657031684243,0
2023-07-28 10:50:55,453.7,1765561,15,452.85,448225,631437,0.8782657031684243,0
2023-07-28 10:50:55,453.7,1765561,15,452.85,448230,631437,0.8782657031684243,0
2023-07-28 10:50:58,453.55,1765761,73,452.85,447335,633700,0.844913841022793,0
2023-07-28 10:50:58,453.55,1765761,73,452.85,447140,632866,0.844913841022793,0
2023-07-28 10:50:58,453.45,1765761,8,452.85,447140,632866,0.8226792662590303,0
2023-07-28 10:51:00,453.45,1765781,8,452.85,447122,633167,0.8226792662590303,0
2023-07-28 10:51:00,453.45,1765781,8,452.85,447067,633483,0.8226792662590303,0
2023-07-28 10:51:00,453.45,1765781,8,452.85,447083,633566,0.8226792662590303,0
2023-07-28 10:51:02,453.5,1765848,67,452.85,446541,633601,0.8337965536409117,0
2023-07-28 10:51:02,453.35,1765848,4,452.85,446540,633441,0.8004446914952802,0
2023-07-28 10:51:04,453.35,1765852,4,452.85,446752,633680,0.8004446914952802,0
2023-07-28 10:51:04,453.35,1765852,4,452.85,446752,633680,0.8004446914952802,0
2023-07-28 10:51:04,453.35,1765852,4,452.85,446506,633780,0.8004446914952802,0
2023-07-28 10:51:04,453.35,1765852,4,452.85,446131,634151,0.8004446914952802,0
2023-07-28 10:51:04,453.35,1765852,4,452.85,444734,634526,0.8004446914952802,0
2023-07-28 10:51:04,453.35,1765852,4,452.85,444756,634139,0.8004446914952802,0
2023-07-28 10:51:04,453.35,1765852,4,452.85,445970,633566,0.8004446914952802,0
2023-07-28 10:51:04,453.4,1765852,1,452.85,445970,633566,0.8115619788771489,0
2023-07-28 10:51:14,453.55,1765893,10,452.85,447034,633016,0.844913841022793,0
2023-07-28 10:51:14,453.55,1765893,10,452.85,447427,633071,0.844913841022793,0
2023-07-28 10:51:14,453.55,1765893,10,452.85,447753,633690,0.844913841022793,0
2023-07-28 10:51:14,453.55,1765893,10,452.85,447753,633690,0.844913841022793,0
2023-07-28 10:51:14,453.55,1765893,10,452.85,447753,633690,0.844913841022793,0
2023-07-28 10:51:14,453.55,1765893,10,452.85,447693,633740,0.844913841022793,0
2023-07-28 10:51:14,453.55,1765893,10,452.85,447693,633740,0.844913841022793,0
2023-07-28 10:51:14,453.55,1765893,10,452.85,447793,633741,0.844913841022793,0
2023-07-28 10:51:14,453.1,1765893,1,452.85,447793,633741,0.7448582545858861,0
2023-07-28 10:51:23,453.1,1766106,1,452.85,439653,636121,0.7448582545858861,0
2023-07-28 10:51:23,453.1,1766106,1,452.85,442498,635770,0.7448582545858861,0
2023-07-28 10:51:23,453.1,1766106,1,452.85,442130,635856,0.7448582545858861,0
2023-07-28 10:51:23,453.1,1766106,1,452.85,442578,635510,0.7448582545858861,0
2023-07-28 10:51:23,453.1,1766106,2,452.85,442578,635510,0.7448582545858861,0
2023-07-28 10:51:28,453.1,1766110,2,452.85,443841,634631,0.7448582545858861,0
2023-07-28 10:51:28,453.1,1766110,2,452.85,444141,634804,0.7448582545858861,0
2023-07-28 10:51:28,453.3,1766110,25,452.85,444141,634804,0.7893274041133989,0
2023-07-28 10:51:30,453.3,1766135,25,452.85,444308,634752,0.7893274041133989,0
2023-07-28 10:51:30,453.3,1766135,25,452.85,444360,634611,0.7893274041133989,0
2023-07-28 10:51:30,453.3,1766135,25,452.85,444360,634616,0.7893274041133989,0
2023-07-28 10:51:33,453.3,1766185,50,452.85,444360,634913,0.7893274041133989,0
2023-07-28 10:51:34,453.1,1766277,904,452.85,444677,635339,0.7448582545858861,0
2023-07-28 10:51:35,453.2,1767381,4,452.85,442880,635828,0.7670928293496362,0
2023-07-28 10:51:36,453.2,1767478,12,452.85,443511,635680,0.7670928293496362,0
2023-07-28 10:51:37,453.2,1767508,30,452.85,444226,635822,0.7670928293496362,0
2023-07-28 10:51:37,453.2,1767508,8,452.85,444226,635822,0.7670928293496362,0
2023-07-28 10:51:37,453.2,1767508,5,452.85,444226,635822,0.7670928293496362,0
2023-07-28 10:51:38,453.2,1767522,5,452.85,444223,635873,0.7670928293496362,0
2023-07-28 10:51:38,453.2,1767522,5,452.85,444225,635873,0.7670928293496362,0
2023-07-28 10:51:41,453.5,1768172,5,452.85,447151,631828,0.8337965536409117,0
2023-07-28 10:51:41,453.5,1768172,5,452.85,447484,632314,0.8337965536409117,0
2023-07-28 10:51:41,453.5,1768172,5,452.85,447861,632732,0.8337965536409117,0
2023-07-28 10:51:41,453.5,1768172,5,452.85,447861,632707,0.8337965536409117,0
2023-07-28 10:51:41,453.55,1768172,30,452.85,447861,632707,0.844913841022793,0
2023-07-28 10:51:45,453.55,1768202,30,452.85,447872,632702,0.844913841022793,0
2023-07-28 10:51:45,453.55,1768202,30,452.85,448352,632886,0.844913841022793,0
2023-07-28 10:51:45,453.55,1768202,30,452.85,448247,632886,0.844913841022793,0
2023-07-28 10:51:45,453.55,1768202,30,452.85,448167,632886,0.844913841022793,0
2023-07-28 10:51:45,453.55,1768202,30,452.85,448167,632888,0.844913841022793,0
2023-07-28 10:51:45,453.55,1768202,30,452.85,448034,632888,0.844913841022793,0
2023-07-28 10:51:45,453.55,1768202,30,452.85,433634,632914,0.844913841022793,0
2023-07-28 10:51:45,453.55,1768202,30,452.85,433632,632914,0.844913841022793,0
2023-07-28 10:51:45,453.55,1768202,30,452.85,433634,632914,0.844913841022793,0
2023-07-28 10:51:45,453.55,1768202,30,452.85,433645,632999,0.844913841022793,0
2023-07-28 10:51:45,453.55,1768202,30,452.85,447764,633005,0.844913841022793,0
2023-07-28 10:51:45,453.55,1768202,30,452.85,447864,633505,0.844913841022793,0
2023-07-28 10:51:45,453.55,1768202,30,452.85,447289,635119,0.844913841022793,0
2023-07-28 10:51:45,453.55,1768202,30,452.85,447286,635835,0.844913841022793,0
2023-07-28 10:51:45,453.55,1768202,30,452.85,447404,635835,0.844913841022793,0
2023-07-28 10:51:45,453.55,1768202,30,452.85,447523,635448,0.844913841022793,0
2023-07-28 10:51:45,453.55,1768202,30,452.85,447859,635443,0.844913841022793,0
2023-07-28 10:51:45,453.55,1768202,30,452.85,447715,635007,0.844913841022793,0
2023-07-28 10:52:05,453.35,1768206,1,452.85,447856,634760,0.8004446914952802,0
2023-07-28 10:52:05,453.45,1768206,25,452.85,447856,634760,0.8226792662590303,0
2023-07-28 10:52:06,453.45,1768916,25,452.85,447993,634808,0.8226792662590303,0
2023-07-28 10:52:06,453.4,1768916,100,452.85,447782,635496,0.8115619788771489,0
2023-07-28 10:52:09,453.4,1769016,100,452.85,447706,635563,0.8115619788771489,0
2023-07-28 10:52:10,453.2,1769086,25,452.85,447625,635636,0.7670928293496362,0
2023-07-28 10:52:10,453.4,1769086,30,452.85,447625,635636,0.8115619788771489,0
2023-07-28 10:52:11,453.4,1769116,30,452.85,447740,636097,0.8115619788771489,0
2023-07-28 10:52:13,453.4,1769127,10,452.85,447729,635941,0.8115619788771489,0
2023-07-28 10:52:13,453.4,1769127,10,452.85,447729,636285,0.8115619788771489,0
2023-07-28 10:52:13,453.4,1769127,10,452.85,447729,636295,0.8115619788771489,0
2023-07-28 10:52:13,453.4,1769127,10,452.85,447328,635910,0.8115619788771489,0
2023-07-28 10:52:13,453.4,1769127,10,452.85,447373,636003,0.8115619788771489,0
2023-07-28 10:52:13,453.2,1769127,25,452.85,447304,635689,0.7670928293496362,0
2023-07-28 10:52:19,453.2,1769227,25,452.85,447766,636638,0.7670928293496362,0
2023-07-28 10:52:19,453.2,1769227,25,452.85,447317,636508,0.7670928293496362,0
2023-07-28 10:52:22,453.35,1769527,201,452.85,446948,635939,0.8004446914952802,0
2023-07-28 10:52:22,453.35,1769527,201,452.85,446941,635928,0.8004446914952802,0
2023-07-28 10:52:22,453.35,1769527,201,452.85,446941,635928,0.8004446914952802,0
2023-07-28 10:52:22,453.35,1769527,201,452.85,446941,635978,0.8004446914952802,0
2023-07-28 10:52:22,453.35,1769527,201,452.85,447175,635547,0.8004446914952802,0
2023-07-28 10:52:22,453.35,1769527,201,452.85,447319,636190,0.8004446914952802,0
2023-07-28 10:52:22,453.35,1769527,201,452.85,447321,635879,0.8004446914952802,0
2023-07-28 10:52:22,453.35,1769527,201,452.85,447321,635979,0.8004446914952802,0
2023-07-28 10:52:22,453.2,1769527,1,452.85,447321,635979,0.7670928293496362,0
2023-07-28 10:52:29,453.4,1769528,8,452.85,447180,636042,0.8115619788771489,0
2023-07-28 10:52:30,453.4,1769537,8,452.85,447041,635937,0.8115619788771489,0
2023-07-28 10:52:30,453.4,1769537,8,452.85,447096,635878,0.8115619788771489,0
2023-07-28 10:52:30,453.4,1769537,5,452.85,447096,635878,0.8115619788771489,0
2023-07-28 10:52:33,453.2,1770157,65,452.85,445823,634618,0.7670928293496362,0
2023-07-28 10:52:33,453.4,1770157,14,452.85,445606,635277,0.8115619788771489,0
2023-07-28 10:52:35,453.4,1770172,14,452.85,445794,635330,0.8115619788771489,0
2023-07-28 10:52:35,453.4,1770172,14,452.85,445794,635330,0.8115619788771489,0
2023-07-28 10:52:35,453.4,1770172,14,452.85,446521,635698,0.8115619788771489,0
2023-07-28 10:52:35,453.4,1770172,14,452.85,446297,635272,0.8115619788771489,0
2023-07-28 10:52:35,453.05,1770172,2,452.85,446297,635272,0.7337409672040047,0
2023-07-28 10:52:40,453.05,1770272,2,452.85,446007,636068,0.7337409672040047,0
2023-07-28 10:52:40,453.05,1770272,2,452.85,446198,635986,0.7337409672040047,0
2023-07-28 10:52:40,453.05,1770272,2,452.85,446201,636086,0.7337409672040047,0
2023-07-28 10:52:40,453.3,1770272,58,452.85,446201,636086,0.7893274041133989,0
2023-07-28 10:52:43,453.3,1770522,58,452.85,446494,635506,0.7893274041133989,0
2023-07-28 10:52:43,453.3,1770522,40,452.85,446494,635506,0.7893274041133989,0
2023-07-28 10:52:44,453.3,1770622,40,452.85,446494,635294,0.7893274041133989,0
2023-07-28 10:52:44,453.3,1770622,40,452.85,446385,635294,0.7893274041133989,0
2023-07-28 10:52:44,453.3,1770622,40,452.85,446121,634685,0.7893274041133989,0
2023-07-28 10:52:44,453.3,1770622,40,452.85,446119,634481,0.7893274041133989,0
2023-07-28 10:52:44,453.3,1770622,40,452.85,446121,634481,0.7893274041133989,0
2023-07-28 10:52:44,453.3,1770622,40,452.85,446564,634673,0.7893274041133989,0
2023-07-28 10:52:44,453.3,1770622,40,452.85,446564,634673,0.7893274041133989,0
2023-07-28 10:52:52,453.05,1770672,50,452.85,446069,634839,0.7337409672040047,0
2023-07-28 10:52:53,453.3,1770722,50,452.85,446268,634897,0.7893274041133989,0
2023-07-28 10:52:53,453.3,1770722,50,452.85,445266,635070,0.7893274041133989,0
2023-07-28 10:52:53,453.3,1770722,50,452.85,445268,635070,0.7893274041133989,0
2023-07-28 10:52:53,453.3,1770722,50,452.85,445263,635870,0.7893274041133989,0
2023-07-28 10:52:57,453.25,1770857,87,452.85,445052,637068,0.7782101167315175,0
2023-07-28 10:52:57,453.25,1770857,87,452.85,444646,636973,0.7782101167315175,0
2023-07-28 10:52:57,453.25,1770857,2,452.85,444646,636973,0.7782101167315175,0
2023-07-28 10:52:59,453.05,1770859,67,452.85,444646,636971,0.7337409672040047,0
2023-07-28 10:53:00,453.05,1770959,50,452.85,444957,636597,0.7337409672040047,0
2023-07-28 10:53:02,453.05,1771009,50,452.85,444907,636575,0.7337409672040047,0
2023-07-28 10:53:02,453.3,1771009,20,452.85,444907,636575,0.7893274041133989,0
2023-07-28 10:53:03,453.3,1771029,20,452.85,444907,636555,0.7893274041133989,0
2023-07-28 10:53:03,453.3,1771029,20,452.85,444796,636553,0.7893274041133989,0
2023-07-28 10:53:05,453.3,1771164,93,452.85,444621,636458,0.7893274041133989,0
2023-07-28 10:53:05,453.3,1771164,93,452.85,444638,636458,0.7893274041133989,0
2023-07-28 10:53:05,453.3,1771164,93,452.85,444755,636461,0.7893274041133989,0
2023-07-28 10:53:05,453.05,1771164,2,452.85,444755,636461,0.7337409672040047,0
2023-07-28 10:53:05,453.05,1771164,18,452.85,444755,636461,0.7337409672040047,0
2023-07-28 10:53:11,453.05,1771235,18,452.85,445285,636441,0.7337409672040047,0
2023-07-28 10:53:11,453.05,1771235,1,452.85,445285,636441,0.7337409672040047,0
2023-07-28 10:53:11,453.3,1771235,108,452.85,445285,636441,0.7893274041133989,0
2023-07-28 10:53:14,453.3,1771371,108,452.85,445294,636360,0.7893274041133989,0
2023-07-28 10:53:14,453.3,1771371,108,452.85,445299,636360,0.7893274041133989,0
2023-07-28 10:53:19,453.05,1771446,27,452.85,446012,636266,0.7337409672040047,0
2023-07-28 10:53:19,453.05,1771446,27,452.85,446012,636266,0.7337409672040047,0
2023-07-28 10:53:19,453.15,1771446,1,452.85,446012,636266,0.7559755419677548,0
2023-07-28 10:53:19,453.15,1771446,1,452.85,446012,636266,0.7559755419677548,0
2023-07-28 10:53:22,453.25,1771547,66,452.85,446250,636076,0.7782101167315175,0
2023-07-28 10:53:22,453.25,1771547,66,452.85,446250,636076,0.7782101167315175,0
2023-07-28 10:53:22,453.25,1771547,66,452.85,446250,636076,0.7782101167315175,0
2023-07-28 10:53:22,453.25,1771547,66,452.85,446250,636076,0.7782101167315175,0
2023-07-28 10:53:22,453.25,1771547,66,452.85,445793,636076,0.7782101167315175,0
2023-07-28 10:53:22,453.25,1771547,66,452.85,445793,636477,0.7782101167315175,0
2023-07-28 10:53:22,453.25,1771547,66,452.85,445764,636190,0.7782101167315175,0
2023-07-28 10:53:22,453.25,1771547,66,452.85,446026,636192,0.7782101167315175,0
2023-07-28 10:53:22,453.25,1771547,10,452.85,446412,636900,0.7782101167315175,0
2023-07-28 10:53:36,453.25,1771557,10,452.85,445442,637002,0.7782101167315175,0
2023-07-28 10:53:36,453.25,1771557,28,452.85,445550,638097,0.7782101167315175,0
2023-07-28 10:53:36,453.2,1771557,10,452.85,445550,638097,0.7670928293496362,0
2023-07-28 10:53:36,453.25,1771557,33,452.85,445550,638097,0.7782101167315175,0
2023-07-28 10:53:43,453.25,1772717,33,452.86,446136,637818,0.7782101167315175,0
2023-07-28 10:53:43,453.25,1772717,33,452.86,446311,637212,0.7782101167315175,0
2023-07-28 10:53:43,453.25,1772717,85,452.86,446311,637212,0.7782101167315175,0
2023-07-28 10:53:50,453.1,1773206,92,452.86,446093,636699,0.7448582545858861,0
2023-07-28 10:53:50,453.45,1773206,46,452.86,446093,636699,0.8226792662590303,0
2023-07-28 10:53:52,453.4,1774747,38,452.86,446039,635530,0.8115619788771489,0
2023-07-28 10:53:52,453.15,1774747,10,452.86,446039,635530,0.7559755419677548,0
2023-07-28 10:53:52,453.1,1774747,7,452.86,446039,635530,0.7448582545858861,0
2023-07-28 10:53:55,453.1,1775415,7,452.86,446066,636278,0.7448582545858861,0
2023-07-28 10:53:55,453.05,1775415,14,452.86,446066,636278,0.7337409672040047,0
2023-07-28 10:53:58,453.05,1775915,14,452.86,445430,638935,0.7337409672040047,0
2023-07-28 10:53:58,453.35,1775915,10,452.86,445430,638935,0.8004446914952802,0
2023-07-28 10:53:58,453.1,1775915,10,452.86,445430,638935,0.7448582545858861,0
2023-07-28 10:54:00,453.1,1775975,10,452.86,445942,637491,0.7448582545858861,0
2023-07-28 10:54:00,453.1,1775975,10,452.86,447293,637213,0.7448582545858861,0
2023-07-28 10:54:07,453.4,1775993,18,452.86,447316,637566,0.8115619788771489,0
2023-07-28 10:54:10,453.2,1776018,25,452.86,447115,637802,0.7670928293496362,0
2023-07-28 10:54:10,453.2,1776018,249,452.86,447115,637802,0.7670928293496362,0
2023-07-28 10:54:10,453.35,1776018,30,452.86,447115,637802,0.8004446914952802,0
2023-07-28 10:54:13,453.35,1776570,30,452.86,446012,638464,0.8004446914952802,0
2023-07-28 10:54:13,453.2,1776570,9,452.86,446012,638464,0.7670928293496362,0
2023-07-28 10:54:13,453.2,1776579,9,452.86,445955,637934,0.7670928293496362,0
2023-07-28 10:54:13,453.2,1776579,9,452.86,445947,637787,0.7670928293496362,0
2023-07-28 10:54:13,453.2,1776579,9,452.86,447161,637867,0.7670928293496362,0
2023-07-28 10:54:13,453.2,1776579,7,452.86,447161,637867,0.7670928293496362,0
2023-07-28 10:54:13,453.2,1776579,476,452.86,447161,637867,0.7670928293496362,0
2023-07-28 10:54:23,453.2,1777086,476,452.86,446536,638039,0.7670928293496362,0
2023-07-28 10:54:23,453.4,1777086,201,452.86,446536,638039,0.8115619788771489,0
2023-07-28 10:54:25,453.4,1777369,201,452.86,446369,637487,0.8115619788771489,0
2023-07-28 10:54:25,453.4,1777369,201,452.86,446248,638037,0.8115619788771489,0
2023-07-28 10:54:25,453.4,1777369,201,452.86,446278,637817,0.8115619788771489,0
2023-07-28 10:54:25,453.4,1777369,201,452.86,446278,637852,0.8115619788771489,0
2023-07-28 10:54:25,453.2,1777369,290,452.86,446278,637852,0.7670928293496362,0
2023-07-28 10:54:25,453.4,1777369,141,452.86,446278,637852,0.8115619788771489,0
2023-07-28 10:54:39,453.2,1778359,200,452.86,446735,640641,0.7670928293496362,0
2023-07-28 10:54:39,453.2,1778359,200,452.86,447546,641942,0.7670928293496362,0
2023-07-28 10:54:39,453.25,1778359,5,452.86,447546,641942,0.7782101167315175,0
2023-07-28 10:54:43,453.25,1778364,5,452.86,447546,643054,0.7782101167315175,0
2023-07-28 10:54:43,453.2,1778364,200,452.86,447546,643054,0.7670928293496362,0
2023-07-28 10:54:46,453.2,1778564,200,452.86,447470,643240,0.7670928293496362,0
2023-07-28 10:54:46,453.2,1778564,200,452.86,446803,643408,0.7670928293496362,0
2023-07-28 10:54:46,453.2,1778564,146,452.86,446803,643408,0.7670928293496362,0
2023-07-28 10:54:46,453.2,1778564,11,452.86,446803,643408,0.7670928293496362,0
2023-07-28 10:54:52,453.3,1781058,29,452.86,445606,644309,0.7893274041133989,0
2023-07-28 10:54:52,453.1,1781058,30,452.86,445606,644309,0.7448582545858861,0
2023-07-28 10:54:55,453.1,1781263,30,452.86,443952,650456,0.7448582545858861,0
2023-07-28 10:54:55,453.1,1781263,30,452.86,443650,650799,0.7448582545858861,0
2023-07-28 10:55:00,453.1,1781272,9,452.86,443790,650566,0.7448582545858861,0
2023-07-28 10:55:03,453.1,1781297,25,452.86,443714,654331,0.7448582545858861,0
2023-07-28 10:55:03,453.1,1781297,25,452.86,444113,654331,0.7448582545858861,0
2023-07-28 10:55:03,453.1,1781297,25,452.86,444319,653718,0.7448582545858861,0
2023-07-28 10:55:10,453.2,1781307,8,452.86,444439,655305,0.7670928293496362,0
2023-07-28 10:55:10,453.2,1781307,8,452.86,444321,655305,0.7670928293496362,0
2023-07-28 10:55:10,453.1,1781307,30,452.86,444321,655305,0.7448582545858861,0
2023-07-28 10:55:15,453.1,1781337,30,452.86,446064,655737,0.7448582545858861,0
2023-07-28 10:55:15,453.1,1781337,10,452.86,446064,655737,0.7448582545858861,0
2023-07-28 10:55:15,453.1,1781337,26,452.86,446064,655737,0.7448582545858861,0
2023-07-28 10:55:15,453.05,1781337,100,452.86,446064,655737,0.7337409672040047,0
2023-07-28 10:55:18,453.05,1781643,100,452.86,445311,659832,0.7337409672040047,0
2023-07-28 10:55:18,453.15,1781643,64,452.86,445311,659832,0.7559755419677548,0
2023-07-28 10:55:20,453.15,1781758,64,452.86,445583,665279,0.7559755419677548,0
2023-07-28 10:55:25,452.75,1784580,25,452.86,438751,667381,0.6670372429127293,0
2023-07-28 10:55:25,452.95,1784580,2,452.86,438751,667381,0.711506392440242,0
2023-07-28 10:55:28,452.75,1785330,1,452.86,445517,667841,0.6670372429127293,0
2023-07-28 10:55:28,453.0,1785330,100,452.86,445517,667841,0.7226236798221234,0
2023-07-28 10:55:31,453.0,1785560,10,452.86,445809,671264,0.7226236798221234,0
2023-07-28 10:55:31,452.95,1785560,158,452.86,445809,671264,0.711506392440242,0
2023-07-28 10:55:31,452.6,1785560,41,452.86,445809,671264,0.6336853807670979,0
2023-07-28 10:55:36,452.6,1786270,41,452.86,445625,671528,0.6336853807670979,0
2023-07-28 10:55:36,452.6,1786270,41,452.86,446104,671411,0.6336853807670979,0
2023-07-28 10:55:36,452.95,1786270,2,452.86,446104,671411,0.711506392440242,0
2023-07-28 10:55:36,452.6,1786270,50,452.86,446104,671411,0.6336853807670979,0
2023-07-28 10:55:42,452.6,1786330,50,452.86,446555,671832,0.6336853807670979,0
2023-07-28 10:55:42,452.6,1786330,50,452.86,446317,671437,0.6336853807670979,0
2023-07-28 10:55:42,452.8,1786330,1,452.86,446317,671437,0.6781545302946106,0
2023-07-28 10:55:42,452.8,1786330,9,452.86,446317,671437,0.6781545302946106,0
2023-07-28 10:55:48,452.6,1786674,191,452.86,445719,672131,0.6336853807670979,0
2023-07-28 10:55:48,452.6,1786674,191,452.86,445767,671975,0.6336853807670979,0
2023-07-28 10:55:48,452.95,1786674,418,452.86,445767,671975,0.711506392440242,0
2023-07-28 10:55:52,452.95,1787965,418,452.86,450850,669877,0.711506392440242,0
2023-07-28 10:55:52,452.95,1787965,346,452.86,450850,669877,0.711506392440242,0
2023-07-28 10:55:54,452.95,1788343,346,452.86,451273,669483,0.711506392440242,0
2023-07-28 10:55:54,452.9,1788343,2,452.86,451273,669483,0.7003891050583607,0
2023-07-28 10:55:57,452.9,1788345,2,452.86,450122,669623,0.7003891050583607,0
2023-07-28 10:56:02,452.85,1788355,8,452.86,450426,669960,0.689271817676492,0
2023-07-28 10:56:02,452.85,1788355,20,452.86,450426,669960,0.689271817676492,0
2023-07-28 10:56:02,452.85,1788375,20,452.86,451606,670238,0.689271817676492,0
2023-07-28 10:56:02,452.85,1788375,20,452.86,450710,670731,0.689271817676492,0
2023-07-28 10:56:02,452.85,1788375,20,452.86,451419,670786,0.689271817676492,0
2023-07-28 10:56:02,452.85,1788375,20,452.86,451419,670786,0.689271817676492,0
2023-07-28 10:56:02,452.85,1788375,20,452.86,451419,670786,0.689271817676492,0
2023-07-28 10:56:02,452.85,1788375,20,452.86,451417,670705,0.689271817676492,0
2023-07-28 10:56:02,452.85,1788375,20,452.86,453217,672505,0.689271817676492,0
2023-07-28 10:56:02,452.85,1788375,20,452.86,453219,672505,0.689271817676492,0
2023-07-28 10:56:02,452.85,1788375,20,452.86,453219,672505,0.689271817676492,0
2023-07-28 10:56:02,452.85,1788375,20,452.86,453394,672704,0.689271817676492,0
2023-07-28 10:56:02,452.75,1788375,360,452.86,453394,672704,0.6670372429127293,0
2023-07-28 10:56:15,452.75,1789044,360,452.86,449890,673456,0.6670372429127293,0
2023-07-28 10:56:15,452.75,1789044,360,452.86,450160,672084,0.6670372429127293,0
2023-07-28 10:56:15,452.75,1789044,360,452.86,450160,672084,0.6670372429127293,0
2023-07-28 10:56:15,452.85,1789044,11,452.86,450160,672084,0.689271817676492,0
2023-07-28 10:56:19,452.85,1789055,11,452.86,450625,672089,0.689271817676492,0
2023-07-28 10:56:21,452.75,1789065,5,452.86,449985,672079,0.6670372429127293,0
2023-07-28 10:56:22,452.75,1789185,75,452.86,449957,672289,0.6670372429127293,0
2023-07-28 10:56:22,452.75,1789185,75,452.86,449957,672289,0.6670372429127293,0
2023-07-28 10:56:23,453.2,1792773,30,452.86,451152,670502,0.7670928293496362,0
2023-07-28 10:56:24,453.0,1793470,100,452.86,451958,669626,0.7226236798221234,0
2023-07-28 10:56:25,452.9,1793697,14,452.86,450375,670631,0.7003891050583607,0
2023-07-28 10:56:25,452.9,1793697,14,452.86,450375,670631,0.7003891050583607,0
2023-07-28 10:56:25,452.9,1793697,14,452.86,450330,671087,0.7003891050583607,0
2023-07-28 10:56:27,452.9,1793717,20,452.86,450526,671520,0.7003891050583607,0
2023-07-28 10:56:27,452.9,1793717,20,452.86,439738,672506,0.7003891050583607,0
2023-07-28 10:56:29,453.0,1793719,2,452.86,449277,672579,0.7226236798221234,0
2023-07-28 10:56:29,453.05,1793719,38,452.86,449277,672579,0.7337409672040047,0
2023-07-28 10:56:30,453.1,1793945,1,452.86,450467,671741,0.7448582545858861,0
2023-07-28 10:56:30,453.1,1793945,1,452.86,451385,671088,0.7448582545858861,0
2023-07-28 10:56:32,452.85,1794035,90,452.86,451750,671492,0.689271817676492,0
2023-07-28 10:56:32,452.85,1794035,90,452.86,451853,671492,0.689271817676492,0
2023-07-28 10:56:32,452.85,1794035,90,452.86,451831,671692,0.689271817676492,0
2023-07-28 10:56:32,452.85,1794035,90,452.86,455618,665884,0.689271817676492,0
2023-07-28 10:56:32,452.85,1794035,90,452.86,455025,665916,0.689271817676492,0
2023-07-28 10:56:32,452.85,1794035,90,452.86,454388,665792,0.689271817676492,0
2023-07-28 10:56:32,452.85,1794035,90,452.86,453668,665792,0.689271817676492,0
2023-07-28 10:56:32,453.05,1794035,1,452.86,453644,665792,0.7337409672040047,0
2023-07-28 10:56:41,453.05,1794236,105,452.86,453842,665692,0.7337409672040047,0
2023-07-28 10:56:41,453.05,1794236,105,452.86,453842,665692,0.7337409672040047,0
2023-07-28 10:56:43,453.2,1794241,4,452.86,453859,665559,0.7670928293496362,0
2023-07-28 10:56:43,453.05,1794241,20,452.86,453859,665732,0.7337409672040047,0
2023-07-28 10:56:45,453.05,1794263,2,452.86,453810,665672,0.7337409672040047,0
2023-07-28 10:56:45,453.2,1794263,44,452.86,453810,665672,0.7670928293496362,0
2023-07-28 10:56:46,453.2,1794351,44,452.86,453812,665612,0.7670928293496362,0
2023-07-28 10:56:47,453.2,1794445,44,452.86,453763,665568,0.7670928293496362,0
2023-07-28 10:56:48,453.2,1794489,44,452.86,453663,665539,0.7670928293496362,0
2023-07-28 10:56:48,453.2,1794489,44,452.86,453663,665539,0.7670928293496362,0
2023-07-28 10:56:49,453.2,1794533,44,452.86,453096,665714,0.7670928293496362,0
2023-07-28 10:56:49,453.25,1794533,1,452.86,453096,665714,0.7782101167315175,0
2023-07-28 10:56:50,453.25,1795750,1,452.86,455315,663701,0.7782101167315175,0
2023-07-28 10:56:50,453.45,1795750,22,452.86,455315,663701,0.8226792662590303,0
2023-07-28 10:56:52,453.25,1795852,75,452.86,454707,666659,0.7782101167315175,0
2023-07-28 10:56:52,453.25,1795852,75,452.86,454707,666659,0.7782101167315175,0
2023-07-28 10:56:52,453.25,1795852,75,452.86,454707,666832,0.7782101167315175,0
2023-07-28 10:56:54,453.45,1796322,4,452.86,454712,666887,0.8226792662590303,0
2023-07-28 10:56:54,453.45,1796322,4,452.86,454712,666887,0.8226792662590303,0
2023-07-28 10:56:55,453.25,1796324,5,452.86,454481,666988,0.7782101167315175,0
2023-07-28 10:56:56,453.25,1796329,5,452.86,453449,667675,0.7782101167315175,0
2023-07-28 10:56:56,453.25,1796329,5,452.86,453499,667675,0.7782101167315175,0
2023-07-28 10:56:56,453.25,1796329,5,452.86,454617,667841,0.7782101167315175,0
2023-07-28 10:56:56,453.25,1796329,1,452.86,454617,667841,0.7782101167315175,0
2023-07-28 10:57:01,453.25,1796380,50,452.86,454142,667988,0.7782101167315175,0
2023-07-28 10:57:01,453.25,1796380,50,452.86,454140,668013,0.7782101167315175,0
2023-07-28 10:57:03,453.25,1796396,15,452.86,454362,668757,0.7782101167315175,0
2023-07-28 10:57:03,453.25,1796396,15,452.86,454402,668843,0.7782101167315175,0
2023-07-28 10:57:03,453.2,1796396,2,452.86,454402,668843,0.7670928293496362,0
2023-07-28 10:57:05,453.2,1796398,2,452.86,453118,668844,0.7670928293496362,0
2023-07-28 10:57:05,453.2,1796398,2,452.86,453218,668844,0.7670928293496362,0
2023-07-28 10:57:05,453.2,1796398,2,452.86,453372,668834,0.7670928293496362,0
2023-07-28 10:57:05,453.1,1796398,12,452.86,453372,668834,0.7448582545858861,0
2023-07-28 10:57:08,453.1,1796498,12,452.86,452477,669534,0.7448582545858861,0
2023-07-28 10:57:08,453.1,1796498,12,452.86,452478,669366,0.7448582545858861,0
2023-07-28 10:57:08,453.1,1796498,2,452.86,452478,669366,0.7448582545858861,0
2023-07-28 10:57:10,453.2,1796500,70,452.86,452699,669588,0.7670928293496362,0
2023-07-28 10:57:11,453.1,1796576,6,452.86,452767,669518,0.7448582545858861,0
2023-07-28 10:57:11,453.1,1796576,6,452.86,452735,669716,0.7448582545858861,0
2023-07-28 10:57:11,453.1,1796576,6,452.86,452733,669721,0.7448582545858861,0
2023-07-28 10:57:11,453.1,1796576,6,452.86,452731,669724,0.7448582545858861,0
2023-07-28 10:57:11,453.1,1796576,2,452.86,452731,669724,0.7448582545858861,0
2023-07-28 10:57:15,453.1,1796578,2,452.86,452728,670112,0.7448582545858861,0
2023-07-28 10:57:15,453.2,1796578,1,452.86,452728,670112,0.7670928293496362,0
2023-07-28 10:57:16,453.1,1796579,1,452.86,452736,670081,0.7448582545858861,0
2023-07-28 10:57:18,453.2,1796670,90,452.86,452877,670339,0.7670928293496362,0
2023-07-28 10:57:18,453.2,1796670,90,452.86,452877,670339,0.7670928293496362,0
2023-07-28 10:57:18,453.2,1796670,90,452.86,452855,670376,0.7670928293496362,0
2023-07-28 10:57:20,453.25,1797395,80,452.86,452079,669893,0.7782101167315175,0
2023-07-28 10:57:20,453.25,1797681,80,452.86,452100,669615,0.7782101167315175,0
2023-07-28 10:57:22,453.05,1798081,14,452.86,452069,669670,0.7337409672040047,0
2023-07-28 10:57:22,453.05,1798081,14,452.86,452061,669661,0.7337409672040047,0
2023-07-28 10:57:22,453.05,1798081,14,452.86,452061,669661,0.7337409672040047,0
2023-07-28 10:57:25,453.05,1798083,2,452.86,452104,670661,0.7337409672040047,0
2023-07-28 10:57:26,453.25,1798094,10,452.86,451798,670662,0.7782101167315175,0
2023-07-28 10:57:26,453.25,1798094,10,452.86,451855,670662,0.7782101167315175,0
2023-07-28 10:57:28,453.25,1798124,30,452.86,451857,671222,0.7782101167315175,0
2023-07-28 10:57:28,453.25,1798124,30,452.86,451857,671522,0.7782101167315175,0
2023-07-28 10:57:30,453.05,1798125,1,452.86,451921,671572,0.7337409672040047,0
2023-07-28 10:57:32,453.25,1798145,20,452.86,451921,671552,0.7782101167315175,0
2023-07-28 10:57:32,453.25,1798145,20,452.86,451921,671552,0.7782101167315175,0
2023-07-28 10:57:32,453.25,1798145,20,452.86,451921,671402,0.7782101167315175,0
2023-07-28 10:57:32,453.25,1798145,20,452.86,452287,670124,0.7782101167315175,0
2023-07-28 10:57:32,453.05,1798145,2,452.86,452287,670124,0.7337409672040047,0
2023-07-28 10:57:35,453.05,1798147,2,452.86,452234,670980,0.7337409672040047,0
2023-07-28 10:57:35,453.05,1798147,2,452.86,452707,671122,0.7337409672040047,0
2023-07-28 10:57:35,453.05,1798147,2,452.86,452708,671111,0.7337409672040047,0
2023-07-28 10:57:38,453.25,1798174,1,452.86,453430,669954,0.7782101167315175,0
2023-07-28 10:57:39,453.1,1798197,23,452.86,453229,670774,0.7448582545858861,0
2023-07-28 10:57:39,453.1,1798197,1,452.86,453229,670774,0.7448582545858861,0
2023-07-28 10:57:40,453.1,1798198,20,452.86,453162,670644,0.7448582545858861,0
2023-07-28 10:57:41,453.1,1798218,20,452.86,453143,670654,0.7448582545858861,0
2023-07-28 10:57:43,453.1,1798229,11,452.86,453132,670810,0.7448582545858861,0
2023-07-28 10:57:43,453.15,1798229,1,452.86,453133,670810,0.7559755419677548,0
2023-07-28 10:57:44,453.15,1798230,1,452.86,452789,670951,0.7559755419677548,0
2023-07-28 10:57:45,453.1,1798233,3,452.86,452637,670951,0.7448582545858861,0
2023-07-28 10:57:45,453.1,1798233,3,452.86,452838,671272,0.7448582545858861,0
2023-07-28 10:57:45,453.1,1798233,3,452.86,452959,671272,0.7448582545858861,0
2023-07-28 10:57:45,453.1,1798233,6,452.86,452959,671272,0.7448582545858861,0
2023-07-28 10:57:49,453.1,1798339,100,452.86,452703,671272,0.7448582545858861,0
2023-07-28 10:57:49,453.1,1798339,1,452.86,452703,671272,0.7448582545858861,0
2023-07-28 10:57:50,453.1,1798340,1,452.86,452702,672298,0.7448582545858861,0
2023-07-28 10:57:52,453.25,1798343,1,452.86,452702,672092,0.7782101167315175,0
2023-07-28 10:57:52,453.25,1798343,1,452.86,452702,672392,0.7782101167315175,0
2023-07-28 10:57:52,453.25,1798343,1,452.86,452702,672393,0.7782101167315175,0
2023-07-28 10:57:52,453.1,1798343,2,452.86,452702,672393,0.7448582545858861,0
2023-07-28 10:57:55,453.1,1798345,2,452.86,453016,672393,0.7448582545858861,0
2023-07-28 10:57:55,453.1,1798345,2,452.86,452700,672607,0.7448582545858861,0
2023-07-28 10:57:55,453.25,1798345,100,452.86,452700,672607,0.7782101167315175,0
2023-07-28 10:57:57,453.25,1798445,100,452.86,452608,672142,0.7782101167315175,0
2023-07-28 10:57:59,453.3,1798667,164,452.86,452613,672109,0.7893274041133989,0
2023-07-28 10:57:59,453.3,1798667,164,452.86,452613,672109,0.7893274041133989,0
2023-07-28 10:57:59,453.1,1798667,1,452.86,452613,672109,0.7448582545858861,0
2023-07-28 10:58:00,453.25,1798668,1,452.86,452899,672112,0.7782101167315175,0
2023-07-28 10:58:01,453.25,1798669,1,452.86,452935,671335,0.7782101167315175,0
2023-07-28 10:58:01,453.25,1798669,1,452.86,452906,671468,0.7782101167315175,0
2023-07-28 10:58:04,453.1,1799169,24,452.86,451942,672569,0.7448582545858861,0
2023-07-28 10:58:04,453.1,1799169,24,452.86,451940,672456,0.7448582545858861,0
2023-07-28 10:58:04,453.05,1799169,2,452.86,451940,672456,0.7337409672040047,0
2023-07-28 10:58:04,453.05,1799169,10,452.86,451940,672456,0.7337409672040047,0
2023-07-28 10:58:07,453.05,1799181,10,452.86,451963,672288,0.7337409672040047,0
2023-07-28 10:58:07,453.05,1799181,69,452.86,451963,672288,0.7337409672040047,0
2023-07-28 10:58:10,453.0,1799565,25,452.86,451378,673537,0.7226236798221234,0
2023-07-28 10:58:13,453.05,1799566,1,452.86,451271,673517,0.7337409672040047,0
2023-07-28 10:58:13,453.0,1799566,2,452.86,451271,673517,0.7226236798221234,0
2023-07-28 10:58:15,453.0,1799568,2,452.86,451254,673518,0.7226236798221234,0
2023-07-28 10:58:15,453.2,1799568,9,452.86,451254,673518,0.7670928293496362,0
2023-07-28 10:58:18,453.2,1799578,9,452.86,451409,673502,0.7670928293496362,0
2023-07-28 10:58:21,453.0,1799680,91,452.86,451352,673805,0.7226236798221234,0
2023-07-28 10:58:21,453.0,1799680,91,452.86,451352,673805,0.7226236798221234,0
2023-07-28 10:58:23,453.0,1799769,89,452.86,451047,673810,0.7226236798221234,0
2023-07-28 10:58:23,453.0,1799769,100,452.86,451047,673810,0.7226236798221234,0
2023-07-28 10:58:23,453.0,1799769,2,452.86,451047,673810,0.7226236798221234,0
2023-07-28 10:58:25,453.0,1799871,2,452.86,451390,673686,0.7226236798221234,0
2023-07-28 10:58:25,453.1,1799871,1,452.86,451390,673686,0.7448582545858861,0
2023-07-28 10:58:25,453.2,1799871,5,452.86,451390,673686,0.7670928293496362,0
2023-07-28 10:58:29,453.05,1799917,22,452.86,451928,673005,0.7337409672040047,0
2023-07-28 10:58:29,453.05,1799917,22,452.86,451928,673005,0.7337409672040047,0
2023-07-28 10:58:29,453.05,1799917,1,452.86,451928,673005,0.7337409672040047,0
2023-07-28 10:58:30,453.05,1799923,1,452.86,451473,673398,0.7337409672040047,0
2023-07-28 10:58:30,453.05,1799923,1,452.86,452025,672354,0.7337409672040047,0
2023-07-28 10:58:30,453.25,1799923,2,452.86,452025,672354,0.7782101167315175,0
2023-07-28 10:58:35,453.25,1799927,2,452.86,451983,672675,0.7782101167315175,0
2023-07-28 10:58:35,453.25,1799927,1,452.86,452561,672473,0.7782101167315175,0
2023-07-28 10:58:40,453.25,1799928,1,452.86,452388,672420,0.7782101167315175,0
2023-07-28 10:58:40,453.25,1799928,5,452.86,452388,672420,0.7782101167315175,0
2023-07-28 10:58:45,453.2,1800070,5,452.86,452333,672230,0.7670928293496362,0
2023-07-28 10:58:45,453.2,1800070,5,452.86,452333,672230,0.7670928293496362,0
2023-07-28 10:58:45,453.35,1800070,10,452.86,452333,672230,0.8004446914952802,0
2023-07-28 10:58:46,453.35,1800088,10,452.86,452471,672346,0.8004446914952802,0
2023-07-28 10:58:46,453.2,1800088,5,452.86,452471,672346,0.7670928293496362,0
2023-07-28 10:58:46,453.25,1800088,70,452.86,452471,672346,0.7782101167315175,0
2023-07-28 10:58:50,453.2,1800164,1,452.86,452424,672158,0.7670928293496362,0
2023-07-28 10:58:50,453.2,1800164,1,452.86,452434,672625,0.7670928293496362,0
2023-07-28 10:58:50,453.2,1800164,13,452.86,452434,672625,0.7670928293496362,0
2023-07-28 10:58:55,453.2,1801164,1,452.86,450784,673598,0.7670928293496362,0
2023-07-28 10:58:55,453.05,1801164,1,452.86,450787,673608,0.7337409672040047,0
2023-07-28 10:58:55,453.05,1801164,1,452.86,450787,673608,0.7337409672040047,0
2023-07-28 10:59:00,453.05,1801168,1,452.86,450882,673652,0.7337409672040047,0
2023-07-28 10:59:00,453.35,1801168,38,452.86,450882,673652,0.8004446914952802,0
2023-07-28 10:59:03,453.35,1802168,38,452.86,451377,673365,0.8004446914952802,0
2023-07-28 10:59:03,453.1,1802168,6,452.86,451377,673365,0.7448582545858861,0
2023-07-28 10:59:03,453.1,1802168,2,452.86,451377,673365,0.7448582545858861,0
2023-07-28 10:59:05,453.1,1802176,2,452.86,451136,673445,0.7448582545858861,0
2023-07-28 10:59:05,453.25,1802176,63,452.86,451136,673445,0.7782101167315175,0
2023-07-28 10:59:08,453.25,1802305,63,452.86,451064,674502,0.7782101167315175,0
2023-07-28 10:59:08,453.25,1802305,1,452.86,451064,674502,0.7782101167315175,0
2023-07-28 10:59:10,453.25,1802306,1,452.86,451128,674502,0.7782101167315175,0
2023-07-28 10:59:10,453.25,1802306,61,452.86,451128,674502,0.7782101167315175,0
2023-07-28 10:59:10,453.25,1802306,62,452.86,451128,674502,0.7782101167315175,0
2023-07-28 10:59:14,453.25,1802507,16,452.86,451683,674767,0.7782101167315175,0
2023-07-28 10:59:14,453.25,1802507,2,452.86,451683,674767,0.7782101167315175,0
2023-07-28 10:59:16,453.25,1802539,30,452.86,452715,673882,0.7782101167315175,0
2023-07-28 10:59:16,453.3,1802539,1,452.86,452792,674524,0.7893274041133989,0
2023-07-28 10:59:16,453.3,1802539,1,452.86,452792,674524,0.7893274041133989,0
2023-07-28 10:59:16,453.3,1802539,50,452.86,452792,674524,0.7893274041133989,0
2023-07-28 10:59:21,453.3,1802591,50,452.86,452773,673993,0.7893274041133989,0
2023-07-28 10:59:21,453.3,1802591,50,452.86,452773,673993,0.7893274041133989,0
2023-07-28 10:59:21,453.3,1802591,50,452.86,452773,673993,0.7893274041133989,0
2023-07-28 10:59:21,453.3,1802591,50,452.86,452773,673993,0.7893274041133989,0
2023-07-28 10:59:21,453.3,1802591,50,452.86,452773,673993,0.7893274041133989,0
2023-07-28 10:59:21,453.3,1802591,2,452.86,452022,674194,0.7893274041133989,0
2023-07-28 10:59:21,453.3,1802591,2,452.86,452022,674194,0.7893274041133989,0
2023-07-28 10:59:21,453.3,1802591,2,452.86,452022,674194,0.7893274041133989,0
2023-07-28 10:59:21,453.3,1802591,2,452.86,452022,674194,0.7893274041133989,0
2023-07-28 10:59:27,453.2,1802796,1,452.86,452130,675916,0.7670928293496362,0
2023-07-28 10:59:27,453.1,1802796,2,452.86,452157,675916,0.7448582545858861,0
2023-07-28 10:59:27,453.25,1802796,1323,452.86,452157,675916,0.7782101167315175,0
2023-07-28 10:59:31,453.25,1804121,1323,452.86,452368,674582,0.7782101167315175,0
2023-07-28 10:59:31,453.25,1804121,1323,452.86,452368,674755,0.7782101167315175,0
2023-07-28 10:59:31,453.35,1804121,2,452.86,452368,674755,0.8004446914952802,0
2023-07-28 10:59:31,453.25,1804121,1,452.86,452368,674755,0.7782101167315175,0
2023-07-28 10:59:36,453.25,1804136,1,452.86,452518,674743,0.7782101167315175,0
2023-07-28 10:59:36,453.35,1804136,5,452.86,452518,674743,0.8004446914952802,0
2023-07-28 10:59:38,453.35,1804141,5,452.86,452545,674741,0.8004446914952802,0
2023-07-28 10:59:38,453.2,1804141,1,452.86,452545,674741,0.7670928293496362,0
2023-07-28 10:59:40,453.2,1804142,1,452.86,452168,674741,0.7670928293496362,0
2023-07-28 10:59:40,453.2,1804142,2,452.86,450966,675066,0.7670928293496362,0
2023-07-28 10:59:40,453.3,1804142,30,452.86,450966,675066,0.7893274041133989,0
2023-07-28 10:59:40,453.05,1804142,14,452.86,450966,675066,0.7337409672040047,0
2023-07-28 10:59:47,453.05,1804474,14,452.86,451144,675103,0.7337409672040047,0
2023-07-28 10:59:50,453.05,1804475,1,452.86,451543,675297,0.7337409672040047,0
2023-07-28 10:59:50,453.05,1804475,1,452.86,451740,675298,0.7337409672040047,0
2023-07-28 10:59:50,453.05,1804475,1,452.86,449553,675747,0.7337409672040047,0
2023-07-28 10:59:50,453.05,1804475,10,452.86,449553,675747,0.7337409672040047,0
2023-07-28 10:59:57,453.0,1804486,1,452.86,449401,675781,0.7226236798221234,0
2023-07-28 10:59:57,453.2,1804486,39,452.86,449401,675781,0.7670928293496362,0
2023-07-28 10:59:57,453.0,1804486,1,452.86,449401,675781,0.7226236798221234,0
2023-07-28 11:00:00,453.2,1805088,30,452.86,449361,675537,0.7670928293496362,0
2023-07-28 11:00:03,453.0,1805425,41,452.86,449159,675780,0.7226236798221234,0
2023-07-28 11:00:03,453.2,1805425,17,452.86,449159,675780,0.7670928293496362,0
2023-07-28 11:00:03,453.0,1805425,3,452.86,449159,675780,0.7226236798221234,0
2023-07-28 11:00:05,453.2,1805445,1,452.86,449110,676201,0.7670928293496362,0
2023-07-28 11:00:05,453.1,1805445,1,452.86,449110,676201,0.7448582545858861,0
2023-07-28 11:00:05,453.0,1805445,5,452.86,449110,676201,0.7226236798221234,0
2023-07-28 11:00:05,453.0,1805445,1,452.86,449110,676201,0.7226236798221234,0
2023-07-28 11:00:12,453.2,1805520,30,452.86,450785,674916,0.7670928293496362,0
2023-07-28 11:00:12,453.25,1805520,4,452.86,450785,674916,0.7782101167315175,0
2023-07-28 11:00:12,453.25,1805524,4,452.86,450628,675085,0.7782101167315175,0
2023-07-28 11:00:12,453.2,1805524,2,452.86,450628,675085,0.7670928293496362,0
2023-07-28 11:00:15,453.2,1805526,2,452.86,450769,674955,0.7670928293496362,0
2023-07-28 11:00:15,453.2,1805526,2,452.86,450769,674955,0.7670928293496362,0
2023-07-28 11:00:19,453.2,1805528,1,452.86,450767,674965,0.7670928293496362,0
2023-07-28 11:00:19,453.2,1805528,10,452.86,450767,674965,0.7670928293496362,0
2023-07-28 11:00:22,453.0,1807779,4,452.86,447685,675562,0.7226236798221234,0
2023-07-28 11:00:22,453.0,1807779,645,452.86,447685,675562,0.7226236798221234,0
2023-07-28 11:00:22,453.0,1810686,645,452.86,449306,675543,0.7226236798221234,0
2023-07-28 11:00:22,453.25,1810686,35,452.86,449306,675543,0.7782101167315175,0
2023-07-28 11:00:22,453.05,1810686,2,452.86,449306,675543,0.7337409672040047,0
2023-07-28 11:00:22,453.0,1810686,131,452.86,449306,675543,0.7226236798221234,0
2023-07-28 11:00:26,453.0,1813701,153,452.86,448316,675491,0.7226236798221234,0
2023-07-28 11:00:30,453.0,1813855,1,452.86,448536,675576,0.7226236798221234,0
2023-07-28 11:00:30,452.95,1813855,1,452.86,448536,675576,0.711506392440242,0
2023-07-28 11:00:30,452.95,1813856,1,452.86,448288,675576,0.711506392440242,0
2023-07-28 11:00:30,453.0,1813856,150,452.86,448288,675576,0.7226236798221234,0
2023-07-28 11:00:30,452.95,1813856,3,452.86,448288,675576,0.711506392440242,0
2023-07-28 11:00:35,452.8,1814247,2,452.86,444559,676065,0.6781545302946106,0
2023-07-28 11:00:35,452.8,1814247,24,452.86,444559,676065,0.6781545302946106,0
2023-07-28 11:00:37,452.8,1814439,11,452.86,447385,676986,0.6781545302946106,0
2023-07-28 11:00:40,452.8,1814470,2,452.86,447253,676978,0.6781545302946106,0
2023-07-28 11:00:40,452.8,1814470,20,452.86,447253,676978,0.6781545302946106,0
2023-07-28 11:00:42,452.8,1814490,20,452.86,447385,677210,0.6781545302946106,0
2023-07-28 11:00:42,452.85,1814490,2,452.86,447385,677210,0.689271817676492,0
2023-07-28 11:00:45,452.85,1814492,2,452.86,447809,676987,0.689271817676492,0
2023-07-28 11:00:45,452.85,1814492,1,452.86,447809,676987,0.689271817676492,0
2023-07-28 11:00:48,452.85,1814495,1,452.86,447544,677809,0.689271817676492,0
2023-07-28 11:00:48,452.8,1814495,1,452.86,447544,677809,0.6781545302946106,0
2023-07-28 11:00:51,452.8,1814496,1,452.86,447411,678367,0.6781545302946106,0
2023-07-28 11:00:51,452.95,1814496,69,452.86,447411,678367,0.711506392440242,0
2023-07-28 11:00:51,452.95,1814681,69,452.86,447922,678283,0.711506392440242,0
2023-07-28 11:00:51,452.7,1814681,2,452.86,447922,678283,0.6559199555308479,0
2023-07-28 11:00:54,452.7,1815681,2,452.86,444812,678957,0.6559199555308479,0
2023-07-28 11:00:54,452.6,1815681,2,452.86,444812,678957,0.6336853807670979,0
2023-07-28 11:00:58,452.6,1815683,300,452.86,444371,679556,0.6336853807670979,0
2023-07-28 11:00:58,452.6,1815683,1,452.86,444371,679556,0.6336853807670979,0
2023-07-28 11:01:00,452.6,1815984,10,452.86,444612,679216,0.6336853807670979,0
2023-07-28 11:01:02,452.6,1815994,10,452.86,444088,679226,0.6336853807670979,0
2023-07-28 11:01:02,452.6,1815994,7,452.86,444088,679226,0.6336853807670979,0
2023-07-28 11:01:06,452.6,1816003,7,452.86,444017,679226,0.6336853807670979,0
2023-07-28 11:01:06,452.6,1816003,5,452.86,444017,679226,0.6336853807670979,0
2023-07-28 11:01:06,452.6,1816008,5,452.86,440613,678606,0.6336853807670979,0
2023-07-28 11:01:06,452.6,1816008,5,452.86,440613,678607,0.6336853807670979,0
2023-07-28 11:01:06,452.6,1816008,5,452.86,441005,678135,0.6336853807670979,0
2023-07-28 11:01:10,452.6,1816082,24,452.86,441653,678378,0.6336853807670979,0
2023-07-28 11:01:10,452.6,1816082,1,452.86,441653,678378,0.6336853807670979,0
2023-07-28 11:01:10,452.6,1816083,1,452.86,441545,678660,0.6336853807670979,0
2023-07-28 11:01:10,452.7,1816083,1,452.86,441545,678660,0.6559199555308479,0
2023-07-28 11:01:12,452.7,1816084,1,452.86,441228,678572,0.6559199555308479,0
2023-07-28 11:01:12,452.7,1816084,1,452.86,441183,678505,0.6559199555308479,0
2023-07-28 11:01:15,452.8,1816199,73,452.86,440896,678979,0.6781545302946106,0
2023-07-28 11:01:15,452.6,1816199,3,452.86,440896,678979,0.6336853807670979,0
2023-07-28 11:01:15,452.6,1816202,3,452.86,441079,679153,0.6336853807670979,0
2023-07-28 11:01:15,452.6,1816202,3,452.86,441590,679088,0.6336853807670979,0
2023-07-28 11:01:15,452.6,1816202,3,452.86,441992,679024,0.6336853807670979,0
2023-07-28 11:01:19,452.7,1816203,1,452.86,441992,678738,0.6559199555308479,0
2023-07-28 11:01:19,452.7,1816203,1,452.86,441388,678739,0.6559199555308479,0
2023-07-28 11:01:19,452.6,1816203,1,452.86,441388,678739,0.6336853807670979,0
2023-07-28 11:01:20,452.6,1816204,1,452.86,441342,678814,0.6336853807670979,0
2023-07-28 11:01:20,452.6,1816204,1,452.86,439536,678878,0.6336853807670979,0
2023-07-28 11:01:24,452.85,1816254,9,452.86,439222,679311,0.689271817676492,0
2023-07-28 11:01:24,452.7,1816254,2,452.86,439550,679475,0.6559199555308479,0
2023-07-28 11:01:25,452.7,1816256,2,452.86,439461,679475,0.6559199555308479,0
2023-07-28 11:01:25,452.7,1816256,2,452.86,439871,679473,0.6559199555308479,0
2023-07-28 11:01:28,452.7,1816257,1,452.86,439459,679472,0.6559199555308479,0
2023-07-28 11:01:28,452.7,1816257,1,452.86,439459,678858,0.6559199555308479,0
2023-07-28 11:01:30,452.7,1816258,1,452.86,439808,677887,0.6559199555308479,0
2023-07-28 11:01:30,452.7,1816258,1,452.86,439808,678030,0.6559199555308479,0
2023-07-28 11:01:30,452.7,1816258,1,452.86,439680,678083,0.6559199555308479,0
2023-07-28 11:01:30,452.7,1816258,1,452.86,439680,678083,0.6559199555308479,0
2023-07-28 11:01:30,452.75,1816258,1,452.86,439680,678083,0.6670372429127293,0
2023-07-28 11:01:34,452.75,1816259,1,452.86,439441,678758,0.6670372429127293,0
2023-07-28 11:01:34,452.75,1816259,2,452.86,439441,678758,0.6670372429127293,0
2023-07-28 11:01:35,452.6,1816261,83,452.86,439441,678810,0.6336853807670979,0
2023-07-28 11:01:36,452.6,1816401,83,452.86,439903,678758,0.6336853807670979,0
2023-07-28 11:01:36,452.6,1816401,83,452.86,439966,678226,0.6336853807670979,0
2023-07-28 11:01:36,452.6,1816401,83,452.86,440148,678743,0.6336853807670979,0
2023-07-28 11:01:40,452.6,1816402,1,452.86,440187,678783,0.6336853807670979,0
2023-07-28 11:01:40,452.6,1816402,1,452.86,440265,679126,0.6336853807670979,0
2023-07-28 11:01:40,452.6,1816402,1,452.86,439824,679424,0.6336853807670979,0
2023-07-28 11:01:42,452.6,1816404,1,452.86,440147,679534,0.6336853807670979,0
2023-07-28 11:01:42,452.6,1816404,1,452.86,440147,679534,0.6336853807670979,0
2023-07-28 11:01:42,452.6,1816404,2,452.86,440147,679534,0.6336853807670979,0
2023-07-28 11:01:45,452.6,1816406,2,452.86,440531,679584,0.6336853807670979,0
2023-07-28 11:01:47,452.5,1817299,40,452.86,442989,680477,0.6114508060033352,0
2023-07-28 11:01:47,452.5,1817299,40,452.86,443282,679696,0.6114508060033352,0
2023-07-28 11:01:47,452.5,1817299,40,452.86,442968,680331,0.6114508060033352,0
2023-07-28 11:01:47,452.5,1817299,40,452.86,442968,680381,0.6114508060033352,0
2023-07-28 11:01:50,452.5,1817301,2,452.86,442656,679926,0.6114508060033352,0
2023-07-28 11:01:50,452.5,1817301,2,452.86,442967,679638,0.6114508060033352,0
2023-07-28 11:01:50,452.5,1817301,2,452.86,442969,679838,0.6114508060033352,0
2023-07-28 11:01:50,452.5,1817301,2,452.86,442916,679838,0.6114508060033352,0
2023-07-28 11:01:55,452.6,1817341,39,452.86,442916,679699,0.6336853807670979,0
2023-07-28 11:01:55,452.5,1817343,2,452.86,442999,679622,0.6114508060033352,0
2023-07-28 11:01:56,452.5,1817347,4,452.86,442991,679800,0.6114508060033352,0
2023-07-28 11:01:56,452.6,1817347,100,452.86,442991,679800,0.6336853807670979,0
2023-07-28 11:01:58,452.6,1817447,100,452.86,442832,679700,0.6336853807670979,0
2023-07-28 11:01:58,452.5,1817455,8,452.86,442720,680141,0.6114508060033352,0
2023-07-28 11:02:00,452.6,1817516,60,452.86,442709,679049,0.6336853807670979,0
2023-07-28 11:02:00,452.55,1817516,1,452.86,442709,679049,0.6225680933852166,0
2023-07-28 11:02:00,452.55,1817517,1,452.86,442448,679234,0.6225680933852166,0
2023-07-28 11:02:00,452.55,1817517,1,452.86,442448,679405,0.6225680933852166,0
2023-07-28 11:02:00,452.55,1817517,1,452.86,441848,679783,0.6225680933852166,0
2023-07-28 11:02:00,452.55,1817517,1,452.86,442237,680151,0.6225680933852166,0
2023-07-28 11:02:00,452.5,1817517,2,452.86,442237,680151,0.6114508060033352,0
2023-07-28 11:02:05,452.5,1817519,2,452.86,442387,680601,0.6114508060033352,0
2023-07-28 11:02:05,452.5,1817519,2,452.86,441028,680637,0.6114508060033352,0
2023-07-28 11:02:05,452.5,1817519,30,452.86,441028,680637,0.6114508060033352,0
2023-07-28 11:02:07,452.5,1817549,30,452.86,440549,680637,0.6114508060033352,0
2023-07-28 11:02:07,452.5,1817549,30,452.86,441491,680702,0.6114508060033352,0
2023-07-28 11:02:09,452.5,1817550,1,452.86,441490,680083,0.6114508060033352,0
2023-07-28 11:02:09,452.5,1817550,1,452.86,441490,680083,0.6114508060033352,0
2023-07-28 11:02:11,452.5,1817552,1,452.86,441700,680530,0.6114508060033352,0
2023-07-28 11:02:11,452.5,1817552,1,452.86,442013,680207,0.6114508060033352,0
2023-07-28 11:02:11,452.55,1817552,1,452.86,442013,680207,0.6225680933852166,0
2023-07-28 11:02:12,452.55,1817553,1,452.86,441634,679469,0.6225680933852166,0
2023-07-28 11:02:12,452.55,1817553,1,452.86,441634,679351,0.6225680933852166,0
2023-07-28 11:02:15,452.5,1817555,2,452.86,441540,679386,0.6114508060033352,0
2023-07-28 11:02:15,452.5,1817555,2,452.86,441541,679386,0.6114508060033352,0
2023-07-28 11:02:18,452.5,1817556,1,452.86,441538,679386,0.6114508060033352,0
2023-07-28 11:02:18,452.5,1817556,1,452.86,441540,679386,0.6114508060033352,0
2023-07-28 11:02:18,452.5,1817556,1,452.86,440538,680005,0.6114508060033352,0
2023-07-28 11:02:18,452.5,1817556,1,452.86,440538,680005,0.6114508060033352,0
2023-07-28 11:02:21,452.5,1817582,15,452.86,441551,680005,0.6114508060033352,0
2023-07-28 11:02:21,452.5,1817582,85,452.86,441551,680005,0.6114508060033352,0
2023-07-28 11:02:21,452.5,1817582,85,452.86,441551,680005,0.6114508060033352,0
2023-07-28 11:02:21,452.5,1817667,85,452.86,441630,680134,0.6114508060033352,0
2023-07-28 11:02:21,452.5,1817667,85,452.86,442108,680141,0.6114508060033352,0
2023-07-28 11:02:21,452.5,1817667,85,452.86,442015,679778,0.6114508060033352,0
2023-07-28 11:02:21,452.45,1817667,3,452.86,442015,679778,0.6003335186214538,0
2023-07-28 11:02:25,452.4,1817670,4,452.86,442325,679879,0.5892162312395725,0
2023-07-28 11:02:26,452.4,1817676,4,452.86,441797,679925,0.5892162312395725,0
2023-07-28 11:02:26,452.4,1817676,4,452.86,441797,679925,0.5892162312395725,0
2023-07-28 11:02:26,452.4,1817676,4,452.86,441551,679800,0.5892162312395725,0
2023-07-28 11:02:26,452.4,1817676,4,452.86,441491,679800,0.5892162312395725,0
2023-07-28 11:02:30,452.45,1817778,1,452.86,443251,678684,0.6003335186214538,0
2023-07-28 11:02:30,452.45,1817778,1,452.86,442850,678684,0.6003335186214538,0
2023-07-28 11:02:32,452.4,1818428,9,452.86,440930,678020,0.5892162312395725,0
2023-07-28 11:02:32,452.4,1818428,9,452.86,440930,678020,0.5892162312395725,0
2023-07-28 11:02:35,452.5,1818430,2,452.86,440923,678020,0.6114508060033352,0
2023-07-28 11:02:35,452.5,1818430,2,452.86,440061,678407,0.6114508060033352,0
2023-07-28 11:02:35,452.5,1818430,2,452.86,440061,678407,0.6114508060033352,0
2023-07-28 11:02:35,452.5,1818430,2,452.86,440061,678447,0.6114508060033352,0
2023-07-28 11:02:35,452.5,1818430,2,452.86,440136,678447,0.6114508060033352,0
2023-07-28 11:02:35,452.5,1818430,1,452.86,440136,678447,0.6114508060033352,0
2023-07-28 11:02:40,452.5,1818431,1,452.86,439968,678449,0.6114508060033352,0
2023-07-28 11:02:42,452.45,1818438,5,452.86,440214,678591,0.6003335186214538,0
2023-07-28 11:02:42,452.45,1818438,5,452.86,440212,679091,0.6003335186214538,0
2023-07-28 11:02:42,452.45,1818438,5,452.86,440311,679620,0.6003335186214538,0
2023-07-28 11:02:45,452.5,1818440,2,452.86,440897,679271,0.6114508060033352,0
2023-07-28 11:02:45,452.5,1818440,2,452.86,440897,679140,0.6114508060033352,0
2023-07-28 11:02:45,452.6,1818440,17,452.86,440897,679140,0.6336853807670979,0
2023-07-28 11:02:47,452.6,1818458,17,452.86,441021,679123,0.6336853807670979,0
2023-07-28 11:02:48,452.45,1818758,59,452.86,440685,679567,0.6003335186214538,0
2023-07-28 11:02:48,452.45,1818758,1,452.86,440685,679567,0.6003335186214538,0
2023-07-28 11:02:51,452.5,1818766,1,452.86,443430,679012,0.6114508060033352,0
2023-07-28 11:02:51,452.5,1818766,1,452.86,443682,679012,0.6114508060033352,0
2023-07-28 11:02:51,452.5,1818766,1,452.86,443682,679012,0.6114508060033352,0
2023-07-28 11:02:54,452.4,1818771,5,452.86,442496,679992,0.5892162312395725,0
2023-07-28 11:02:54,452.35,1818771,2,452.86,442496,679992,0.5780989438577038,0
2023-07-28 11:02:55,452.35,1818773,2,452.86,444374,679660,0.5780989438577038,0
2023-07-28 11:02:55,452.35,1818773,2,452.86,444374,679660,0.5780989438577038,0
2023-07-28 11:02:55,452.35,1818773,2,452.86,445404,679665,0.5780989438577038,0
2023-07-28 11:03:00,452.35,1818775,2,452.86,445487,679665,0.5780989438577038,0
2023-07-28 11:03:00,452.35,1818775,2,452.86,445488,679665,0.5780989438577038,0
2023-07-28 11:03:00,452.6,1818775,3,452.86,445488,679665,0.6336853807670979,0
2023-07-28 11:03:04,452.5,1819737,161,452.86,444643,678393,0.6114508060033352,0
2023-07-28 11:03:04,452.5,1819737,161,452.86,444885,678831,0.6114508060033352,0
2023-07-28 11:03:04,452.5,1819737,2,452.86,444885,678831,0.6114508060033352,0
2023-07-28 11:03:05,452.8,1819739,76,452.86,443762,678906,0.6781545302946106,0
2023-07-28 11:03:05,452.7,1819739,10,452.86,443762,678906,0.6559199555308479,0
2023-07-28 11:03:10,452.7,1822396,1,452.86,445792,676703,0.6559199555308479,0
2023-07-28 11:03:10,452.75,1822396,1,452.86,445792,676703,0.6670372429127293,0
2023-07-28 11:03:11,452.7,1822841,16,452.86,446769,676462,0.6559199555308479,0
2023-07-28 11:03:11,452.9,1822841,29,452.86,446769,676462,0.7003891050583607,0
2023-07-28 11:03:14,452.95,1825903,10,452.86,445510,678559,0.711506392440242,0
2023-07-28 11:03:14,453.0,1825903,72,452.86,445510,678559,0.7226236798221234,0
2023-07-28 11:03:14,453.0,1825903,2,452.86,445510,678559,0.7226236798221234,0
2023-07-28 11:03:18,452.75,1826919,73,452.86,447021,677673,0.6670372429127293,0
2023-07-28 11:03:18,452.8,1826919,1,452.86,447021,677673,0.6781545302946106,0
2023-07-28 11:03:20,452.8,1826927,1,452.86,448119,677460,0.6781545302946106,0
2023-07-28 11:03:20,453.0,1826927,87,452.86,448119,677460,0.7226236798221234,0
2023-07-28 11:03:23,453.0,1828814,87,452.86,448566,676524,0.7226236798221234,0
2023-07-28 11:03:23,452.9,1828814,2,452.86,448566,676524,0.7003891050583607,0
2023-07-28 11:03:25,452.9,1828816,2,452.86,448523,676588,0.7003891050583607,0
2023-07-28 11:03:25,453.0,1828816,400,452.86,448523,676588,0.7226236798221234,0
2023-07-28 11:03:29,452.9,1829216,1,452.86,448491,676464,0.7003891050583607,0
2023-07-28 11:03:30,452.9,1829217,1,452.86,448155,676639,0.7003891050583607,0
2023-07-28 11:03:30,452.95,1829217,1,452.86,448155,676639,0.711506392440242,0
2023-07-28 11:03:30,453.05,1829217,58,452.86,448155,676639,0.7337409672040047,0
2023-07-28 11:03:35,453.05,1829517,58,452.86,449204,674867,0.7337409672040047,0
2023-07-28 11:03:35,453.15,1829517,101,452.86,449204,674867,0.7559755419677548,0
2023-07-28 11:03:35,453.1,1829517,1,452.86,449204,674867,0.7448582545858861,0
2023-07-28 11:03:40,453.1,1829665,15,452.86,447889,674965,0.7448582545858861,0
2023-07-28 11:03:42,453.1,1829680,15,452.86,448103,674073,0.7448582545858861,0
2023-07-28 11:03:42,453.1,1829680,4,452.86,448103,674073,0.7448582545858861,0
2023-07-28 11:03:46,453.1,1829695,11,452.86,446738,674056,0.7448582545858861,0
2023-07-28 11:03:46,453.0,1829695,947,452.86,447146,674311,0.7226236798221234,0
2023-07-28 11:03:49,453.0,1831107,947,452.86,445995,676446,0.7226236798221234,0
2023-07-28 11:03:49,453.0,1831107,100,452.86,445995,676446,0.7226236798221234,0
2023-07-28 11:03:53,452.9,1831208,1,452.86,447330,677869,0.7003891050583607,0
2023-07-28 11:03:53,452.9,1831208,2,452.86,447330,677869,0.7003891050583607,0
2023-07-28 11:03:55,452.9,1831210,2,452.86,447328,677777,0.7003891050583607,0
2023-07-28 11:03:55,452.95,1831210,1,452.86,447328,677777,0.711506392440242,0
2023-07-28 11:03:55,452.95,1831210,1,452.86,447328,677777,0.711506392440242,0
2023-07-28 11:04:00,452.95,1831212,1,452.86,447160,678367,0.711506392440242,0
2023-07-28 11:04:00,452.95,1831212,1,452.86,447160,678355,0.711506392440242,0
2023-07-28 11:04:00,452.95,1831212,1,452.86,447160,678355,0.711506392440242,0
2023-07-28 11:04:05,452.95,1831213,1,452.86,447197,678384,0.711506392440242,0
2023-07-28 11:04:05,452.75,1831213,17,452.86,447197,678384,0.6670372429127293,0
2023-07-28 11:04:06,452.75,1831713,17,452.86,447157,678574,0.6670372429127293,0
2023-07-28 11:04:08,453.0,1831721,7,452.86,446942,678388,0.7226236798221234,0
2023-07-28 11:04:08,453.0,1831721,7,452.86,446944,678388,0.7226236798221234,0
2023-07-28 11:04:09,453.0,1832081,360,452.86,447076,678390,0.7226236798221234,0
2023-07-28 11:04:09,452.85,1832081,2,452.86,447076,678390,0.689271817676492,0
2023-07-28 11:04:10,452.85,1832083,2,452.86,446544,678732,0.689271817676492,0
2023-07-28 11:04:10,452.85,1832083,2,452.86,446371,679180,0.689271817676492,0
2023-07-28 11:04:10,452.85,1832083,2,452.86,445943,679389,0.689271817676492,0
2023-07-28 11:04:10,452.85,1832083,2,452.86,446142,679389,0.689271817676492,0
2023-07-28 11:04:15,452.7,1832085,1,452.86,446274,679546,0.6559199555308479,0
2023-07-28 11:04:15,452.7,1832085,1,452.86,446416,679987,0.6559199555308479,0
2023-07-28 11:04:15,452.7,1832085,1,452.86,446414,679987,0.6559199555308479,0
2023-07-28 11:04:15,452.7,1832085,1,452.86,446851,680043,0.6559199555308479,0
2023-07-28 11:04:15,452.7,1832085,1,452.86,446851,680043,0.6559199555308479,0
2023-07-28 11:04:20,452.85,1832086,6,452.86,446774,681148,0.689271817676492,0
2023-07-28 11:04:21,452.85,1832286,6,452.86,447144,680734,0.689271817676492,0
2023-07-28 11:04:23,452.75,1832288,2,452.86,447118,680748,0.6670372429127293,0
2023-07-28 11:04:23,452.75,1832288,2,452.86,447439,680893,0.6670372429127293,0
2023-07-28 11:04:25,452.7,1832293,5,452.86,447533,681590,0.6559199555308479,0
2023-07-28 11:04:26,452.5,1832422,50,452.86,443519,682836,0.6114508060033352,0
2023-07-28 11:04:26,452.5,1832422,50,452.86,443117,682737,0.6114508060033352,0
2023-07-28 11:04:26,452.5,1832422,50,452.86,443293,682784,0.6114508060033352,0
2023-07-28 11:04:26,452.5,1832422,50,452.86,443294,682181,0.6114508060033352,0
2023-07-28 11:04:26,452.4,1832422,1,452.86,445696,682521,0.5892162312395725,0
2023-07-28 11:04:30,452.4,1832423,1,452.86,445225,681506,0.5892162312395725,0
2023-07-28 11:04:30,452.4,1832423,1,452.86,445221,680643,0.5892162312395725,0
2023-07-28 11:04:30,452.4,1832423,1,452.86,445226,680577,0.5892162312395725,0
2023-07-28 11:04:30,452.4,1832423,1,452.86,445709,679883,0.5892162312395725,0
2023-07-28 11:04:35,452.6,1832458,29,452.86,445850,679715,0.6336853807670979,0
2023-07-28 11:04:35,452.6,1832458,29,452.86,446950,679805,0.6336853807670979,0
2023-07-28 11:04:35,452.6,1832458,29,452.86,447150,680184,0.6336853807670979,0
2023-07-28 11:04:35,452.6,1832458,29,452.86,447150,680234,0.6336853807670979,0
2023-07-28 11:04:35,452.6,1832458,29,452.86,447232,681480,0.6336853807670979,0
2023-07-28 11:04:35,452.4,1832458,200,452.86,447232,681480,0.5892162312395725,0
2023-07-28 11:04:40,452.4,1832659,200,452.86,445591,681661,0.5892162312395725,0
2023-07-28 11:04:40,452.4,1832659,200,452.86,445591,681661,0.5892162312395725,0
2023-07-28 11:04:40,452.5,1832659,5,452.86,445591,681661,0.6114508060033352,0
2023-07-28 11:04:43,452.5,1832664,5,452.86,445411,682325,0.6114508060033352,0
2023-07-28 11:04:43,452.35,1832664,1,452.86,445340,682325,0.5780989438577038,0
2023-07-28 11:04:43,452.5,1832664,191,452.86,445340,682325,0.6114508060033352,0
2023-07-28 11:04:46,452.5,1833022,191,452.86,446898,681546,0.6114508060033352,0
2023-07-28 11:04:46,452.5,1833022,191,452.86,447126,681855,0.6114508060033352,0
2023-07-28 11:04:46,452.45,1833022,107,452.86,447126,681855,0.6003335186214538,0
2023-07-28 11:04:48,452.4,1833130,1,452.86,446551,681028,0.5892162312395725,0
2023-07-28 11:04:48,452.4,1833130,1,452.86,446541,681301,0.5892162312395725,0
2023-07-28 11:04:48,452.6,1833130,25,452.86,446541,681301,0.6336853807670979,0
2023-07-28 11:04:48,452.5,1833130,1,452.86,446541,681301,0.6114508060033352,0
2023-07-28 11:04:50,452.5,1833156,1,452.86,446682,681231,0.6114508060033352,0
2023-07-28 11:04:50,452.5,1833156,1,452.86,446682,681231,0.6114508060033352,0
2023-07-28 11:04:50,452.5,1833156,1,452.86,446680,681231,0.6114508060033352,0
2023-07-28 11:04:50,452.5,1833156,1,452.86,447463,681362,0.6114508060033352,0
2023-07-28 11:04:55,452.5,1833158,2,452.86,447422,681712,0.6114508060033352,0
2023-07-28 11:04:55,452.5,1833158,2,452.86,447397,681712,0.6114508060033352,0
2023-07-28 11:04:55,452.5,1833158,2,452.86,447430,681221,0.6114508060033352,0
2023-07-28 11:04:55,452.5,1833158,2,452.86,447656,681623,0.6114508060033352,0
2023-07-28 11:04:55,452.55,1833158,1,452.86,447656,681623,0.6225680933852166,0
2023-07-28 11:05:00,452.55,1833160,1,452.86,448240,681367,0.6225680933852166,0
2023-07-28 11:05:00,452.55,1833160,1,452.86,448212,681610,0.6225680933852166,0
2023-07-28 11:05:00,452.55,1833160,1,452.86,448214,681610,0.6225680933852166,0
2023-07-28 11:05:00,452.55,1833160,1,452.86,448087,681911,0.6225680933852166,0
2023-07-28 11:05:00,452.55,1833160,480,452.86,448087,681911,0.6225680933852166,0
2023-07-28 11:05:04,452.5,1833668,5,452.86,447764,682426,0.6114508060033352,0
2023-07-28 11:05:05,452.5,1833670,2,452.86,446826,682267,0.6114508060033352,0
2023-07-28 11:05:05,452.65,1833670,228,452.86,446826,682267,0.6448026681489666,0
2023-07-28 11:05:05,452.65,1833988,228,452.86,447740,681985,0.6448026681489666,0
2023-07-28 11:05:05,452.65,1833988,228,452.86,447588,682394,0.6448026681489666,0
2023-07-28 11:05:05,452.65,1833988,228,452.86,447588,682394,0.6448026681489666,0
2023-07-28 11:05:05,452.4,1833988,20,452.86,447588,682394,0.5892162312395725,0
2023-07-28 11:05:10,452.4,1834009,1,452.86,447567,682788,0.5892162312395725,0
2023-07-28 11:05:11,452.4,1834290,39,452.86,446776,682744,0.5892162312395725,0
2023-07-28 11:05:11,452.4,1834290,39,452.86,446762,682327,0.5892162312395725,0
2023-07-28 11:05:11,452.4,1834290,39,452.86,446464,682086,0.5892162312395725,0
2023-07-28 11:05:11,452.4,1834290,39,452.86,446464,682086,0.5892162312395725,0
2023-07-28 11:05:15,452.3,1834292,2,452.86,446865,683388,0.5669816564758224,0
2023-07-28 11:05:15,452.4,1834292,10,452.86,446865,683388,0.5892162312395725,0
2023-07-28 11:05:15,452.4,1834302,10,452.86,447223,682446,0.5892162312395725,0
2023-07-28 11:05:17,452.35,1834307,5,452.86,447635,682737,0.5780989438577038,0
2023-07-28 11:05:17,452.3,1834307,9,452.86,447635,682737,0.5669816564758224,0
2023-07-28 11:05:18,452.3,1834332,9,452.86,447409,682252,0.5669816564758224,0
2023-07-28 11:05:18,452.3,1834332,9,452.86,447431,682252,0.5669816564758224,0
2023-07-28 11:05:18,452.3,1834332,2,452.86,447431,682252,0.5669816564758224,0
2023-07-28 11:05:21,452.3,1834339,5,452.86,447423,682408,0.5669816564758224,0
2023-07-28 11:05:21,452.3,1834339,5,452.86,447423,682908,0.5669816564758224,0
2023-07-28 11:05:21,452.3,1834339,5,452.86,447423,682908,0.5669816564758224,0
2023-07-28 11:05:21,452.3,1834339,5,452.86,447196,682906,0.5669816564758224,0
2023-07-28 11:05:21,452.3,1834339,5,452.86,447196,682906,0.5669816564758224,0
2023-07-28 11:05:24,452.3,1834439,100,452.86,446878,683021,0.5669816564758224,0
2023-07-28 11:05:24,452.3,1834439,2,452.86,446878,683021,0.5669816564758224,0
2023-07-28 11:05:25,452.3,1834442,2,452.86,446875,683088,0.5669816564758224,0
2023-07-28 11:05:25,452.3,1834442,2,452.86,446550,683086,0.5669816564758224,0
2023-07-28 11:05:25,452.3,1834442,2,452.86,446550,683086,0.5669816564758224,0
2023-07-28 11:05:25,452.3,1834442,2,452.86,446550,683086,0.5669816564758224,0
2023-07-28 11:05:25,452.3,1834442,2,452.86,446550,683086,0.5669816564758224,0
2023-07-28 11:05:25,452.3,1834442,1,452.86,446550,683106,0.5669816564758224,0
2023-07-28 11:05:30,452.3,1834443,1,452.86,446511,683111,0.5669816564758224,0
2023-07-28 11:05:30,452.3,1834443,1,452.86,446513,683111,0.5669816564758224,0
2023-07-28 11:05:30,452.3,1834443,1,452.86,446513,683112,0.5669816564758224,0
2023-07-28 11:05:30,452.4,1834443,1,452.86,446513,682957,0.5892162312395725,0
2023-07-28 11:05:30,452.35,1834443,16,452.86,446513,682957,0.5780989438577038,0
2023-07-28 11:05:35,452.35,1834511,2,452.86,446211,682484,0.5780989438577038,0
2023-07-28 11:05:35,452.35,1834511,2,452.86,445808,682916,0.5780989438577038,0
2023-07-28 11:05:35,452.35,1834511,2,452.86,446522,683133,0.5780989438577038,0
2023-07-28 11:05:35,452.35,1834511,2,452.86,446522,683133,0.5780989438577038,0
2023-07-28 11:05:35,452.35,1834511,2,452.86,446836,683364,0.5780989438577038,0
2023-07-28 11:05:40,452.3,1834512,1,452.86,446755,683366,0.5669816564758224,0
2023-07-28 11:05:40,452.3,1834512,1,452.86,446755,683364,0.5669816564758224,0
2023-07-28 11:05:43,452.3,1834513,1,452.86,446754,683050,0.5669816564758224,0
2023-07-28 11:05:43,452.5,1834513,10,452.86,446754,683050,0.6114508060033352,0
2023-07-28 11:05:43,452.5,1834527,10,452.86,447238,682493,0.6114508060033352,0
2023-07-28 11:05:43,452.5,1834527,10,452.86,448017,682918,0.6114508060033352,0
2023-07-28 11:05:43,452.35,1834527,2,452.86,448017,682918,0.5780989438577038,0
2023-07-28 11:05:45,452.35,1834529,2,452.86,448015,683089,0.5780989438577038,0
2023-07-28 11:05:45,452.35,1834529,2,452.86,448046,683298,0.5780989438577038,0
2023-07-28 11:05:45,452.35,1834529,2,452.86,448046,683198,0.5780989438577038,0
2023-07-28 11:05:45,452.35,1834529,2,452.86,448046,683198,0.5780989438577038,0
2023-07-28 11:05:45,452.4,1834529,173,452.86,448046,683198,0.5892162312395725,0
2023-07-28 11:05:50,452.35,1835703,1,452.86,448240,682288,0.5780989438577038,0
2023-07-28 11:05:50,452.35,1835703,1,452.86,448276,682520,0.5780989438577038,0
2023-07-28 11:05:50,452.35,1835703,1,452.86,448277,682520,0.5780989438577038,0
2023-07-28 11:05:50,452.35,1835703,32,452.86,448277,682520,0.5780989438577038,0
2023-07-28 11:05:53,452.35,1837056,32,452.86,446297,683108,0.5780989438577038,0
2023-07-28 11:05:53,452.35,1837056,32,452.86,445895,682935,0.5780989438577038,0
2023-07-28 11:05:55,452.3,1837059,3,452.86,446204,682935,0.5669816564758224,0
2023-07-28 11:05:55,452.3,1837059,3,452.86,445925,682980,0.5669816564758224,0
2023-07-28 11:05:55,452.3,1837059,3,452.86,446091,682832,0.5669816564758224,0
2023-07-28 11:05:55,452.3,1837059,3,452.86,446091,682832,0.5669816564758224,0
2023-07-28 11:06:00,452.35,1837064,4,452.86,443609,683330,0.5780989438577038,0
2023-07-28 11:06:00,452.25,1837064,27,452.86,443609,683330,0.5558643690939411,0
2023-07-28 11:06:01,452.25,1837092,27,452.86,446312,682814,0.5558643690939411,0
2023-07-28 11:06:01,452.25,1837092,27,452.86,446010,682802,0.5558643690939411,0
2023-07-28 11:06:01,452.25,1837092,27,452.86,446010,682851,0.5558643690939411,0
2023-07-28 11:06:04,452.25,1837192,90,452.86,445910,682863,0.5558643690939411,0
2023-07-28 11:06:04,452.25,1837192,2,452.86,445910,682898,0.5558643690939411,0
2023-07-28 11:06:04,452.25,1837192,100,452.86,445910,682898,0.5558643690939411,0
2023-07-28 11:06:04,452.25,1837192,100,452.86,445910,682898,0.5558643690939411,0
2023-07-28 11:06:07,452.25,1837394,100,452.86,445874,682856,0.5558643690939411,0
2023-07-28 11:06:07,452.35,1837394,25,452.86,445874,682856,0.5780989438577038,0
2023-07-28 11:06:10,452.3,1837420,1,452.86,445873,682818,0.5669816564758224,0
2023-07-28 11:06:10,452.3,1837420,1,452.86,445772,682206,0.5669816564758224,0
2023-07-28 11:06:10,452.3,1837420,2,452.86,445794,682206,0.5669816564758224,0
2023-07-28 11:06:10,452.3,1837420,197,452.86,445794,682206,0.5669816564758224,0
2023-07-28 11:06:17,452.25,1837619,300,452.86,442807,683241,0.5558643690939411,0
2023-07-28 11:06:17,452.25,1837619,109,452.86,442807,683241,0.5558643690939411,0
2023-07-28 11:06:20,452.2,1840503,1,452.86,439764,682914,0.5447470817120598,0
2023-07-28 11:06:20,452.25,1840503,71,452.86,439764,682914,0.5558643690939411,0
2023-07-28 11:06:22,452.1,1840574,1,452.86,441168,683206,0.5225125069483096,0
2023-07-28 11:06:22,452.15,1840574,2,452.86,441168,683206,0.5336297943301784,0
2023-07-28 11:06:25,452.15,1842577,2,452.86,442726,682384,0.5336297943301784,0
2023-07-28 11:06:25,452.25,1842577,20,452.86,442726,682384,0.5558643690939411,0
2023-07-28 11:06:25,452.1,1842577,2,452.86,442726,682384,0.5225125069483096,0
2023-07-28 11:06:31,452.1,1842619,20,452.86,443107,682768,0.5225125069483096,0
2023-07-28 11:06:31,452.1,1842619,20,452.86,442506,682602,0.5225125069483096,0
2023-07-28 11:06:31,452.25,1842619,35,452.86,442506,682602,0.5558643690939411,0
2023-07-28 11:06:31,452.25,1842619,2,452.86,442506,682602,0.5558643690939411,0
2023-07-28 11:06:36,452.35,1842846,20,452.86,442806,683175,0.5780989438577038,0
2023-07-28 11:06:36,452.35,1842846,20,452.86,442806,683175,0.5780989438577038,0
2023-07-28 11:06:36,452.35,1842846,20,452.86,443013,683337,0.5780989438577038,0
2023-07-28 11:06:36,452.3,1842846,1,452.86,443013,683337,0.5669816564758224,0
2023-07-28 11:06:40,452.3,1842848,1,452.86,443024,682907,0.5669816564758224,0
2023-07-28 11:06:40,452.3,1842848,1,452.86,442695,682825,0.5669816564758224,0
2023-07-28 11:06:40,452.35,1842848,328,452.86,442695,682825,0.5780989438577038,0
2023-07-28 11:06:40,452.3,1842848,2,452.86,442695,682825,0.5669816564758224,0
2023-07-28 11:06:45,452.3,1843178,2,452.86,442747,682744,0.5669816564758224,0
2023-07-28 11:06:45,452.2,1843178,41,452.86,442747,682744,0.5447470817120598,0
2023-07-28 11:06:45,452.15,1843178,180,452.86,442747,682744,0.5336297943301784,0
2023-07-28 11:06:45,452.35,1843178,25,452.86,442747,682744,0.5780989438577038,0
2023-07-28 11:06:45,452.35,1843178,5,452.86,442747,682744,0.5780989438577038,0
2023-07-28 11:06:51,452.35,1843752,32,452.86,443390,682430,0.5780989438577038,0
2023-07-28 11:06:51,452.35,1843752,32,452.86,443390,682365,0.5780989438577038,0
2023-07-28 11:06:51,452.15,1843752,2,452.86,443390,682365,0.5336297943301784,0
2023-07-28 11:06:57,452.35,1844152,378,452.86,443564,682708,0.5780989438577038,0
2023-07-28 11:06:57,452.35,1844152,50,452.86,443564,682708,0.5780989438577038,0
2023-07-28 11:06:59,452.35,1844202,50,452.86,443616,683199,0.5780989438577038,0
2023-07-28 11:06:59,452.35,1844202,1,452.86,443616,683199,0.5780989438577038,0
2023-07-28 11:07:00,452.35,1844203,1,452.86,443397,684661,0.5780989438577038,0
2023-07-28 11:07:00,452.4,1844203,1,452.86,443397,684661,0.5892162312395725,0
2023-07-28 11:07:00,452.4,1844203,2,452.86,443397,684661,0.5892162312395725,0
2023-07-28 11:07:05,452.4,1844469,2,452.86,443647,684507,0.5892162312395725,0
2023-07-28 11:07:05,452.35,1844469,3,452.86,443647,684507,0.5780989438577038,0
2023-07-28 11:07:05,452.35,1844469,1,452.86,443647,684507,0.5780989438577038,0
2023-07-28 11:07:07,452.35,1844473,1,452.86,443515,684498,0.5780989438577038,0
2023-07-28 11:07:07,452.35,1844473,1,452.86,443515,684498,0.5780989438577038,0
2023-07-28 11:07:10,452.35,1844474,1,452.86,443507,684529,0.5780989438577038,0
2023-07-28 11:07:10,452.4,1844474,350,452.86,443507,684529,0.5892162312395725,0
2023-07-28 11:07:13,452.4,1845087,1,452.86,443222,684847,0.5892162312395725,0
2023-07-28 11:07:13,452.4,1845087,10,452.86,443222,684847,0.5892162312395725,0
2023-07-28 11:07:13,452.4,1845087,2,452.86,443222,684847,0.5892162312395725,0
2023-07-28 11:07:15,452.4,1845099,2,452.86,443215,685034,0.5892162312395725,0
2023-07-28 11:07:15,452.4,1845099,2,452.86,443224,685034,0.5892162312395725,0
2023-07-28 11:07:15,452.4,1845099,1,452.86,443224,685034,0.5892162312395725,0
2023-07-28 11:07:15,452.45,1845099,63,452.86,443224,685034,0.6003335186214538,0
2023-07-28 11:07:15,452.45,1845099,35,452.86,443224,685034,0.6003335186214538,0
2023-07-28 11:07:15,452.45,1845099,301,452.86,443224,685034,0.6003335186214538,0
2023-07-28 11:07:23,452.45,1845754,301,452.86,442299,685413,0.6003335186214538,0
2023-07-28 11:07:23,452.5,1845754,37,452.86,442299,685413,0.6114508060033352,0
2023-07-28 11:07:23,452.35,1845754,2,452.86,442299,685413,0.5780989438577038,0
2023-07-28 11:07:25,452.35,1845990,2,452.86,443592,686069,0.5780989438577038,0
2023-07-28 11:07:25,452.35,1845990,5,452.86,443592,686069,0.5780989438577038,0
2023-07-28 11:07:25,452.45,1845990,25,452.86,443592,686069,0.6003335186214538,0
2023-07-28 11:07:29,452.45,1846020,25,452.86,443661,686817,0.6003335186214538,0
2023-07-28 11:07:29,452.4,1846020,1,452.86,443661,686817,0.5892162312395725,0
2023-07-28 11:07:30,452.4,1846021,1,452.86,443292,686644,0.5892162312395725,0
2023-07-28 11:07:30,452.4,1846021,100,452.86,443292,686644,0.5892162312395725,0
2023-07-28 11:07:30,452.4,1846021,5,452.86,443292,686644,0.5892162312395725,0
2023-07-28 11:07:30,452.4,1846021,2,452.86,443292,686644,0.5892162312395725,0
2023-07-28 11:07:35,452.4,1847235,2,452.86,443716,684475,0.5892162312395725,0
2023-07-28 11:07:35,452.4,1847235,2,452.86,443716,684475,0.5892162312395725,0
2023-07-28 11:07:40,452.4,1847237,2,452.86,444248,685016,0.5892162312395725,0
2023-07-28 11:07:40,452.4,1847237,2,452.86,444559,685683,0.5892162312395725,0
2023-07-28 11:07:40,452.4,1847237,2,452.86,444559,685683,0.5892162312395725,0
2023-07-28 11:07:45,452.4,1847239,2,452.86,444525,686080,0.5892162312395725,0
2023-07-28 11:07:45,452.4,1847239,2,452.86,445528,685333,0.5892162312395725,0
2023-07-28 11:07:45,452.4,1847239,1,452.86,445528,685333,0.5892162312395725,0
2023-07-28 11:07:45,452.4,1847239,5,452.86,445528,685333,0.5892162312395725,0
2023-07-28 11:07:51,452.4,1847275,312,452.86,445407,685451,0.5892162312395725,0
2023-07-28 11:07:51,452.4,1847275,50,452.86,445407,685451,0.5892162312395725,0
2023-07-28 11:07:51,452.4,1847275,20,452.86,445407,685451,0.5892162312395725,0
2023-07-28 11:07:54,452.35,1847657,2,452.86,443867,687234,0.5780989438577038,0
2023-07-28 11:07:54,452.4,1847657,1,452.86,443867,687234,0.5892162312395725,0
2023-07-28 11:07:54,452.35,1847657,1,452.86,443867,687234,0.5780989438577038,0
2023-07-28 11:07:57,452.35,1847663,1,452.86,444042,686506,0.5780989438577038,0
2023-07-28 11:07:57,452.35,1847663,41,452.86,444042,686506,0.5780989438577038,0
2023-07-28 11:07:57,452.35,1847663,1,452.86,444042,686506,0.5780989438577038,0
2023-07-28 11:08:00,452.35,1847764,1,452.86,444034,686577,0.5780989438577038,0
2023-07-28 11:08:00,452.35,1847764,1,452.86,444034,686577,0.5780989438577038,0
2023-07-28 11:08:02,452.35,1847794,1,452.86,444058,686499,0.5780989438577038,0
2023-07-28 11:08:02,452.35,1847794,2,452.86,444058,686499,0.5780989438577038,0
2023-07-28 11:08:05,452.35,1847796,2,452.86,444268,686221,0.5780989438577038,0
2023-07-28 11:08:05,452.35,1847796,2,452.86,444017,686155,0.5780989438577038,0
2023-07-28 11:08:05,452.35,1847796,1,452.86,444017,686155,0.5780989438577038,0
2023-07-28 11:08:10,452.35,1847797,1,452.86,444016,686155,0.5780989438577038,0
2023-07-28 11:08:10,452.35,1847797,1,452.86,444014,686155,0.5780989438577038,0
2023-07-28 11:08:10,452.35,1847797,3,452.86,444014,686155,0.5780989438577038,0
2023-07-28 11:08:10,452.35,1847797,1,452.86,444014,686155,0.5780989438577038,0
2023-07-28 11:08:16,452.35,1847801,1,452.86,443969,686155,0.5780989438577038,0
2023-07-28 11:08:16,452.4,1847801,1,452.86,443969,686155,0.5892162312395725,0
2023-07-28 11:08:20,452.35,1848092,3,452.86,443296,686946,0.5780989438577038,0
2023-07-28 11:08:20,452.3,1848092,97,452.86,443296,686946,0.5669816564758224,0
2023-07-28 11:08:20,452.3,1850559,97,452.85,446975,685981,0.5669816564758224,0
2023-07-28 11:08:20,452.3,1850559,97,452.85,446975,685981,0.5669816564758224,0
2023-07-28 11:08:20,452.3,1850559,97,452.85,446975,685981,0.5669816564758224,0
2023-07-28 11:08:20,452.3,1850559,97,452.85,446975,685981,0.5669816564758224,0
2023-07-28 11:08:20,452.3,1850559,97,452.85,445960,686024,0.5669816564758224,0
2023-07-28 11:08:20,452.3,1850559,97,452.85,445960,686024,0.5669816564758224,0
2023-07-28 11:08:20,452.3,1850559,97,452.85,445960,686024,0.5669816564758224,0
2023-07-28 11:08:20,452.4,1850559,1,452.85,445960,686024,0.5892162312395725,0
2023-07-28 11:08:20,452.4,1850559,1,452.85,445960,686024,0.5892162312395725,0
2023-07-28 11:08:28,452.5,1850770,2,452.85,446901,686094,0.6114508060033352,0
2023-07-28 11:08:28,452.5,1850770,2,452.85,446901,686094,0.6114508060033352,0
2023-07-28 11:08:30,452.25,1850771,1,452.85,446864,685992,0.5558643690939411,0
2023-07-28 11:08:30,452.25,1850771,1,452.85,445573,686488,0.5558643690939411,0
2023-07-28 11:08:30,452.25,1850771,2,452.85,445573,686488,0.5558643690939411,0
2023-07-28 11:08:30,452.5,1850771,42,452.85,445573,686488,0.6114508060033352,0
2023-07-28 11:08:36,452.5,1850873,42,452.85,446066,686454,0.6114508060033352,0
2023-07-28 11:08:36,452.5,1850873,1,452.85,446066,686454,0.6114508060033352,0
2023-07-28 11:08:38,452.5,1850874,1,452.85,445838,686606,0.6114508060033352,0
2023-07-28 11:08:38,452.25,1850874,5,452.85,445838,686606,0.5558643690939411,0
2023-07-28 11:08:38,452.25,1850874,1,452.85,445838,686606,0.5558643690939411,0
2023-07-28 11:08:40,452.25,1850880,1,452.85,445564,686606,0.5558643690939411,0
2023-07-28 11:08:40,452.25,1850880,1,452.85,445458,686572,0.5558643690939411,0
2023-07-28 11:08:40,452.25,1850880,2,452.85,445458,686572,0.5558643690939411,0
2023-07-28 11:08:45,452.25,1850882,2,452.85,445576,687114,0.5558643690939411,0
2023-07-28 11:08:45,452.25,1850882,12,452.85,445576,687114,0.5558643690939411,0
2023-07-28 11:08:45,452.4,1850882,9,452.85,445576,687114,0.5892162312395725,0
2023-07-28 11:08:49,452.4,1850904,9,452.85,445385,687141,0.5892162312395725,0
2023-07-28 11:08:49,452.25,1850904,2,452.85,445385,687141,0.5558643690939411,0
2023-07-28 11:08:50,452.25,1850906,2,452.85,446827,686497,0.5558643690939411,0
2023-07-28 11:08:55,452.45,1850912,6,452.85,447212,687160,0.6003335186214538,0
2023-07-28 11:08:55,452.25,1850912,2,452.85,447212,687160,0.5558643690939411,0
2023-07-28 11:08:55,452.5,1850912,86,452.85,447212,687160,0.6114508060033352,0
2023-07-28 11:08:56,452.5,1851094,86,452.85,446642,687982,0.6114508060033352,0
2023-07-28 11:08:56,452.3,1851094,25,452.85,446642,687982,0.5669816564758224,0
2023-07-28 11:08:56,452.3,1851094,10,452.85,446642,687982,0.5669816564758224,0
2023-07-28 11:09:00,452.25,1851168,13,452.85,447392,687773,0.5558643690939411,0
2023-07-28 11:09:00,452.4,1851168,1,452.85,447392,687773,0.5892162312395725,0
2023-07-28 11:09:00,452.5,1851168,8,452.85,447392,687773,0.6114508060033352,0
2023-07-28 11:09:01,452.5,1851409,8,452.85,448785,686755,0.6114508060033352,0
2023-07-28 11:09:01,452.4,1851409,167,452.85,448785,686755,0.5892162312395725,0
2023-07-28 11:09:02,452.5,1851687,90,452.85,449124,688055,0.6114508060033352,0
2023-07-28 11:09:02,452.45,1851687,2,452.85,449124,688055,0.6003335186214538,0
2023-07-28 11:09:02,452.45,1851687,30,452.85,449124,688055,0.6003335186214538,0
2023-07-28 11:09:06,452.55,1863187,61,452.85,450563,688535,0.6225680933852166,0
2023-07-28 11:09:10,452.6,1865462,1,452.85,448685,686171,0.6336853807670979,0
2023-07-28 11:09:10,452.75,1865462,10,452.85,448685,686171,0.6670372429127293,0
2023-07-28 11:09:12,452.75,1865972,10,452.85,450245,686617,0.6670372429127293,0
2023-07-28 11:09:12,452.75,1865972,1,452.85,450245,686617,0.6670372429127293,0
2023-07-28 11:09:14,452.5,1866913,100,452.85,449957,688890,0.6114508060033352,0
2023-07-28 11:09:14,452.45,1866913,145,452.85,449957,688890,0.6003335186214538,0
2023-07-28 11:09:14,452.4,1866913,177,452.85,449957,688890,0.5892162312395725,0
2023-07-28 11:09:17,452.4,1879581,177,452.85,445320,689195,0.5892162312395725,0
2023-07-28 11:09:17,452.35,1879581,2,452.85,445320,689195,0.5780989438577038,0
2023-07-28 11:09:17,452.25,1879581,1,452.85,445320,689195,0.5558643690939411,0
2023-07-28 11:09:19,452.5,1881233,1473,452.85,444157,687644,0.6114508060033352,0
2023-07-28 11:09:19,452.3,1881233,1,452.85,444157,687644,0.5669816564758224,0
2023-07-28 11:09:19,452.3,1881233,10,452.85,444157,687644,0.5669816564758224,0
2023-07-28 11:09:21,452.3,1881548,10,452.85,446524,688150,0.5669816564758224,0
2023-07-28 11:09:21,452.5,1881548,5,452.85,446524,688150,0.6114508060033352,0
2023-07-28 11:09:24,452.5,1881553,5,452.85,446288,688536,0.6114508060033352,0
2023-07-28 11:09:24,452.5,1881553,3,452.85,446288,688536,0.6114508060033352,0
2023-07-28 11:09:25,452.5,1881560,3,452.85,447508,689082,0.6114508060033352,0
2023-07-28 11:09:25,452.6,1881560,1,452.85,447508,689082,0.6336853807670979,0
2023-07-28 11:09:25,452.35,1881560,11,452.85,447508,689082,0.5780989438577038,0
2023-07-28 11:09:28,452.35,1881686,11,452.85,447374,689077,0.5780989438577038,0
2023-07-28 11:09:28,452.4,1881686,1,452.85,447374,689077,0.5892162312395725,0
2023-07-28 11:09:30,452.4,1881687,1,452.85,447363,689077,0.5892162312395725,0
2023-07-28 11:09:30,452.4,1881687,2,452.85,448233,689077,0.5892162312395725,0
2023-07-28 11:09:30,452.4,1881687,2,452.85,448233,689077,0.5892162312395725,0
2023-07-28 11:09:30,452.6,1881687,10,452.85,448233,689077,0.6336853807670979,0
2023-07-28 11:09:37,452.6,1881714,10,452.85,448085,689191,0.6336853807670979,0
2023-07-28 11:09:37,452.6,1881714,4,452.85,448085,689191,0.6336853807670979,0
2023-07-28 11:09:38,452.4,1881718,1,452.85,448085,689188,0.5892162312395725,0
2023-07-28 11:09:40,452.4,1881719,1,452.85,449972,689295,0.5892162312395725,0
2023-07-28 11:09:40,452.5,1881719,1,452.85,449972,689295,0.6114508060033352,0
2023-07-28 11:09:43,452.5,1881758,1,452.85,448103,688308,0.6114508060033352,0
2023-07-28 11:09:43,452.4,1881758,2,452.85,448103,688308,0.5892162312395725,0
2023-07-28 11:09:45,452.4,1881760,2,452.85,448916,688550,0.5892162312395725,0
2023-07-28 11:09:45,452.4,1881760,2,452.85,447441,688564,0.5892162312395725,0
2023-07-28 11:09:45,452.4,1881760,1,452.85,447441,688564,0.5892162312395725,0
2023-07-28 11:09:50,452.4,1881761,1,452.85,449273,688710,0.5892162312395725,0
2023-07-28 11:09:50,452.4,1881761,1,452.85,449115,688799,0.5892162312395725,0
2023-07-28 11:09:50,452.35,1881761,5,452.85,449115,688799,0.5780989438577038,0
2023-07-28 11:09:56,452.45,1881801,1,452.85,448961,689018,0.6003335186214538,0
2023-07-28 11:09:56,452.45,1881801,1,452.85,448961,689018,0.6003335186214538,0
2023-07-28 11:09:56,452.45,1881801,1,452.85,448961,689018,0.6003335186214538,0
2023-07-28 11:09:56,452.35,1881801,2,452.85,448961,689018,0.5780989438577038,0
2023-07-28 11:10:01,452.25,1882558,5,452.85,444479,692329,0.5558643690939411,0
2023-07-28 11:10:01,452.25,1882558,22,452.85,444479,692329,0.5558643690939411,0
2023-07-28 11:10:01,452.25,1882558,5,452.85,444479,692329,0.5558643690939411,0
2023-07-28 11:10:03,452.25,1882585,5,452.85,446561,692029,0.5558643690939411,0
2023-07-28 11:10:03,452.1,1882585,2,452.85,446561,692029,0.5225125069483096,0
2023-07-28 11:10:06,452.15,1882598,1,452.85,447209,691563,0.5336297943301784,0
2023-07-28 11:10:06,452.15,1882598,1,452.85,446897,691563,0.5336297943301784,0
2023-07-28 11:10:06,452.15,1882598,1,452.85,446897,691563,0.5336297943301784,0
2023-07-28 11:10:06,452.15,1882598,1,452.85,446897,691563,0.5336297943301784,0
2023-07-28 11:10:06,452.25,1882598,45,452.85,446897,691563,0.5558643690939411,0
2023-07-28 11:10:10,452.25,1882648,5,452.85,447312,691510,0.5558643690939411,0
2023-07-28 11:10:10,452.1,1890263,1,452.85,442349,691230,0.5225125069483096,0
2023-07-28 11:10:11,452.2,1891333,189,452.84,440793,690866,0.5447470817120598,0
2023-07-28 11:10:11,452.2,1891333,189,452.84,440932,690871,0.5447470817120598,0
2023-07-28 11:10:11,452.2,1891333,189,452.84,440849,691079,0.5447470817120598,0
2023-07-28 11:10:11,452.2,1891333,189,452.84,440882,690776,0.5447470817120598,0
2023-07-28 11:10:11,452.0,1891333,1,452.84,440882,690776,0.500277932184547,0
2023-07-28 11:10:15,452.0,1891336,2,452.84,440847,690776,0.500277932184547,0
2023-07-28 11:10:15,452.0,1891336,2,452.84,440501,690775,0.500277932184547,0
2023-07-28 11:10:15,452.2,1891336,100,452.84,440501,690775,0.5447470817120598,0
2023-07-28 11:10:17,452.2,1891436,100,452.84,440378,690775,0.5447470817120598,0
2023-07-28 11:10:18,452.0,1892619,1066,452.84,440084,691660,0.500277932184547,0
2023-07-28 11:10:18,452.0,1892619,1066,452.84,441971,691809,0.500277932184547,0
2023-07-28 11:10:18,451.9,1892619,1,452.84,441971,691809,0.4780433574207843,0
2023-07-28 11:10:20,451.9,1892620,1,452.84,441970,691806,0.4780433574207843,0
2023-07-28 11:10:20,451.9,1892620,32,452.84,441969,691806,0.4780433574207843,0
2023-07-28 11:10:22,451.9,1892745,25,452.84,441978,691906,0.4780433574207843,0
2023-07-28 11:10:22,451.8,1892745,132,452.84,441978,691906,0.45580878265703423,0
2023-07-28 11:10:23,451.8,1894728,132,452.84,433974,691036,0.45580878265703423,0
2023-07-28 11:10:23,451.9,1894728,187,452.84,433974,691036,0.4780433574207843,0
2023-07-28 11:10:24,451.9,1895115,187,452.84,437092,689892,0.4780433574207843,0
2023-07-28 11:10:25,451.75,1895158,40,452.84,437049,689892,0.44469149527515284,0
2023-07-28 11:10:25,451.75,1895158,40,452.84,437654,689553,0.44469149527515284,0
2023-07-28 11:10:25,451.75,1895158,40,452.84,437369,689553,0.44469149527515284,0
2023-07-28 11:10:25,451.9,1895158,1,452.84,437686,689553,0.4780433574207843,0
2023-07-28 11:10:30,451.75,1895160,40,452.84,437664,689510,0.44469149527515284,0
2023-07-28 11:10:31,451.8,1897201,112,452.84,438678,690519,0.45580878265703423,0
2023-07-28 11:10:31,451.8,1897201,112,452.84,438638,689998,0.45580878265703423,0
2023-07-28 11:10:32,452.0,1897500,179,452.84,438762,690673,0.500277932184547,0
2023-07-28 11:10:33,452.0,1897501,1,452.84,438762,690752,0.500277932184547,0
2023-07-28 11:10:33,451.8,1897501,3,452.84,438657,690752,0.45580878265703423,0
2023-07-28 11:10:35,451.75,1897504,90,452.84,438687,691050,0.44469149527515284,0
2023-07-28 11:10:36,451.75,1898204,90,452.84,438237,690866,0.44469149527515284,0
2023-07-28 11:10:36,451.75,1898204,90,452.84,438237,690866,0.44469149527515284,0
2023-07-28 11:10:36,451.75,1898204,90,452.84,438237,690866,0.44469149527515284,0
2023-07-28 11:10:36,451.75,1898204,90,452.84,437925,690866,0.44469149527515284,0
2023-07-28 11:10:41,451.75,1898205,1,452.84,437953,690868,0.44469149527515284,0
2023-07-28 11:10:41,451.75,1898205,7,452.84,437953,690868,0.44469149527515284,0
2023-07-28 11:10:41,451.75,1898255,7,452.84,437903,690868,0.44469149527515284,0
2023-07-28 11:10:41,451.75,1898255,7,452.84,438178,690869,0.44469149527515284,0
2023-07-28 11:10:44,451.75,1898505,15,452.84,436079,692143,0.44469149527515284,0
2023-07-28 11:10:44,451.75,1898505,15,452.84,436013,691934,0.44469149527515284,0
2023-07-28 11:10:44,451.7,1898505,2,452.84,436013,691934,0.4335742078932715,0
2023-07-28 11:10:45,451.7,1898507,2,452.84,436011,691934,0.4335742078932715,0
2023-07-28 11:10:45,451.9,1898507,84,452.84,436011,691934,0.4780433574207843,0
2023-07-28 11:10:46,451.9,1898690,84,452.84,438924,691395,0.4780433574207843,0
2023-07-28 11:10:46,451.9,1898690,84,452.84,438924,692038,0.4780433574207843,0
2023-07-28 11:10:46,451.9,1898690,84,452.84,438924,691502,0.4780433574207843,0
2023-07-28 11:10:46,451.7,1898690,1,452.84,438924,691502,0.4335742078932715,0
2023-07-28 11:10:49,451.7,1898691,1,452.84,438400,692015,0.4335742078932715,0
2023-07-28 11:10:49,451.7,1898691,1,452.84,438400,692015,0.4335742078932715,0
2023-07-28 11:10:50,451.7,1898692,1,452.84,438922,692109,0.4335742078932715,0
2023-07-28 11:10:50,451.7,1898692,1,452.84,438922,692109,0.4335742078932715,0
2023-07-28 11:10:53,451.8,1898694,1,452.84,440103,692865,0.45580878265703423,0
2023-07-28 11:10:53,451.8,1898694,1,452.84,439956,693799,0.45580878265703423,0
2023-07-28 11:10:53,451.8,1898694,1,452.84,439956,693799,0.45580878265703423,0
2023-07-28 11:10:53,451.8,1898694,1,452.84,439956,693799,0.45580878265703423,0
2023-07-28 11:10:53,451.8,1898694,1,452.84,429307,693720,0.45580878265703423,0
2023-07-28 11:10:53,451.7,1898694,10,452.84,438379,693815,0.4335742078932715,0
2023-07-28 11:11:00,451.7,1901951,47,452.84,440128,692132,0.4335742078932715,0
2023-07-28 11:11:00,451.95,1901951,446,452.84,440128,692132,0.48916064480266563,0
2023-07-28 11:11:01,451.95,1902497,446,452.84,438986,691308,0.48916064480266563,0
2023-07-28 11:11:01,451.95,1902497,446,452.84,434683,692266,0.48916064480266563,0
2023-07-28 11:11:01,451.95,1902497,446,452.84,436440,692144,0.48916064480266563,0
2023-07-28 11:11:01,451.95,1902497,446,452.84,436428,691769,0.48916064480266563,0
2023-07-28 11:11:06,451.7,1902507,10,452.84,436418,691769,0.4335742078932715,0
2023-07-28 11:11:08,451.9,1902607,100,452.84,438353,691551,0.4780433574207843,0
2023-07-28 11:11:08,451.9,1902607,100,452.84,438298,691551,0.4780433574207843,0
2023-07-28 11:11:08,451.9,1902607,100,452.84,436323,691846,0.4780433574207843,0
2023-07-28 11:11:08,451.9,1902607,100,452.84,438123,691846,0.4780433574207843,0
2023-07-28 11:11:12,451.65,1902657,6,452.84,438132,691825,0.42245692051139017,0
2023-07-28 11:11:12,451.65,1902657,6,452.84,438383,691053,0.42245692051139017,0
2023-07-28 11:11:12,451.65,1902657,10,452.84,438383,691053,0.42245692051139017,0
2023-07-28 11:11:13,451.65,1902667,10,452.84,438373,691053,0.42245692051139017,0
2023-07-28 11:11:13,451.65,1902667,10,452.84,438371,691696,0.42245692051139017,0
2023-07-28 11:11:15,451.8,1902668,1,452.84,437605,691383,0.45580878265703423,0
2023-07-28 11:11:15,451.8,1902668,9,452.84,437605,691383,0.45580878265703423,0
2023-07-28 11:11:17,451.7,1902688,6,452.84,436794,691296,0.4335742078932715,0
2023-07-28 11:11:17,451.7,1902688,6,452.84,437114,691296,0.4335742078932715,0
2023-07-28 11:11:17,451.7,1902688,6,452.84,437114,691326,0.4335742078932715,0
2023-07-28 11:11:17,451.7,1902688,6,452.84,437114,691089,0.4335742078932715,0
2023-07-28 11:11:17,451.7,1902688,6,452.84,437114,691089,0.4335742078932715,0
2023-07-28 11:11:17,451.7,1902688,6,452.84,437114,691089,0.4335742078932715,0
2023-07-28 11:11:17,451.8,1902688,1,452.84,437114,691089,0.45580878265703423,0
2023-07-28 11:11:23,451.8,1902694,5,452.84,437114,690923,0.45580878265703423,0
2023-07-28 11:11:23,451.8,1902694,5,452.84,437114,690923,0.45580878265703423,0
2023-07-28 11:11:23,451.8,1902694,5,452.84,437214,690948,0.45580878265703423,0
2023-07-28 11:11:23,451.8,1902694,5,452.84,437214,690948,0.45580878265703423,0
2023-07-28 11:11:26,451.7,1902759,60,452.84,437155,690943,0.4335742078932715,0
2023-07-28 11:11:26,451.7,1902759,10,452.84,437155,690943,0.4335742078932715,0
2023-07-28 11:11:27,451.7,1902769,10,452.84,437102,691698,0.4335742078932715,0
2023-07-28 11:11:28,451.75,1902770,1,452.84,437203,691774,0.44469149527515284,0
2023-07-28 11:11:28,451.75,1902770,1,452.84,439005,691861,0.44469149527515284,0
2023-07-28 11:11:28,451.75,1902770,1,452.84,439005,691886,0.44469149527515284,0
2023-07-28 11:11:28,451.75,1902770,1,452.84,439005,691886,0.44469149527515284,0
2023-07-28 11:11:28,451.75,1902770,1,452.84,438972,692649,0.44469149527515284,0
2023-07-28 11:11:33,451.6,1903270,41,452.84,436039,692560,0.41133963312952143,0
2023-07-28 11:11:33,451.6,1903270,145,452.84,439735,692533,0.41133963312952143,0
2023-07-28 11:11:35,451.6,1903596,145,452.84,441707,693185,0.41133963312952143,0
2023-07-28 11:11:36,451.7,1903606,10,452.84,439907,693175,0.4335742078932715,0
2023-07-28 11:11:36,451.6,1903606,100,452.84,439907,693175,0.41133963312952143,0
2023-07-28 11:11:37,451.55,1903706,3,452.84,440092,693310,0.4002223457476401,0
2023-07-28 11:11:38,451.55,1903714,3,452.84,440083,692648,0.4002223457476401,0
2023-07-28 11:11:39,451.55,1903715,1,452.84,440076,692648,0.4002223457476401,0
2023-07-28 11:11:39,451.55,1903715,22,452.84,440076,692648,0.4002223457476401,0
2023-07-28 11:11:40,451.55,1903786,49,452.84,439943,692648,0.4002223457476401,0
2023-07-28 11:11:40,451.55,1903786,49,452.84,439943,692648,0.4002223457476401,0
2023-07-28 11:11:40,451.55,1903786,2,452.84,439943,692648,0.4002223457476401,0
2023-07-28 11:11:42,451.55,1903812,1,452.84,440006,692674,0.4002223457476401,0
2023-07-28 11:11:42,451.55,1903812,1,452.84,439976,692674,0.4002223457476401,0
2023-07-28 11:11:42,451.7,1903812,450,452.84,439976,693226,0.4335742078932715,0
2023-07-28 11:11:44,451.7,1904262,450,452.84,440002,692734,0.4335742078932715,0
2023-07-28 11:11:44,451.7,1904262,450,452.84,440002,692734,0.4335742078932715,0
2023-07-28 11:11:44,451.55,1904262,5,452.84,440002,692734,0.4002223457476401,0
2023-07-28 11:11:47,451.55,1904267,5,452.84,439956,692734,0.4002223457476401,0
2023-07-28 11:11:49,451.6,1904268,1,452.84,439842,691632,0.41133963312952143,0
2023-07-28 11:11:49,451.7,1904278,10,452.84,439842,691706,0.4335742078932715,0
2023-07-28 11:11:49,451.7,1904278,10,452.84,439842,691706,0.4335742078932715,0
2023-07-28 11:11:51,451.6,1904359,50,452.84,439593,692182,0.41133963312952143,0
2023-07-28 11:11:51,451.6,1904359,50,452.84,439593,692182,0.41133963312952143,0
2023-07-28 11:11:51,451.6,1904359,50,452.84,439593,692190,0.41133963312952143,0
2023-07-28 11:11:51,451.6,1904359,50,452.84,439627,692190,0.41133963312952143,0
2023-07-28 11:11:51,451.55,1904359,10,452.84,439896,692190,0.4002223457476401,0
2023-07-28 11:11:55,451.55,1904369,10,452.84,439886,692190,0.4002223457476401,0
2023-07-28 11:11:55,451.55,1904369,10,452.84,439766,692852,0.4002223457476401,0
2023-07-28 11:11:55,451.7,1904369,2,452.84,439766,692852,0.4335742078932715,0
2023-07-28 11:11:57,451.7,1904371,2,452.84,440266,692850,0.4335742078932715,0
2023-07-28 11:11:57,451.7,1904371,2,452.84,440266,692850,0.4335742078932715,0
2023-07-28 11:11:57,451.7,1904371,2,452.84,440393,692850,0.4335742078932715,0
2023-07-28 11:11:57,451.7,1904371,2,452.84,440393,692850,0.4335742078932715,0
2023-07-28 11:11:57,451.55,1904371,5,452.84,440393,692850,0.4002223457476401,0
2023-07-28 11:12:01,451.55,1904376,5,452.84,440388,692850,0.4002223457476401,0
2023-07-28 11:12:01,451.55,1904376,5,452.84,440388,692850,0.4002223457476401,0
2023-07-28 11:12:04,451.75,1904776,277,452.84,438701,692275,0.44469149527515284,0
2023-07-28 11:12:04,451.55,1904776,10,452.84,438702,692508,0.4002223457476401,0
2023-07-28 11:12:04,451.8,1904776,2,452.84,438702,692508,0.45580878265703423,0
2023-07-28 11:12:04,451.85,1904776,57,452.84,438702,692508,0.46692607003891556,0
2023-07-28 11:12:07,451.85,1906288,57,452.84,438969,691390,0.46692607003891556,0
2023-07-28 11:12:07,451.85,1906288,20,452.84,438969,691390,0.46692607003891556,0
2023-07-28 11:12:07,451.85,1906288,2,452.84,438969,691390,0.46692607003891556,0
2023-07-28 11:12:08,451.85,1906310,2,452.84,439401,692480,0.46692607003891556,0
2023-07-28 11:12:08,451.85,1906310,2,452.84,441575,692228,0.46692607003891556,0
2023-07-28 11:12:08,451.7,1906310,1,452.84,441575,692228,0.4335742078932715,0
