2023-07-28 10:49:28,5247.95,95917,2,5231.0,31521,44991,0.622183874988013,0
2023-07-28 10:49:28,5248.8,95917,5,5231.0,31521,44991,0.6384814495254565,0
2023-07-28 10:49:30,5247.95,95920,2,5231.0,31481,45496,0.622183874988013,0
2023-07-28 10:49:30,5247.95,95920,2,5231.0,31489,45496,0.622183874988013,0
2023-07-28 10:49:30,5248.8,95920,12,5231.0,31489,45496,0.6384814495254565,0
2023-07-28 10:49:35,5248.8,95932,12,5231.0,31497,45400,0.6384814495254565,0
2023-07-28 10:49:35,5248.8,95932,12,5231.0,31502,45498,0.6384814495254565,0
2023-07-28 10:49:35,5248.45,95932,2,5231.0,31502,45498,0.6317706835394462,0
2023-07-28 10:49:40,5248.45,95934,3,5231.0,31500,45515,0.6317706835394462,0
2023-07-28 10:49:44,5248.8,95938,1,5231.0,31492,45514,0.6384814495254565,0
2023-07-28 10:49:44,5248.8,95938,1,5231.0,31471,45514,0.6384814495254565,0
2023-07-28 10:49:44,5248.45,95938,1,5231.0,31531,45519,0.6317706835394462,0
2023-07-28 10:49:50,5248.45,95971,1,5231.01,31525,45554,0.6317706835394462,0
2023-07-28 10:49:50,5248.45,95971,1,5231.01,31527,45554,0.6317706835394462,0
2023-07-28 10:49:50,5248.8,95971,155,5231.01,31527,45554,0.6384814495254565,0
2023-07-28 10:49:56,5248.8,96126,9,5231.03,31533,45337,0.6384814495254565,0
2023-07-28 10:49:56,5248.7,96126,5,5231.03,31533,45337,0.6365640878151628,0
2023-07-28 10:49:56,5248.8,96126,12,5231.03,31533,45337,0.6384814495254565,0
2023-07-28 10:50:00,5248.8,96165,12,5231.04,31528,45172,0.6384814495254565,0
2023-07-28 10:50:00,5248.8,96165,1,5231.04,31528,45172,0.6384814495254565,0
2023-07-28 10:50:00,5248.7,96165,4,5231.04,31528,45172,0.6365640878151628,0
2023-07-28 10:50:01,5248.8,96170,2,5231.04,31530,45171,0.6384814495254565,0
2023-07-28 10:50:03,5248.8,96172,2,5231.04,31541,45217,0.6384814495254565,0
2023-07-28 10:50:03,5248.8,96172,20,5231.04,31541,45217,0.6384814495254565,0
2023-07-28 10:50:03,5248.8,96172,2,5231.04,31541,45217,0.6384814495254565,0
2023-07-28 10:50:03,5248.7,96172,4,5231.04,31541,45217,0.6365640878151628,0
2023-07-28 10:50:10,5248.8,96198,12,5231.05,31537,45192,0.6384814495254565,0
2023-07-28 10:50:10,5248.8,96198,6,5231.05,31537,45192,0.6384814495254565,0
2023-07-28 10:50:12,5248.8,96216,6,5231.05,31554,45299,0.6384814495254565,0
2023-07-28 10:50:12,5248.8,96216,13,5231.05,31554,45299,0.6384814495254565,0
2023-07-28 10:50:12,5248.8,96216,12,5231.05,31554,45299,0.6384814495254565,0
2023-07-28 10:50:16,5248.8,96256,15,5231.06,31605,45222,0.6384814495254565,0
2023-07-28 10:50:16,5249.0,96256,14,5231.06,31605,45222,0.6423161729460263,0
2023-07-28 10:50:16,5249.55,96256,5,5231.06,31605,45222,0.6528616623526063,0
2023-07-28 10:50:18,5249.55,97755,5,5231.33,31740,43743,0.6528616623526063,0
2023-07-28 10:50:18,5249.95,97755,5,5231.33,31740,43743,0.6605311091937459,0
2023-07-28 10:50:18,5249.95,97755,65,5231.33,31740,43743,0.6605311091937459,0
2023-07-28 10:50:18,5249.95,97755,65,5231.33,31740,43743,0.6605311091937459,0
2023-07-28 10:50:21,5249.95,98265,22,5231.43,31717,43241,0.6605311091937459,0
2023-07-28 10:50:21,5249.95,98265,22,5231.43,31717,43241,0.6605311091937459,0
2023-07-28 10:50:21,5249.95,98265,22,5231.43,31717,43241,0.6605311091937459,0
2023-07-28 10:50:21,5249.95,98265,22,5231.43,31717,43241,0.6605311091937459,0
2023-07-28 10:50:21,5249.95,98265,22,5231.43,31717,43241,0.6605311091937459,0
2023-07-28 10:50:21,5249.95,98265,22,5231.43,31717,43241,0.6605311091937459,0
2023-07-28 10:50:21,5249.95,98265,1,5231.43,31742,43241,0.6605311091937459,0
2023-07-28 10:50:21,5251.0,98265,2,5231.43,31742,43241,0.6806634071517592,0
2023-07-28 10:50:27,5252.0,100638,1,5231.87,31824,40742,0.6998370242546257,0
2023-07-28 10:50:27,5253.0,100638,1,5231.87,31824,40742,0.719010641357492,0
2023-07-28 10:50:27,5252.0,100638,1,5231.87,31824,40742,0.6998370242546257,0
2023-07-28 10:50:30,5252.0,101008,2,5231.94,31853,40673,0.6998370242546257,0
2023-07-28 10:50:34,5254.0,101017,3,5231.94,31998,40613,0.7381842584603585,0
2023-07-28 10:50:34,5254.85,101017,7,5231.94,31998,40613,0.754481832997802,0
2023-07-28 10:50:34,5254.9,101017,10,5231.94,31998,40613,0.7554405138529314,0
2023-07-28 10:50:34,5254.9,101017,4,5231.94,31998,40613,0.7554405138529314,0
2023-07-28 10:50:37,5254.9,101137,4,5231.97,32030,40503,0.7554405138529314,0
2023-07-28 10:50:37,5254.9,101137,70,5231.97,32030,40503,0.7554405138529314,0
2023-07-28 10:50:37,5255.0,101137,1,5231.97,32030,40503,0.757357875563225,0
2023-07-28 10:50:39,5254.9,101352,4,5232.02,32019,40313,0.7554405138529314,0
2023-07-28 10:50:39,5254.0,101352,1,5232.02,32019,40313,0.7381842584603585,0
2023-07-28 10:50:39,5254.0,101352,100,5232.02,32019,40313,0.7381842584603585,0
2023-07-28 10:50:42,5254.0,101783,6,5232.11,31500,40691,0.7381842584603585,0
2023-07-28 10:50:42,5254.0,101783,54,5232.11,31500,40691,0.7381842584603585,0
2023-07-28 10:50:45,5253.75,101845,2,5232.13,31675,40661,0.7333908541846419,0
2023-07-28 10:50:45,5253.75,101845,2,5232.13,31675,40661,0.7333908541846419,0
2023-07-28 10:50:48,5253.95,101846,1,5232.13,31544,40678,0.7372255776052118,0
2023-07-28 10:50:48,5254.0,101846,25,5232.13,31544,40678,0.7381842584603585,0
2023-07-28 10:50:48,5254.0,101846,11,5232.13,31544,40678,0.7381842584603585,0
2023-07-28 10:50:50,5254.0,101886,1,5232.14,31617,40722,0.7381842584603585,0
2023-07-28 10:50:50,5254.0,101886,1,5232.14,31647,40747,0.7381842584603585,0
2023-07-28 10:50:50,5254.0,101886,1,5232.14,31670,40750,0.7381842584603585,0
2023-07-28 10:50:50,5253.95,101886,19,5232.14,31670,40750,0.7372255776052118,0
2023-07-28 10:50:50,5254.0,101886,2,5232.14,31670,40750,0.7381842584603585,0
2023-07-28 10:50:58,5254.0,101910,2,5232.14,31647,40745,0.7381842584603585,0
2023-07-28 10:50:58,5254.0,101910,12,5232.14,31647,40745,0.7381842584603585,0
2023-07-28 10:50:58,5253.95,101910,2,5232.14,31647,40745,0.7372255776052118,0
2023-07-28 10:51:01,5253.95,101935,2,5232.15,30978,40873,0.7372255776052118,0
2023-07-28 10:51:01,5253.95,101935,3,5232.15,30978,40873,0.7372255776052118,0
2023-07-28 10:51:01,5253.95,101935,3,5232.15,30978,40873,0.7372255776052118,0
2023-07-28 10:51:04,5253.95,101941,3,5232.15,31649,40854,0.7372255776052118,0
2023-07-28 10:51:04,5252.0,101941,3,5232.15,31649,40854,0.6998370242546257,0
2023-07-28 10:51:06,5252.0,102070,3,5232.18,31482,41117,0.6998370242546257,0
2023-07-28 10:51:06,5252.0,102070,3,5232.18,30944,41028,0.6998370242546257,0
2023-07-28 10:51:06,5253.45,102070,10,5232.18,31608,41038,0.7276387690537786,0
2023-07-28 10:51:09,5253.45,102080,10,5232.18,31622,41038,0.7276387690537786,0
2023-07-28 10:51:09,5251.5,102080,1,5232.18,31622,41038,0.6902502157031924,0
2023-07-28 10:51:10,5251.5,102083,1,5232.18,31643,41019,0.6902502157031924,0
2023-07-28 10:51:12,5253.4,102084,1,5232.18,31640,41167,0.7266800881986317,0
2023-07-28 10:51:12,5253.4,102084,1,5232.18,31630,41170,0.7266800881986317,0
2023-07-28 10:51:12,5253.4,102084,1,5232.18,31630,41190,0.7266800881986317,0
2023-07-28 10:51:12,5253.35,102084,10,5232.18,31630,41190,0.7257214073435023,0
2023-07-28 10:51:15,5253.35,102094,10,5232.18,31717,41164,0.7257214073435023,0
2023-07-28 10:51:17,5252.5,102097,1,5232.18,31684,41108,0.7094238328060589,0
2023-07-28 10:51:17,5252.5,102097,1,5232.18,31693,41094,0.7094238328060589,0
2023-07-28 10:51:20,5251.0,102205,63,5232.2,31876,40961,0.6806634071517592,0
2023-07-28 10:51:20,5251.0,102205,63,5232.2,31858,40961,0.6806634071517592,0
2023-07-28 10:51:20,5251.0,102205,63,5232.2,31880,40968,0.6806634071517592,0
2023-07-28 10:51:20,5251.0,102205,63,5232.2,31837,40968,0.6806634071517592,0
2023-07-28 10:51:20,5251.0,102205,63,5232.2,31894,41508,0.6806634071517592,0
2023-07-28 10:51:20,5252.5,102205,11,5232.2,31894,41508,0.7094238328060589,0
2023-07-28 10:51:25,5252.5,102225,11,5232.21,31928,41430,0.7094238328060589,0
2023-07-28 10:51:25,5252.5,102225,11,5232.21,31938,41430,0.7094238328060589,0
2023-07-28 10:51:25,5252.5,102225,11,5232.21,31919,41442,0.7094238328060589,0
2023-07-28 10:51:25,5252.5,102225,11,5232.21,31940,41442,0.7094238328060589,0
2023-07-28 10:51:25,5252.5,102225,11,5232.21,31955,41455,0.7094238328060589,0
2023-07-28 10:51:30,5251.9,102238,12,5232.21,31305,41476,0.697919662544332,0
2023-07-28 10:51:31,5251.95,102239,1,5232.21,31931,41423,0.6988783433994789,0
2023-07-28 10:51:31,5251.95,102240,1,5232.21,31966,41326,0.6988783433994789,0
2023-07-28 10:51:31,5251.95,102240,1,5232.21,31966,41326,0.6988783433994789,0
2023-07-28 10:51:31,5251.95,102240,1,5232.21,31968,41326,0.6988783433994789,0
2023-07-28 10:51:31,5251.95,102240,1,5232.21,31960,41327,0.6988783433994789,0
2023-07-28 10:51:36,5251.7,102244,4,5232.21,31977,41327,0.6940849391237622,0
2023-07-28 10:51:36,5251.7,102244,4,5232.21,31998,41334,0.6940849391237622,0
2023-07-28 10:51:36,5251.7,102244,4,5232.21,31857,41429,0.6940849391237622,0
2023-07-28 10:51:36,5251.95,102244,8,5232.21,31857,41429,0.6988783433994789,0
2023-07-28 10:51:39,5251.95,102344,92,5232.23,32061,41312,0.6988783433994789,0
2023-07-28 10:51:40,5251.95,102346,2,5232.23,32121,41312,0.6988783433994789,0
2023-07-28 10:51:40,5253.3,102346,3,5232.23,32036,41312,0.7247627264883555,0
2023-07-28 10:51:42,5253.3,102350,3,5232.23,32030,41410,0.7247627264883555,0
2023-07-28 10:51:42,5253.3,102350,3,5232.23,32032,41419,0.7247627264883555,0
2023-07-28 10:51:42,5253.3,102350,3,5232.23,32030,41426,0.7247627264883555,0
2023-07-28 10:51:45,5253.75,102354,4,5232.23,32062,41395,0.7333908541846419,0
2023-07-28 10:51:45,5253.0,102354,2,5232.23,32062,41395,0.719010641357492,0
2023-07-28 10:51:47,5253.0,102356,2,5232.23,32101,41430,0.719010641357492,0
2023-07-28 10:51:47,5253.0,102356,2,5232.23,32100,41416,0.719010641357492,0
2023-07-28 10:51:47,5253.9,102356,1,5232.23,32100,41416,0.736266896750065,0
2023-07-28 10:51:51,5253.0,102388,12,5232.24,32081,41406,0.719010641357492,0
2023-07-28 10:51:51,5253.0,102388,12,5232.24,32082,41407,0.719010641357492,0
2023-07-28 10:51:51,5253.0,102388,2,5232.24,32082,41407,0.719010641357492,0
2023-07-28 10:51:53,5253.0,102390,2,5232.24,32010,41407,0.719010641357492,0
2023-07-28 10:51:55,5253.9,102391,1,5232.24,32062,41406,0.736266896750065,0
2023-07-28 10:51:55,5253.0,102401,2,5232.24,32030,41490,0.719010641357492,0
2023-07-28 10:51:57,5252.0,102405,4,5232.24,32026,41501,0.6998370242546257,0
2023-07-28 10:51:57,5252.0,102405,4,5232.24,32027,41515,0.6998370242546257,0
2023-07-28 10:51:58,5253.0,102407,2,5232.24,32029,41391,0.719010641357492,0
2023-07-28 10:52:00,5252.0,102418,1,5232.24,31989,41492,0.6998370242546257,0
2023-07-28 10:52:00,5252.0,102418,1,5232.24,31989,41492,0.6998370242546257,0
2023-07-28 10:52:00,5252.0,102418,1,5232.24,31902,41492,0.6998370242546257,0
2023-07-28 10:52:01,5253.0,102419,1,5232.24,31901,41554,0.719010641357492,0
2023-07-28 10:52:01,5253.0,102419,1,5232.24,31901,41595,0.719010641357492,0
2023-07-28 10:52:01,5253.0,102419,1,5232.24,31902,41595,0.719010641357492,0
2023-07-28 10:52:05,5253.0,102431,12,5232.25,31900,41580,0.719010641357492,0
2023-07-28 10:52:05,5253.0,102431,12,5232.25,31894,41608,0.719010641357492,0
2023-07-28 10:52:05,5252.55,102431,1,5232.25,31894,41608,0.7103825136612056,0
2023-07-28 10:52:10,5252.55,102437,3,5232.25,31892,41640,0.7103825136612056,0
2023-07-28 10:52:10,5253.0,102437,1,5232.25,31892,41640,0.719010641357492,0
2023-07-28 10:52:10,5252.55,102437,3,5232.25,31892,41640,0.7103825136612056,0
2023-07-28 10:52:14,5252.55,102441,3,5232.25,31889,41611,0.7103825136612056,0
2023-07-28 10:52:14,5253.0,102441,2,5232.25,31889,41611,0.719010641357492,0
2023-07-28 10:52:16,5253.0,102517,2,5232.26,31891,41568,0.719010641357492,0
2023-07-28 10:52:16,5253.9,102517,1,5232.26,31891,41568,0.736266896750065,0
2023-07-28 10:52:16,5253.9,102517,4,5232.26,31891,41568,0.736266896750065,0
2023-07-28 10:52:20,5253.9,102535,4,5232.27,31910,41511,0.736266896750065,0
2023-07-28 10:52:20,5252.55,102535,1,5232.27,31910,41511,0.7103825136612056,0
2023-07-28 10:52:23,5252.55,102572,1,5232.27,31878,41532,0.7103825136612056,0
2023-07-28 10:52:23,5252.55,102572,4,5232.27,31878,41532,0.7103825136612056,0
2023-07-28 10:52:26,5252.55,102578,2,5232.28,31895,41555,0.7103825136612056,0
2023-07-28 10:52:26,5252.55,102578,2,5232.28,31904,41557,0.7103825136612056,0
2023-07-28 10:52:26,5252.0,102578,8,5232.28,31904,41557,0.6998370242546257,0
2023-07-28 10:52:30,5252.0,102591,8,5232.28,31904,41572,0.6998370242546257,0
2023-07-28 10:52:30,5252.35,102591,1,5232.28,31904,41572,0.7065477902406359,0
2023-07-28 10:52:30,5252.55,102591,10,5232.28,31904,41572,0.7103825136612056,0
2023-07-28 10:52:33,5252.6,102625,3,5232.28,31898,41546,0.7113411945163525,0
2023-07-28 10:52:33,5252.6,102625,1,5232.28,31898,41546,0.7113411945163525,0
2023-07-28 10:52:35,5252.6,102626,5,5232.29,31909,41527,0.7113411945163525,0
2023-07-28 10:52:35,5252.6,102626,9,5232.29,31909,41527,0.7113411945163525,0
2023-07-28 10:52:38,5252.65,102640,7,5232.29,31918,41546,0.7122998753714819,0
2023-07-28 10:52:38,5250.1,102640,2,5232.29,31918,41546,0.6634071517591863,0
2023-07-28 10:52:38,5252.6,102640,1,5232.29,31918,41546,0.7113411945163525,0
2023-07-28 10:52:40,5252.6,102822,1,5232.32,31822,41505,0.7113411945163525,0
2023-07-28 10:52:40,5253.0,102822,7,5232.32,31859,41520,0.719010641357492,0
2023-07-28 10:52:44,5253.0,102829,50,5232.32,31879,41627,0.719010641357492,0
2023-07-28 10:52:44,5253.0,102829,1,5232.32,31879,41627,0.719010641357492,0
2023-07-28 10:52:49,5252.6,102930,5,5232.34,31707,41543,0.7113411945163525,0
2023-07-28 10:52:49,5252.6,102930,3,5232.34,31707,41543,0.7113411945163525,0
2023-07-28 10:52:49,5253.0,102930,25,5232.34,31707,41543,0.719010641357492,0
2023-07-28 10:52:52,5253.0,102962,4,5232.35,31721,41014,0.719010641357492,0
2023-07-28 10:52:52,5252.6,102962,1,5232.35,31721,41014,0.7113411945163525,0
2023-07-28 10:52:52,5252.6,102965,1,5232.35,31661,41507,0.7113411945163525,0
2023-07-28 10:52:52,5252.6,102965,1,5232.35,31658,41520,0.7113411945163525,0
2023-07-28 10:53:00,5252.6,102968,1,5232.35,31657,41502,0.7113411945163525,0
2023-07-28 10:53:00,5252.6,102968,1,5232.35,31673,41501,0.7113411945163525,0
2023-07-28 10:53:00,5253.0,102968,12,5232.35,31673,41501,0.719010641357492,0
2023-07-28 10:53:05,5253.0,102980,12,5232.35,31694,41529,0.719010641357492,0
2023-07-28 10:53:05,5252.85,102980,1,5232.35,31694,41529,0.7161345987920691,0
2023-07-28 10:53:07,5252.85,102981,1,5232.35,31748,41488,0.7161345987920691,0
2023-07-28 10:53:07,5252.85,102981,3,5232.35,31748,41488,0.7161345987920691,0
2023-07-28 10:53:07,5252.85,102981,4,5232.35,31748,41488,0.7161345987920691,0
2023-07-28 10:53:11,5252.85,102988,4,5232.36,31742,41485,0.7161345987920691,0
2023-07-28 10:53:11,5253.0,102988,10,5232.36,31742,41485,0.719010641357492,0
2023-07-28 10:53:14,5253.0,102998,13,5232.36,31743,41479,0.719010641357492,0
2023-07-28 10:53:15,5253.0,103011,13,5232.36,31719,41557,0.719010641357492,0
2023-07-28 10:53:20,5252.85,103013,2,5232.36,31739,41847,0.7161345987920691,0
2023-07-28 10:53:20,5252.85,103013,2,5232.36,31739,41847,0.7161345987920691,0
2023-07-28 10:53:20,5252.6,103013,5,5232.36,31739,41847,0.7113411945163525,0
2023-07-28 10:53:20,5252.6,103013,5,5232.36,31739,41847,0.7113411945163525,0
2023-07-28 10:53:22,5252.6,103055,2,5232.37,31696,41929,0.7113411945163525,0
2023-07-28 10:53:22,5253.9,103055,13,5232.37,31696,41929,0.736266896750065,0
2023-07-28 10:53:22,5253.9,103055,13,5232.37,31696,41929,0.736266896750065,0
2023-07-28 10:53:22,5253.9,103055,13,5232.37,31696,41929,0.736266896750065,0
2023-07-28 10:53:23,5253.9,103658,13,5232.49,32214,41204,0.736266896750065,0
2023-07-28 10:53:23,5253.9,103658,13,5232.49,32214,41204,0.736266896750065,0
2023-07-28 10:53:28,5254.0,103682,2,5232.49,32224,41250,0.7381842584603585,0
2023-07-28 10:53:28,5252.7,103682,3,5232.49,32224,41250,0.7132585562266287,0
2023-07-28 10:53:30,5254.0,103691,3,5232.49,30948,41292,0.7381842584603585,0
2023-07-28 10:53:30,5253.4,103691,6,5232.49,30948,41292,0.7266800881986317,0
2023-07-28 10:53:31,5253.4,103701,6,5232.5,31518,41288,0.7266800881986317,0
2023-07-28 10:53:31,5254.0,103701,1,5232.5,31518,41288,0.7381842584603585,0
2023-07-28 10:53:35,5254.0,103702,1,5232.5,32110,41335,0.7381842584603585,0
2023-07-28 10:53:35,5254.0,103702,1,5232.5,32089,41335,0.7381842584603585,0
2023-07-28 10:53:35,5253.4,103702,2,5232.5,32089,41335,0.7266800881986317,0
2023-07-28 10:53:40,5253.4,103704,2,5232.5,32004,41330,0.7266800881986317,0
2023-07-28 10:53:40,5252.65,103704,1,5232.5,32004,41330,0.7122998753714819,0
2023-07-28 10:53:42,5252.65,103714,1,5232.5,31963,41335,0.7122998753714819,0
2023-07-28 10:53:42,5252.65,103714,1,5232.5,31969,41382,0.7122998753714819,0
2023-07-28 10:53:42,5254.0,103714,1,5232.5,31969,41382,0.7381842584603585,0
2023-07-28 10:53:49,5254.0,103718,1,5232.5,31983,41391,0.7381842584603585,0
2023-07-28 10:53:49,5254.0,103718,1,5232.5,31983,41391,0.7381842584603585,0
2023-07-28 10:53:50,5254.0,103728,39,5232.5,32001,41391,0.7381842584603585,0
2023-07-28 10:53:50,5254.9,103728,6,5232.5,32001,41391,0.7554405138529314,0
2023-07-28 10:53:54,5254.9,103773,6,5232.51,32056,41506,0.7554405138529314,0
2023-07-28 10:53:54,5254.9,103773,3,5232.51,32056,41506,0.7554405138529314,0
2023-07-28 10:53:58,5254.9,103776,3,5232.51,32061,41486,0.7554405138529314,0
2023-07-28 10:53:58,5253.8,103776,2,5232.51,32061,41486,0.7343495350397887,0
2023-07-28 10:54:00,5253.8,103778,2,5232.51,31934,41510,0.7343495350397887,0
2023-07-28 10:54:00,5253.75,103778,6,5232.51,31934,41510,0.7333908541846419,0
2023-07-28 10:54:03,5253.75,103815,6,5232.52,31911,41480,0.7333908541846419,0
2023-07-28 10:54:03,5253.75,103815,6,5232.52,31907,41592,0.7333908541846419,0
2023-07-28 10:54:03,5253.4,103815,1,5232.52,31907,41592,0.7266800881986317,0
2023-07-28 10:54:03,5254.8,103815,2,5232.52,31907,41592,0.7535231521426552,0
2023-07-28 10:54:10,5253.4,103823,2,5232.52,31887,41631,0.7266800881986317,0
2023-07-28 10:54:10,5254.85,103823,28,5232.52,31887,41631,0.754481832997802,0
2023-07-28 10:54:10,5254.8,103823,5,5232.52,31887,41631,0.7535231521426552,0
2023-07-28 10:54:11,5254.8,103928,5,5232.54,31942,41663,0.7535231521426552,0
2023-07-28 10:54:11,5254.8,103928,5,5232.54,31810,41737,0.7535231521426552,0
2023-07-28 10:54:11,5254.7,103928,3,5232.54,31810,41737,0.7516057904323615,0
2023-07-28 10:54:11,5254.8,103928,8,5232.54,31810,41737,0.7535231521426552,0
2023-07-28 10:54:16,5254.8,103939,8,5232.55,31833,41737,0.7535231521426552,0
2023-07-28 10:54:16,5253.4,103939,2,5232.55,31833,41737,0.7266800881986317,0
2023-07-28 10:54:20,5253.75,103977,2,5232.55,31824,41630,0.7333908541846419,0
2023-07-28 10:54:20,5253.75,103977,2,5232.55,31824,41630,0.7333908541846419,0
2023-07-28 10:54:20,5254.15,103977,10,5232.55,31824,41630,0.7410603010257816,0
2023-07-28 10:54:22,5254.9,103988,1,5232.56,31719,41652,0.7554405138529314,0
2023-07-28 10:54:22,5254.85,103988,1,5232.56,31719,41652,0.754481832997802,0
2023-07-28 10:54:25,5254.85,103990,1,5232.56,31860,40993,0.754481832997802,0
2023-07-28 10:54:25,5254.15,103990,4,5232.56,31860,40993,0.7410603010257816,0
2023-07-28 10:54:27,5254.15,103994,4,5232.56,31854,41638,0.7410603010257816,0
2023-07-28 10:54:27,5254.15,103994,4,5232.56,31854,41638,0.7410603010257816,0
2023-07-28 10:54:30,5254.15,103998,4,5232.56,31870,41630,0.7410603010257816,0
2023-07-28 10:54:30,5254.15,103998,4,5232.56,31877,41620,0.7410603010257816,0
2023-07-28 10:54:30,5254.9,103998,4,5232.56,31877,41620,0.7554405138529314,0
2023-07-28 10:54:35,5254.9,104012,4,5232.56,31855,41708,0.7554405138529314,0
2023-07-28 10:54:35,5254.6,104012,5,5232.56,31855,41708,0.7496884287220854,0
2023-07-28 10:54:35,5254.9,104012,1,5232.56,31855,41708,0.7554405138529314,0
2023-07-28 10:54:35,5254.6,104012,1,5232.56,31855,41708,0.7496884287220854,0
2023-07-28 10:54:40,5254.6,104030,1,5232.57,31843,41857,0.7496884287220854,0
2023-07-28 10:54:40,5254.15,104030,1,5232.57,31843,41857,0.7410603010257816,0
2023-07-28 10:54:43,5254.15,104035,1,5232.57,31833,41873,0.7410603010257816,0
2023-07-28 10:54:43,5254.9,104035,2,5232.57,31833,41873,0.7554405138529314,0
2023-07-28 10:54:47,5254.9,104048,2,5232.57,31838,41847,0.7554405138529314,0
2023-07-28 10:54:47,5254.9,104048,2,5232.57,31838,41847,0.7554405138529314,0
2023-07-28 10:54:47,5254.6,104048,1,5232.57,31838,41847,0.7496884287220854,0
2023-07-28 10:54:47,5254.9,104048,6,5232.57,31838,41847,0.7554405138529314,0
2023-07-28 10:54:47,5254.9,104048,3,5232.57,31838,41847,0.7554405138529314,0
2023-07-28 10:54:52,5254.6,104074,2,5232.58,31870,41967,0.7496884287220854,0
2023-07-28 10:54:52,5254.6,104074,2,5232.58,31876,41941,0.7496884287220854,0
2023-07-28 10:54:52,5254.6,104074,2,5232.58,32258,42042,0.7496884287220854,0
2023-07-28 10:54:52,5254.9,104074,1,5232.58,32258,42042,0.7554405138529314,0
2023-07-28 10:55:00,5254.6,104077,2,5232.58,32290,42285,0.7496884287220854,0
2023-07-28 10:55:00,5254.9,104077,26,5232.58,32290,42285,0.7554405138529314,0
2023-07-28 10:55:01,5254.9,104103,26,5232.58,32326,42289,0.7554405138529314,0
2023-07-28 10:55:05,5254.9,104118,1,5232.58,32330,42431,0.7554405138529314,0
2023-07-28 10:55:05,5254.9,104118,1,5232.58,32331,42431,0.7554405138529314,0
2023-07-28 10:55:05,5254.9,104118,1,5232.58,32334,42427,0.7554405138529314,0
2023-07-28 10:55:05,5254.9,104118,1,5232.58,32340,42417,0.7554405138529314,0
2023-07-28 10:55:10,5254.9,104121,1,5232.59,32345,42424,0.7554405138529314,0
2023-07-28 10:55:10,5254.9,104121,1,5232.59,32352,42415,0.7554405138529314,0
2023-07-28 10:55:10,5255.0,104121,1,5232.59,32352,42415,0.757357875563225,0
2023-07-28 10:55:10,5254.9,104121,2,5232.59,32352,42415,0.7554405138529314,0
2023-07-28 10:55:13,5254.9,104126,2,5232.59,32386,42406,0.7554405138529314,0
2023-07-28 10:55:13,5255.0,104126,1,5232.59,32387,42406,0.757357875563225,0
2023-07-28 10:55:15,5255.0,104139,1,5232.59,32317,42417,0.757357875563225,0
2023-07-28 10:55:15,5254.95,104139,1,5232.59,32317,42417,0.7563991947080781,0
2023-07-28 10:55:17,5254.95,104140,1,5232.59,32394,42424,0.7563991947080781,0
2023-07-28 10:55:17,5254.95,104140,1,5232.59,32476,42424,0.7563991947080781,0
2023-07-28 10:55:17,5255.0,104140,1,5232.59,32514,42426,0.757357875563225,0
2023-07-28 10:55:20,5254.95,104143,1,5232.59,31863,42423,0.7563991947080781,0
2023-07-28 10:55:20,5254.95,104143,1,5232.59,31770,42478,0.7563991947080781,0
2023-07-28 10:55:20,5254.95,104143,1,5232.59,32414,42470,0.7563991947080781,0
2023-07-28 10:55:24,5254.95,104146,3,5232.59,31765,42440,0.7563991947080781,0
2023-07-28 10:55:24,5254.95,104146,3,5232.59,32390,42439,0.7563991947080781,0
2023-07-28 10:55:26,5255.0,104147,1,5232.59,32313,42472,0.757357875563225,0
2023-07-28 10:55:26,5255.0,104147,1,5232.59,32389,42447,0.757357875563225,0
2023-07-28 10:55:26,5255.0,104147,1,5232.59,32391,42447,0.757357875563225,0
2023-07-28 10:55:29,5255.0,104159,10,5232.59,32378,42430,0.757357875563225,0
2023-07-28 10:55:29,5255.0,104159,10,5232.59,32378,42430,0.757357875563225,0
2023-07-28 10:55:30,5255.0,104175,2,5232.6,32362,42418,0.757357875563225,0
2023-07-28 10:55:30,5255.0,104175,2,5232.6,32361,42427,0.757357875563225,0
2023-07-28 10:55:30,5255.0,104175,2,5232.6,32400,42427,0.757357875563225,0
2023-07-28 10:55:30,5255.0,104175,2,5232.6,32400,42489,0.757357875563225,0
2023-07-28 10:55:34,5255.0,104178,1,5232.6,31851,42563,0.757357875563225,0
2023-07-28 10:55:35,5255.0,104187,4,5232.6,32477,42563,0.757357875563225,0
2023-07-28 10:55:37,5255.0,104198,1,5232.6,32654,42546,0.757357875563225,0
2023-07-28 10:55:37,5254.95,104199,1,5232.6,32656,42545,0.7563991947080781,0
2023-07-28 10:55:38,5254.95,104200,1,5232.6,32499,42549,0.7563991947080781,0
2023-07-28 10:55:40,5254.95,104202,2,5232.6,32535,42550,0.7563991947080781,0
2023-07-28 10:55:40,5254.95,104202,2,5232.6,32497,42567,0.7563991947080781,0
2023-07-28 10:55:43,5255.0,104212,10,5232.61,32492,42657,0.757357875563225,0
2023-07-28 10:55:43,5254.8,104212,15,5232.61,32492,42657,0.7535231521426552,0
2023-07-28 10:55:43,5254.8,104326,15,5232.63,32543,42832,0.7535231521426552,0
2023-07-28 10:55:43,5252.0,104326,5,5232.63,32543,42832,0.6998370242546257,0
2023-07-28 10:55:45,5252.0,104512,5,5232.67,32237,42795,0.6998370242546257,0
2023-07-28 10:55:45,5252.0,104512,5,5232.67,32300,42809,0.6998370242546257,0
2023-07-28 10:55:47,5252.75,104516,4,5232.67,32169,42786,0.7142172370817754,0
2023-07-28 10:55:47,5252.75,104516,4,5232.67,32192,42873,0.7142172370817754,0
2023-07-28 10:55:47,5252.75,104516,4,5232.67,32319,42751,0.7142172370817754,0
2023-07-28 10:55:47,5251.45,104516,1,5232.67,32319,42751,0.6892915348480456,0
2023-07-28 10:55:50,5251.45,104549,1,5232.67,31611,42173,0.6892915348480456,0
2023-07-28 10:55:50,5253.6,104549,6,5232.67,31611,42173,0.7305148116192189,0
2023-07-28 10:55:51,5253.6,104555,6,5232.68,32205,42850,0.7305148116192189,0
2023-07-28 10:55:51,5253.6,104555,6,5232.68,32254,42797,0.7305148116192189,0
2023-07-28 10:55:51,5253.6,104555,6,5232.68,32272,42800,0.7305148116192189,0
2023-07-28 10:55:51,5253.6,104555,6,5232.68,32288,42813,0.7305148116192189,0
2023-07-28 10:55:51,5254.45,104555,6,5232.68,32288,42813,0.7468123861566449,0
2023-07-28 10:55:55,5254.45,104566,6,5232.68,32416,42814,0.7468123861566449,0
2023-07-28 10:55:55,5254.65,104566,7,5232.68,32422,42857,0.7506471095772148,0
2023-07-28 10:55:58,5254.65,104573,7,5232.68,32444,42558,0.7506471095772148,0
2023-07-28 10:55:58,5253.15,104573,1,5232.68,32444,42558,0.7218866839229151,0
2023-07-28 10:56:00,5253.15,104575,3,5232.68,32452,42871,0.7218866839229151,0
2023-07-28 10:56:01,5253.15,104595,3,5232.68,32367,42998,0.7218866839229151,0
2023-07-28 10:56:01,5252.0,104595,4,5232.68,32373,42999,0.6998370242546257,0
2023-07-28 10:56:02,5252.0,104599,4,5232.68,32378,43013,0.6998370242546257,0
2023-07-28 10:56:02,5252.0,104599,4,5232.68,32383,43026,0.6998370242546257,0
2023-07-28 10:56:02,5252.0,104599,3,5232.68,32383,43026,0.6998370242546257,0
2023-07-28 10:56:05,5252.0,104604,3,5232.69,32404,43083,0.6998370242546257,0
2023-07-28 10:56:06,5254.45,104644,1,5232.69,32394,43001,0.7468123861566449,0
2023-07-28 10:56:06,5254.45,104644,3,5232.69,32394,43011,0.7468123861566449,0
2023-07-28 10:56:09,5254.45,104647,3,5232.69,32394,43208,0.7468123861566449,0
2023-07-28 10:56:09,5252.0,104647,3,5232.69,32394,43208,0.6998370242546257,0
2023-07-28 10:56:10,5252.0,104650,3,5232.7,32401,43208,0.6998370242546257,0
2023-07-28 10:56:10,5254.25,104650,7,5232.7,32401,43208,0.7429776627360751,0
2023-07-28 10:56:11,5254.25,104657,7,5232.7,32421,43241,0.7429776627360751,0
2023-07-28 10:56:11,5254.25,104657,7,5232.7,32422,43207,0.7429776627360751,0
2023-07-28 10:56:11,5254.25,104657,7,5232.7,32423,43208,0.7429776627360751,0
2023-07-28 10:56:11,5254.25,104657,7,5232.7,32240,43178,0.7429776627360751,0
2023-07-28 10:56:16,5254.4,104659,2,5232.7,32265,43091,0.7458537053014982,0
2023-07-28 10:56:16,5254.4,104659,2,5232.7,32264,43038,0.7458537053014982,0
2023-07-28 10:56:16,5254.4,104659,2,5232.7,32264,43141,0.7458537053014982,0
2023-07-28 10:56:19,5254.25,104684,5,5232.7,31594,43167,0.7429776627360751,0
2023-07-28 10:56:20,5254.25,104686,2,5232.7,32222,43178,0.7429776627360751,0
2023-07-28 10:56:20,5254.25,104686,2,5232.7,32222,43178,0.7429776627360751,0
2023-07-28 10:56:21,5254.25,104689,3,5232.7,32219,43179,0.7429776627360751,0
2023-07-28 10:56:21,5254.25,104689,1,5232.7,32219,43179,0.7429776627360751,0
2023-07-28 10:56:22,5254.25,104690,1,5232.7,32223,43173,0.7429776627360751,0
2023-07-28 10:56:22,5254.25,104690,1,5232.7,32223,43173,0.7429776627360751,0
2023-07-28 10:56:22,5254.25,104690,1,5232.7,31598,43150,0.7429776627360751,0
2023-07-28 10:56:22,5254.25,104690,1,5232.7,31598,43150,0.7429776627360751,0
2023-07-28 10:56:22,5254.25,104690,1,5232.7,32224,43182,0.7429776627360751,0
2023-07-28 10:56:22,5254.25,104690,1,5232.7,32228,43182,0.7429776627360751,0
2023-07-28 10:56:22,5254.25,104690,1,5232.7,32228,43182,0.7429776627360751,0
2023-07-28 10:56:22,5254.25,104690,1,5232.7,32198,43185,0.7429776627360751,0
2023-07-28 10:56:22,5254.25,104690,1,5232.7,32249,42963,0.7429776627360751,0
2023-07-28 10:56:22,5254.25,104690,1,5232.7,32275,43059,0.7429776627360751,0
2023-07-28 10:56:29,5254.2,104756,2,5232.72,32160,43650,0.7420189818809283,0
2023-07-28 10:56:29,5252.25,104756,3,5232.72,32160,43650,0.7046304285303423,0
2023-07-28 10:56:30,5252.25,104759,3,5232.72,32131,43401,0.7046304285303423,0
2023-07-28 10:56:30,5252.25,104759,3,5232.72,32165,43351,0.7046304285303423,0
2023-07-28 10:56:30,5252.25,104759,3,5232.72,32131,43387,0.7046304285303423,0
2023-07-28 10:56:30,5254.4,104759,7,5232.72,32157,43350,0.7458537053014982,0
2023-07-28 10:56:35,5254.4,104771,7,5232.72,32177,43356,0.7458537053014982,0
2023-07-28 10:56:35,5253.35,104771,1,5232.72,32177,43356,0.7257214073435023,0
2023-07-28 10:56:37,5253.35,104781,1,5232.72,32167,43354,0.7257214073435023,0
2023-07-28 10:56:37,5253.35,104781,1,5232.72,32168,43382,0.7257214073435023,0
2023-07-28 10:56:37,5253.35,104781,3,5232.72,32166,43385,0.7257214073435023,0
2023-07-28 10:56:40,5253.35,104788,1,5232.72,32136,43523,0.7257214073435023,0
2023-07-28 10:56:40,5253.35,104788,1,5232.72,32136,43523,0.7257214073435023,0
2023-07-28 10:56:41,5252.0,104801,3,5232.73,32099,43813,0.6998370242546257,0
2023-07-28 10:56:43,5252.0,104834,3,5232.73,31958,43280,0.6998370242546257,0
2023-07-28 10:56:43,5252.0,104834,3,5232.73,32142,43286,0.6998370242546257,0
2023-07-28 10:56:43,5252.0,104834,3,5232.73,32147,43551,0.6998370242546257,0
2023-07-28 10:56:43,5252.0,104834,3,5232.73,31521,43301,0.6998370242546257,0
2023-07-28 10:56:43,5252.0,104834,3,5232.73,31905,43578,0.6998370242546257,0
2023-07-28 10:56:43,5252.0,104834,3,5232.73,31387,43255,0.6998370242546257,0
2023-07-28 10:56:43,5250.75,104834,3,5232.73,31387,43255,0.6758700028760426,0
2023-07-28 10:56:50,5251.4,104847,10,5232.73,32003,43466,0.6883328539928988,0
2023-07-28 10:56:50,5251.4,104847,10,5232.73,31956,43180,0.6883328539928988,0
2023-07-28 10:56:50,5249.05,104847,6,5232.73,31956,43180,0.6432748538011731,0
2023-07-28 10:56:50,5251.35,104847,4,5232.73,31956,43180,0.6873741731377694,0
2023-07-28 10:56:52,5251.35,104901,4,5232.74,31893,43228,0.6873741731377694,0
2023-07-28 10:56:52,5251.35,104901,4,5232.74,32059,43838,0.6873741731377694,0
2023-07-28 10:56:52,5251.35,104901,4,5232.74,32177,43864,0.6873741731377694,0
2023-07-28 10:56:52,5251.35,104901,4,5232.74,32393,43818,0.6873741731377694,0
2023-07-28 10:56:52,5251.35,104901,4,5232.74,32397,43830,0.6873741731377694,0
2023-07-28 10:56:59,5249.15,104904,3,5232.74,31620,43809,0.6451922155114492,0
2023-07-28 10:56:59,5249.15,104904,2,5232.74,31620,43809,0.6451922155114492,0
2023-07-28 10:57:00,5251.4,104906,3,5232.74,31618,43769,0.6883328539928988,0
2023-07-28 10:57:00,5251.4,104910,3,5232.74,32257,43776,0.6883328539928988,0
2023-07-28 10:57:00,5251.4,104910,3,5232.74,32255,43536,0.6883328539928988,0
2023-07-28 10:57:03,5251.4,104911,1,5232.74,32268,43799,0.6883328539928988,0
2023-07-28 10:57:03,5251.65,104911,5,5232.74,32286,43789,0.6931262582686154,0
2023-07-28 10:57:05,5251.65,104923,5,5232.75,32365,43819,0.6931262582686154,0
2023-07-28 10:57:05,5252.75,104923,1,5232.75,32365,43819,0.7142172370817754,0
2023-07-28 10:57:06,5252.75,104934,1,5232.75,31696,43582,0.7142172370817754,0
2023-07-28 10:57:06,5252.75,104934,1,5232.75,32362,43693,0.7142172370817754,0
2023-07-28 10:57:06,5250.4,104934,2,5232.75,32351,43701,0.6691592368900323,0
2023-07-28 10:57:10,5250.4,104937,2,5232.75,32473,43640,0.6691592368900323,0
2023-07-28 10:57:10,5250.4,104937,2,5232.75,32462,43630,0.6691592368900323,0
2023-07-28 10:57:10,5250.4,104937,2,5232.75,32462,43653,0.6691592368900323,0
2023-07-28 10:57:10,5250.4,104937,2,5232.75,32478,43672,0.6691592368900323,0
2023-07-28 10:57:10,5250.4,104937,2,5232.75,31679,43614,0.6691592368900323,0
2023-07-28 10:57:10,5250.4,104937,2,5232.75,32291,43704,0.6691592368900323,0
2023-07-28 10:57:10,5252.0,104937,17,5232.75,32291,43704,0.6998370242546257,0
2023-07-28 10:57:18,5250.95,104996,2,5232.76,32407,43663,0.6797047262966124,0
2023-07-28 10:57:18,5250.95,104996,2,5232.76,32380,43674,0.6797047262966124,0
2023-07-28 10:57:18,5250.95,104996,2,5232.76,32380,43674,0.6797047262966124,0
2023-07-28 10:57:20,5252.35,105009,4,5232.76,32209,43664,0.7065477902406359,0
2023-07-28 10:57:20,5252.35,105009,4,5232.76,32221,43659,0.7065477902406359,0
2023-07-28 10:57:20,5252.35,105009,4,5232.76,32233,43691,0.7065477902406359,0
2023-07-28 10:57:20,5252.35,105009,4,5232.76,32232,43702,0.7065477902406359,0
2023-07-28 10:57:20,5250.95,105009,1,5232.76,32232,43702,0.6797047262966124,0
2023-07-28 10:57:25,5252.35,105029,4,5232.77,32230,43674,0.7065477902406359,0
2023-07-28 10:57:25,5252.35,105029,4,5232.77,32230,43674,0.7065477902406359,0
2023-07-28 10:57:25,5252.35,105029,4,5232.77,32261,43399,0.7065477902406359,0
2023-07-28 10:57:25,5250.4,105029,2,5232.77,32261,43399,0.6691592368900323,0
2023-07-28 10:57:27,5248.9,105044,23,5232.77,32312,43738,0.6403988112357326,0
2023-07-28 10:57:28,5248.9,105099,23,5232.78,32208,43704,0.6403988112357326,0
2023-07-28 10:57:28,5248.9,105099,23,5232.78,32282,43744,0.6403988112357326,0
2023-07-28 10:57:28,5248.3,105099,3,5232.78,32282,43744,0.6288946409740233,0
2023-07-28 10:57:30,5248.3,105102,3,5232.78,31634,43419,0.6288946409740233,0
2023-07-28 10:57:30,5248.3,105102,3,5232.78,32581,43682,0.6288946409740233,0
2023-07-28 10:57:30,5249.75,105102,1,5232.78,32581,43682,0.6566963857731761,0
2023-07-28 10:57:32,5249.75,105103,1,5232.78,32599,43710,0.6566963857731761,0
2023-07-28 10:57:32,5251.45,105103,5,5232.78,32657,43712,0.6892915348480456,0
2023-07-28 10:57:35,5251.7,105108,2,5232.78,32528,43699,0.6940849391237622,0
2023-07-28 10:57:37,5251.25,105128,14,5232.78,32549,43801,0.6854568114274758,0
2023-07-28 10:57:37,5251.25,105128,14,5232.78,31925,43793,0.6854568114274758,0
2023-07-28 10:57:37,5249.75,105128,1,5232.78,31925,43793,0.6566963857731761,0
2023-07-28 10:57:40,5249.75,105130,1,5232.78,31915,43555,0.6566963857731761,0
2023-07-28 10:57:40,5249.75,105130,2,5232.78,31915,43555,0.6566963857731761,0
2023-07-28 10:57:41,5249.75,105133,2,5232.78,32504,43917,0.6566963857731761,0
2023-07-28 10:57:41,5249.75,105133,2,5232.78,32551,43877,0.6566963857731761,0
2023-07-28 10:57:44,5248.25,105145,6,5232.78,32496,43882,0.6279359601188764,0
2023-07-28 10:57:44,5248.25,105145,6,5232.78,32487,43881,0.6279359601188764,0
2023-07-28 10:57:44,5248.25,105145,6,5232.78,32542,43920,0.6279359601188764,0
2023-07-28 10:57:44,5248.25,105145,6,5232.78,32527,43934,0.6279359601188764,0
2023-07-28 10:57:44,5248.25,105145,6,5232.78,32496,43934,0.6279359601188764,0
2023-07-28 10:57:44,5248.25,105145,6,5232.78,32489,43934,0.6279359601188764,0
2023-07-28 10:57:44,5248.25,105145,6,5232.78,32527,43918,0.6279359601188764,0
2023-07-28 10:57:44,5249.55,105145,3,5232.78,32527,43918,0.6528616623526063,0
2023-07-28 10:57:50,5250.65,105158,10,5232.79,32573,43855,0.6739526411657489,0
2023-07-28 10:57:50,5250.65,105158,10,5232.79,32581,43855,0.6739526411657489,0
2023-07-28 10:57:50,5250.65,105158,10,5232.79,32595,43830,0.6739526411657489,0
2023-07-28 10:57:50,5250.65,105158,10,5232.79,32569,43871,0.6739526411657489,0
2023-07-28 10:57:50,5250.65,105158,10,5232.79,32591,43815,0.6739526411657489,0
2023-07-28 10:57:56,5248.25,105161,1,5232.79,32573,43836,0.6279359601188764,0
2023-07-28 10:57:56,5248.25,105161,1,5232.79,32589,43886,0.6279359601188764,0
2023-07-28 10:57:56,5248.25,105161,1,5232.79,32589,43886,0.6279359601188764,0
2023-07-28 10:57:58,5248.25,105163,1,5232.79,32585,43869,0.6279359601188764,0
2023-07-28 10:57:58,5248.25,105163,2,5232.79,32607,43933,0.6279359601188764,0
2023-07-28 10:58:00,5248.25,105165,2,5232.79,32619,43938,0.6279359601188764,0
2023-07-28 10:58:02,5248.0,105285,38,5232.81,32602,43854,0.6231425558431598,0
2023-07-28 10:58:02,5250.95,105285,10,5232.81,32579,43893,0.6797047262966124,0
2023-07-28 10:58:03,5250.95,105295,10,5232.81,32559,43950,0.6797047262966124,0
2023-07-28 10:58:03,5250.95,105295,10,5232.81,32521,43954,0.6797047262966124,0
2023-07-28 10:58:03,5250.95,105295,10,5232.81,32589,43717,0.6797047262966124,0
2023-07-28 10:58:03,5250.95,105295,10,5232.81,32560,43950,0.6797047262966124,0
2023-07-28 10:58:03,5248.15,105295,1,5232.81,32560,43950,0.6260185984085828,0
2023-07-28 10:58:08,5248.15,105296,1,5232.81,32579,44036,0.6260185984085828,0
2023-07-28 10:58:10,5248.15,105299,3,5232.81,32579,44120,0.6260185984085828,0
2023-07-28 10:58:10,5250.45,105301,2,5232.81,32587,44074,0.6701179177451791,0
2023-07-28 10:58:10,5250.45,105301,2,5232.81,32621,44066,0.6701179177451791,0
2023-07-28 10:58:10,5250.45,105301,2,5232.81,32608,44104,0.6701179177451791,0
2023-07-28 10:58:10,5250.45,105301,2,5232.81,32623,44103,0.6701179177451791,0
2023-07-28 10:58:15,5249.25,105304,3,5232.81,32633,44112,0.6471095772217429,0
2023-07-28 10:58:15,5249.25,105304,3,5232.81,32633,44112,0.6471095772217429,0
2023-07-28 10:58:15,5249.25,105304,3,5232.81,32632,44127,0.6471095772217429,0
2023-07-28 10:58:15,5249.25,105304,3,5232.81,32852,43949,0.6471095772217429,0
2023-07-28 10:58:15,5250.5,105304,2,5232.81,32852,43949,0.671076598600326,0
2023-07-28 10:58:18,5250.5,105308,2,5232.81,32833,43802,0.671076598600326,0
2023-07-28 10:58:20,5249.3,105316,1,5232.81,32841,44015,0.6480682580768897,0
2023-07-28 10:58:20,5249.3,105316,1,5232.81,32841,44015,0.6480682580768897,0
2023-07-28 10:58:21,5249.55,105317,1,5232.81,32819,43863,0.6528616623526063,0
2023-07-28 10:58:21,5249.55,105317,1,5232.81,32827,44145,0.6528616623526063,0
2023-07-28 10:58:21,5250.9,105317,1,5232.81,32827,44145,0.6787460454414656,0
2023-07-28 10:58:23,5250.9,105318,1,5232.81,32821,44002,0.6787460454414656,0
2023-07-28 10:58:23,5249.55,105318,1,5232.81,32821,44002,0.6528616623526063,0
2023-07-28 10:58:24,5249.55,105319,1,5232.81,32841,43795,0.6528616623526063,0
2023-07-28 10:58:24,5250.95,105319,7,5232.81,32841,43795,0.6797047262966124,0
2023-07-28 10:58:25,5250.95,105327,7,5232.81,32816,43913,0.6797047262966124,0
2023-07-28 10:58:25,5250.95,105327,7,5232.81,32800,43663,0.6797047262966124,0
2023-07-28 10:58:25,5250.95,105327,7,5232.81,32831,43898,0.6797047262966124,0
2023-07-28 10:58:25,5249.55,105327,3,5232.81,32803,43907,0.6528616623526063,0
2023-07-28 10:58:30,5249.55,105330,3,5232.81,32807,43912,0.6528616623526063,0
2023-07-28 10:58:30,5249.55,105330,3,5232.81,32807,43915,0.6528616623526063,0
2023-07-28 10:58:30,5249.55,105330,3,5232.81,32806,43575,0.6528616623526063,0
2023-07-28 10:58:30,5249.55,105330,3,5232.81,32806,43839,0.6528616623526063,0
2023-07-28 10:58:34,5249.85,105333,1,5232.81,32816,43852,0.6586137474834697,0
2023-07-28 10:58:35,5250.25,105343,3,5232.82,32792,43875,0.6662831943246094,0
2023-07-28 10:58:36,5250.0,105344,1,5232.82,32783,43839,0.6614897900488927,0
2023-07-28 10:58:36,5250.0,105344,1,5232.82,32167,43640,0.6614897900488927,0
2023-07-28 10:58:38,5249.85,105345,1,5232.82,32797,43859,0.6586137474834697,0
2023-07-28 10:58:38,5250.0,105345,1,5232.82,32797,43859,0.6614897900488927,0
2023-07-28 10:58:39,5249.85,105346,1,5232.82,32812,43891,0.6586137474834697,0
2023-07-28 10:58:40,5249.85,105363,1,5232.82,32775,43696,0.6586137474834697,0
2023-07-28 10:58:40,5249.85,105363,1,5232.82,32762,43899,0.6586137474834697,0
2023-07-28 10:58:40,5249.85,105363,1,5232.82,32777,43900,0.6586137474834697,0
2023-07-28 10:58:40,5249.85,105363,1,5232.82,32763,43906,0.6586137474834697,0
2023-07-28 10:58:40,5249.85,105363,1,5232.82,32766,43925,0.6586137474834697,0
2023-07-28 10:58:40,5249.0,105363,10,5232.82,32782,43911,0.6423161729460263,0
2023-07-28 10:58:47,5249.0,105406,10,5232.83,32631,43803,0.6423161729460263,0
2023-07-28 10:58:47,5249.0,105406,10,5232.83,32638,43819,0.6423161729460263,0
2023-07-28 10:58:50,5248.15,105411,1,5232.83,32638,43939,0.6260185984085828,0
2023-07-28 10:58:50,5248.15,105411,1,5232.83,32645,43934,0.6260185984085828,0
2023-07-28 10:58:50,5248.15,105411,1,5232.83,32560,43968,0.6260185984085828,0
2023-07-28 10:58:50,5248.15,105411,1,5232.83,32648,43694,0.6260185984085828,0
2023-07-28 10:58:50,5248.15,105411,2,5232.83,32648,43694,0.6260185984085828,0
2023-07-28 10:58:53,5248.15,105413,2,5232.83,32690,43929,0.6260185984085828,0
2023-07-28 10:58:53,5248.15,105413,2,5232.83,32564,43903,0.6260185984085828,0
2023-07-28 10:58:53,5248.1,105413,1,5232.83,32563,43886,0.6250599175534535,0
2023-07-28 10:58:56,5248.1,105415,1,5232.83,32542,43885,0.6250599175534535,0
2023-07-28 10:58:56,5248.1,105415,1,5232.83,32542,43906,0.6250599175534535,0
2023-07-28 10:58:56,5248.1,105415,1,5232.83,32561,43916,0.6250599175534535,0
2023-07-28 10:58:56,5248.1,105415,1,5232.83,32561,43916,0.6250599175534535,0
2023-07-28 10:59:00,5248.1,105417,1,5232.83,32561,43896,0.6250599175534535,0
2023-07-28 10:59:00,5248.1,105417,1,5232.83,32561,43995,0.6250599175534535,0
2023-07-28 10:59:00,5248.1,105417,1,5232.83,32578,44003,0.6250599175534535,0
2023-07-28 10:59:00,5248.1,105417,1,5232.83,32599,44003,0.6250599175534535,0
2023-07-28 10:59:00,5249.15,105417,4,5232.83,32599,44003,0.6451922155114492,0
2023-07-28 10:59:05,5249.15,105428,4,5232.83,32628,43997,0.6451922155114492,0
2023-07-28 10:59:05,5249.15,105428,4,5232.83,32673,44022,0.6451922155114492,0
2023-07-28 10:59:05,5249.15,105428,4,5232.83,32663,44022,0.6451922155114492,0
2023-07-28 10:59:05,5249.95,105428,3,5232.83,32663,44022,0.6605311091937459,0
2023-07-28 10:59:08,5249.95,105431,3,5232.83,32712,43998,0.6605311091937459,0
2023-07-28 10:59:08,5248.15,105431,3,5232.83,32712,43998,0.6260185984085828,0
2023-07-28 10:59:10,5248.15,105434,3,5232.83,32708,43978,0.6260185984085828,0
2023-07-28 10:59:10,5248.15,105434,4,5232.83,32709,43978,0.6260185984085828,0
2023-07-28 10:59:12,5248.15,105441,3,5232.83,32639,44026,0.6260185984085828,0
2023-07-28 10:59:12,5248.15,105441,3,5232.83,32640,44025,0.6260185984085828,0
2023-07-28 10:59:12,5248.15,105441,1,5232.83,32643,44053,0.6260185984085828,0
2023-07-28 10:59:14,5248.15,105451,1,5232.83,32623,44013,0.6260185984085828,0
2023-07-28 10:59:16,5248.15,105465,1,5232.83,32656,43987,0.6260185984085828,0
2023-07-28 10:59:16,5248.1,105466,1,5232.83,32660,43988,0.6250599175534535,0
2023-07-28 10:59:16,5248.1,105466,1,5232.83,32708,43988,0.6250599175534535,0
2023-07-28 10:59:16,5248.1,105466,1,5232.83,32800,43988,0.6250599175534535,0
2023-07-28 10:59:16,5248.1,105466,2,5232.83,32799,43988,0.6250599175534535,0
2023-07-28 10:59:20,5248.1,105468,2,5232.83,32790,43989,0.6250599175534535,0
2023-07-28 10:59:20,5248.1,105468,2,5232.83,32796,44018,0.6250599175534535,0
2023-07-28 10:59:20,5248.1,105468,2,5232.83,32796,44018,0.6250599175534535,0
2023-07-28 10:59:23,5246.4,105526,1,5232.84,32319,44237,0.5924647684785666,0
2023-07-28 10:59:23,5246.4,105526,1,5232.84,32319,44237,0.5924647684785666,0
2023-07-28 10:59:23,5246.4,105526,1,5232.84,32549,44262,0.5924647684785666,0
2023-07-28 10:59:23,5246.4,105526,1,5232.84,32551,44255,0.5924647684785666,0
2023-07-28 10:59:23,5246.4,105526,1,5232.84,32551,44255,0.5924647684785666,0
2023-07-28 10:59:23,5246.4,105526,1,5232.84,32551,44255,0.5924647684785666,0
2023-07-28 10:59:23,5246.4,105526,1,5232.84,32551,44255,0.5924647684785666,0
2023-07-28 10:59:23,5246.4,105526,1,5232.84,32551,44255,0.5924647684785666,0
2023-07-28 10:59:23,5244.85,105526,10,5232.84,32547,44275,0.5627456619691374,0
2023-07-28 10:59:28,5244.85,105698,10,5232.86,32040,43909,0.5627456619691374,0
2023-07-28 10:59:30,5244.0,105701,3,5232.86,32248,43898,0.546448087431694,0
2023-07-28 10:59:30,5244.0,105701,3,5232.86,32269,43917,0.546448087431694,0
2023-07-28 10:59:31,5244.0,105734,15,5232.87,32221,43930,0.546448087431694,0
2023-07-28 10:59:31,5244.0,105734,15,5232.87,32223,44030,0.546448087431694,0
2023-07-28 10:59:31,5244.0,105734,15,5232.87,32220,44027,0.546448087431694,0
2023-07-28 10:59:31,5244.0,105734,15,5232.87,32220,44028,0.546448087431694,0
2023-07-28 10:59:31,5245.0,105734,1,5232.87,32240,43982,0.5656217045345604,0
2023-07-28 10:59:36,5245.0,105735,1,5232.87,32220,43991,0.5656217045345604,0
2023-07-28 10:59:36,5245.0,105735,1,5232.87,32234,44001,0.5656217045345604,0
2023-07-28 10:59:36,5244.0,105735,2,5232.87,32221,44010,0.546448087431694,0
2023-07-28 10:59:40,5244.0,105737,2,5232.87,32234,44030,0.546448087431694,0
2023-07-28 10:59:40,5244.0,105737,1,5232.87,32235,44030,0.546448087431694,0
2023-07-28 10:59:42,5244.0,105738,1,5232.87,32233,44020,0.546448087431694,0
2023-07-28 10:59:42,5244.0,105738,1,5232.87,32285,43479,0.546448087431694,0
2023-07-28 10:59:42,5244.0,105738,6,5232.87,32285,43479,0.546448087431694,0
2023-07-28 10:59:44,5244.0,105748,6,5232.87,32171,43994,0.546448087431694,0
2023-07-28 10:59:44,5244.0,105748,6,5232.87,32187,43994,0.546448087431694,0
2023-07-28 10:59:44,5244.0,105748,6,5232.87,32160,43755,0.546448087431694,0
2023-07-28 10:59:44,5244.0,105748,6,5232.87,32160,44092,0.546448087431694,0
2023-07-28 10:59:44,5244.0,105748,6,5232.87,32156,44097,0.546448087431694,0
2023-07-28 10:59:44,5244.55,105748,2,5232.87,32156,44097,0.556993576838274,0
2023-07-28 10:59:50,5244.55,105766,3,5232.87,32171,44088,0.556993576838274,0
2023-07-28 10:59:50,5244.55,105766,3,5232.87,32175,44088,0.556993576838274,0
2023-07-28 10:59:51,5245.0,105784,18,5232.87,32309,44115,0.5656217045345604,0
2023-07-28 10:59:51,5245.0,105784,18,5232.87,32322,44112,0.5656217045345604,0
2023-07-28 10:59:51,5245.0,105784,18,5232.87,32322,44250,0.5656217045345604,0
2023-07-28 10:59:51,5246.8,105784,3,5232.87,32348,44242,0.6001342153197236,0
2023-07-28 10:59:56,5245.0,105790,3,5232.87,32349,44244,0.5656217045345604,0
2023-07-28 10:59:56,5245.0,105790,3,5232.87,32351,44241,0.5656217045345604,0
2023-07-28 10:59:58,5246.8,105791,1,5232.87,32351,44240,0.6001342153197236,0
2023-07-28 10:59:58,5244.0,105791,1,5232.87,32342,44275,0.546448087431694,0
2023-07-28 11:00:00,5244.0,105893,2,5232.88,32214,44343,0.546448087431694,0
2023-07-28 11:00:00,5244.0,105893,2,5232.88,32304,44265,0.546448087431694,0
2023-07-28 11:00:00,5244.0,105893,2,5232.88,32205,44299,0.546448087431694,0
2023-07-28 11:00:00,5246.6,105893,1,5232.88,32191,44266,0.5962994918991538,0
2023-07-28 11:00:04,5246.6,105894,1,5232.88,32190,44331,0.5962994918991538,0
2023-07-28 11:00:05,5246.7,105906,12,5232.89,32200,44326,0.5982168536094299,0
2023-07-28 11:00:05,5246.65,105906,1,5232.89,32200,44326,0.5972581727542832,0
2023-07-28 11:00:07,5246.65,105908,1,5232.89,32209,44327,0.5972581727542832,0
2023-07-28 11:00:07,5246.65,105908,1,5232.89,31588,44285,0.5972581727542832,0
2023-07-28 11:00:08,5244.95,105909,1,5232.89,32206,44302,0.5646630236794137,0
2023-07-28 11:00:10,5244.95,105951,2,5232.89,32150,44349,0.5646630236794137,0
2023-07-28 11:00:11,5244.55,105957,2,5232.89,32163,44289,0.556993576838274,0
2023-07-28 11:00:11,5244.55,105957,2,5232.89,32177,44301,0.556993576838274,0
2023-07-28 11:00:11,5244.55,105957,2,5232.89,32181,44324,0.556993576838274,0
2023-07-28 11:00:11,5246.3,105957,2,5232.89,32178,44324,0.5905474067682903,0
2023-07-28 11:00:14,5246.3,105959,2,5232.89,32228,44324,0.5905474067682903,0
2023-07-28 11:00:14,5246.3,105959,2,5232.89,32202,44249,0.5905474067682903,0
2023-07-28 11:00:14,5246.3,105959,2,5232.89,32206,44221,0.5905474067682903,0
2023-07-28 11:00:14,5246.3,105959,2,5232.89,32206,44221,0.5905474067682903,0
2023-07-28 11:00:14,5245.5,105959,1,5232.89,32206,44221,0.5752085130859936,0
2023-07-28 11:00:18,5245.5,105960,1,5232.89,31574,44235,0.5752085130859936,0
2023-07-28 11:00:20,5246.8,105973,11,5232.89,32207,44219,0.6001342153197236,0
2023-07-28 11:00:20,5246.8,105973,1,5232.89,32207,44219,0.6001342153197236,0
2023-07-28 11:00:21,5243.4,106085,13,5232.91,32150,44284,0.5349439171699671,0
2023-07-28 11:00:21,5246.5,106089,1,5232.91,32208,44286,0.5943821301888601,0
2023-07-28 11:00:21,5246.5,106089,1,5232.91,32210,44230,0.5943821301888601,0
2023-07-28 11:00:21,5246.5,106089,1,5232.91,32210,44240,0.5943821301888601,0
2023-07-28 11:00:21,5246.5,106089,1,5232.91,32231,44250,0.5943821301888601,0
2023-07-28 11:00:28,5243.45,106092,3,5232.91,32255,43631,0.535902598025114,0
2023-07-28 11:00:30,5243.45,106095,3,5232.91,32219,44226,0.535902598025114,0
2023-07-28 11:00:30,5245.0,106095,3,5232.91,32219,44226,0.5656217045345604,0
2023-07-28 11:00:31,5246.4,106102,4,5232.91,32230,44212,0.5924647684785666,0
2023-07-28 11:00:31,5246.4,106102,4,5232.91,32230,44212,0.5924647684785666,0
2023-07-28 11:00:31,5246.4,106102,4,5232.91,32225,44213,0.5924647684785666,0
2023-07-28 11:00:34,5246.4,106104,1,5232.91,32219,44269,0.5924647684785666,0
2023-07-28 11:00:34,5246.4,106104,8,5232.91,32219,44269,0.5924647684785666,0
2023-07-28 11:00:35,5246.4,106112,8,5232.91,32218,44261,0.5924647684785666,0
2023-07-28 11:00:35,5246.4,106112,8,5232.91,32238,44222,0.5924647684785666,0
2023-07-28 11:00:35,5246.4,106112,8,5232.91,32238,44222,0.5924647684785666,0
2023-07-28 11:00:35,5245.0,106112,1,5232.91,32238,44222,0.5656217045345604,0
2023-07-28 11:00:40,5245.0,106114,1,5232.91,32236,44249,0.5656217045345604,0
2023-07-28 11:00:40,5245.0,106114,1,5232.91,32236,44274,0.5656217045345604,0
2023-07-28 11:00:40,5245.0,106114,1,5232.91,32061,44274,0.5656217045345604,0
2023-07-28 11:00:40,5245.0,106114,1,5232.91,32028,44281,0.5656217045345604,0
2023-07-28 11:00:40,5245.0,106114,1,5232.91,32029,44281,0.5656217045345604,0
2023-07-28 11:00:40,5245.75,106114,3,5232.91,32029,44281,0.5800019173617103,0
2023-07-28 11:00:47,5245.75,106117,3,5232.91,32075,44281,0.5800019173617103,0
2023-07-28 11:00:47,5245.75,106117,3,5232.91,32076,44281,0.5800019173617103,0
2023-07-28 11:00:47,5245.75,106117,3,5232.91,32075,44281,0.5800019173617103,0
2023-07-28 11:00:47,5245.75,106117,1,5232.91,32075,44281,0.5800019173617103,0
2023-07-28 11:00:47,5246.0,106117,1,5232.91,32075,44281,0.5847953216374269,0
2023-07-28 11:00:51,5244.0,106148,1,5232.91,32018,44362,0.546448087431694,0
2023-07-28 11:00:51,5244.0,106148,1,5232.91,32045,44348,0.546448087431694,0
2023-07-28 11:00:51,5244.0,106148,1,5232.91,32046,44348,0.546448087431694,0
2023-07-28 11:00:51,5244.0,106148,1,5232.91,32047,44348,0.546448087431694,0
2023-07-28 11:00:58,5244.0,106151,1,5232.91,32045,44336,0.546448087431694,0
2023-07-28 11:00:58,5244.0,106151,1,5232.91,32060,44336,0.546448087431694,0
2023-07-28 11:00:58,5244.0,106151,2,5232.91,32060,44336,0.546448087431694,0
2023-07-28 11:01:00,5244.55,106155,1,5232.91,32068,44322,0.556993576838274,0
2023-07-28 11:01:02,5246.4,106255,4,5232.93,32079,44228,0.5924647684785666,0
2023-07-28 11:01:03,5246.4,106259,4,5232.93,32108,44226,0.5924647684785666,0
2023-07-28 11:01:03,5246.35,106259,6,5232.93,32109,44272,0.5915060876234371,0
2023-07-28 11:01:03,5246.4,106259,3,5232.93,32109,44272,0.5924647684785666,0
2023-07-28 11:01:06,5244.55,106279,2,5232.93,31746,43966,0.556993576838274,0
2023-07-28 11:01:06,5245.0,106279,1,5232.93,31746,43966,0.5656217045345604,0
2023-07-28 11:01:07,5244.55,106280,1,5232.93,31769,44003,0.556993576838274,0
2023-07-28 11:01:10,5245.0,106283,1,5232.93,31784,44003,0.5656217045345604,0
2023-07-28 11:01:10,5244.85,106283,13,5232.93,31784,44003,0.5627456619691374,0
2023-07-28 11:01:16,5244.85,106297,13,5232.93,31771,43982,0.5627456619691374,0
2023-07-28 11:01:16,5244.55,106297,2,5232.93,31807,43982,0.556993576838274,0
2023-07-28 11:01:20,5244.55,106299,2,5232.93,31745,43982,0.556993576838274,0
2023-07-28 11:01:20,5244.55,106299,7,5232.93,31745,43982,0.556993576838274,0
2023-07-28 11:01:20,5244.55,106299,4,5232.93,31745,43982,0.556993576838274,0
2023-07-28 11:01:24,5244.55,106355,14,5232.94,32001,44301,0.556993576838274,0
2023-07-28 11:01:24,5244.55,106355,2,5232.94,32001,44301,0.556993576838274,0
2023-07-28 11:01:24,5244.0,106355,1,5232.94,32001,44301,0.546448087431694,0
2023-07-28 11:01:26,5244.0,106361,1,5232.94,32003,44299,0.546448087431694,0
2023-07-28 11:01:26,5244.55,106361,5,5232.94,32003,44299,0.556993576838274,0
2023-07-28 11:01:28,5244.55,106366,5,5232.94,32028,44294,0.556993576838274,0
2023-07-28 11:01:28,5244.0,106366,3,5232.94,32028,44294,0.546448087431694,0
2023-07-28 11:01:28,5244.35,106366,1,5232.94,32028,44294,0.5531588534177042,0
2023-07-28 11:01:32,5244.35,106371,1,5232.94,32137,44268,0.5531588534177042,0
2023-07-28 11:01:32,5244.35,106371,1,5232.94,32141,44306,0.5531588534177042,0
2023-07-28 11:01:32,5244.65,106371,4,5232.94,32141,44306,0.5589109385485502,0
2023-07-28 11:01:35,5244.65,106382,4,5232.94,32140,44306,0.5589109385485502,0
2023-07-28 11:01:35,5245.0,106382,3,5232.94,32140,44306,0.5656217045345604,0
2023-07-28 11:01:39,5245.0,106385,3,5232.94,32189,44303,0.5656217045345604,0
2023-07-28 11:01:39,5244.35,106385,1,5232.94,32189,44303,0.5531588534177042,0
2023-07-28 11:01:40,5244.35,106387,1,5232.94,32115,44303,0.5531588534177042,0
2023-07-28 11:01:40,5244.35,106387,1,5232.94,32115,44303,0.5531588534177042,0
2023-07-28 11:01:43,5244.35,106396,1,5232.94,32145,44188,0.5531588534177042,0
2023-07-28 11:01:43,5244.55,106396,1,5232.94,32145,44188,0.556993576838274,0
2023-07-28 11:01:43,5244.5,106396,3,5232.94,32145,44188,0.5560348959831272,0
2023-07-28 11:01:50,5244.0,106440,1,5232.95,32064,44207,0.546448087431694,0
2023-07-28 11:01:50,5244.0,106440,1,5232.95,32064,44207,0.546448087431694,0
2023-07-28 11:01:50,5244.0,106440,6,5232.95,32064,44207,0.546448087431694,0
2023-07-28 11:01:50,5244.0,106440,1,5232.95,32064,44207,0.546448087431694,0
2023-07-28 11:01:52,5245.0,106454,2,5232.95,32074,44246,0.5656217045345604,0
2023-07-28 11:01:52,5245.0,106454,1,5232.95,32074,44246,0.5656217045345604,0
2023-07-28 11:01:54,5245.0,106455,1,5232.95,32108,44281,0.5656217045345604,0
2023-07-28 11:01:54,5245.0,106455,1,5232.95,32108,44281,0.5656217045345604,0
2023-07-28 11:01:54,5244.0,106455,1,5232.95,32108,44281,0.546448087431694,0
2023-07-28 11:01:57,5244.0,106457,1,5232.95,32128,44278,0.546448087431694,0
2023-07-28 11:01:57,5245.0,106457,4,5232.95,32128,44278,0.5656217045345604,0
2023-07-28 11:01:57,5244.0,106457,2,5232.95,32128,44278,0.546448087431694,0
2023-07-28 11:02:00,5244.0,106463,2,5232.95,32141,44193,0.546448087431694,0
2023-07-28 11:02:00,5244.55,106463,1,5232.95,32141,44193,0.556993576838274,0
2023-07-28 11:02:03,5244.55,106466,9,5232.95,32134,44194,0.556993576838274,0
2023-07-28 11:02:03,5245.1,106466,2,5232.95,32134,44194,0.5675390662448541,0
2023-07-28 11:02:05,5245.1,106478,2,5232.95,32139,44111,0.5675390662448541,0
2023-07-28 11:02:05,5245.1,106478,2,5232.95,32151,44125,0.5675390662448541,0
2023-07-28 11:02:05,5245.25,106478,1,5232.95,32151,44125,0.570415108810277,0
2023-07-28 11:02:05,5245.55,106478,1,5232.95,32151,44125,0.5761671939411405,0
2023-07-28 11:02:10,5245.55,106486,1,5232.95,32190,44206,0.5761671939411405,0
2023-07-28 11:02:11,5245.55,106487,1,5232.95,32229,44228,0.5761671939411405,0
2023-07-28 11:02:11,5244.55,106487,1,5232.95,32229,44228,0.556993576838274,0
2023-07-28 11:02:16,5244.55,106506,2,5232.95,32119,44170,0.556993576838274,0
2023-07-28 11:02:16,5244.55,106506,1,5232.95,32119,44170,0.556993576838274,0
2023-07-28 11:02:16,5244.0,106506,1,5232.95,32119,44170,0.546448087431694,0
2023-07-28 11:02:18,5244.0,106508,1,5232.96,32124,44151,0.546448087431694,0
2023-07-28 11:02:18,5244.5,106508,1,5232.96,32124,44151,0.5560348959831272,0
2023-07-28 11:02:20,5244.0,106509,1,5232.96,32120,44152,0.546448087431694,0
2023-07-28 11:02:20,5244.0,106509,1,5232.96,32120,44152,0.546448087431694,0
2023-07-28 11:02:20,5244.0,106509,1,5232.96,32120,44152,0.546448087431694,0
2023-07-28 11:02:22,5244.0,106512,1,5232.96,32118,44153,0.546448087431694,0
2023-07-28 11:02:22,5244.0,106512,1,5232.96,32118,44153,0.546448087431694,0
2023-07-28 11:02:22,5244.0,106512,1,5232.96,32118,44153,0.546448087431694,0
2023-07-28 11:02:25,5244.0,106513,1,5232.96,32109,44151,0.546448087431694,0
2023-07-28 11:02:25,5244.0,106513,3,5232.96,32122,44151,0.546448087431694,0
2023-07-28 11:02:30,5244.0,106516,3,5232.96,32098,44141,0.546448087431694,0
2023-07-28 11:02:35,5244.55,106528,1,5232.96,32103,44129,0.556993576838274,0
2023-07-28 11:02:35,5244.35,106528,1,5232.96,32103,44129,0.5531588534177042,0
2023-07-28 11:02:40,5244.35,106534,2,5232.96,32108,44126,0.5531588534177042,0
2023-07-28 11:02:40,5244.35,106534,3,5232.96,32108,44126,0.5531588534177042,0
2023-07-28 11:02:43,5244.35,106549,1,5232.96,32095,44123,0.5531588534177042,0
2023-07-28 11:02:43,5244.35,106549,1,5232.96,32095,44123,0.5531588534177042,0
2023-07-28 11:02:45,5244.35,106550,1,5232.96,32124,44123,0.5531588534177042,0
2023-07-28 11:02:48,5244.55,106551,1,5232.96,32154,44172,0.556993576838274,0
2023-07-28 11:02:50,5244.55,106565,11,5232.96,32244,44161,0.556993576838274,0
2023-07-28 11:02:50,5244.5,106565,3,5232.96,32244,44161,0.5560348959831272,0
2023-07-28 11:02:50,5244.5,106565,2,5232.96,32244,44161,0.5560348959831272,0
2023-07-28 11:02:50,5244.5,106565,2,5232.96,32244,44161,0.5560348959831272,0
2023-07-28 11:02:55,5244.5,106582,2,5232.96,32154,44167,0.5560348959831272,0
2023-07-28 11:02:55,5244.5,106582,2,5232.96,32156,44167,0.5560348959831272,0
2023-07-28 11:02:55,5244.5,106582,2,5232.96,32156,44167,0.5560348959831272,0
2023-07-28 11:02:55,5244.5,106582,4,5232.96,32156,44167,0.5560348959831272,0
2023-07-28 11:03:00,5244.5,106600,4,5232.97,32296,44155,0.5560348959831272,0
2023-07-28 11:03:00,5244.55,106600,2,5232.97,32296,44155,0.556993576838274,0
2023-07-28 11:03:00,5244.5,106600,6,5232.97,32296,44155,0.5560348959831272,0
2023-07-28 11:03:02,5244.5,106612,6,5232.97,32342,44144,0.5560348959831272,0
2023-07-28 11:03:02,5244.5,106612,1,5232.97,32342,44144,0.5560348959831272,0
2023-07-28 11:03:06,5244.5,106613,1,5232.97,32319,44144,0.5560348959831272,0
2023-07-28 11:03:06,5244.5,106613,5,5232.97,32319,44144,0.5560348959831272,0
2023-07-28 11:03:10,5244.5,106623,1,5232.97,32273,44145,0.5560348959831272,0
2023-07-28 11:03:10,5244.5,106623,1,5232.97,32273,44145,0.5560348959831272,0
2023-07-28 11:03:10,5244.5,106623,1,5232.97,32260,44144,0.5560348959831272,0
2023-07-28 11:03:15,5244.55,106636,13,5232.97,32260,44138,0.556993576838274,0
2023-07-28 11:03:17,5244.5,106637,1,5232.97,32256,44138,0.5560348959831272,0
2023-07-28 11:03:17,5244.5,106637,1,5232.97,32256,44138,0.5560348959831272,0
2023-07-28 11:03:17,5244.5,106637,1,5232.97,32256,44138,0.5560348959831272,0
2023-07-28 11:03:20,5244.5,106642,1,5232.97,32282,44138,0.5560348959831272,0
2023-07-28 11:03:20,5244.5,106642,1,5232.97,32339,44141,0.5560348959831272,0
2023-07-28 11:03:29,5244.5,106643,1,5232.97,32338,44141,0.5560348959831272,0
2023-07-28 11:03:29,5244.35,106643,4,5232.97,32338,44141,0.5531588534177042,0
2023-07-28 11:03:29,5244.5,106643,1,5232.97,32338,44141,0.5560348959831272,0
2023-07-28 11:03:30,5244.5,106697,1,5232.98,32207,44141,0.5560348959831272,0
2023-07-28 11:03:30,5244.55,106697,1,5232.98,32207,44141,0.556993576838274,0
2023-07-28 11:03:36,5244.5,106711,2,5232.98,32209,44130,0.5560348959831272,0
2023-07-28 11:03:36,5244.5,106711,1,5232.98,32209,44130,0.5560348959831272,0
2023-07-28 11:03:38,5244.55,106714,1,5232.98,32209,44129,0.556993576838274,0
2023-07-28 11:03:38,5244.5,106714,1,5232.98,32209,44129,0.5560348959831272,0
2023-07-28 11:03:40,5244.5,106717,1,5232.98,32209,44129,0.5560348959831272,0
2023-07-28 11:03:40,5244.5,106717,1,5232.98,32209,44129,0.5560348959831272,0
2023-07-28 11:03:43,5244.5,106719,1,5232.98,32188,44166,0.5560348959831272,0
2023-07-28 11:03:43,5244.55,106719,1,5232.98,32188,44166,0.556993576838274,0
2023-07-28 11:03:45,5244.6,106730,2,5232.98,32188,44142,0.5579522576934208,0
2023-07-28 11:03:45,5244.6,106730,2,5232.98,32233,44174,0.5579522576934208,0
2023-07-28 11:03:45,5245.0,106730,9,5232.98,32233,44174,0.5656217045345604,0
2023-07-28 11:03:50,5245.0,106742,9,5232.98,32248,44054,0.5656217045345604,0
2023-07-28 11:03:50,5245.0,106742,9,5232.98,32254,44035,0.5656217045345604,0
2023-07-28 11:03:50,5245.0,106742,9,5232.98,32238,44032,0.5656217045345604,0
2023-07-28 11:03:50,5244.6,106742,1,5232.98,32238,44032,0.5579522576934208,0
2023-07-28 11:03:57,5244.6,106745,1,5232.98,32138,43882,0.5579522576934208,0
2023-07-28 11:03:57,5244.6,106745,1,5232.98,32138,43882,0.5579522576934208,0
2023-07-28 11:04:00,5244.6,106747,1,5232.98,32242,43977,0.5579522576934208,0
2023-07-28 11:04:00,5245.0,106747,1,5232.98,32242,43977,0.5656217045345604,0
2023-07-28 11:04:00,5244.85,106747,1,5232.98,32242,43977,0.5627456619691374,0
2023-07-28 11:04:02,5244.85,106749,1,5232.98,32191,44011,0.5627456619691374,0
2023-07-28 11:04:02,5243.0,106749,1,5232.98,32191,44011,0.5272744703288276,0
2023-07-28 11:04:04,5245.0,106799,2,5232.99,32117,44062,0.5656217045345604,0
2023-07-28 11:04:06,5245.0,106801,1,5232.99,32121,44036,0.5656217045345604,0
2023-07-28 11:04:06,5243.65,106801,2,5232.99,32121,44036,0.5397373214456838,0
2023-07-28 11:04:10,5243.65,106804,2,5232.99,32117,43792,0.5397373214456838,0
2023-07-28 11:04:10,5243.15,106804,1,5232.99,32117,43792,0.5301505128942505,0
2023-07-28 11:04:12,5243.15,106807,1,5232.99,32081,44047,0.5301505128942505,0
2023-07-28 11:04:12,5243.15,106807,1,5232.99,32081,44047,0.5301505128942505,0
2023-07-28 11:04:15,5243.45,106808,3,5232.99,32112,44022,0.535902598025114,0
2023-07-28 11:04:16,5243.45,106811,3,5232.99,32101,44026,0.535902598025114,0
2023-07-28 11:04:16,5243.45,106811,2,5232.99,32101,44026,0.535902598025114,0
2023-07-28 11:04:16,5245.0,106811,8,5232.99,32101,44026,0.5656217045345604,0
2023-07-28 11:04:16,5243.45,106811,10,5232.99,32101,44026,0.535902598025114,0
2023-07-28 11:04:22,5243.45,106831,10,5232.99,32089,44037,0.535902598025114,0
2023-07-28 11:04:22,5243.45,106831,10,5232.99,32090,44147,0.535902598025114,0
2023-07-28 11:04:28,5243.45,106842,1,5232.99,32085,44155,0.535902598025114,0
2023-07-28 11:04:28,5243.45,106842,1,5232.99,32085,44155,0.535902598025114,0
2023-07-28 11:04:30,5243.45,106844,1,5232.99,32169,44198,0.535902598025114,0
2023-07-28 11:04:30,5243.45,106844,1,5232.99,32168,44184,0.535902598025114,0
2023-07-28 11:04:30,5241.0,106844,10,5232.99,32168,44184,0.48892723612309463,0
2023-07-28 11:04:30,5241.85,106844,9,5232.99,32168,44184,0.505224810660538,0
2023-07-28 11:04:30,5241.0,106844,4,5232.99,32168,44184,0.48892723612309463,0
2023-07-28 11:04:35,5242.0,106990,11,5233.0,31938,44372,0.5081008532259611,0
2023-07-28 11:04:35,5241.0,106990,4,5233.0,31938,44372,0.48892723612309463,0
2023-07-28 11:04:38,5242.0,107012,5,5233.01,31987,44246,0.5081008532259611,0
2023-07-28 11:04:38,5242.0,107012,5,5233.01,31987,44246,0.5081008532259611,0
2023-07-28 11:04:40,5241.0,107014,2,5233.01,31971,44263,0.48892723612309463,0
2023-07-28 11:04:40,5241.0,107014,12,5233.01,31971,44263,0.48892723612309463,0
2023-07-28 11:04:41,5241.0,107074,12,5233.01,31926,44048,0.48892723612309463,0
2023-07-28 11:04:41,5242.0,107074,1,5233.01,31926,44048,0.5081008532259611,0
2023-07-28 11:04:45,5241.0,107098,10,5233.01,32261,44229,0.48892723612309463,0
2023-07-28 11:04:45,5242.45,107098,2,5233.01,32261,44229,0.5167289809222475,0
2023-07-28 11:04:45,5241.0,107098,4,5233.01,32261,44229,0.48892723612309463,0
2023-07-28 11:04:48,5241.0,107124,4,5233.01,32296,44252,0.48892723612309463,0
2023-07-28 11:04:48,5241.0,107124,1,5233.01,32296,44252,0.48892723612309463,0
2023-07-28 11:04:50,5241.0,107127,1,5233.01,32332,44292,0.48892723612309463,0
2023-07-28 11:04:50,5241.0,107127,1,5233.01,32332,44292,0.48892723612309463,0
2023-07-28 11:04:52,5241.0,107143,1,5233.01,31975,44312,0.48892723612309463,0
2023-07-28 11:04:52,5241.0,107143,2,5233.01,31975,44312,0.48892723612309463,0
2023-07-28 11:04:54,5241.0,107147,2,5233.02,32003,44307,0.48892723612309463,0
2023-07-28 11:04:54,5241.0,107147,5,5233.02,32003,44307,0.48892723612309463,0
2023-07-28 11:04:54,5241.0,107147,2,5233.02,32003,44307,0.48892723612309463,0
2023-07-28 11:05:00,5241.0,107154,2,5233.02,31355,44335,0.48892723612309463,0
2023-07-28 11:05:00,5241.0,107154,3,5233.02,31355,44335,0.48892723612309463,0
2023-07-28 11:05:03,5241.0,107170,1,5233.02,31983,44336,0.48892723612309463,0
2023-07-28 11:05:04,5241.0,107195,1,5233.02,31980,44441,0.48892723612309463,0
2023-07-28 11:05:07,5242.45,107196,1,5233.02,32014,44315,0.5167289809222475,0
2023-07-28 11:05:07,5242.45,107196,1,5233.02,32002,44301,0.5167289809222475,0
2023-07-28 11:05:09,5241.0,107206,3,5233.02,32007,44112,0.48892723612309463,0
2023-07-28 11:05:10,5241.0,107209,1,5233.02,31990,44363,0.48892723612309463,0
2023-07-28 11:05:10,5241.0,107209,1,5233.02,31381,44363,0.48892723612309463,0
2023-07-28 11:05:10,5241.0,107209,1,5233.02,32002,44277,0.48892723612309463,0
2023-07-28 11:05:13,5241.0,107215,1,5233.02,31995,44437,0.48892723612309463,0
2023-07-28 11:05:13,5240.6,107215,2,5233.02,31995,44437,0.481257789281955,0
2023-07-28 11:05:14,5240.6,107217,2,5233.02,31992,44388,0.481257789281955,0
2023-07-28 11:05:15,5241.1,107223,4,5233.02,32005,44419,0.49084459783338824,0
2023-07-28 11:05:15,5241.1,107223,4,5233.02,32035,44417,0.49084459783338824,0
2023-07-28 11:05:17,5241.4,107226,1,5233.02,32034,44421,0.4965966829642342,0
2023-07-28 11:05:17,5241.4,107226,1,5233.02,32049,44422,0.4965966829642342,0
2023-07-28 11:05:17,5241.4,107226,1,5233.02,32052,44342,0.4965966829642342,0
2023-07-28 11:05:20,5241.4,107233,1,5233.02,32042,44323,0.4965966829642342,0
2023-07-28 11:05:20,5241.4,107233,1,5233.02,32039,44324,0.4965966829642342,0
2023-07-28 11:05:20,5241.4,107233,1,5233.02,32039,44353,0.4965966829642342,0
2023-07-28 11:05:20,5241.4,107233,1,5233.02,32039,44352,0.4965966829642342,0
2023-07-28 11:05:20,5241.4,107233,1,5233.02,32039,44352,0.4965966829642342,0
2023-07-28 11:05:20,5241.4,107233,1,5233.02,32039,44352,0.4965966829642342,0
2023-07-28 11:05:20,5241.4,107233,1,5233.02,32039,44352,0.4965966829642342,0
2023-07-28 11:05:20,5241.4,107233,1,5233.02,32039,44353,0.4965966829642342,0
2023-07-28 11:05:20,5241.4,107233,1,5233.02,32039,44353,0.4965966829642342,0
2023-07-28 11:05:20,5241.4,107233,1,5233.02,32039,44353,0.4965966829642342,0
2023-07-28 11:05:20,5241.4,107233,1,5233.02,32039,44352,0.4965966829642342,0
2023-07-28 11:05:20,5241.4,107233,1,5233.02,32039,44353,0.4965966829642342,0
2023-07-28 11:05:20,5241.4,107233,1,5233.02,32039,44378,0.4965966829642342,0
2023-07-28 11:05:20,5241.4,107233,1,5233.02,32039,44377,0.4965966829642342,0
2023-07-28 11:05:30,5241.4,107236,3,5233.02,32036,44378,0.4965966829642342,0
2023-07-28 11:05:31,5241.0,107286,12,5233.03,31993,44423,0.48892723612309463,0
2023-07-28 11:05:31,5241.0,107286,2,5233.03,31993,44423,0.48892723612309463,0
2023-07-28 11:05:32,5243.0,107289,5,5233.03,32041,44441,0.5272744703288276,0
2023-07-28 11:05:33,5243.0,107294,5,5233.03,32091,44427,0.5272744703288276,0
2023-07-28 11:05:33,5243.0,107294,5,5233.03,32091,44427,0.5272744703288276,0
2023-07-28 11:05:33,5243.0,107294,5,5233.03,32091,44429,0.5272744703288276,0
2023-07-28 11:05:33,5243.0,107294,5,5233.03,32091,44451,0.5272744703288276,0
2023-07-28 11:05:39,5243.0,107304,1,5233.03,32100,44420,0.5272744703288276,0
2023-07-28 11:05:40,5241.0,107306,2,5233.03,31374,44460,0.48892723612309463,0
2023-07-28 11:05:40,5241.0,107306,3,5233.03,31374,44460,0.48892723612309463,0
2023-07-28 11:05:42,5241.0,107332,23,5233.03,32081,44451,0.48892723612309463,0
2023-07-28 11:05:42,5242.95,107332,2,5233.03,32081,44451,0.5263157894736807,0
2023-07-28 11:05:43,5241.0,107336,1,5233.03,32081,44447,0.48892723612309463,0
2023-07-28 11:05:43,5241.0,107336,1,5233.03,32082,44447,0.48892723612309463,0
2023-07-28 11:05:43,5241.0,107336,1,5233.03,32042,44430,0.48892723612309463,0
2023-07-28 11:05:43,5242.05,107336,1,5233.03,32042,44430,0.5090595340811079,0
2023-07-28 11:05:47,5242.05,107347,10,5233.03,32044,44421,0.5090595340811079,0
2023-07-28 11:05:47,5242.05,107347,10,5233.03,32045,44421,0.5090595340811079,0
2023-07-28 11:05:47,5242.05,107347,10,5233.03,31419,44421,0.5090595340811079,0
2023-07-28 11:05:47,5242.05,107347,10,5233.03,32045,44418,0.5090595340811079,0
2023-07-28 11:05:50,5242.05,107350,1,5233.03,32041,44349,0.5090595340811079,0
2023-07-28 11:05:50,5242.05,107350,3,5233.03,32038,44349,0.5090595340811079,0
2023-07-28 11:05:51,5242.05,107353,3,5233.03,32040,44363,0.5090595340811079,0
2023-07-28 11:05:51,5242.05,107353,3,5233.03,32041,44368,0.5090595340811079,0
2023-07-28 11:05:51,5242.05,107353,3,5233.03,32042,44355,0.5090595340811079,0
2023-07-28 11:05:51,5242.05,107353,3,5233.03,32037,44365,0.5090595340811079,0
2023-07-28 11:05:51,5242.05,107353,3,5233.03,32043,44357,0.5090595340811079,0
2023-07-28 11:05:51,5242.05,107353,3,5233.03,32068,44357,0.5090595340811079,0
2023-07-28 11:05:51,5242.05,107353,3,5233.03,32071,44357,0.5090595340811079,0
2023-07-28 11:05:51,5242.05,107353,2,5233.03,32071,44357,0.5090595340811079,0
2023-07-28 11:06:00,5242.05,107375,8,5233.03,32041,44343,0.5090595340811079,0
2023-07-28 11:06:00,5242.05,107375,8,5233.03,32043,44343,0.5090595340811079,0
2023-07-28 11:06:00,5242.05,107375,8,5233.03,32043,44343,0.5090595340811079,0
2023-07-28 11:06:00,5242.05,107375,8,5233.03,32043,44343,0.5090595340811079,0
2023-07-28 11:06:00,5242.05,107375,8,5233.03,32044,44343,0.5090595340811079,0
2023-07-28 11:06:00,5242.05,107375,8,5233.03,32084,44248,0.5090595340811079,0
2023-07-28 11:06:00,5241.65,107375,15,5233.03,32084,44248,0.5013900872399508,0
2023-07-28 11:06:00,5241.0,107375,1,5233.03,32084,44248,0.48892723612309463,0
2023-07-28 11:06:06,5241.0,107449,1,5233.04,32002,44841,0.48892723612309463,0
2023-07-28 11:06:06,5240.0,107449,1,5233.04,32002,44841,0.46975361902022816,0
2023-07-28 11:06:10,5240.05,107555,3,5233.05,31962,44929,0.470712299875375,0
2023-07-28 11:06:10,5240.05,107555,3,5233.05,31962,44929,0.470712299875375,0
2023-07-28 11:06:10,5240.05,107555,4,5233.05,31962,44929,0.470712299875375,0
2023-07-28 11:06:12,5240.05,107567,1,5233.05,31981,44688,0.470712299875375,0
2023-07-28 11:06:12,5240.05,107567,1,5233.05,31981,44688,0.470712299875375,0
2023-07-28 11:06:12,5241.0,107567,1,5233.05,31981,44688,0.48892723612309463,0
2023-07-28 11:06:15,5240.05,107579,4,5233.05,32319,44459,0.470712299875375,0
2023-07-28 11:06:15,5240.05,107579,4,5233.05,32349,44432,0.470712299875375,0
2023-07-28 11:06:20,5241.55,107581,2,5233.05,32360,44418,0.49947272552967464,0
2023-07-28 11:06:20,5243.1,107581,2,5233.05,32360,44418,0.5291918320391211,0
2023-07-28 11:06:22,5240.05,108052,10,5233.08,31932,44652,0.470712299875375,0
2023-07-28 11:06:22,5240.05,108052,71,5233.08,31932,44652,0.470712299875375,0
2023-07-28 11:06:22,5240.0,108052,3,5233.08,31932,44652,0.46975361902022816,0
2023-07-28 11:06:24,5240.0,108191,3,5233.09,32106,44485,0.46975361902022816,0
2023-07-28 11:06:24,5240.05,108191,250,5233.09,32106,44485,0.470712299875375,0
2023-07-28 11:06:27,5240.05,108557,250,5233.11,32136,44300,0.470712299875375,0
2023-07-28 11:06:27,5240.1,108557,3,5233.11,32136,44300,0.47167098073052177,0
2023-07-28 11:06:30,5240.1,108563,3,5233.11,32128,44516,0.47167098073052177,0
2023-07-28 11:06:30,5242.5,108563,16,5233.11,32128,44516,0.5176876617773943,0
2023-07-28 11:06:31,5243.1,108579,2,5233.11,32208,44307,0.5291918320391211,0
2023-07-28 11:06:31,5240.45,108579,4,5233.11,32208,44307,0.47838174671651457,0
2023-07-28 11:06:33,5240.45,108603,4,5233.11,31579,44214,0.47838174671651457,0
2023-07-28 11:06:33,5242.5,108603,1,5233.11,31579,44214,0.5176876617773943,0
2023-07-28 11:06:33,5244.1,108603,9,5233.11,31579,44214,0.5483654491419876,0
2023-07-28 11:06:33,5242.5,108603,2,5233.11,31579,44214,0.5176876617773943,0
2023-07-28 11:06:40,5242.5,108641,2,5233.12,32148,44316,0.5176876617773943,0
2023-07-28 11:06:40,5242.5,108641,2,5233.12,32148,44316,0.5176876617773943,0
2023-07-28 11:06:42,5242.5,108643,2,5233.12,32177,44305,0.5176876617773943,0
2023-07-28 11:06:42,5242.5,108643,2,5233.12,32181,44108,0.5176876617773943,0
2023-07-28 11:06:48,5242.8,108646,3,5233.12,32168,44120,0.5234397469082577,0
2023-07-28 11:06:48,5242.8,108646,1,5233.12,32168,44120,0.5234397469082577,0
2023-07-28 11:06:48,5244.65,108646,1,5233.12,32168,44120,0.5589109385485502,0
2023-07-28 11:06:50,5244.65,108657,1,5233.12,32278,44395,0.5589109385485502,0
2023-07-28 11:06:50,5244.5,108657,2,5233.12,32278,44395,0.5560348959831272,0
2023-07-28 11:06:53,5244.5,108662,2,5233.12,32257,44421,0.5560348959831272,0
2023-07-28 11:06:53,5244.5,108662,1,5233.12,32257,44421,0.5560348959831272,0
2023-07-28 11:06:56,5244.5,108666,3,5233.12,32242,44388,0.5560348959831272,0
2023-07-28 11:06:56,5244.5,108666,4,5233.12,32242,44388,0.5560348959831272,0
2023-07-28 11:06:57,5244.5,108670,4,5233.12,32348,44413,0.5560348959831272,0
2023-07-28 11:06:57,5243.25,108670,1,5233.12,32348,44413,0.5320678746045442,0
2023-07-28 11:07:00,5243.25,108672,1,5233.12,32343,44401,0.5320678746045442,0
2023-07-28 11:07:00,5244.5,108672,1,5233.12,32343,44401,0.5560348959831272,0
2023-07-28 11:07:04,5243.95,108674,1,5233.12,32345,44407,0.5454894065765472,0
2023-07-28 11:07:05,5244.5,108685,11,5233.12,32341,44391,0.5560348959831272,0
2023-07-28 11:07:05,5244.5,108685,11,5233.12,32334,44391,0.5560348959831272,0
2023-07-28 11:07:05,5243.95,108685,3,5233.12,32334,44391,0.5454894065765472,0
2023-07-28 11:07:07,5243.95,108688,3,5233.12,32274,44387,0.5454894065765472,0
2023-07-28 11:07:07,5243.95,108688,3,5233.12,32291,44406,0.5454894065765472,0
2023-07-28 11:07:07,5243.95,108688,3,5233.12,32291,44406,0.5454894065765472,0
2023-07-28 11:07:10,5243.95,108691,3,5233.12,32280,44364,0.5454894065765472,0
2023-07-28 11:07:10,5243.95,108691,3,5233.12,32280,44364,0.5454894065765472,0
2023-07-28 11:07:12,5243.95,108706,3,5233.12,32265,44335,0.5454894065765472,0
2023-07-28 11:07:14,5243.95,108707,1,5233.12,32265,44330,0.5454894065765472,0
2023-07-28 11:07:14,5244.3,108707,13,5233.12,32261,44364,0.5522001725625574,0
2023-07-28 11:07:16,5244.3,108721,13,5233.13,32259,44373,0.5522001725625574,0
2023-07-28 11:07:16,5244.3,108721,13,5233.13,32260,44373,0.5522001725625574,0
2023-07-28 11:07:16,5244.3,108721,13,5233.13,32260,44373,0.5522001725625574,0
2023-07-28 11:07:20,5243.95,108723,2,5233.13,32257,44357,0.5454894065765472,0
2023-07-28 11:07:20,5243.95,108723,2,5233.13,32268,44357,0.5454894065765472,0
2023-07-28 11:07:20,5243.95,108723,2,5233.13,32268,44357,0.5454894065765472,0
2023-07-28 11:07:20,5243.95,108723,1,5233.13,32268,44357,0.5454894065765472,0
2023-07-28 11:07:23,5243.95,108724,1,5233.13,32265,44357,0.5454894065765472,0
2023-07-28 11:07:23,5243.95,108724,1,5233.13,32266,44357,0.5454894065765472,0
2023-07-28 11:07:26,5243.95,108728,4,5233.13,32264,44357,0.5454894065765472,0
2023-07-28 11:07:26,5243.95,108728,4,5233.13,32266,44357,0.5454894065765472,0
2023-07-28 11:07:26,5243.95,108728,4,5233.13,32282,44357,0.5454894065765472,0
2023-07-28 11:07:26,5243.95,108728,1,5233.13,32282,44357,0.5454894065765472,0
2023-07-28 11:07:30,5244.05,108740,1,5233.13,32272,44346,0.5474067682868408,0
2023-07-28 11:07:30,5244.05,108740,1,5233.13,32273,44361,0.5474067682868408,0
2023-07-28 11:07:33,5244.5,108741,1,5233.13,32303,44361,0.5560348959831272,0
2023-07-28 11:07:35,5244.5,108745,4,5233.13,32362,44328,0.5560348959831272,0
2023-07-28 11:07:35,5244.5,108745,4,5233.13,32341,44326,0.5560348959831272,0
2023-07-28 11:07:35,5244.5,108745,4,5233.13,32336,44326,0.5560348959831272,0
2023-07-28 11:07:35,5244.5,108745,4,5233.13,32336,44334,0.5560348959831272,0
2023-07-28 11:07:35,5244.05,108745,1,5233.13,32336,44334,0.5474067682868408,0
2023-07-28 11:07:40,5244.05,108747,1,5233.13,32295,44326,0.5474067682868408,0
2023-07-28 11:07:40,5244.05,108747,6,5233.13,32295,44326,0.5474067682868408,0
2023-07-28 11:07:42,5244.05,108753,6,5233.13,32289,44326,0.5474067682868408,0
2023-07-28 11:07:42,5244.05,108753,6,5233.13,32297,44326,0.5474067682868408,0
2023-07-28 11:07:42,5244.05,108753,6,5233.13,32297,44326,0.5474067682868408,0
2023-07-28 11:07:42,5244.35,108753,3,5233.13,32297,44326,0.5531588534177042,0
2023-07-28 11:07:45,5244.35,108756,3,5233.13,32181,44326,0.5531588534177042,0
2023-07-28 11:07:45,5244.35,108756,3,5233.13,32182,44364,0.5531588534177042,0
2023-07-28 11:07:45,5244.5,108756,1,5233.13,32182,44364,0.5560348959831272,0
2023-07-28 11:07:48,5244.5,108757,1,5233.13,32171,44368,0.5560348959831272,0
2023-07-28 11:07:49,5244.35,108766,2,5233.13,31567,44368,0.5531588534177042,0
2023-07-28 11:07:50,5244.5,108777,8,5233.13,32229,44397,0.5560348959831272,0
2023-07-28 11:07:50,5244.5,108777,8,5233.13,32223,44384,0.5560348959831272,0
2023-07-28 11:07:50,5244.5,108777,8,5233.13,32191,44414,0.5560348959831272,0
2023-07-28 11:07:50,5244.5,108777,8,5233.13,32183,44476,0.5560348959831272,0
2023-07-28 11:07:50,5244.5,108777,8,5233.13,32195,44476,0.5560348959831272,0
2023-07-28 11:07:50,5244.5,108777,8,5233.13,32241,44460,0.5560348959831272,0
2023-07-28 11:07:50,5244.35,108777,1,5233.13,32241,44460,0.5531588534177042,0
2023-07-28 11:07:56,5244.35,108778,1,5233.13,32255,44474,0.5531588534177042,0
2023-07-28 11:07:56,5244.35,108778,1,5233.13,32201,44516,0.5531588534177042,0
2023-07-28 11:07:56,5244.35,108778,1,5233.13,32201,44524,0.5531588534177042,0
2023-07-28 11:08:00,5244.5,108792,12,5233.13,32192,44530,0.5560348959831272,0
2023-07-28 11:08:00,5244.95,108792,16,5233.13,32192,44530,0.5646630236794137,0
2023-07-28 11:08:00,5244.95,108815,16,5233.14,32207,44463,0.5646630236794137,0
2023-07-28 11:08:00,5244.95,108815,16,5233.14,32252,44463,0.5646630236794137,0
2023-07-28 11:08:04,5244.35,108818,3,5233.14,32236,44463,0.5531588534177042,0
2023-07-28 11:08:04,5244.35,108818,3,5233.14,32207,44473,0.5531588534177042,0
2023-07-28 11:08:04,5244.35,108818,3,5233.14,32207,44473,0.5531588534177042,0
2023-07-28 11:08:04,5244.35,108818,3,5233.14,31593,44473,0.5531588534177042,0
2023-07-28 11:08:04,5244.95,108818,1,5233.14,31593,44473,0.5646630236794137,0
2023-07-28 11:08:08,5244.95,108819,1,5233.14,31593,44467,0.5646630236794137,0
2023-07-28 11:08:08,5244.95,108819,1,5233.14,31594,44477,0.5646630236794137,0
2023-07-28 11:08:08,5244.35,108819,3,5233.14,31594,44477,0.5531588534177042,0
2023-07-28 11:08:10,5244.35,108822,3,5233.14,32212,44479,0.5531588534177042,0
2023-07-28 11:08:11,5244.35,108823,1,5233.14,32221,44479,0.5531588534177042,0
2023-07-28 11:08:11,5244.35,108823,1,5233.14,32221,44517,0.5531588534177042,0
2023-07-28 11:08:11,5244.35,108823,1,5233.14,32221,44517,0.5531588534177042,0
2023-07-28 11:08:11,5244.35,108823,1,5233.14,32325,44517,0.5531588534177042,0
2023-07-28 11:08:16,5244.95,108826,3,5233.14,32349,44523,0.5646630236794137,0
2023-07-28 11:08:16,5244.95,108826,3,5233.14,32350,44515,0.5646630236794137,0
2023-07-28 11:08:16,5244.95,108826,3,5233.14,32328,44524,0.5646630236794137,0
2023-07-28 11:08:16,5244.95,108826,3,5233.14,32400,44517,0.5646630236794137,0
2023-07-28 11:08:16,5245.0,108826,1,5233.14,32400,44517,0.5656217045345604,0
2023-07-28 11:08:20,5245.0,108839,1,5233.14,32399,44506,0.5656217045345604,0
2023-07-28 11:08:22,5244.7,108840,1,5233.14,32398,44506,0.5598696194036971,0
2023-07-28 11:08:22,5244.7,108840,1,5233.14,32398,44506,0.5598696194036971,0
2023-07-28 11:08:23,5244.7,108843,3,5233.14,32395,44526,0.5598696194036971,0
2023-07-28 11:08:23,5244.7,108843,4,5233.14,32395,44526,0.5598696194036971,0
2023-07-28 11:08:24,5244.7,108847,4,5233.14,32373,44536,0.5598696194036971,0
2023-07-28 11:08:24,5244.7,108847,4,5233.14,32373,44536,0.5598696194036971,0
2023-07-28 11:08:24,5244.7,108847,4,5233.14,32373,44536,0.5598696194036971,0
2023-07-28 11:08:24,5244.7,108847,4,5233.14,32373,44538,0.5598696194036971,0
2023-07-28 11:08:24,5245.0,108847,1,5233.14,32373,44538,0.5656217045345604,0
2023-07-28 11:08:27,5245.0,108858,10,5233.14,32412,44527,0.5656217045345604,0
2023-07-28 11:08:27,5245.0,108858,10,5233.14,32413,44527,0.5656217045345604,0
2023-07-28 11:08:30,5244.7,108861,3,5233.14,32396,44527,0.5598696194036971,0
2023-07-28 11:08:30,5244.7,108861,3,5233.14,32409,44527,0.5598696194036971,0
2023-07-28 11:08:30,5244.7,108861,3,5233.14,32428,44527,0.5598696194036971,0
2023-07-28 11:08:30,5244.7,108861,3,5233.14,32527,44496,0.5598696194036971,0
2023-07-28 11:08:30,5244.7,108861,3,5233.14,32529,44515,0.5598696194036971,0
2023-07-28 11:08:35,5245.0,108873,3,5233.14,32565,44503,0.5656217045345604,0
2023-07-28 11:08:35,5245.0,108873,3,5233.14,32528,44541,0.5656217045345604,0
2023-07-28 11:08:35,5245.0,108873,3,5233.14,32528,44558,0.5656217045345604,0
2023-07-28 11:08:35,5245.0,108873,3,5233.14,32528,44558,0.5656217045345604,0
2023-07-28 11:08:35,5245.0,108873,3,5233.14,32566,44596,0.5656217045345604,0
2023-07-28 11:08:40,5244.9,108875,2,5233.14,32565,44595,0.5637043428242668,0
2023-07-28 11:08:42,5244.9,108878,3,5233.14,32601,44584,0.5637043428242668,0
2023-07-28 11:08:42,5244.9,108878,3,5233.14,32602,44584,0.5637043428242668,0
2023-07-28 11:08:42,5244.9,108878,3,5233.14,32583,44584,0.5637043428242668,0
2023-07-28 11:08:45,5246.15,108982,1,5233.15,32769,44589,0.5876713642028499,0
2023-07-28 11:08:45,5246.15,108982,1,5233.15,32794,44541,0.5876713642028499,0
2023-07-28 11:08:45,5246.15,108982,1,5233.15,32792,44553,0.5876713642028499,0
2023-07-28 11:08:45,5244.9,108982,3,5233.15,32792,44553,0.5637043428242668,0
2023-07-28 11:08:48,5246.1,108999,13,5233.16,32806,44636,0.5867126833477205,0
2023-07-28 11:08:48,5246.1,108999,13,5233.16,32835,44582,0.5867126833477205,0
2023-07-28 11:08:48,5244.9,108999,3,5233.16,32835,44582,0.5637043428242668,0
2023-07-28 11:08:50,5244.9,109002,3,5233.16,32832,44584,0.5637043428242668,0
2023-07-28 11:08:50,5244.9,109002,3,5233.16,32833,44611,0.5637043428242668,0
2023-07-28 11:08:50,5244.9,109002,3,5233.16,32833,44611,0.5637043428242668,0
2023-07-28 11:08:57,5246.1,109012,10,5233.16,32833,44556,0.5867126833477205,0
2023-07-28 11:08:57,5246.1,109012,10,5233.16,32834,44556,0.5867126833477205,0
2023-07-28 11:08:57,5246.1,109012,10,5233.16,32859,44539,0.5867126833477205,0
2023-07-28 11:09:00,5244.9,109014,2,5233.16,32611,44658,0.5637043428242668,0
2023-07-28 11:09:01,5245.55,109018,4,5233.16,32596,44636,0.5761671939411405,0
2023-07-28 11:09:01,5245.55,109018,4,5233.16,32503,44672,0.5761671939411405,0
2023-07-28 11:09:01,5245.55,109018,2,5233.16,32503,44672,0.5761671939411405,0
2023-07-28 11:09:03,5245.9,109063,7,5233.16,32490,44757,0.5828779599271333,0
2023-07-28 11:09:03,5245.95,109063,22,5233.16,32492,44698,0.58383664078228,0
2023-07-28 11:09:04,5245.95,109085,22,5233.17,32468,44670,0.58383664078228,0
2023-07-28 11:09:04,5245.95,109085,22,5233.17,32553,43919,0.58383664078228,0
2023-07-28 11:09:04,5245.95,109085,22,5233.17,32590,44628,0.58383664078228,0
2023-07-28 11:09:04,5244.95,109085,2,5233.17,32590,44628,0.5646630236794137,0
2023-07-28 11:09:10,5244.95,109088,2,5233.17,32552,44398,0.5646630236794137,0
2023-07-28 11:09:10,5244.9,109088,1,5233.17,32552,44398,0.5637043428242668,0
2023-07-28 11:09:14,5244.9,109089,1,5233.17,32583,44645,0.5637043428242668,0
2023-07-28 11:09:14,5244.9,109089,1,5233.17,32565,44606,0.5637043428242668,0
2023-07-28 11:09:14,5244.9,109089,1,5233.17,32565,44603,0.5637043428242668,0
2023-07-28 11:09:14,5246.1,109089,4,5233.17,32565,44603,0.5867126833477205,0
2023-07-28 11:09:14,5246.35,109089,3,5233.17,32565,44603,0.5915060876234371,0
2023-07-28 11:09:20,5246.35,109098,3,5233.17,32702,44484,0.5915060876234371,0
2023-07-28 11:09:20,5247.7,109098,8,5233.17,32702,44484,0.6173904707122964,0
2023-07-28 11:09:23,5247.7,109123,8,5233.17,32715,44718,0.6173904707122964,0
2023-07-28 11:09:23,5248.15,109123,4,5233.17,32715,44718,0.6260185984085828,0
2023-07-28 11:09:25,5248.15,109127,1,5233.17,32804,44678,0.6260185984085828,0
2023-07-28 11:09:27,5248.15,109130,1,5233.17,32836,44697,0.6260185984085828,0
2023-07-28 11:09:27,5246.35,109130,2,5233.17,32836,44697,0.5915060876234371,0
2023-07-28 11:09:30,5246.35,109133,2,5233.17,32818,44712,0.5915060876234371,0
2023-07-28 11:09:30,5246.35,109133,2,5233.17,32808,44709,0.5915060876234371,0
2023-07-28 11:09:37,5248.15,109155,10,5233.18,32721,44878,0.6260185984085828,0
2023-07-28 11:09:37,5247.7,109155,1,5233.18,32721,44878,0.6173904707122964,0
2023-07-28 11:09:37,5247.3,109155,1,5233.18,32721,44878,0.6097210238711568,0
2023-07-28 11:09:38,5247.3,109161,1,5233.18,32723,44859,0.6097210238711568,0
2023-07-28 11:09:38,5247.3,109161,3,5233.18,32723,44859,0.6097210238711568,0
2023-07-28 11:09:38,5248.5,109161,17,5233.18,32723,44859,0.632729364394593,0
2023-07-28 11:09:41,5248.5,109192,17,5233.18,32752,44879,0.632729364394593,0
2023-07-28 11:09:44,5249.0,109195,3,5233.18,32772,44867,0.6423161729460263,0
2023-07-28 11:09:44,5249.0,109195,3,5233.18,32901,44848,0.6423161729460263,0
2023-07-28 11:09:44,5249.0,109195,3,5233.18,32894,44868,0.6423161729460263,0
2023-07-28 11:09:44,5249.0,109195,11,5233.18,32894,44868,0.6423161729460263,0
2023-07-28 11:09:50,5249.0,109209,3,5233.18,32885,44859,0.6423161729460263,0
2023-07-28 11:09:51,5249.0,109213,3,5233.18,33043,44796,0.6423161729460263,0
2023-07-28 11:09:51,5249.0,109213,3,5233.18,33054,44796,0.6423161729460263,0
2023-07-28 11:09:58,5248.2,109216,3,5233.18,33040,44814,0.6269772792637296,0
2023-07-28 11:09:58,5248.2,109216,2,5233.18,33040,44814,0.6269772792637296,0
2023-07-28 11:10:00,5248.2,109218,2,5233.18,32968,44869,0.6269772792637296,0
2023-07-28 11:10:03,5249.0,109219,1,5233.18,32963,44871,0.6423161729460263,0
2023-07-28 11:10:03,5248.65,109219,2,5233.18,32963,44871,0.635605406960016,0
2023-07-28 11:10:05,5249.0,109231,10,5233.19,32967,44847,0.6423161729460263,0
2023-07-28 11:10:06,5249.0,109237,1,5233.19,32958,44914,0.6423161729460263,0
2023-07-28 11:10:06,5249.0,109237,1,5233.19,32959,44914,0.6423161729460263,0
2023-07-28 11:10:06,5249.0,109237,1,5233.19,32337,45124,0.6423161729460263,0
2023-07-28 11:10:10,5249.0,109240,1,5233.19,32961,45116,0.6423161729460263,0
2023-07-28 11:10:10,5249.0,109240,1,5233.19,32961,45116,0.6423161729460263,0
2023-07-28 11:10:10,5249.0,109240,1,5233.19,32961,45116,0.6423161729460263,0
2023-07-28 11:10:10,5249.0,109240,1,5233.19,32977,45116,0.6423161729460263,0
2023-07-28 11:10:10,5249.0,109240,7,5233.19,32977,45116,0.6423161729460263,0
2023-07-28 11:10:14,5249.0,109247,7,5233.19,32973,45116,0.6423161729460263,0
2023-07-28 11:10:14,5249.0,109247,7,5233.19,32951,45111,0.6423161729460263,0
2023-07-28 11:10:14,5249.0,109247,7,5233.19,32344,45103,0.6423161729460263,0
2023-07-28 11:10:14,5249.0,109247,38,5233.19,32344,45103,0.6423161729460263,0
2023-07-28 11:10:17,5246.35,109392,3,5233.21,32529,45149,0.5915060876234371,0
2023-07-28 11:10:18,5246.4,109402,10,5233.21,31754,45440,0.5924647684785666,0
2023-07-28 11:10:18,5244.95,109402,2,5233.21,32495,45226,0.5646630236794137,0
2023-07-28 11:10:21,5246.35,109409,5,5233.21,32469,45190,0.5915060876234371,0
2023-07-28 11:10:21,5246.35,109409,5,5233.21,32482,45139,0.5915060876234371,0
2023-07-28 11:10:21,5246.5,109409,1,5233.21,32514,45154,0.5943821301888601,0
2023-07-28 11:10:23,5246.5,109410,1,5233.21,31926,45150,0.5943821301888601,0
2023-07-28 11:10:23,5246.5,109410,1,5233.21,32538,45132,0.5943821301888601,0
2023-07-28 11:10:23,5246.5,109410,1,5233.21,32578,45146,0.5943821301888601,0
2023-07-28 11:10:23,5246.5,109410,1,5233.21,32571,44875,0.5943821301888601,0
2023-07-28 11:10:23,5246.5,109410,1,5233.21,31930,45150,0.5943821301888601,0
2023-07-28 11:10:23,5246.5,109410,1,5233.21,32550,45164,0.5943821301888601,0
2023-07-28 11:10:23,5244.95,109410,3,5233.21,32550,45164,0.5646630236794137,0
2023-07-28 11:10:30,5244.95,109413,3,5233.21,32531,45128,0.5646630236794137,0
2023-07-28 11:10:30,5244.95,109413,3,5233.21,31906,44863,0.5646630236794137,0
2023-07-28 11:10:32,5245.8,109414,1,5233.21,32546,45059,0.5809605982168571,0
2023-07-28 11:10:32,5245.8,109414,1,5233.21,32576,45123,0.5809605982168571,0
2023-07-28 11:10:32,5246.8,109414,4,5233.21,32562,45124,0.6001342153197236,0
2023-07-28 11:10:35,5246.8,109425,4,5233.21,32536,45033,0.6001342153197236,0
2023-07-28 11:10:36,5245.4,109428,3,5233.21,31305,44832,0.5732911513757001,0
2023-07-28 11:10:36,5245.4,109428,3,5233.21,32587,45078,0.5732911513757001,0
2023-07-28 11:10:36,5247.2,109428,1,5233.21,32601,45078,0.6078036621608631,0
2023-07-28 11:10:38,5247.2,109429,1,5233.21,32649,44866,0.6078036621608631,0
2023-07-28 11:10:38,5245.4,109429,2,5233.21,32649,44866,0.5732911513757001,0
2023-07-28 11:10:40,5245.4,109431,2,5233.21,32603,44941,0.5732911513757001,0
2023-07-28 11:10:40,5245.4,109431,2,5233.21,32607,45026,0.5732911513757001,0
2023-07-28 11:10:40,5245.4,109431,2,5233.21,32677,45026,0.5732911513757001,0
2023-07-28 11:10:43,5249.15,109731,2,5233.26,32823,44502,0.6451922155114492,0
2023-07-28 11:10:44,5249.15,109799,2,5233.27,32737,44709,0.6451922155114492,0
2023-07-28 11:10:44,5249.15,109799,2,5233.27,32766,44582,0.6451922155114492,0
2023-07-28 11:10:44,5249.15,109799,2,5233.27,32785,44564,0.6451922155114492,0
2023-07-28 11:10:47,5247.1,109804,5,5233.27,32790,44570,0.605886300450587,0
2023-07-28 11:10:47,5247.1,109804,5,5233.27,32791,44550,0.605886300450587,0
2023-07-28 11:10:47,5247.1,109804,5,5233.27,32803,44565,0.605886300450587,0
2023-07-28 11:10:50,5248.35,109813,6,5233.27,32819,44557,0.6298533218291701,0
2023-07-28 11:10:50,5248.35,109813,6,5233.27,32803,44546,0.6298533218291701,0
2023-07-28 11:10:50,5248.35,109813,6,5233.27,32780,44575,0.6298533218291701,0
2023-07-28 11:10:50,5248.35,109813,6,5233.27,32788,44575,0.6298533218291701,0
2023-07-28 11:10:50,5248.35,109813,6,5233.27,32196,44562,0.6298533218291701,0
2023-07-28 11:10:55,5247.1,109816,3,5233.27,32806,44638,0.605886300450587,0
2023-07-28 11:10:55,5247.1,109816,3,5233.27,32790,44671,0.605886300450587,0
2023-07-28 11:10:55,5247.1,109816,3,5233.27,32894,44586,0.605886300450587,0
2023-07-28 11:10:55,5247.1,109816,3,5233.27,32273,44600,0.605886300450587,0
2023-07-28 11:10:55,5247.1,109816,3,5233.27,32045,44661,0.605886300450587,0
2023-07-28 11:10:55,5247.1,109816,2,5233.27,32045,44661,0.605886300450587,0
2023-07-28 11:11:00,5247.1,109818,2,5233.27,32735,44633,0.605886300450587,0
2023-07-28 11:11:00,5247.1,109818,2,5233.27,32735,44647,0.605886300450587,0
2023-07-28 11:11:02,5248.1,109821,2,5233.27,32730,44614,0.6250599175534535,0
2023-07-28 11:11:02,5249.15,109821,7,5233.27,32730,44614,0.6451922155114492,0
2023-07-28 11:11:04,5249.05,109852,3,5233.27,32744,44672,0.6432748538011731,0
2023-07-28 11:11:04,5249.05,109852,3,5233.27,32893,44629,0.6432748538011731,0
2023-07-28 11:11:04,5249.05,109852,3,5233.27,32810,44377,0.6432748538011731,0
2023-07-28 11:11:04,5249.05,109852,3,5233.27,32815,44665,0.6432748538011731,0
2023-07-28 11:11:04,5249.05,109852,3,5233.27,32920,44643,0.6432748538011731,0
2023-07-28 11:11:04,5249.05,109852,3,5233.27,32766,44670,0.6432748538011731,0
2023-07-28 11:11:04,5249.05,109852,3,5233.27,32784,44640,0.6432748538011731,0
2023-07-28 11:11:10,5247.1,109855,3,5233.27,32815,44664,0.605886300450587,0
2023-07-28 11:11:10,5247.1,109855,3,5233.27,32800,44635,0.605886300450587,0
2023-07-28 11:11:10,5247.1,109855,3,5233.27,32146,44689,0.605886300450587,0
2023-07-28 11:11:10,5247.1,109855,3,5233.27,32812,44396,0.605886300450587,0
2023-07-28 11:11:14,5247.1,109858,3,5233.27,32120,44692,0.605886300450587,0
2023-07-28 11:11:14,5247.1,109858,3,5233.27,32123,44613,0.605886300450587,0
2023-07-28 11:11:14,5247.1,109858,3,5233.27,32766,44552,0.605886300450587,0
2023-07-28 11:11:14,5247.1,109858,3,5233.27,32769,44580,0.605886300450587,0
2023-07-28 11:11:14,5247.1,109858,3,5233.27,32780,44566,0.605886300450587,0
2023-07-28 11:11:20,5249.45,109860,1,5233.27,32870,44574,0.6509443006423127,0
2023-07-28 11:11:21,5249.45,109864,1,5233.28,32881,44556,0.6509443006423127,0
2023-07-28 11:11:21,5249.45,109864,1,5233.28,32883,44552,0.6509443006423127,0
2023-07-28 11:11:21,5249.45,109864,1,5233.28,32883,44562,0.6509443006423127,0
2023-07-28 11:11:21,5249.45,109864,1,5233.28,32887,44562,0.6509443006423127,0
2023-07-28 11:11:21,5249.45,109864,1,5233.28,32887,44562,0.6509443006423127,0
2023-07-28 11:11:25,5249.55,109865,1,5233.28,32895,44575,0.6528616623526063,0
2023-07-28 11:11:25,5249.55,109865,1,5233.28,32895,44575,0.6528616623526063,0
2023-07-28 11:11:25,5249.55,109865,1,5233.28,32895,44575,0.6528616623526063,0
2023-07-28 11:11:25,5250.0,109865,3,5233.28,32928,44566,0.6614897900488927,0
2023-07-28 11:11:27,5250.0,109868,3,5233.28,32948,44563,0.6614897900488927,0
2023-07-28 11:11:27,5250.0,109868,3,5233.28,32948,44563,0.6614897900488927,0
2023-07-28 11:11:27,5250.0,109868,3,5233.28,32948,44563,0.6614897900488927,0
2023-07-28 11:11:27,5250.0,109868,3,5233.28,32325,44567,0.6614897900488927,0
2023-07-28 11:11:27,5250.0,109868,5,5233.28,32325,44567,0.6614897900488927,0
2023-07-28 11:11:30,5250.0,109876,5,5233.28,32959,44560,0.6614897900488927,0
2023-07-28 11:11:30,5250.0,109876,5,5233.28,32998,44541,0.6614897900488927,0
2023-07-28 11:11:30,5250.0,109876,5,5233.28,32996,44575,0.6614897900488927,0
2023-07-28 11:11:30,5249.95,109876,1,5233.28,32996,44575,0.6605311091937459,0
2023-07-28 11:11:33,5249.95,109879,1,5233.28,32988,44575,0.6605311091937459,0
2023-07-28 11:11:33,5250.0,109879,1,5233.28,32980,44561,0.6614897900488927,0
2023-07-28 11:11:35,5250.0,109889,1,5233.28,32983,44576,0.6614897900488927,0
2023-07-28 11:11:35,5249.95,109889,15,5233.28,32991,44527,0.6605311091937459,0
2023-07-28 11:11:37,5249.95,109904,15,5233.28,32340,44684,0.6605311091937459,0
2023-07-28 11:11:37,5249.95,109904,15,5233.28,32355,44683,0.6605311091937459,0
2023-07-28 11:11:40,5249.95,109906,2,5233.28,32978,44684,0.6605311091937459,0
2023-07-28 11:11:40,5249.95,109906,2,5233.28,32992,44670,0.6605311091937459,0
2023-07-28 11:11:40,5249.95,109906,2,5233.28,32993,44673,0.6605311091937459,0
2023-07-28 11:11:40,5249.95,109906,2,5233.28,32986,44690,0.6605311091937459,0
2023-07-28 11:11:40,5249.95,109906,2,5233.28,32993,44665,0.6605311091937459,0
2023-07-28 11:11:40,5250.0,109906,11,5233.28,32993,44665,0.6614897900488927,0
2023-07-28 11:11:45,5250.0,109919,11,5233.28,33001,44654,0.6614897900488927,0
2023-07-28 11:11:45,5249.95,109919,3,5233.28,33001,44654,0.6605311091937459,0
2023-07-28 11:11:47,5249.95,109922,3,5233.28,32372,44656,0.6605311091937459,0
2023-07-28 11:11:47,5249.95,109922,3,5233.28,32997,44690,0.6605311091937459,0
2023-07-28 11:11:50,5249.95,109926,4,5233.28,32971,44764,0.6605311091937459,0
2023-07-28 11:11:51,5249.4,110058,13,5233.3,31884,44834,0.6499856197871658,0
2023-07-28 11:11:52,5249.85,110078,3,5233.31,32865,44645,0.6586137474834697,0
2023-07-28 11:11:52,5249.4,110082,2,5233.31,32871,44658,0.6499856197871658,0
2023-07-28 11:11:53,5250.0,110085,3,5233.31,32908,44603,0.6614897900488927,0
2023-07-28 11:11:53,5250.0,110085,3,5233.31,32914,44604,0.6614897900488927,0
2023-07-28 11:11:53,5250.0,110085,3,5233.31,32912,44610,0.6614897900488927,0
2023-07-28 11:11:53,5250.0,110085,3,5233.31,32912,44611,0.6614897900488927,0
2023-07-28 11:11:53,5250.0,110085,3,5233.31,32912,44633,0.6614897900488927,0
2023-07-28 11:11:53,5250.0,110085,3,5233.31,32932,44573,0.6614897900488927,0
2023-07-28 11:11:53,5249.4,110085,1,5233.31,32932,44573,0.6499856197871658,0
2023-07-28 11:12:00,5249.4,110087,1,5233.31,32889,44674,0.6499856197871658,0
2023-07-28 11:12:02,5250.0,110089,1,5233.31,32879,44663,0.6614897900488927,0
2023-07-28 11:12:03,5250.0,110090,1,5233.31,32890,44660,0.6614897900488927,0
2023-07-28 11:12:03,5249.75,110090,7,5233.31,32891,44668,0.6566963857731761,0
2023-07-28 11:12:03,5250.0,110100,3,5233.31,32875,44693,0.6614897900488927,0
2023-07-28 11:12:05,5250.0,110103,3,5233.31,32888,44657,0.6614897900488927,0
2023-07-28 11:12:05,5250.0,110103,3,5233.31,32888,44674,0.6614897900488927,0
2023-07-28 11:12:05,5249.4,110103,6,5233.31,32898,44658,0.6499856197871658,0
2023-07-28 11:12:08,5249.4,110124,6,5233.31,32855,44714,0.6499856197871658,0
2023-07-28 11:12:10,5249.4,110127,1,5233.31,32860,44742,0.6499856197871658,0
2023-07-28 11:12:10,5250.0,110127,4,5233.31,32860,44808,0.6614897900488927,0
2023-07-28 11:12:11,5250.0,110134,4,5233.32,32862,44769,0.6614897900488927,0
2023-07-28 11:12:11,5250.0,110134,4,5233.32,32881,44761,0.6614897900488927,0
2023-07-28 11:12:11,5250.0,110134,4,5233.32,32879,44750,0.6614897900488927,0
2023-07-28 11:12:11,5250.0,110134,4,5233.32,32881,44796,0.6614897900488927,0
2023-07-28 11:12:11,5250.0,110134,4,5233.32,32863,44797,0.6614897900488927,0
2023-07-28 11:12:11,5250.0,110134,4,5233.32,32863,44797,0.6614897900488927,0
2023-07-28 11:12:11,5250.0,110134,4,5233.32,32864,44798,0.6614897900488927,0
2023-07-28 11:12:11,5250.0,110134,4,5233.32,32255,44801,0.6614897900488927,0
2023-07-28 11:12:11,5250.0,110134,9,5233.32,32255,44801,0.6614897900488927,0
2023-07-28 11:12:20,5250.0,110147,9,5233.32,32220,44793,0.6614897900488927,0
2023-07-28 11:12:21,5249.4,110152,3,5233.32,32842,44793,0.6499856197871658,0
2023-07-28 11:12:21,5249.4,110152,3,5233.32,32236,44793,0.6499856197871658,0
2023-07-28 11:12:21,5250.0,110152,1,5233.32,32861,44793,0.6614897900488927,0
2023-07-28 11:12:24,5250.0,110153,1,5233.32,32867,44770,0.6614897900488927,0
2023-07-28 11:12:24,5250.0,110153,1,5233.32,32880,44770,0.6614897900488927,0
2023-07-28 11:12:24,5250.0,110153,1,5233.32,32885,44797,0.6614897900488927,0
2023-07-28 11:12:24,5250.0,110153,1,5233.32,32885,44798,0.6614897900488927,0
2023-07-28 11:12:24,5250.0,110153,1,5233.32,32900,44774,0.6614897900488927,0
2023-07-28 11:12:30,5249.4,110156,1,5233.32,32899,44784,0.6499856197871658,0
2023-07-28 11:12:30,5249.75,110159,3,5233.32,32930,44794,0.6566963857731761,0
2023-07-28 11:12:30,5249.75,110159,3,5233.32,32931,44794,0.6566963857731761,0
2023-07-28 11:12:30,5249.75,110159,3,5233.32,32911,44811,0.6566963857731761,0
2023-07-28 11:12:30,5249.75,110159,3,5233.32,32911,44811,0.6566963857731761,0
2023-07-28 11:12:30,5247.1,110159,1,5233.32,32911,44811,0.605886300450587,0
2023-07-28 11:12:35,5247.1,110283,1,5233.34,32678,45051,0.605886300450587,0
2023-07-28 11:12:35,5247.1,110283,1,5233.34,32693,44984,0.605886300450587,0
2023-07-28 11:12:35,5248.1,110283,3,5233.34,32717,44986,0.6250599175534535,0
2023-07-28 11:12:35,5247.1,110283,1,5233.34,32717,44986,0.605886300450587,0
2023-07-28 11:12:37,5247.1,110288,1,5233.34,32805,44933,0.605886300450587,0
2023-07-28 11:12:37,5247.1,110288,1,5233.34,32840,44696,0.605886300450587,0
2023-07-28 11:12:37,5247.1,110288,1,5233.34,32840,44696,0.605886300450587,0
2023-07-28 11:12:37,5247.1,110288,1,5233.34,32840,44696,0.605886300450587,0
2023-07-28 11:12:40,5247.1,110290,1,5233.34,32852,44931,0.605886300450587,0
2023-07-28 11:12:40,5247.1,110290,1,5233.34,32839,44923,0.605886300450587,0
2023-07-28 11:12:40,5247.1,110290,1,5233.34,32877,44662,0.605886300450587,0
2023-07-28 11:12:40,5247.1,110290,1,5233.34,32839,44895,0.605886300450587,0
2023-07-28 11:12:40,5247.1,110290,1,5233.34,32877,44938,0.605886300450587,0
2023-07-28 11:12:40,5247.1,110290,1,5233.34,32762,44917,0.605886300450587,0
2023-07-28 11:12:40,5247.1,110290,1,5233.34,32762,44957,0.605886300450587,0
2023-07-28 11:12:40,5247.1,110290,1,5233.34,32781,44933,0.605886300450587,0
2023-07-28 11:12:49,5247.7,110293,3,5233.34,32787,44948,0.6173904707122964,0
2023-07-28 11:12:49,5248.25,110293,2,5233.34,32787,44948,0.6279359601188764,0
2023-07-28 11:12:50,5248.25,110299,2,5233.34,32731,44893,0.6279359601188764,0
2023-07-28 11:12:50,5248.25,110299,2,5233.34,32129,44868,0.6279359601188764,0
2023-07-28 11:12:50,5248.25,110299,2,5233.34,32741,44863,0.6279359601188764,0
2023-07-28 11:12:50,5248.25,110299,2,5233.34,32769,44877,0.6279359601188764,0
2023-07-28 11:12:50,5248.25,110299,2,5233.34,32779,44819,0.6279359601188764,0
2023-07-28 11:12:50,5249.7,110299,4,5233.34,32779,44819,0.6557377049180293,0
