2023-07-28 10:49:28,3374.3,138661,5,3379.39,56606,98551,0.14542648542767528,0
2023-07-28 10:49:28,3374.3,138661,5,3379.39,56609,98548,0.14542648542767528,0
2023-07-28 10:49:28,3374.9,138661,1,3379.39,56611,98457,0.1632338101739182,0
2023-07-28 10:49:33,3374.3,138666,2,3379.39,56574,98534,0.14542648542767528,0
2023-07-28 10:49:33,3374.3,138666,2,3379.39,56574,98534,0.14542648542767528,0
2023-07-28 10:49:35,3374.25,138672,2,3379.39,56713,98549,0.14394254169881607,0
2023-07-28 10:49:35,3374.25,138672,2,3379.39,56713,98549,0.14394254169881607,0
2023-07-28 10:49:35,3374.25,138672,2,3379.39,56713,98549,0.14394254169881607,0
2023-07-28 10:49:35,3373.65,138672,15,3379.39,56713,98549,0.12613521695257315,0
2023-07-28 10:49:39,3373.65,138687,15,3379.39,56698,98537,0.12613521695257315,0
2023-07-28 10:49:40,3373.65,138695,4,3379.39,56460,98596,0.12613521695257315,0
2023-07-28 10:49:41,3374.3,138700,5,3379.39,56496,98627,0.14542648542767528,0
2023-07-28 10:49:41,3374.3,138700,5,3379.39,56523,98624,0.14542648542767528,0
2023-07-28 10:49:43,3374.4,138752,52,3379.39,56610,98624,0.14839437288538018,0
2023-07-28 10:49:43,3374.4,138752,52,3379.39,56611,98624,0.14839437288538018,0
2023-07-28 10:49:43,3374.4,138752,52,3379.39,56623,98626,0.14839437288538018,0
2023-07-28 10:49:43,3374.4,138752,52,3379.39,56624,98627,0.14839437288538018,0
2023-07-28 10:49:43,3375.0,138752,1,3379.39,56625,98627,0.1662016976316231,0
2023-07-28 10:49:48,3374.0,138758,4,3379.39,56616,98626,0.13652282305454708,0
2023-07-28 10:49:48,3374.5,138758,2,3379.39,56616,98626,0.1513622603430851,0
2023-07-28 10:49:49,3374.5,138761,1,3379.39,56607,98630,0.1513622603430851,0
2023-07-28 10:49:49,3373.7,138761,11,3379.39,56607,98630,0.12761916068141885,0
2023-07-28 10:49:50,3374.4,138783,7,3379.39,56570,98693,0.14839437288538018,0
2023-07-28 10:49:51,3374.4,138787,2,3379.39,56580,99063,0.14839437288538018,0
2023-07-28 10:49:51,3374.4,138787,2,3379.39,56580,99063,0.14839437288538018,0
2023-07-28 10:49:51,3374.4,138787,2,3379.39,56559,99060,0.14839437288538018,0
2023-07-28 10:49:51,3374.4,138787,2,3379.39,56559,99065,0.14839437288538018,0
2023-07-28 10:49:51,3374.8,138787,22,3379.39,56559,99065,0.1602659227162133,0
2023-07-28 10:49:51,3374.8,138787,30,3379.39,56559,99065,0.1602659227162133,0
2023-07-28 10:49:55,3374.8,138871,7,3379.39,56660,99076,0.1602659227162133,0
2023-07-28 10:49:56,3374.8,138885,14,3379.39,56667,99062,0.1602659227162133,0
2023-07-28 10:49:57,3374.8,138971,85,3379.38,56665,98899,0.1602659227162133,0
2023-07-28 10:49:57,3375.0,138971,753,3379.38,55659,98860,0.1662016976316231,0
2023-07-28 10:49:57,3375.85,138971,4,3379.38,55659,98860,0.19142874102213503,0
2023-07-28 10:49:58,3375.85,140674,4,3379.33,56760,97307,0.19142874102213503,0
2023-07-28 10:49:58,3375.55,140674,10,3379.33,56808,97274,0.18252507864902032,0
2023-07-28 10:50:00,3375.55,140690,1,3379.33,56708,97189,0.18252507864902032,0
2023-07-28 10:50:01,3375.55,140692,1,3379.33,56702,97189,0.18252507864902032,0
2023-07-28 10:50:03,3376.0,140740,2,3379.33,56691,97094,0.19588057220869914,0
2023-07-28 10:50:03,3376.0,140740,11,3379.33,56691,97094,0.19588057220869914,0
2023-07-28 10:50:03,3376.0,140753,11,3379.33,55811,97232,0.19588057220869914,0
2023-07-28 10:50:04,3376.3,140754,1,3379.33,56741,97234,0.20478423458182735,0
2023-07-28 10:50:04,3376.45,140754,5,3379.33,56741,97234,0.20923606576837797,0
2023-07-28 10:50:06,3376.5,140760,1,3379.33,56685,97296,0.21072000949723715,0
2023-07-28 10:50:07,3376.95,140780,2,3379.33,56553,97293,0.22407550305691598,0
2023-07-28 10:50:08,3377.0,140781,1,3379.33,56537,97307,0.2255594467857752,0
2023-07-28 10:50:09,3377.8,140890,8,3379.33,55138,97165,0.2493025464474414,0
2023-07-28 10:50:11,3377.95,140936,7,3379.33,54626,97647,0.253754377633992,0
2023-07-28 10:50:11,3377.95,140936,7,3379.33,54626,97647,0.253754377633992,0
2023-07-28 10:50:11,3378.0,140936,1,3379.33,54626,97647,0.25523832136285124,0
2023-07-28 10:50:12,3378.0,140987,1,3379.33,56432,97590,0.25523832136285124,0
2023-07-28 10:50:12,3378.0,140987,1,3379.33,56518,97407,0.25523832136285124,0
2023-07-28 10:50:12,3378.0,140987,1,3379.33,56489,97408,0.25523832136285124,0
2023-07-28 10:50:12,3376.7,140987,1,3379.33,56489,97408,0.21665578441264696,0
2023-07-28 10:50:12,3376.7,140987,1,3379.33,56489,97408,0.21665578441264696,0
2023-07-28 10:50:17,3376.7,140989,1,3379.33,56471,97442,0.21665578441264696,0
2023-07-28 10:50:19,3376.75,140999,8,3379.33,56440,97481,0.21813972814150617,0
2023-07-28 10:50:19,3376.75,140999,6,3379.33,56440,97481,0.21813972814150617,0
2023-07-28 10:50:20,3376.75,141005,6,3379.33,56504,97434,0.21813972814150617,0
2023-07-28 10:50:20,3376.75,141005,6,3379.33,56504,97432,0.21813972814150617,0
2023-07-28 10:50:20,3376.75,141005,6,3379.33,56504,97432,0.21813972814150617,0
2023-07-28 10:50:20,3377.55,141005,1,3379.33,56504,97432,0.24188282780317238,0
2023-07-28 10:50:20,3377.55,141005,1,3379.33,56504,97432,0.24188282780317238,0
2023-07-28 10:50:22,3377.55,141008,1,3379.33,56546,97429,0.24188282780317238,0
2023-07-28 10:50:22,3377.55,141008,1,3379.33,56546,97429,0.24188282780317238,0
2023-07-28 10:50:24,3377.95,141019,10,3379.33,56576,97409,0.253754377633992,0
2023-07-28 10:50:24,3377.95,141019,10,3379.33,56617,97409,0.253754377633992,0
2023-07-28 10:50:24,3377.95,141019,10,3379.33,56637,97363,0.253754377633992,0
2023-07-28 10:50:24,3377.95,141019,10,3379.33,56609,97306,0.253754377633992,0
2023-07-28 10:50:28,3377.95,141020,1,3379.33,56689,97279,0.253754377633992,0
2023-07-28 10:50:29,3378.3,141120,51,3379.32,56722,97315,0.2641419837359794,0
2023-07-28 10:50:29,3378.3,141120,51,3379.32,56692,97215,0.2641419837359794,0
2023-07-28 10:50:31,3377.0,141140,1,3379.32,56552,97215,0.2255594467857752,0
2023-07-28 10:50:31,3378.0,141140,5,3379.32,56552,97215,0.25523832136285124,0
2023-07-28 10:50:32,3378.0,141165,5,3379.32,56829,97306,0.25523832136285124,0
2023-07-28 10:50:32,3378.0,141165,5,3379.32,56786,97417,0.25523832136285124,0
2023-07-28 10:50:32,3378.0,141165,5,3379.32,56776,97623,0.25523832136285124,0
2023-07-28 10:50:32,3377.4,141165,1,3379.32,56776,97623,0.2374309966166083,0
2023-07-28 10:50:35,3377.4,141167,1,3379.32,56777,97415,0.2374309966166083,0
2023-07-28 10:50:36,3377.55,141173,1,3379.32,56674,97253,0.24188282780317238,0
2023-07-28 10:50:37,3378.3,141177,2,3379.32,56670,97382,0.2641419837359794,0
2023-07-28 10:50:38,3378.4,141282,4,3379.32,56768,97322,0.26710987119368435,0
2023-07-28 10:50:38,3378.4,141282,4,3379.32,56768,97322,0.26710987119368435,0
2023-07-28 10:50:38,3376.75,141282,1,3379.32,56768,97324,0.21813972814150617,0
2023-07-28 10:50:39,3376.75,141327,1,3379.32,56715,97466,0.21813972814150617,0
2023-07-28 10:50:39,3378.35,141327,3,3379.32,56715,97466,0.2656259274648251,0
2023-07-28 10:50:41,3378.4,141330,40,3379.32,56754,97548,0.26710987119368435,0
2023-07-28 10:50:42,3378.4,141371,1,3379.32,56815,97484,0.26710987119368435,0
2023-07-28 10:50:42,3378.4,141371,1,3379.32,56815,97484,0.26710987119368435,0
2023-07-28 10:50:43,3378.4,141372,1,3379.32,57358,97392,0.26710987119368435,0
2023-07-28 10:50:43,3378.4,141372,12,3379.32,57358,97392,0.26710987119368435,0
2023-07-28 10:50:43,3378.4,141384,12,3379.32,57359,97149,0.26710987119368435,0
2023-07-28 10:50:43,3378.4,141384,12,3379.32,57307,97147,0.26710987119368435,0
2023-07-28 10:50:43,3377.6,141384,1,3379.32,57307,97147,0.2433667715320181,0
2023-07-28 10:50:45,3377.6,141521,1,3379.32,57233,97214,0.2433667715320181,0
2023-07-28 10:50:45,3377.6,141521,1,3379.32,57233,97214,0.2433667715320181,0
2023-07-28 10:50:48,3378.4,141536,15,3379.32,57214,97122,0.26710987119368435,0
2023-07-28 10:50:49,3378.9,141588,2,3379.32,57354,97077,0.2819493084822223,0
2023-07-28 10:50:49,3378.0,141588,5,3379.32,57354,97077,0.25523832136285124,0
2023-07-28 10:50:51,3378.0,141595,1,3379.32,57432,97147,0.25523832136285124,0
2023-07-28 10:50:51,3379.0,141595,4,3379.32,57353,97277,0.28491719593992726,0
2023-07-28 10:50:53,3378.0,141701,54,3379.32,57199,97187,0.25523832136285124,0
2023-07-28 10:50:53,3378.0,141701,54,3379.32,57169,97221,0.25523832136285124,0
2023-07-28 10:50:53,3378.0,141701,54,3379.32,57238,97213,0.25523832136285124,0
2023-07-28 10:50:53,3378.0,141701,54,3379.32,57777,97213,0.25523832136285124,0
2023-07-28 10:50:53,3378.0,141701,54,3379.32,57817,97310,0.25523832136285124,0
2023-07-28 10:50:53,3378.0,141701,54,3379.32,57817,97320,0.25523832136285124,0
2023-07-28 10:50:59,3378.0,141709,8,3379.32,57819,97312,0.25523832136285124,0
2023-07-28 10:50:59,3378.0,141709,8,3379.32,57819,97312,0.25523832136285124,0
2023-07-28 10:51:00,3378.0,141712,3,3379.32,57840,97303,0.25523832136285124,0
2023-07-28 10:51:00,3378.0,141712,3,3379.32,57854,97303,0.25523832136285124,0
2023-07-28 10:51:00,3378.0,141712,1,3379.32,57854,97303,0.25523832136285124,0
2023-07-28 10:51:02,3378.0,141713,1,3379.32,58379,97650,0.25523832136285124,0
2023-07-28 10:51:03,3377.65,141717,2,3379.32,58330,97643,0.2448507152608773,0
2023-07-28 10:51:03,3377.65,141717,2,3379.32,58330,97643,0.2448507152608773,0
2023-07-28 10:51:03,3377.65,141717,2,3379.32,58330,97636,0.2448507152608773,0
2023-07-28 10:51:03,3377.2,141717,7,3379.32,58330,97636,0.231495221701185,0
2023-07-28 10:51:05,3377.2,141731,7,3379.32,58257,97676,0.231495221701185,0
2023-07-28 10:51:06,3377.15,141741,10,3379.32,58214,97691,0.23001127797233928,0
2023-07-28 10:51:06,3377.15,141741,10,3379.32,58209,97706,0.23001127797233928,0
2023-07-28 10:51:06,3377.15,141741,10,3379.32,58225,97706,0.23001127797233928,0
2023-07-28 10:51:06,3377.15,141741,10,3379.32,58225,97708,0.23001127797233928,0
2023-07-28 10:51:06,3378.0,141741,4,3379.32,58225,97708,0.25523832136285124,0
2023-07-28 10:51:09,3378.0,141745,4,3379.32,58215,97738,0.25523832136285124,0
2023-07-28 10:51:09,3378.0,141745,4,3379.32,58250,97699,0.25523832136285124,0
2023-07-28 10:51:09,3378.0,141745,4,3379.32,58263,97681,0.25523832136285124,0
2023-07-28 10:51:09,3378.0,141745,4,3379.32,58271,97704,0.25523832136285124,0
2023-07-28 10:51:09,3378.0,141745,4,3379.32,58271,97681,0.25523832136285124,0
2023-07-28 10:51:16,3376.75,141845,7,3379.32,58254,97860,0.21813972814150617,0
2023-07-28 10:51:16,3376.85,141845,3,3379.32,58254,97860,0.22110761559921108,0
2023-07-28 10:51:17,3376.85,141848,3,3379.32,58293,97892,0.22110761559921108,0
2023-07-28 10:51:17,3376.85,141848,3,3379.32,58246,97900,0.22110761559921108,0
2023-07-28 10:51:20,3376.75,141872,10,3379.32,58213,97939,0.21813972814150617,0
2023-07-28 10:51:20,3376.75,141872,10,3379.32,58213,97939,0.21813972814150617,0
2023-07-28 10:51:20,3376.75,141872,10,3379.32,58098,98025,0.21813972814150617,0
2023-07-28 10:51:22,3378.0,141972,10,3379.32,58177,97912,0.25523832136285124,0
2023-07-28 10:51:22,3378.0,141972,10,3379.32,58175,97927,0.25523832136285124,0
2023-07-28 10:51:22,3376.75,141972,25,3379.32,58175,97927,0.21813972814150617,0
2023-07-28 10:51:23,3376.75,141997,25,3379.32,58153,97886,0.21813972814150617,0
2023-07-28 10:51:23,3376.75,141997,25,3379.32,58153,97886,0.21813972814150617,0
2023-07-28 10:51:23,3377.95,141997,5,3379.32,58153,97886,0.253754377633992,0
2023-07-28 10:51:25,3377.95,142002,5,3379.32,58153,97891,0.253754377633992,0
2023-07-28 10:51:27,3376.75,142004,2,3379.32,58151,97891,0.21813972814150617,0
2023-07-28 10:51:27,3376.75,142004,2,3379.32,58151,97891,0.21813972814150617,0
2023-07-28 10:51:27,3376.75,142004,2,3379.32,58278,97896,0.21813972814150617,0
2023-07-28 10:51:27,3376.75,142004,2,3379.32,58298,97849,0.21813972814150617,0
2023-07-28 10:51:27,3378.0,142004,1,3379.32,58387,97890,0.25523832136285124,0
2023-07-28 10:51:32,3377.5,142005,1,3379.32,58338,97907,0.2403988840743132,0
2023-07-28 10:51:33,3377.5,142008,1,3379.32,58288,97924,0.2403988840743132,0
2023-07-28 10:51:33,3377.0,142008,15,3379.32,58288,97924,0.2255594467857752,0
2023-07-28 10:51:35,3377.0,142023,15,3379.32,58269,97923,0.2255594467857752,0
2023-07-28 10:51:35,3377.0,142023,15,3379.32,58282,97903,0.2255594467857752,0
2023-07-28 10:51:35,3377.0,142023,15,3379.32,58315,97905,0.2255594467857752,0
2023-07-28 10:51:35,3377.0,142023,15,3379.32,58342,97810,0.2255594467857752,0
2023-07-28 10:51:35,3378.0,142023,10,3379.32,58342,97810,0.25523832136285124,0
2023-07-28 10:51:40,3378.0,142033,10,3379.32,58396,97809,0.25523832136285124,0
2023-07-28 10:51:40,3378.0,142033,10,3379.32,58422,97808,0.25523832136285124,0
2023-07-28 10:51:40,3378.0,142033,10,3379.32,58361,97893,0.25523832136285124,0
2023-07-28 10:51:44,3377.05,142036,3,3379.32,58403,97862,0.22704339051463437,0
2023-07-28 10:51:45,3378.0,142037,1,3379.32,58405,97863,0.25523832136285124,0
2023-07-28 10:51:45,3378.0,142037,1,3379.32,58405,97863,0.25523832136285124,0
2023-07-28 10:51:46,3378.0,142041,3,3379.32,58341,97851,0.25523832136285124,0
2023-07-28 10:51:46,3378.0,142041,3,3379.32,58341,97902,0.25523832136285124,0
2023-07-28 10:51:46,3378.0,142041,3,3379.32,58338,97902,0.25523832136285124,0
2023-07-28 10:51:46,3378.0,142041,3,3379.32,58332,97884,0.25523832136285124,0
2023-07-28 10:51:46,3377.55,142041,2,3379.32,58332,97884,0.24188282780317238,0
2023-07-28 10:51:50,3377.55,142044,2,3379.31,58350,97902,0.24188282780317238,0
2023-07-28 10:51:50,3377.55,142044,2,3379.31,58353,97917,0.24188282780317238,0
2023-07-28 10:51:50,3377.55,142044,2,3379.31,58353,97907,0.24188282780317238,0
2023-07-28 10:51:50,3377.1,142044,2,3379.31,58353,97907,0.2285273342434801,0
2023-07-28 10:51:53,3377.1,142046,2,3379.31,58305,97900,0.2285273342434801,0
2023-07-28 10:51:55,3377.0,142057,11,3379.31,58289,97922,0.2255594467857752,0
2023-07-28 10:51:55,3377.9,142057,3,3379.31,58305,97921,0.2522704339051463,0
2023-07-28 10:51:56,3378.0,142073,5,3379.31,58302,97873,0.25523832136285124,0
2023-07-28 10:51:56,3378.0,142073,2,3379.31,58302,97873,0.25523832136285124,0
2023-07-28 10:51:57,3378.0,142075,2,3379.31,58307,97871,0.25523832136285124,0
2023-07-28 10:51:57,3378.0,142075,2,3379.31,58286,97893,0.25523832136285124,0
2023-07-28 10:52:00,3378.0,142079,4,3379.31,58292,97894,0.25523832136285124,0
2023-07-28 10:52:00,3378.0,142079,4,3379.31,58293,97935,0.25523832136285124,0
2023-07-28 10:52:00,3378.0,142079,4,3379.31,58293,97935,0.25523832136285124,0
2023-07-28 10:52:00,3378.0,142079,4,3379.31,58284,98005,0.25523832136285124,0
2023-07-28 10:52:00,3378.0,142079,4,3379.31,58278,98035,0.25523832136285124,0
2023-07-28 10:52:00,3377.45,142079,2,3379.31,58278,98035,0.238914940345454,0
2023-07-28 10:52:05,3377.45,142081,2,3379.31,58251,98026,0.238914940345454,0
2023-07-28 10:52:05,3377.0,142081,3,3379.31,58246,98026,0.2255594467857752,0
2023-07-28 10:52:05,3375.65,142081,1,3379.31,58246,98026,0.18549296610672522,0
2023-07-28 10:52:10,3375.3,142325,1,3379.31,58136,98550,0.17510536000475133,0
2023-07-28 10:52:10,3376.1,142325,21,3379.31,58136,98550,0.19884845966640405,0
2023-07-28 10:52:10,3376.1,142357,21,3379.31,57990,98390,0.19884845966640405,0
2023-07-28 10:52:10,3376.1,142357,21,3379.31,57992,98315,0.19884845966640405,0
2023-07-28 10:52:10,3376.1,142357,5,3379.31,57992,98315,0.19884845966640405,0
2023-07-28 10:52:17,3375.55,142362,1,3379.31,57992,98350,0.18252507864902032,0
2023-07-28 10:52:17,3375.0,142362,2,3379.31,57992,98350,0.1662016976316231,0
2023-07-28 10:52:20,3375.0,142380,2,3379.31,57914,98331,0.1662016976316231,0
2023-07-28 10:52:20,3375.0,142380,2,3379.31,57778,98439,0.1662016976316231,0
2023-07-28 10:52:20,3375.0,142380,1,3379.31,57778,98439,0.1662016976316231,0
2023-07-28 10:52:25,3375.0,142381,1,3379.31,57852,98451,0.1662016976316231,0
2023-07-28 10:52:28,3375.0,142401,10,3379.31,57915,98297,0.1662016976316231,0
2023-07-28 10:52:28,3375.0,142401,1,3379.31,57915,98297,0.1662016976316231,0
2023-07-28 10:52:29,3375.0,142402,1,3379.31,57881,98105,0.1662016976316231,0
2023-07-28 10:52:29,3376.0,142402,10,3379.31,57881,98105,0.19588057220869914,0
2023-07-28 10:52:34,3375.5,142435,2,3379.31,57844,98093,0.18104113492016113,0
2023-07-28 10:52:34,3375.0,142435,14,3379.31,57844,98093,0.1662016976316231,0
2023-07-28 10:52:35,3375.0,142449,14,3379.31,57861,98081,0.1662016976316231,0
2023-07-28 10:52:35,3375.0,142449,14,3379.31,57883,98056,0.1662016976316231,0
2023-07-28 10:52:41,3376.0,142450,1,3379.31,57883,98055,0.19588057220869914,0
2023-07-28 10:52:41,3376.0,142450,1,3379.31,57879,98032,0.19588057220869914,0
2023-07-28 10:52:41,3376.0,142450,1,3379.31,57950,98078,0.19588057220869914,0
2023-07-28 10:52:41,3375.5,142450,2,3379.31,57950,98078,0.18104113492016113,0
2023-07-28 10:52:49,3376.0,142502,49,3379.31,57886,98024,0.19588057220869914,0
2023-07-28 10:52:49,3375.0,142502,14,3379.31,57886,98024,0.1662016976316231,0
2023-07-28 10:52:55,3376.0,142517,1,3379.31,57896,97952,0.19588057220869914,0
2023-07-28 10:52:55,3376.0,142517,1,3379.31,57981,97971,0.19588057220869914,0
2023-07-28 10:52:55,3376.0,142517,1,3379.31,58010,97913,0.19588057220869914,0
2023-07-28 10:52:55,3376.0,142517,1,3379.31,58010,97913,0.19588057220869914,0
2023-07-28 10:53:02,3375.5,142518,1,3379.31,58046,97912,0.18104113492016113,0
2023-07-28 10:53:02,3375.1,142518,15,3379.31,58046,97912,0.169169585089328,0
2023-07-28 10:53:05,3375.1,142541,5,3379.3,58043,97984,0.169169585089328,0
2023-07-28 10:53:06,3375.05,142543,1,3379.3,58041,97928,0.1676856413604823,0
2023-07-28 10:53:06,3376.0,142543,10,3379.3,58041,97928,0.19588057220869914,0
2023-07-28 10:53:09,3376.0,142553,10,3379.3,58042,97918,0.19588057220869914,0
2023-07-28 10:53:10,3376.0,142598,3,3379.3,58060,97974,0.19588057220869914,0
2023-07-28 10:53:10,3376.0,142598,3,3379.3,58060,97974,0.19588057220869914,0
2023-07-28 10:53:10,3376.0,142598,3,3379.3,58060,97974,0.19588057220869914,0
2023-07-28 10:53:10,3376.0,142598,3,3379.3,58060,97974,0.19588057220869914,0
2023-07-28 10:53:10,3376.0,142598,3,3379.3,58060,97962,0.19588057220869914,0
2023-07-28 10:53:15,3375.05,142620,2,3379.3,58041,97928,0.1676856413604823,0
2023-07-28 10:53:15,3375.05,142620,2,3379.3,58041,97933,0.1676856413604823,0
2023-07-28 10:53:17,3375.05,142621,1,3379.3,58040,97963,0.1676856413604823,0
2023-07-28 10:53:17,3375.05,142621,1,3379.3,58040,97963,0.1676856413604823,0
2023-07-28 10:53:17,3375.05,142621,1,3379.3,58044,97979,0.1676856413604823,0
2023-07-28 10:53:17,3375.05,142621,1,3379.3,58044,97979,0.1676856413604823,0
2023-07-28 10:53:17,3375.5,142621,3,3379.3,58044,97979,0.18104113492016113,0
2023-07-28 10:53:20,3375.5,142625,3,3379.3,58034,97989,0.18104113492016113,0
2023-07-28 10:53:20,3375.5,142625,3,3379.3,58028,97989,0.18104113492016113,0
2023-07-28 10:53:20,3375.5,142625,3,3379.3,58039,97989,0.18104113492016113,0
2023-07-28 10:53:20,3375.05,142625,3,3379.3,58039,97989,0.1676856413604823,0
2023-07-28 10:53:22,3375.05,142628,3,3379.3,58359,97948,0.1676856413604823,0
2023-07-28 10:53:22,3375.4,142628,6,3379.3,58359,97948,0.17807324746245623,0
2023-07-28 10:53:22,3376.0,142628,6,3379.3,58359,97948,0.19588057220869914,0
2023-07-28 10:53:22,3376.0,142628,6,3379.3,58359,97948,0.19588057220869914,0
2023-07-28 10:53:24,3376.0,142644,6,3379.3,58185,97939,0.19588057220869914,0
2023-07-28 10:53:24,3376.0,142644,6,3379.3,58178,97901,0.19588057220869914,0
2023-07-28 10:53:24,3376.0,142644,6,3379.3,58250,97890,0.19588057220869914,0
2023-07-28 10:53:24,3376.0,142644,6,3379.3,58216,97903,0.19588057220869914,0
2023-07-28 10:53:24,3376.0,142644,6,3379.3,58197,97926,0.19588057220869914,0
2023-07-28 10:53:24,3376.0,142644,6,3379.3,58179,97931,0.19588057220869914,0
2023-07-28 10:53:24,3376.0,142644,6,3379.3,58181,97948,0.19588057220869914,0
2023-07-28 10:53:24,3375.05,142644,1,3379.3,58181,97948,0.1676856413604823,0
2023-07-28 10:53:30,3375.05,142645,1,3379.3,58234,98002,0.1676856413604823,0
2023-07-28 10:53:30,3375.05,142645,1,3379.3,58234,97988,0.1676856413604823,0
2023-07-28 10:53:30,3375.05,142645,1,3379.3,58242,97988,0.1676856413604823,0
2023-07-28 10:53:30,3375.5,142645,1,3379.3,58242,97988,0.18104113492016113,0
2023-07-28 10:53:35,3375.5,142648,1,3379.3,58180,98046,0.18104113492016113,0
2023-07-28 10:53:35,3375.5,142648,1,3379.3,58200,98049,0.18104113492016113,0
2023-07-28 10:53:35,3375.4,142648,1,3379.3,58200,98049,0.17807324746245623,0
2023-07-28 10:53:37,3375.4,142652,1,3379.3,58101,98076,0.17807324746245623,0
2023-07-28 10:53:37,3375.4,142652,1,3379.3,58101,98082,0.17807324746245623,0
2023-07-28 10:53:37,3375.0,142652,8,3379.3,58101,98082,0.1662016976316231,0
2023-07-28 10:53:40,3375.0,142662,8,3379.3,58093,98117,0.1662016976316231,0
2023-07-28 10:53:40,3375.0,142662,8,3379.3,58093,98210,0.1662016976316231,0
2023-07-28 10:53:42,3376.4,145092,17,3379.23,57405,97632,0.20775212203953225,0
2023-07-28 10:53:43,3377.5,145095,10,3379.23,58767,97761,0.2403988840743132,0
2023-07-28 10:53:44,3377.5,145107,10,3379.23,58662,97722,0.2403988840743132,0
2023-07-28 10:53:44,3377.95,145107,3,3379.23,58662,97722,0.253754377633992,0
2023-07-28 10:53:45,3377.95,145120,3,3379.23,58581,97675,0.253754377633992,0
2023-07-28 10:53:45,3379.0,145120,10,3379.23,58581,97675,0.28491719593992726,0
2023-07-28 10:53:46,3379.0,145791,10,3379.23,59108,97089,0.28491719593992726,0
2023-07-28 10:53:47,3379.1,145792,1,3379.23,58399,97310,0.28788508339763214,0
2023-07-28 10:53:47,3379.4,145792,2,3379.23,58399,97310,0.29678874577076036,0
2023-07-28 10:53:49,3379.4,145794,2,3379.23,58334,97426,0.29678874577076036,0
2023-07-28 10:53:49,3379.4,145794,2,3379.23,58334,97426,0.29678874577076036,0
2023-07-28 10:53:50,3379.45,145806,9,3379.23,58395,97235,0.29827268949960606,0
2023-07-28 10:53:50,3378.55,145806,1,3379.23,58395,97235,0.27156170238024846,0
2023-07-28 10:53:52,3379.8,145810,2,3379.23,58311,97308,0.30866029560159347,0
2023-07-28 10:53:52,3379.8,145810,2,3379.23,58342,97264,0.30866029560159347,0
2023-07-28 10:53:52,3379.8,145810,2,3379.23,58347,97259,0.30866029560159347,0
2023-07-28 10:53:56,3378.2,145820,4,3379.23,58342,97359,0.26117409627826105,0
2023-07-28 10:53:56,3378.2,145820,4,3379.23,58342,97393,0.26117409627826105,0
2023-07-28 10:53:56,3378.2,145820,4,3379.23,58342,97393,0.26117409627826105,0
2023-07-28 10:53:56,3378.2,145820,4,3379.23,58344,97395,0.26117409627826105,0
2023-07-28 10:53:56,3378.2,145820,4,3379.23,58299,97448,0.26117409627826105,0
2023-07-28 10:53:56,3378.2,145820,4,3379.23,58299,97448,0.26117409627826105,0
2023-07-28 10:54:03,3378.9,145824,2,3379.23,58372,97346,0.2819493084822223,0
2023-07-28 10:54:03,3378.2,145824,5,3379.23,58372,97346,0.26117409627826105,0
2023-07-28 10:54:05,3378.2,145838,5,3379.23,58300,97417,0.26117409627826105,0
2023-07-28 10:54:07,3379.0,145840,2,3379.23,58341,97647,0.28491719593992726,0
2023-07-28 10:54:07,3379.0,145840,2,3379.23,58351,97618,0.28491719593992726,0
2023-07-28 10:54:07,3379.0,145840,2,3379.23,58354,97619,0.28491719593992726,0
2023-07-28 10:54:07,3379.0,145840,2,3379.23,58327,97639,0.28491719593992726,0
2023-07-28 10:54:07,3379.0,145840,2,3379.23,58313,97639,0.28491719593992726,0
2023-07-28 10:54:12,3379.0,145842,1,3379.23,58313,97627,0.28491719593992726,0
2023-07-28 10:54:13,3377.0,146144,10,3379.22,58140,97645,0.2255594467857752,0
2023-07-28 10:54:13,3377.0,146144,10,3379.22,58140,97645,0.2255594467857752,0
2023-07-28 10:54:13,3377.0,146144,10,3379.22,58131,97642,0.2255594467857752,0
2023-07-28 10:54:13,3377.0,146144,10,3379.22,58191,97596,0.2255594467857752,0
2023-07-28 10:54:13,3378.95,146144,1,3379.22,58241,97601,0.2834332522110681,0
2023-07-28 10:54:17,3378.95,146145,1,3379.22,58307,97603,0.2834332522110681,0
2023-07-28 10:54:17,3378.15,146145,1,3379.22,58307,97603,0.2596901525494153,0
2023-07-28 10:54:18,3378.15,146147,1,3379.22,58242,97639,0.2596901525494153,0
2023-07-28 10:54:20,3378.15,146148,1,3379.22,58269,97701,0.2596901525494153,0
2023-07-28 10:54:21,3378.05,146149,1,3379.22,58252,97590,0.2567222650917104,0
2023-07-28 10:54:21,3378.05,146149,1,3379.22,58282,97603,0.2567222650917104,0
2023-07-28 10:54:21,3378.05,146149,1,3379.22,58285,97604,0.2567222650917104,0
2023-07-28 10:54:24,3377.05,146151,2,3379.22,58265,97628,0.22704339051463437,0
2023-07-28 10:54:24,3378.5,146151,7,3379.22,58265,97628,0.2700777586513892,0
2023-07-28 10:54:24,3377.2,146178,8,3379.22,58305,97600,0.231495221701185,0
2023-07-28 10:54:24,3377.2,146178,8,3379.22,58299,97625,0.231495221701185,0
2023-07-28 10:54:24,3377.2,146178,8,3379.22,58209,97644,0.231495221701185,0
2023-07-28 10:54:24,3378.15,146178,2,3379.22,58209,97644,0.2596901525494153,0
2023-07-28 10:54:27,3378.15,146180,2,3379.22,58250,97614,0.2596901525494153,0
2023-07-28 10:54:27,3378.6,146180,2,3379.22,58250,97614,0.27304564610909415,0
2023-07-28 10:54:28,3378.6,146182,2,3379.22,58293,97676,0.27304564610909415,0
2023-07-28 10:54:28,3378.6,146182,2,3379.22,58264,97720,0.27304564610909415,0
2023-07-28 10:54:28,3378.6,146182,2,3379.22,58269,97722,0.27304564610909415,0
2023-07-28 10:54:28,3378.6,146182,2,3379.22,58311,97621,0.27304564610909415,0
2023-07-28 10:54:28,3378.15,146182,1,3379.22,58311,97621,0.2596901525494153,0
2023-07-28 10:54:34,3378.15,146184,1,3379.22,58356,97658,0.2596901525494153,0
2023-07-28 10:54:34,3378.15,146184,1,3379.22,58356,97658,0.2596901525494153,0
2023-07-28 10:54:35,3378.95,146199,14,3379.22,58301,97732,0.2834332522110681,0
2023-07-28 10:54:35,3378.95,146214,14,3379.22,58386,97683,0.2834332522110681,0
2023-07-28 10:54:35,3378.95,146214,14,3379.22,58386,97683,0.2834332522110681,0
2023-07-28 10:54:35,3378.95,146214,14,3379.22,58427,97658,0.2834332522110681,0
2023-07-28 10:54:35,3379.0,146214,1,3379.22,58427,97658,0.28491719593992726,0
2023-07-28 10:54:39,3379.0,146215,1,3379.22,58277,97636,0.28491719593992726,0
2023-07-28 10:54:39,3379.0,146215,1,3379.22,58432,97568,0.28491719593992726,0
2023-07-28 10:54:39,3379.0,146215,1,3379.22,58474,97562,0.28491719593992726,0
2023-07-28 10:54:39,3379.0,146215,1,3379.22,58479,97562,0.28491719593992726,0
2023-07-28 10:54:39,3379.0,146215,2,3379.22,58467,97637,0.28491719593992726,0
2023-07-28 10:54:44,3379.0,146217,2,3379.22,58468,97635,0.28491719593992726,0
2023-07-28 10:54:45,3379.0,146224,5,3379.22,58406,97587,0.28491719593992726,0
2023-07-28 10:54:45,3379.0,146224,5,3379.22,58436,97653,0.28491719593992726,0
2023-07-28 10:54:45,3379.0,146224,5,3379.22,58436,97723,0.28491719593992726,0
2023-07-28 10:54:45,3378.4,146224,1,3379.22,58436,97723,0.26710987119368435,0
2023-07-28 10:54:48,3378.4,146227,1,3379.22,58330,97726,0.26710987119368435,0
2023-07-28 10:54:49,3378.0,146519,121,3379.22,58695,97644,0.25523832136285124,0
2023-07-28 10:54:50,3378.05,146583,20,3379.22,58345,97640,0.2567222650917104,0
2023-07-28 10:54:50,3378.05,146583,20,3379.22,58345,97640,0.2567222650917104,0
2023-07-28 10:54:50,3378.05,146583,20,3379.22,58347,97640,0.2567222650917104,0
2023-07-28 10:54:54,3379.0,146584,1,3379.22,58352,97630,0.28491719593992726,0
2023-07-28 10:54:55,3379.0,146588,4,3379.22,58354,97626,0.28491719593992726,0
2023-07-28 10:54:56,3379.0,146638,9,3379.22,58559,97318,0.28491719593992726,0
2023-07-28 10:54:56,3379.7,146648,9,3379.22,58525,97371,0.3056924081438751,0
2023-07-28 10:54:58,3379.7,146657,9,3379.22,58465,97420,0.3056924081438751,0
2023-07-28 10:55:00,3378.95,146658,1,3379.22,58353,97429,0.2834332522110681,0
2023-07-28 10:55:00,3378.95,146658,1,3379.22,58353,97429,0.2834332522110681,0
2023-07-28 10:55:01,3379.0,146680,2,3379.22,58358,97385,0.28491719593992726,0
2023-07-28 10:55:01,3379.0,146680,2,3379.22,58358,97385,0.28491719593992726,0
2023-07-28 10:55:01,3379.0,146680,2,3379.22,58358,97385,0.28491719593992726,0
2023-07-28 10:55:01,3379.0,146682,2,3379.22,58600,97385,0.28491719593992726,0
2023-07-28 10:55:01,3379.0,146682,2,3379.22,58600,97385,0.28491719593992726,0
2023-07-28 10:55:01,3378.65,146682,1,3379.22,58618,97379,0.27452958983795334,0
2023-07-28 10:55:05,3378.65,146693,2,3379.22,58468,97335,0.27452958983795334,0
2023-07-28 10:55:05,3378.65,146693,2,3379.22,58465,97330,0.27452958983795334,0
2023-07-28 10:55:05,3378.45,146693,5,3379.22,58465,97330,0.26859381492253004,0
2023-07-28 10:55:08,3379.7,146705,2,3379.22,58486,97325,0.3056924081438751,0
2023-07-28 10:55:09,3379.9,146755,4,3379.22,58509,97210,0.3116281830592984,0
2023-07-28 10:55:09,3379.05,146755,2,3379.22,58275,97181,0.28640113966878644,0
2023-07-28 10:55:11,3379.05,146792,2,3379.22,58240,97204,0.28640113966878644,0
2023-07-28 10:55:12,3379.9,146812,7,3379.22,58292,97215,0.3116281830592984,0
2023-07-28 10:55:12,3379.9,146812,7,3379.22,58231,97322,0.3116281830592984,0
2023-07-28 10:55:12,3379.9,146812,7,3379.22,58118,97617,0.3116281830592984,0
2023-07-28 10:55:12,3379.9,146812,7,3379.22,58035,97623,0.3116281830592984,0
2023-07-28 10:55:12,3379.9,146812,7,3379.22,58035,97673,0.3116281830592984,0
2023-07-28 10:55:18,3379.35,146862,3,3379.22,58038,97525,0.2953048020419012,0
2023-07-28 10:55:18,3379.75,146862,2,3379.22,58038,97525,0.3071763518727343,0
2023-07-28 10:55:18,3379.75,146879,2,3379.22,58144,97534,0.3071763518727343,0
2023-07-28 10:55:18,3379.75,146879,2,3379.22,58131,97574,0.3071763518727343,0
2023-07-28 10:55:18,3379.75,146879,2,3379.22,58086,97554,0.3071763518727343,0
2023-07-28 10:55:18,3378.0,146879,3,3379.22,58086,97554,0.25523832136285124,0
2023-07-28 10:55:22,3378.0,146885,3,3379.22,57872,97784,0.25523832136285124,0
2023-07-28 10:55:22,3378.0,146885,3,3379.22,57911,97784,0.25523832136285124,0
2023-07-28 10:55:22,3378.0,146885,3,3379.22,58064,97820,0.25523832136285124,0
2023-07-28 10:55:22,3378.0,146885,3,3379.22,58094,97756,0.25523832136285124,0
2023-07-28 10:55:22,3378.0,146885,3,3379.22,58048,97779,0.25523832136285124,0
2023-07-28 10:55:22,3378.0,146885,3,3379.22,58102,97869,0.25523832136285124,0
2023-07-28 10:55:22,3378.0,146885,3,3379.22,58104,97815,0.25523832136285124,0
2023-07-28 10:55:22,3378.0,146885,3,3379.22,58105,97856,0.25523832136285124,0
2023-07-28 10:55:22,3378.0,146885,3,3379.22,58105,97856,0.25523832136285124,0
2023-07-28 10:55:22,3378.85,146885,3,3379.22,58105,97856,0.28046536475336314,0
2023-07-28 10:55:33,3378.85,146935,3,3379.22,58240,97792,0.28046536475336314,0
2023-07-28 10:55:33,3377.85,146935,2,3379.22,58240,97792,0.2507864901762871,0
2023-07-28 10:55:35,3377.85,146941,2,3379.22,58258,97747,0.2507864901762871,0
2023-07-28 10:55:35,3377.85,146941,8,3379.22,57214,97819,0.2507864901762871,0
2023-07-28 10:55:37,3377.85,146949,8,3379.22,58303,97674,0.2507864901762871,0
2023-07-28 10:55:37,3377.85,146949,8,3379.22,58303,97674,0.2507864901762871,0
2023-07-28 10:55:37,3377.85,146949,8,3379.22,58354,97724,0.2507864901762871,0
2023-07-28 10:55:37,3377.85,146949,8,3379.22,58302,97709,0.2507864901762871,0
2023-07-28 10:55:37,3378.85,146949,2,3379.22,58302,97709,0.28046536475336314,0
2023-07-28 10:55:41,3378.85,146951,2,3379.22,58278,97700,0.28046536475336314,0
2023-07-28 10:55:41,3378.85,146951,2,3379.22,58284,97735,0.28046536475336314,0
2023-07-28 10:55:41,3378.85,146951,2,3379.22,58284,97759,0.28046536475336314,0
2023-07-28 10:55:41,3378.85,146951,2,3379.22,58277,97730,0.28046536475336314,0
2023-07-28 10:55:41,3378.85,146951,2,3379.22,58297,97743,0.28046536475336314,0
2023-07-28 10:55:41,3378.85,146951,2,3379.22,58283,97730,0.28046536475336314,0
2023-07-28 10:55:41,3378.45,146951,1,3379.22,58282,97731,0.26859381492253004,0
2023-07-28 10:55:41,3378.0,146951,10,3379.22,58282,97731,0.25523832136285124,0
2023-07-28 10:55:48,3378.0,146964,10,3379.22,58323,97781,0.25523832136285124,0
2023-07-28 10:55:48,3378.9,146964,14,3379.22,58323,97781,0.2819493084822223,0
2023-07-28 10:55:50,3378.0,146992,14,3379.22,58314,97765,0.25523832136285124,0
2023-07-28 10:55:50,3378.0,146992,14,3379.22,58314,97765,0.25523832136285124,0
2023-07-28 10:55:50,3378.0,146992,14,3379.22,58314,97798,0.25523832136285124,0
2023-07-28 10:55:50,3378.0,146992,18,3379.22,58314,97798,0.25523832136285124,0
2023-07-28 10:55:53,3378.0,147010,18,3379.22,58280,97762,0.25523832136285124,0
2023-07-28 10:55:53,3378.0,147010,18,3379.22,58282,97739,0.25523832136285124,0
2023-07-28 10:55:53,3378.0,147010,18,3379.22,58280,97754,0.25523832136285124,0
2023-07-28 10:55:53,3378.0,147010,18,3379.22,58280,97754,0.25523832136285124,0
2023-07-28 10:55:53,3378.0,147010,18,3379.22,58279,97754,0.25523832136285124,0
2023-07-28 10:55:53,3378.0,147010,18,3379.22,58161,97761,0.25523832136285124,0
2023-07-28 10:55:53,3378.0,147010,18,3379.22,58082,97806,0.25523832136285124,0
2023-07-28 10:55:53,3378.0,147010,18,3379.22,58167,97806,0.25523832136285124,0
2023-07-28 10:55:53,3378.0,147010,18,3379.22,58172,97806,0.25523832136285124,0
2023-07-28 10:55:53,3378.0,147010,18,3379.22,58165,97797,0.25523832136285124,0
2023-07-28 10:55:53,3378.0,147010,18,3379.22,58137,97797,0.25523832136285124,0
2023-07-28 10:55:53,3377.85,147010,13,3379.22,58137,97797,0.2507864901762871,0
2023-07-28 10:56:05,3377.85,147025,13,3379.22,58190,97661,0.2507864901762871,0
2023-07-28 10:56:05,3378.0,147025,2,3379.22,58190,97661,0.25523832136285124,0
2023-07-28 10:56:05,3378.0,147030,2,3379.22,58207,97628,0.25523832136285124,0
2023-07-28 10:56:07,3377.85,147032,2,3379.22,58178,97658,0.2507864901762871,0
2023-07-28 10:56:07,3377.85,147032,2,3379.22,58154,97691,0.2507864901762871,0
2023-07-28 10:56:07,3377.85,147032,2,3379.22,58121,97691,0.2507864901762871,0
2023-07-28 10:56:07,3377.85,147032,2,3379.22,58149,97499,0.2507864901762871,0
2023-07-28 10:56:07,3377.85,147032,2,3379.22,58158,97652,0.2507864901762871,0
2023-07-28 10:56:12,3376.75,147052,2,3379.22,58206,97697,0.21813972814150617,0
2023-07-28 10:56:12,3376.75,147052,2,3379.22,58204,97697,0.21813972814150617,0
2023-07-28 10:56:12,3376.75,147052,2,3379.22,58204,97697,0.21813972814150617,0
2023-07-28 10:56:15,3376.75,147054,2,3379.22,58193,97689,0.21813972814150617,0
2023-07-28 10:56:16,3378.0,147064,10,3379.22,58193,97679,0.25523832136285124,0
2023-07-28 10:56:16,3378.0,147064,10,3379.22,58215,97679,0.25523832136285124,0
2023-07-28 10:56:16,3377.45,147064,1,3379.22,58187,97718,0.238914940345454,0
2023-07-28 10:56:18,3377.45,147067,1,3379.22,58267,97662,0.238914940345454,0
2023-07-28 10:56:20,3376.8,147081,7,3379.22,58177,97719,0.21962367187036536,0
2023-07-28 10:56:20,3376.5,147081,4,3379.22,58177,97719,0.21072000949723715,0
2023-07-28 10:56:21,3376.5,147156,4,3379.22,58213,97760,0.21072000949723715,0
2023-07-28 10:56:21,3376.5,147156,3,3379.22,58213,97760,0.21072000949723715,0
2023-07-28 10:56:22,3377.0,147159,60,3379.22,58304,97678,0.2255594467857752,0
2023-07-28 10:56:23,3377.0,147219,60,3379.22,58292,97572,0.2255594467857752,0
2023-07-28 10:56:23,3377.0,147219,60,3379.22,58292,97572,0.2255594467857752,0
2023-07-28 10:56:23,3377.0,147219,60,3379.22,58304,97522,0.2255594467857752,0
2023-07-28 10:56:23,3377.0,147219,60,3379.22,58304,97522,0.2255594467857752,0
2023-07-28 10:56:23,3377.0,147219,60,3379.22,56597,97494,0.2255594467857752,0
2023-07-28 10:56:23,3377.0,147219,60,3379.22,56597,97494,0.2255594467857752,0
2023-07-28 10:56:27,3378.0,147228,9,3379.22,58188,97608,0.25523832136285124,0
2023-07-28 10:56:27,3378.0,147228,9,3379.22,58188,97596,0.25523832136285124,0
2023-07-28 10:56:27,3378.0,147228,9,3379.22,58104,97642,0.25523832136285124,0
2023-07-28 10:56:27,3378.0,147228,9,3379.22,58104,97677,0.25523832136285124,0
2023-07-28 10:56:27,3378.0,147228,9,3379.22,58009,97647,0.25523832136285124,0
2023-07-28 10:56:27,3378.0,147228,9,3379.22,58009,97647,0.25523832136285124,0
2023-07-28 10:56:27,3378.0,147228,9,3379.22,58005,97647,0.25523832136285124,0
2023-07-28 10:56:27,3377.45,147228,1,3379.22,58005,97647,0.238914940345454,0
2023-07-28 10:56:34,3377.45,147231,1,3379.22,58008,97644,0.238914940345454,0
2023-07-28 10:56:34,3377.95,147231,6,3379.22,58008,97644,0.253754377633992,0
2023-07-28 10:56:35,3376.9,147272,14,3379.22,58065,97603,0.22259155932807026,0
2023-07-28 10:56:35,3376.9,147272,14,3379.22,58065,97603,0.22259155932807026,0
2023-07-28 10:56:35,3376.9,147272,14,3379.22,58074,97633,0.22259155932807026,0
2023-07-28 10:56:39,3378.0,147290,1,3379.22,58041,97602,0.25523832136285124,0
2023-07-28 10:56:40,3376.85,147295,5,3379.22,58031,97594,0.22110761559921108,0
2023-07-28 10:56:40,3376.85,147295,5,3379.22,58031,97594,0.22110761559921108,0
2023-07-28 10:56:40,3376.85,147295,5,3379.22,58032,97594,0.22110761559921108,0
2023-07-28 10:56:40,3376.85,147295,5,3379.22,58032,97594,0.22110761559921108,0
2023-07-28 10:56:40,3376.85,147295,5,3379.22,58031,97592,0.22110761559921108,0
2023-07-28 10:56:40,3376.85,147295,5,3379.22,58103,97595,0.22110761559921108,0
2023-07-28 10:56:40,3376.85,147295,5,3379.22,58103,97625,0.22110761559921108,0
2023-07-28 10:56:40,3376.85,147295,5,3379.22,58103,97625,0.22110761559921108,0
2023-07-28 10:56:40,3376.85,147295,5,3379.22,58108,97625,0.22110761559921108,0
2023-07-28 10:56:40,3376.85,147295,5,3379.22,58104,97595,0.22110761559921108,0
2023-07-28 10:56:40,3377.3,147295,2,3379.22,58104,97595,0.2344631091589034,0
2023-07-28 10:56:50,3377.3,147301,2,3379.22,58132,97573,0.2344631091589034,0
2023-07-28 10:56:50,3377.3,147301,2,3379.22,58106,97573,0.2344631091589034,0
2023-07-28 10:56:50,3377.3,147301,1,3379.22,58106,97573,0.2344631091589034,0
2023-07-28 10:56:52,3377.3,147306,1,3379.22,58022,97620,0.2344631091589034,0
2023-07-28 10:56:52,3376.5,147306,5,3379.22,58022,97645,0.21072000949723715,0
2023-07-28 10:56:54,3376.5,147311,5,3379.22,58061,97738,0.21072000949723715,0
2023-07-28 10:56:55,3376.5,147318,7,3379.22,58165,97746,0.21072000949723715,0
2023-07-28 10:56:55,3376.5,147318,7,3379.22,58165,97728,0.21072000949723715,0
2023-07-28 10:56:55,3376.5,147318,7,3379.22,58165,97728,0.21072000949723715,0
2023-07-28 10:56:55,3376.5,147318,7,3379.22,58146,97726,0.21072000949723715,0
2023-07-28 10:56:55,3376.5,147318,7,3379.22,58148,97713,0.21072000949723715,0
2023-07-28 10:56:55,3376.5,147318,7,3379.22,58237,97671,0.21072000949723715,0
2023-07-28 10:56:55,3376.5,147318,7,3379.22,58237,97671,0.21072000949723715,0
2023-07-28 10:57:04,3377.25,147321,1,3379.22,58206,97681,0.23297916543004418,0
2023-07-28 10:57:05,3376.6,147331,8,3379.22,58130,97627,0.21368789695494206,0
2023-07-28 10:57:05,3376.6,147331,8,3379.22,58130,97627,0.21368789695494206,0
2023-07-28 10:57:05,3378.1,147331,5,3379.22,58130,97627,0.2582062088205561,0
2023-07-28 10:57:06,3378.1,147492,5,3379.21,58594,97488,0.2582062088205561,0
2023-07-28 10:57:06,3377.8,147492,1,3379.21,58589,97546,0.2493025464474414,0
2023-07-28 10:57:11,3377.8,147503,1,3379.21,58678,97649,0.2493025464474414,0
2023-07-28 10:57:11,3379.45,147503,66,3379.21,58678,97649,0.29827268949960606,0
2023-07-28 10:57:15,3377.8,147593,2,3379.21,58527,97736,0.2493025464474414,0
2023-07-28 10:57:15,3379.4,147593,2,3379.21,58527,97736,0.29678874577076036,0
2023-07-28 10:57:17,3379.4,147597,2,3379.21,58471,97622,0.29678874577076036,0
2023-07-28 10:57:17,3377.8,147597,11,3379.21,58471,97622,0.2493025464474414,0
2023-07-28 10:57:17,3377.9,147597,4,3379.21,58471,97622,0.2522704339051463,0
2023-07-28 10:57:20,3377.9,147671,4,3379.21,58512,97717,0.2522704339051463,0
2023-07-28 10:57:24,3377.85,147676,5,3379.21,58483,97816,0.2507864901762871,0
2023-07-28 10:57:24,3377.85,147676,5,3379.21,58501,97816,0.2507864901762871,0
2023-07-28 10:57:24,3379.35,147676,5,3379.21,58501,97816,0.2953048020419012,0
2023-07-28 10:57:28,3379.35,147681,5,3379.21,58502,97728,0.2953048020419012,0
2023-07-28 10:57:28,3379.35,147681,5,3379.21,58525,97859,0.2953048020419012,0
2023-07-28 10:57:28,3377.75,147681,13,3379.21,58525,97859,0.2478186027185822,0
2023-07-28 10:57:35,3377.9,147698,2,3379.21,58602,97914,0.2522704339051463,0
2023-07-28 10:57:35,3377.1,147698,2,3379.21,58602,97914,0.2285273342434801,0
2023-07-28 10:57:38,3377.1,147713,5,3379.21,58561,98000,0.2285273342434801,0
2023-07-28 10:57:38,3377.1,147713,5,3379.21,58733,97995,0.2285273342434801,0
2023-07-28 10:57:38,3377.9,147713,2,3379.21,58767,97983,0.2522704339051463,0
2023-07-28 10:57:44,3377.9,147715,2,3379.21,58767,97707,0.2522704339051463,0
2023-07-28 10:57:44,3377.9,147715,2,3379.21,58747,97707,0.2522704339051463,0
2023-07-28 10:57:44,3377.9,147715,26,3379.21,58747,97707,0.2522704339051463,0
2023-07-28 10:57:44,3377.75,147715,14,3379.21,58747,97707,0.2478186027185822,0
2023-07-28 10:57:44,3377.9,147715,1,3379.21,58747,97707,0.2522704339051463,0
2023-07-28 10:57:51,3379.0,147807,1,3379.21,58573,97308,0.28491719593992726,0
2023-07-28 10:57:51,3379.0,147807,2,3379.21,58573,97308,0.28491719593992726,0
2023-07-28 10:57:51,3378.15,147807,1,3379.21,58573,97308,0.2596901525494153,0
2023-07-28 10:57:53,3378.15,147818,1,3379.21,58544,97299,0.2596901525494153,0
2023-07-28 10:57:53,3379.0,147818,10,3379.21,58544,97299,0.28491719593992726,0
2023-07-28 10:57:56,3379.0,147853,10,3379.21,58895,97263,0.28491719593992726,0
2023-07-28 10:57:56,3379.1,147853,50,3379.21,58895,97263,0.28788508339763214,0
2023-07-28 10:57:56,3379.4,147853,1,3379.21,58895,97263,0.29678874577076036,0
2023-07-28 10:57:58,3379.4,147904,1,3379.21,59090,97196,0.29678874577076036,0
2023-07-28 10:57:58,3379.4,147904,1,3379.21,59081,97157,0.29678874577076036,0
2023-07-28 10:58:05,3378.8,147922,14,3379.21,58832,97133,0.27898142102451745,0
2023-07-28 10:58:05,3380.0,147922,21,3379.21,58832,97133,0.3145960705170033,0
2023-07-28 10:58:06,3380.0,148053,21,3379.21,58802,97020,0.3145960705170033,0
2023-07-28 10:58:06,3380.0,148053,21,3379.21,58569,97055,0.3145960705170033,0
2023-07-28 10:58:07,3380.0,148056,2,3379.21,58784,97077,0.3145960705170033,0
2023-07-28 10:58:07,3380.0,148056,2,3379.21,58762,97106,0.3145960705170033,0
2023-07-28 10:58:07,3378.8,148056,2,3379.21,58762,97106,0.27898142102451745,0
2023-07-28 10:58:10,3380.0,148064,6,3379.21,58769,97099,0.3145960705170033,0
2023-07-28 10:58:10,3378.8,148064,6,3379.21,58554,97103,0.27898142102451745,0
2023-07-28 10:58:11,3378.8,148070,6,3379.21,58545,97103,0.27898142102451745,0
2023-07-28 10:58:11,3378.8,148070,6,3379.21,58545,97103,0.27898142102451745,0
2023-07-28 10:58:11,3378.8,148070,6,3379.21,58807,97198,0.27898142102451745,0
2023-07-28 10:58:11,3379.35,148070,1,3379.21,58807,97198,0.2953048020419012,0
2023-07-28 10:58:16,3379.35,148071,1,3379.21,58606,97193,0.2953048020419012,0
2023-07-28 10:58:16,3379.35,148071,1,3379.21,58595,97171,0.2953048020419012,0
2023-07-28 10:58:16,3379.35,148071,1,3379.21,58435,97171,0.2953048020419012,0
2023-07-28 10:58:19,3379.65,148171,2,3379.21,58529,97054,0.30420846441502936,0
2023-07-28 10:58:20,3379.05,148233,11,3379.21,58272,97187,0.28640113966878644,0
2023-07-28 10:58:20,3379.05,148233,11,3379.21,57255,97200,0.28640113966878644,0
2023-07-28 10:58:20,3379.05,148233,11,3379.21,58255,97180,0.28640113966878644,0
2023-07-28 10:58:23,3378.3,148235,2,3379.21,58265,97176,0.2641419837359794,0
2023-07-28 10:58:23,3378.3,148235,1,3379.21,58265,97156,0.2641419837359794,0
2023-07-28 10:58:25,3378.3,148248,1,3379.21,58251,97200,0.2641419837359794,0
2023-07-28 10:58:25,3378.3,148248,1,3379.21,57336,97219,0.2641419837359794,0
2023-07-28 10:58:25,3378.3,148248,1,3379.21,58426,97208,0.2641419837359794,0
2023-07-28 10:58:25,3378.3,148248,1,3379.21,58444,97210,0.2641419837359794,0
2023-07-28 10:58:25,3379.55,148248,1,3379.21,58444,97210,0.3012405769573245,0
2023-07-28 10:58:29,3378.5,148263,5,3379.21,58575,96942,0.2700777586513892,0
2023-07-28 10:58:29,3378.5,148263,5,3379.21,58297,97055,0.2700777586513892,0
2023-07-28 10:58:29,3378.5,148263,5,3379.21,58271,97080,0.2700777586513892,0
2023-07-28 10:58:29,3378.7,148263,1,3379.21,58271,97080,0.27601353356679903,0
2023-07-28 10:58:32,3378.7,148264,1,3379.21,58501,97055,0.27601353356679903,0
2023-07-28 10:58:32,3378.7,148264,1,3379.21,58485,97055,0.27601353356679903,0
2023-07-28 10:58:35,3378.25,148278,2,3379.21,58665,96999,0.26265804000712023,0
2023-07-28 10:58:35,3378.25,148278,2,3379.21,58655,97045,0.26265804000712023,0
2023-07-28 10:58:37,3378.1,148280,2,3379.21,58619,97004,0.2582062088205561,0
2023-07-28 10:58:37,3378.35,148280,1,3379.21,58619,97004,0.2656259274648251,0
2023-07-28 10:58:39,3378.25,148287,6,3379.21,58651,97010,0.26265804000712023,0
2023-07-28 10:58:39,3378.25,148287,6,3379.21,58651,97010,0.26265804000712023,0
2023-07-28 10:58:39,3378.25,148287,6,3379.21,58407,97251,0.26265804000712023,0
2023-07-28 10:58:39,3378.25,148287,6,3379.21,58433,97241,0.26265804000712023,0
2023-07-28 10:58:39,3378.25,148287,6,3379.21,58447,97302,0.26265804000712023,0
2023-07-28 10:58:39,3378.25,148287,6,3379.21,58448,97302,0.26265804000712023,0
2023-07-28 10:58:39,3379.6,148287,5,3379.21,58450,97305,0.3027245206861702,0
2023-07-28 10:58:46,3379.55,148293,1,3379.21,58456,97300,0.3012405769573245,0
2023-07-28 10:58:46,3378.75,148293,2,3379.21,57453,97228,0.27749747729565827,0
2023-07-28 10:58:48,3378.75,148296,1,3379.21,58480,97192,0.27749747729565827,0
2023-07-28 10:58:48,3378.25,148296,1,3379.21,58540,97124,0.26265804000712023,0
2023-07-28 10:58:50,3378.25,148310,1,3379.21,57358,97151,0.26265804000712023,0
2023-07-28 10:58:50,3378.25,148310,1,3379.21,58358,97151,0.26265804000712023,0
2023-07-28 10:58:50,3378.25,148310,1,3379.21,58358,97176,0.26265804000712023,0
2023-07-28 10:58:50,3378.25,148310,1,3379.21,58248,97206,0.26265804000712023,0
2023-07-28 10:58:50,3378.25,148310,1,3379.21,57527,97200,0.26265804000712023,0
2023-07-28 10:58:50,3378.25,148310,1,3379.21,58152,97176,0.26265804000712023,0
2023-07-28 10:58:50,3378.25,148310,1,3379.21,58267,97280,0.26265804000712023,0
2023-07-28 10:58:50,3378.25,148310,1,3379.21,58244,97276,0.26265804000712023,0
2023-07-28 10:58:50,3378.25,148310,1,3379.21,58244,97276,0.26265804000712023,0
2023-07-28 10:58:50,3378.25,148310,1,3379.21,58245,97276,0.26265804000712023,0
2023-07-28 10:58:50,3378.25,148310,1,3379.21,58244,97249,0.26265804000712023,0
2023-07-28 10:58:50,3378.25,148310,1,3379.21,58244,97139,0.26265804000712023,0
2023-07-28 10:58:50,3378.25,148310,1,3379.21,58212,97139,0.26265804000712023,0
2023-07-28 10:59:05,3378.6,148313,3,3379.21,58351,97574,0.27304564610909415,0
2023-07-28 10:59:05,3378.6,148313,3,3379.21,58469,97506,0.27304564610909415,0
2023-07-28 10:59:05,3378.6,148313,3,3379.21,58453,97424,0.27304564610909415,0
2023-07-28 10:59:05,3378.25,148313,1,3379.21,58453,97424,0.26265804000712023,0
2023-07-28 10:59:07,3378.25,148314,1,3379.21,58480,97429,0.26265804000712023,0
2023-07-28 10:59:07,3377.1,148314,23,3379.21,58480,97429,0.2285273342434801,0
2023-07-28 10:59:09,3377.1,148394,23,3379.21,58284,97565,0.2285273342434801,0
2023-07-28 10:59:10,3377.05,148407,12,3379.21,58456,97621,0.22704339051463437,0
2023-07-28 10:59:11,3377.05,148409,2,3379.21,58272,97601,0.22704339051463437,0
2023-07-28 10:59:11,3377.05,148409,2,3379.21,58272,97601,0.22704339051463437,0
2023-07-28 10:59:11,3377.05,148409,2,3379.21,58272,97585,0.22704339051463437,0
2023-07-28 10:59:11,3377.05,148409,2,3379.21,58445,97613,0.22704339051463437,0
2023-07-28 10:59:11,3377.05,148409,2,3379.21,58454,97613,0.22704339051463437,0
2023-07-28 10:59:11,3377.05,148409,2,3379.21,58449,97663,0.22704339051463437,0
2023-07-28 10:59:15,3377.05,148411,1,3379.21,58449,97667,0.22704339051463437,0
2023-07-28 10:59:15,3377.05,148411,1,3379.21,58472,97640,0.22704339051463437,0
2023-07-28 10:59:15,3377.75,148411,2,3379.21,58489,97663,0.2478186027185822,0
2023-07-28 10:59:18,3378.4,148414,10,3379.21,58608,97670,0.26710987119368435,0
2023-07-28 10:59:19,3376.9,148424,13,3379.21,58782,97655,0.22259155932807026,0
2023-07-28 10:59:20,3376.9,148438,13,3379.21,58729,97621,0.22259155932807026,0
2023-07-28 10:59:20,3376.85,148438,1,3379.21,58729,97621,0.22110761559921108,0
2023-07-28 10:59:21,3376.85,148439,1,3379.21,58803,97691,0.22110761559921108,0
2023-07-28 10:59:21,3376.85,148439,1,3379.21,58803,97691,0.22110761559921108,0
2023-07-28 10:59:21,3376.85,148439,1,3379.21,58853,97410,0.22110761559921108,0
2023-07-28 10:59:21,3376.85,148439,1,3379.21,58853,97410,0.22110761559921108,0
2023-07-28 10:59:21,3376.85,148439,1,3379.21,58853,97605,0.22110761559921108,0
2023-07-28 10:59:21,3376.85,148439,1,3379.21,58833,97605,0.22110761559921108,0
2023-07-28 10:59:21,3376.85,148439,1,3379.21,58833,97605,0.22110761559921108,0
2023-07-28 10:59:21,3376.85,148439,1,3379.21,57831,97634,0.22110761559921108,0
2023-07-28 10:59:21,3376.85,148439,1,3379.21,57831,97634,0.22110761559921108,0
2023-07-28 10:59:27,3376.85,148441,2,3379.21,58763,97734,0.22110761559921108,0
2023-07-28 10:59:27,3376.85,148441,2,3379.21,58740,97758,0.22110761559921108,0
2023-07-28 10:59:27,3376.85,148441,2,3379.21,58644,97765,0.22110761559921108,0
2023-07-28 10:59:27,3376.85,148441,2,3379.21,58646,97740,0.22110761559921108,0
2023-07-28 10:59:27,3376.85,148441,2,3379.21,58646,97740,0.22110761559921108,0
2023-07-28 10:59:27,3376.85,148441,2,3379.21,58646,97740,0.22110761559921108,0
2023-07-28 10:59:27,3376.85,148441,1,3379.21,58646,97740,0.22110761559921108,0
2023-07-28 10:59:33,3378.6,148442,9,3379.21,58646,97627,0.27304564610909415,0
2023-07-28 10:59:34,3378.6,148468,9,3379.21,58754,97522,0.27304564610909415,0
2023-07-28 10:59:34,3378.6,148468,9,3379.21,58754,97527,0.27304564610909415,0
2023-07-28 10:59:34,3378.6,148468,2,3379.21,58754,97540,0.27304564610909415,0
2023-07-28 10:59:37,3378.6,148471,2,3379.21,58600,97699,0.27304564610909415,0
2023-07-28 10:59:37,3378.6,148471,2,3379.21,58617,97699,0.27304564610909415,0
2023-07-28 10:59:37,3378.6,148471,16,3379.21,58617,97699,0.27304564610909415,0
2023-07-28 10:59:39,3376.9,148489,2,3379.21,58622,97693,0.22259155932807026,0
2023-07-28 10:59:39,3378.6,148489,1,3379.21,58644,97704,0.27304564610909415,0
2023-07-28 10:59:41,3378.6,148494,1,3379.21,58719,97633,0.27304564610909415,0
2023-07-28 10:59:41,3378.6,148494,1,3379.21,58528,97579,0.27304564610909415,0
2023-07-28 10:59:41,3378.6,148494,1,3379.21,56533,97623,0.27304564610909415,0
2023-07-28 10:59:41,3377.4,148494,1,3379.21,55888,97614,0.2374309966166083,0
2023-07-28 10:59:45,3377.4,148495,1,3379.21,58548,97614,0.2374309966166083,0
2023-07-28 10:59:45,3377.4,148495,1,3379.21,58486,97662,0.2374309966166083,0
2023-07-28 10:59:45,3378.2,148495,1,3379.21,58514,97667,0.26117409627826105,0
2023-07-28 10:59:48,3378.2,148497,1,3379.21,58001,97713,0.26117409627826105,0
2023-07-28 10:59:50,3376.7,148512,14,3379.21,58684,97735,0.21665578441264696,0
2023-07-28 10:59:51,3376.7,148514,2,3379.21,58682,97704,0.21665578441264696,0
2023-07-28 10:59:52,3376.7,148515,1,3379.21,58621,97780,0.21665578441264696,0
2023-07-28 10:59:52,3378.0,148515,1,3379.21,58621,97780,0.25523832136285124,0
2023-07-28 10:59:53,3378.0,148516,1,3379.21,58615,97769,0.25523832136285124,0
2023-07-28 10:59:54,3378.0,148521,5,3379.21,58615,97752,0.25523832136285124,0
2023-07-28 10:59:54,3378.0,148521,5,3379.21,58621,97798,0.25523832136285124,0
2023-07-28 10:59:54,3376.7,148521,3,3379.21,58621,97798,0.21665578441264696,0
2023-07-28 10:59:57,3376.7,148525,1,3379.21,58617,97815,0.21665578441264696,0
2023-07-28 10:59:57,3376.7,148525,1,3379.21,58612,97815,0.21665578441264696,0
2023-07-28 10:59:57,3376.7,148525,1,3379.21,58591,97815,0.21665578441264696,0
2023-07-28 10:59:57,3376.7,148525,1,3379.21,58580,97849,0.21665578441264696,0
2023-07-28 10:59:57,3378.0,148525,1,3379.21,58580,97849,0.25523832136285124,0
2023-07-28 11:00:01,3378.05,148531,2,3379.21,58585,97780,0.2567222650917104,0
2023-07-28 11:00:01,3378.05,148538,1,3379.21,58736,97660,0.2567222650917104,0
2023-07-28 11:00:03,3378.05,148541,1,3379.21,58155,97728,0.2567222650917104,0
2023-07-28 11:00:03,3378.05,148541,1,3379.21,58755,97721,0.2567222650917104,0
2023-07-28 11:00:05,3377.25,148545,2,3379.21,58012,97762,0.23297916543004418,0
2023-07-28 11:00:05,3377.25,148545,2,3379.21,58012,97762,0.23297916543004418,0
2023-07-28 11:00:05,3377.25,148545,2,3379.21,58669,97850,0.23297916543004418,0
2023-07-28 11:00:05,3377.25,148545,2,3379.21,57665,97821,0.23297916543004418,0
2023-07-28 11:00:05,3378.6,148545,3,3379.21,57665,97821,0.27304564610909415,0
2023-07-28 11:00:08,3378.6,148548,3,3379.21,57665,97858,0.27304564610909415,0
2023-07-28 11:00:09,3376.75,148599,1,3379.21,58560,97957,0.21813972814150617,0
2023-07-28 11:00:09,3376.75,148599,1,3379.21,58564,97951,0.21813972814150617,0
2023-07-28 11:00:09,3376.75,148599,1,3379.21,58195,97972,0.21813972814150617,0
2023-07-28 11:00:11,3378.3,148600,1,3379.21,58496,97993,0.2641419837359794,0
2023-07-28 11:00:11,3378.3,148600,1,3379.21,58501,97979,0.2641419837359794,0
2023-07-28 11:00:13,3378.3,148603,3,3379.21,58344,97976,0.2641419837359794,0
2023-07-28 11:00:13,3378.3,148603,3,3379.21,57349,97924,0.2641419837359794,0
2023-07-28 11:00:13,3377.0,148603,2,3379.21,57349,97924,0.2255594467857752,0
2023-07-28 11:00:15,3377.0,148605,2,3379.21,58586,97925,0.2255594467857752,0
2023-07-28 11:00:16,3378.65,148735,2,3379.21,58476,97773,0.27452958983795334,0
2023-07-28 11:00:17,3378.5,148747,3,3379.21,58622,97765,0.2700777586513892,0
2023-07-28 11:00:17,3378.5,148747,3,3379.21,58719,97688,0.2700777586513892,0
2023-07-28 11:00:17,3377.75,148747,1,3379.21,58519,97707,0.2478186027185822,0
2023-07-28 11:00:21,3377.75,148748,1,3379.21,58655,97705,0.2478186027185822,0
2023-07-28 11:00:23,3378.5,148749,1,3379.21,57724,97660,0.2700777586513892,0
2023-07-28 11:00:23,3377.2,148755,5,3379.21,58560,97727,0.231495221701185,0
2023-07-28 11:00:24,3378.6,148756,1,3379.21,58546,97804,0.27304564610909415,0
2023-07-28 11:00:26,3378.85,148806,6,3379.21,58556,97741,0.28046536475336314,0
2023-07-28 11:00:26,3378.8,148808,2,3379.21,58472,97763,0.27898142102451745,0
2023-07-28 11:00:27,3377.25,148810,2,3379.21,58458,97808,0.23297916543004418,0
2023-07-28 11:00:27,3377.25,148810,2,3379.21,58453,97806,0.23297916543004418,0
2023-07-28 11:00:27,3377.25,148810,2,3379.21,58482,97772,0.23297916543004418,0
2023-07-28 11:00:27,3377.25,148810,2,3379.21,58483,97772,0.23297916543004418,0
2023-07-28 11:00:27,3377.25,148810,2,3379.21,58452,97780,0.23297916543004418,0
2023-07-28 11:00:27,3377.25,148810,1,3379.21,58452,97795,0.23297916543004418,0
2023-07-28 11:00:33,3377.25,148811,1,3379.21,58594,97726,0.23297916543004418,0
2023-07-28 11:00:35,3378.0,148814,2,3379.21,58542,97794,0.25523832136285124,0
2023-07-28 11:00:35,3378.0,148814,2,3379.21,58707,97609,0.25523832136285124,0
2023-07-28 11:00:35,3378.0,148814,2,3379.21,58641,97652,0.25523832136285124,0
2023-07-28 11:00:35,3377.2,148814,1,3379.21,58641,97652,0.231495221701185,0
2023-07-28 11:00:37,3377.2,148818,1,3379.21,58683,97654,0.231495221701185,0
2023-07-28 11:00:37,3377.9,148818,1,3379.21,58683,97654,0.2522704339051463,0
2023-07-28 11:00:37,3377.2,148818,2,3379.21,58683,97654,0.231495221701185,0
2023-07-28 11:00:39,3377.2,148821,2,3379.21,58632,97735,0.231495221701185,0
2023-07-28 11:00:40,3377.2,148832,2,3379.21,58639,97690,0.231495221701185,0
2023-07-28 11:00:40,3377.2,148832,2,3379.21,58639,97690,0.231495221701185,0
2023-07-28 11:00:40,3377.2,148832,2,3379.21,58647,97749,0.231495221701185,0
2023-07-28 11:00:40,3377.2,148832,2,3379.21,58612,97754,0.231495221701185,0
2023-07-28 11:00:44,3378.0,148833,1,3379.21,58597,97753,0.25523832136285124,0
2023-07-28 11:00:44,3377.2,148833,1,3379.21,58597,97753,0.231495221701185,0
2023-07-28 11:00:45,3377.2,148838,1,3379.21,58587,97770,0.231495221701185,0
2023-07-28 11:00:45,3377.2,148838,1,3379.21,58626,97745,0.231495221701185,0
2023-07-28 11:00:47,3377.2,148863,14,3379.21,58597,97723,0.231495221701185,0
2023-07-28 11:00:48,3377.8,148869,3,3379.21,58609,97671,0.2493025464474414,0
2023-07-28 11:00:48,3377.8,148869,24,3379.21,58609,97671,0.2493025464474414,0
2023-07-28 11:00:48,3377.8,148914,24,3379.21,58132,97202,0.2493025464474414,0
2023-07-28 11:00:50,3377.8,148933,5,3379.21,58091,97156,0.2493025464474414,0
2023-07-28 11:00:50,3377.8,148933,5,3379.21,58088,97171,0.2493025464474414,0
2023-07-28 11:00:50,3377.8,148933,5,3379.21,58086,97198,0.2493025464474414,0
2023-07-28 11:00:50,3377.8,148933,5,3379.21,58106,97298,0.2493025464474414,0
2023-07-28 11:00:50,3377.8,148933,5,3379.21,58106,97298,0.2493025464474414,0
2023-07-28 11:00:50,3377.8,148933,5,3379.21,58107,97298,0.2493025464474414,0
2023-07-28 11:00:50,3377.8,148933,5,3379.21,58098,97296,0.2493025464474414,0
2023-07-28 11:00:57,3377.8,148937,4,3379.21,58094,97296,0.2493025464474414,0
2023-07-28 11:00:57,3377.8,148937,4,3379.21,58087,97292,0.2493025464474414,0
2023-07-28 11:00:57,3377.8,148937,4,3379.21,58087,97304,0.2493025464474414,0
2023-07-28 11:00:57,3377.8,148937,4,3379.21,57842,97334,0.2493025464474414,0
2023-07-28 11:00:57,3377.8,148937,4,3379.21,58042,97331,0.2493025464474414,0
2023-07-28 11:00:57,3377.8,148937,3,3379.21,58042,97331,0.2493025464474414,0
2023-07-28 11:01:03,3378.15,148941,1,3379.21,58042,97330,0.2596901525494153,0
2023-07-28 11:01:03,3378.15,148941,1,3379.21,58042,97299,0.2596901525494153,0
2023-07-28 11:01:05,3377.95,148945,3,3379.21,58044,97331,0.253754377633992,0
2023-07-28 11:01:05,3377.85,148945,10,3379.21,58035,97331,0.2507864901762871,0
2023-07-28 11:01:07,3377.85,148957,10,3379.21,58031,97330,0.2507864901762871,0
2023-07-28 11:01:07,3377.85,148957,10,3379.21,58026,97353,0.2507864901762871,0
2023-07-28 11:01:07,3377.8,148957,3,3379.21,58026,97353,0.2493025464474414,0
2023-07-28 11:01:12,3377.8,148960,3,3379.21,58019,97372,0.2493025464474414,0
2023-07-28 11:01:12,3377.8,148960,3,3379.21,58007,97438,0.2493025464474414,0
2023-07-28 11:01:12,3377.8,148960,3,3379.21,58016,97430,0.2493025464474414,0
2023-07-28 11:01:12,3377.9,148960,2,3379.21,58026,97489,0.2522704339051463,0
2023-07-28 11:01:18,3377.9,148963,2,3379.21,58063,97482,0.2522704339051463,0
2023-07-28 11:01:20,3377.8,148978,4,3379.21,57821,97480,0.2493025464474414,0
2023-07-28 11:01:21,3378.25,148983,1,3379.21,58041,97477,0.26265804000712023,0
2023-07-28 11:01:22,3378.1,148984,1,3379.21,58064,97476,0.2582062088205561,0
2023-07-28 11:01:22,3378.1,148984,1,3379.21,58069,97476,0.2582062088205561,0
2023-07-28 11:01:22,3378.1,148984,1,3379.21,58036,97476,0.2582062088205561,0
2023-07-28 11:01:22,3378.1,148984,1,3379.21,58036,97481,0.2582062088205561,0
2023-07-28 11:01:28,3378.5,149008,11,3379.21,58192,97355,0.2700777586513892,0
2023-07-28 11:01:28,3378.5,149008,11,3379.21,58183,97277,0.2700777586513892,0
2023-07-28 11:01:28,3378.5,149008,11,3379.21,58209,97306,0.2700777586513892,0
2023-07-28 11:01:28,3378.5,149008,11,3379.21,58155,97348,0.2700777586513892,0
2023-07-28 11:01:28,3378.15,149008,2,3379.21,58153,97369,0.2596901525494153,0
2023-07-28 11:01:35,3378.15,149010,2,3379.21,57129,97369,0.2596901525494153,0
2023-07-28 11:01:35,3377.8,149010,3,3379.21,58152,97369,0.2493025464474414,0
2023-07-28 11:01:37,3377.8,149013,3,3379.21,58052,97407,0.2493025464474414,0
2023-07-28 11:01:37,3377.9,149013,1,3379.21,58052,97407,0.2522704339051463,0
2023-07-28 11:01:38,3377.9,149014,1,3379.21,58075,97419,0.2522704339051463,0
2023-07-28 11:01:40,3377.7,149021,1,3379.21,58090,97430,0.246334658989723,0
2023-07-28 11:01:40,3377.7,149021,1,3379.21,58090,97430,0.246334658989723,0
2023-07-28 11:01:40,3377.7,149021,1,3379.21,58146,97428,0.246334658989723,0
2023-07-28 11:01:42,3378.75,149121,10,3379.21,58406,97912,0.27749747729565827,0
2023-07-28 11:01:42,3378.95,149121,2,3379.21,58406,97912,0.2834332522110681,0
2023-07-28 11:01:43,3378.95,149123,2,3379.21,58139,97864,0.2834332522110681,0
2023-07-28 11:01:43,3378.95,149123,2,3379.21,58080,97909,0.2834332522110681,0
2023-07-28 11:01:43,3378.95,149123,2,3379.21,58110,97909,0.2834332522110681,0
2023-07-28 11:01:43,3378.95,149123,2,3379.21,58110,97909,0.2834332522110681,0
2023-07-28 11:01:48,3378.2,149125,2,3379.21,58239,97991,0.26117409627826105,0
2023-07-28 11:01:50,3378.2,149126,1,3379.21,57956,98126,0.26117409627826105,0
2023-07-28 11:01:50,3378.2,149126,1,3379.21,58034,98133,0.26117409627826105,0
2023-07-28 11:01:52,3377.2,149129,3,3379.21,58021,98162,0.231495221701185,0
2023-07-28 11:01:52,3378.1,149129,10,3379.21,58021,98162,0.2582062088205561,0
2023-07-28 11:01:53,3378.1,149139,1,3379.21,58021,98163,0.2582062088205561,0
2023-07-28 11:01:55,3377.2,149142,2,3379.21,58022,98149,0.231495221701185,0
2023-07-28 11:01:55,3377.2,149142,2,3379.21,58215,98011,0.231495221701185,0
2023-07-28 11:01:55,3377.2,149142,2,3379.21,58213,98029,0.231495221701185,0
2023-07-28 11:01:55,3377.2,149142,2,3379.21,58239,98021,0.231495221701185,0
2023-07-28 11:01:55,3377.2,149142,2,3379.21,58195,98085,0.231495221701185,0
2023-07-28 11:01:55,3377.2,149142,2,3379.21,58224,98058,0.231495221701185,0
2023-07-28 11:01:55,3377.2,149142,2,3379.21,58218,98058,0.231495221701185,0
2023-07-28 11:02:03,3378.5,149150,1,3379.21,58145,98077,0.2700777586513892,0
2023-07-28 11:02:03,3377.2,149150,3,3379.21,58145,98077,0.231495221701185,0
2023-07-28 11:02:03,3377.2,149200,3,3379.21,58053,98117,0.231495221701185,0
2023-07-28 11:02:03,3378.5,149200,3,3379.21,58053,98117,0.2700777586513892,0
2023-07-28 11:02:05,3377.15,149214,6,3379.21,56996,98141,0.23001127797233928,0
2023-07-28 11:02:05,3377.15,149214,6,3379.21,58206,98109,0.23001127797233928,0
2023-07-28 11:02:05,3378.5,149214,10,3379.21,58175,97953,0.2700777586513892,0
2023-07-28 11:02:07,3378.5,149224,10,3379.21,58155,98098,0.2700777586513892,0
2023-07-28 11:02:07,3378.6,149224,1,3379.21,58155,98098,0.27304564610909415,0
2023-07-28 11:02:08,3378.6,149225,1,3379.21,58188,98099,0.27304564610909415,0
2023-07-28 11:02:10,3378.6,149226,1,3379.21,58195,98092,0.27304564610909415,0
2023-07-28 11:02:10,3378.6,149226,1,3379.21,58195,98092,0.27304564610909415,0
2023-07-28 11:02:10,3378.6,149226,1,3379.21,58196,98092,0.27304564610909415,0
2023-07-28 11:02:10,3377.15,149226,1,3379.21,58196,98092,0.23001127797233928,0
2023-07-28 11:02:12,3377.15,149227,1,3379.2,58278,98100,0.23001127797233928,0
2023-07-28 11:02:12,3377.15,149227,1,3379.2,58244,98100,0.23001127797233928,0
2023-07-28 11:02:12,3377.15,149227,1,3379.2,57972,98059,0.23001127797233928,0
2023-07-28 11:02:12,3377.15,149227,1,3379.2,56924,98051,0.23001127797233928,0
2023-07-28 11:02:12,3377.15,149227,1,3379.2,57929,98052,0.23001127797233928,0
2023-07-28 11:02:12,3377.15,149227,1,3379.2,57973,98052,0.23001127797233928,0
2023-07-28 11:02:12,3377.15,149227,1,3379.2,57916,98052,0.23001127797233928,0
2023-07-28 11:02:12,3378.6,149227,2,3379.2,57916,98052,0.27304564610909415,0
2023-07-28 11:02:20,3378.6,149230,2,3379.2,57916,98125,0.27304564610909415,0
2023-07-28 11:02:20,3378.6,149230,2,3379.2,57986,98114,0.27304564610909415,0
2023-07-28 11:02:20,3377.6,149230,3,3379.2,58078,98023,0.2433667715320181,0
2023-07-28 11:02:20,3377.6,149230,3,3379.2,58078,98023,0.2433667715320181,0
2023-07-28 11:02:22,3377.65,149236,3,3379.2,58067,98066,0.2448507152608773,0
2023-07-28 11:02:23,3378.5,149237,1,3379.2,58314,97936,0.2700777586513892,0
2023-07-28 11:02:23,3379.0,149237,15,3379.2,58314,97936,0.28491719593992726,0
2023-07-28 11:02:25,3378.0,149264,2,3379.2,58292,97915,0.25523832136285124,0
2023-07-28 11:02:25,3378.0,149264,2,3379.2,58292,97915,0.25523832136285124,0
2023-07-28 11:02:25,3379.0,149265,1,3379.2,58168,97994,0.28491719593992726,0
2023-07-28 11:02:26,3377.95,149354,38,3379.2,58068,98109,0.253754377633992,0
2023-07-28 11:02:26,3379.0,149354,1,3379.2,58068,98109,0.28491719593992726,0
2023-07-28 11:02:27,3379.0,149355,1,3379.2,58092,98180,0.28491719593992726,0
2023-07-28 11:02:27,3379.0,149355,1,3379.2,58092,98193,0.28491719593992726,0
2023-07-28 11:02:27,3379.0,149355,1,3379.2,58092,98193,0.28491719593992726,0
2023-07-28 11:02:27,3379.0,149355,1,3379.2,58109,98163,0.28491719593992726,0
2023-07-28 11:02:27,3379.0,149355,1,3379.2,58109,98132,0.28491719593992726,0
2023-07-28 11:02:32,3377.75,149358,3,3379.2,58125,98133,0.2478186027185822,0
2023-07-28 11:02:32,3377.75,149358,3,3379.2,58113,98134,0.2478186027185822,0
2023-07-28 11:02:35,3378.05,149361,1,3379.2,58054,98193,0.2567222650917104,0
2023-07-28 11:02:35,3378.05,149361,1,3379.2,58061,98414,0.2567222650917104,0
2023-07-28 11:02:35,3377.55,149361,3,3379.2,58106,98414,0.24188282780317238,0
2023-07-28 11:02:37,3377.95,149374,6,3379.2,58121,98338,0.253754377633992,0
2023-07-28 11:02:37,3377.95,149374,6,3379.2,58119,98360,0.253754377633992,0
2023-07-28 11:02:40,3377.55,149377,3,3379.2,58007,98252,0.24188282780317238,0
2023-07-28 11:02:40,3378.6,149400,9,3379.2,58224,98032,0.27304564610909415,0
2023-07-28 11:02:40,3377.2,149400,18,3379.2,58095,98024,0.231495221701185,0
2023-07-28 11:02:43,3377.2,149445,18,3379.2,58064,98060,0.231495221701185,0
2023-07-28 11:02:43,3377.2,149445,18,3379.2,58066,98061,0.231495221701185,0
2023-07-28 11:02:46,3378.65,149446,1,3379.2,58030,98113,0.27452958983795334,0
2023-07-28 11:02:46,3378.65,149446,1,3379.2,58030,98159,0.27452958983795334,0
2023-07-28 11:02:46,3377.55,149446,2,3379.2,58032,98206,0.24188282780317238,0
2023-07-28 11:02:48,3378.7,149483,1,3379.2,58108,98117,0.27601353356679903,0
2023-07-28 11:02:50,3377.25,149487,4,3379.2,58076,98202,0.23297916543004418,0
2023-07-28 11:02:50,3377.25,149487,1,3379.2,58076,98202,0.23297916543004418,0
2023-07-28 11:02:51,3377.25,149488,1,3379.2,58116,98202,0.23297916543004418,0
2023-07-28 11:02:51,3377.25,149488,1,3379.2,58085,98235,0.23297916543004418,0
2023-07-28 11:02:51,3377.25,149488,1,3379.2,58037,98250,0.23297916543004418,0
2023-07-28 11:02:51,3377.25,149488,1,3379.2,58024,98305,0.23297916543004418,0
2023-07-28 11:02:51,3377.25,149488,1,3379.2,58021,98306,0.23297916543004418,0
2023-07-28 11:02:51,3377.25,149488,1,3379.2,58023,98349,0.23297916543004418,0
2023-07-28 11:02:51,3377.25,149488,1,3379.2,58016,98349,0.23297916543004418,0
2023-07-28 11:02:51,3377.25,149488,1,3379.2,58017,98347,0.23297916543004418,0
2023-07-28 11:02:51,3378.05,149488,2,3379.2,58017,98347,0.2567222650917104,0
2023-07-28 11:03:01,3378.0,149497,3,3379.2,58019,98317,0.25523832136285124,0
2023-07-28 11:03:01,3378.0,149497,3,3379.2,57019,98317,0.25523832136285124,0
2023-07-28 11:03:01,3378.0,149497,3,3379.2,58019,98312,0.25523832136285124,0
2023-07-28 11:03:01,3378.0,149497,3,3379.2,58059,98312,0.25523832136285124,0
2023-07-28 11:03:01,3377.15,149497,9,3379.2,58059,98312,0.23001127797233928,0
2023-07-28 11:03:05,3377.15,149509,9,3379.2,58026,98311,0.23001127797233928,0
2023-07-28 11:03:05,3377.15,149509,9,3379.2,58067,98433,0.23001127797233928,0
2023-07-28 11:03:05,3377.15,149509,9,3379.2,58028,98429,0.23001127797233928,0
2023-07-28 11:03:08,3377.15,149510,1,3379.2,58016,98429,0.23001127797233928,0
2023-07-28 11:03:08,3377.15,149510,1,3379.2,57989,98419,0.23001127797233928,0
2023-07-28 11:03:08,3377.15,149510,1,3379.2,57989,98419,0.23001127797233928,0
2023-07-28 11:03:08,3377.15,149510,1,3379.2,57989,98449,0.23001127797233928,0
2023-07-28 11:03:12,3377.15,149513,3,3379.2,58039,98448,0.23001127797233928,0
2023-07-28 11:03:12,3377.15,149513,3,3379.2,57977,98476,0.23001127797233928,0
2023-07-28 11:03:14,3378.1,149515,1,3379.2,58036,98399,0.2582062088205561,0
2023-07-28 11:03:15,3378.1,149516,1,3379.2,57940,98399,0.2582062088205561,0
2023-07-28 11:03:15,3378.1,149516,1,3379.2,57933,98399,0.2582062088205561,0
2023-07-28 11:03:15,3377.15,149516,20,3379.2,57933,98399,0.23001127797233928,0
2023-07-28 11:03:17,3377.15,149541,20,3379.2,57940,98410,0.23001127797233928,0
2023-07-28 11:03:17,3377.15,149541,20,3379.2,57940,98434,0.23001127797233928,0
2023-07-28 11:03:17,3377.15,149541,14,3379.2,57940,98434,0.23001127797233928,0
2023-07-28 11:03:20,3377.4,149555,1,3379.2,57901,98432,0.2374309966166083,0
2023-07-28 11:03:21,3378.1,149563,1,3379.2,57882,97401,0.2582062088205561,0
2023-07-28 11:03:21,3378.1,149563,1,3379.2,57869,98471,0.2582062088205561,0
2023-07-28 11:03:21,3378.1,149563,1,3379.2,57822,98501,0.2582062088205561,0
2023-07-28 11:03:21,3378.1,149563,1,3379.2,57845,98471,0.2582062088205561,0
2023-07-28 11:03:21,3378.1,149563,1,3379.2,57845,98471,0.2582062088205561,0
2023-07-28 11:03:21,3378.1,149563,1,3379.2,57845,98486,0.2582062088205561,0
2023-07-28 11:03:21,3378.1,149563,1,3379.2,57816,98457,0.2582062088205561,0
2023-07-28 11:03:21,3378.1,149563,1,3379.2,57816,98457,0.2582062088205561,0
2023-07-28 11:03:21,3378.1,149563,1,3379.2,57818,98594,0.2582062088205561,0
2023-07-28 11:03:21,3378.1,149563,1,3379.2,57820,98613,0.2582062088205561,0
2023-07-28 11:03:21,3378.1,149563,1,3379.2,57820,98643,0.2582062088205561,0
2023-07-28 11:03:32,3377.2,149566,1,3379.2,57797,98642,0.231495221701185,0
2023-07-28 11:03:32,3377.2,149566,1,3379.2,57805,98657,0.231495221701185,0
2023-07-28 11:03:32,3377.4,149566,1,3379.2,57805,98657,0.2374309966166083,0
2023-07-28 11:03:35,3377.15,149584,12,3379.2,57884,98649,0.23001127797233928,0
2023-07-28 11:03:35,3377.15,149584,12,3379.2,57899,98649,0.23001127797233928,0
2023-07-28 11:03:35,3377.15,149584,12,3379.2,57889,98649,0.23001127797233928,0
2023-07-28 11:03:35,3377.15,149584,12,3379.2,57898,98650,0.23001127797233928,0
2023-07-28 11:03:35,3377.15,149584,12,3379.2,57898,98650,0.23001127797233928,0
2023-07-28 11:03:41,3377.5,149635,47,3379.2,57937,98483,0.2403988840743132,0
2023-07-28 11:03:42,3378.6,149640,5,3379.2,58059,98475,0.27304564610909415,0
2023-07-28 11:03:42,3377.25,149640,1,3379.2,58056,98466,0.23297916543004418,0
2023-07-28 11:03:44,3377.25,149641,1,3379.2,58055,98466,0.23297916543004418,0
2023-07-28 11:03:44,3377.25,149641,1,3379.2,58006,98469,0.23297916543004418,0
2023-07-28 11:03:46,3377.2,149661,3,3379.2,57920,98498,0.231495221701185,0
2023-07-28 11:03:46,3377.2,149661,3,3379.2,57965,98468,0.231495221701185,0
2023-07-28 11:03:46,3377.2,149661,3,3379.2,57982,98441,0.231495221701185,0
2023-07-28 11:03:46,3377.6,149661,1,3379.2,57957,98470,0.2433667715320181,0
2023-07-28 11:03:50,3377.6,149676,1,3379.2,57943,98495,0.2433667715320181,0
2023-07-28 11:03:50,3377.9,149676,1,3379.2,57949,98462,0.2522704339051463,0
2023-07-28 11:03:52,3377.2,149681,2,3379.2,58005,98450,0.231495221701185,0
2023-07-28 11:03:52,3377.2,149681,2,3379.2,58030,98416,0.231495221701185,0
2023-07-28 11:03:52,3377.2,149681,2,3379.2,58024,98376,0.231495221701185,0
2023-07-28 11:03:52,3377.2,149681,2,3379.2,57999,98299,0.231495221701185,0
2023-07-28 11:03:52,3377.2,149681,2,3379.2,57992,98441,0.231495221701185,0
2023-07-28 11:03:52,3377.2,149681,2,3379.2,57959,98443,0.231495221701185,0
2023-07-28 11:03:59,3377.95,149685,4,3379.2,57971,98402,0.253754377633992,0
2023-07-28 11:03:59,3377.95,149685,4,3379.2,57961,98405,0.253754377633992,0
2023-07-28 11:03:59,3378.65,149685,1,3379.2,57943,98462,0.27452958983795334,0
2023-07-28 11:04:01,3378.65,149686,1,3379.2,57943,98461,0.27452958983795334,0
2023-07-28 11:04:01,3378.65,149686,1,3379.2,57903,98469,0.27452958983795334,0
2023-07-28 11:04:01,3378.65,149686,1,3379.2,57885,98547,0.27452958983795334,0
2023-07-28 11:04:01,3377.95,149686,2,3379.2,57885,98552,0.253754377633992,0
2023-07-28 11:04:05,3377.95,149689,2,3379.2,57880,98653,0.253754377633992,0
2023-07-28 11:04:05,3377.2,149689,3,3379.2,57893,98670,0.231495221701185,0
2023-07-28 11:04:07,3377.5,149699,1,3379.2,58362,98439,0.2403988840743132,0
2023-07-28 11:04:08,3378.65,149825,100,3379.2,58266,98291,0.27452958983795334,0
2023-07-28 11:04:10,3379.15,150019,33,3379.2,56904,97422,0.2893690271264914,0
2023-07-28 11:04:10,3379.45,150020,1,3379.2,58582,97783,0.29827268949960606,0
2023-07-28 11:04:10,3379.85,150020,9,3379.2,58582,97783,0.31014423933043916,0
2023-07-28 11:04:11,3379.85,150030,9,3379.2,58593,97827,0.31014423933043916,0
2023-07-28 11:04:11,3379.85,150030,3,3379.2,58593,97827,0.31014423933043916,0
2023-07-28 11:04:12,3379.85,150033,3,3379.2,58596,97822,0.31014423933043916,0
2023-07-28 11:04:14,3379.85,150035,1,3379.2,58596,97820,0.31014423933043916,0
2023-07-28 11:04:14,3379.85,150035,1,3379.2,58594,97823,0.31014423933043916,0
2023-07-28 11:04:14,3379.85,150035,1,3379.2,58487,97856,0.31014423933043916,0
2023-07-28 11:04:14,3379.85,150035,1,3379.2,58522,97881,0.31014423933043916,0
2023-07-28 11:04:14,3379.45,150035,100,3379.2,58599,97974,0.29827268949960606,0
2023-07-28 11:04:18,3379.85,150141,7,3379.2,58693,97859,0.31014423933043916,0
2023-07-28 11:04:18,3379.15,150141,2,3379.2,58693,97859,0.2893690271264914,0
2023-07-28 11:04:20,3379.15,150163,2,3379.2,58676,97861,0.2893690271264914,0
2023-07-28 11:04:20,3379.85,150163,2,3379.2,58676,97861,0.31014423933043916,0
2023-07-28 11:04:21,3379.85,150165,1,3379.2,56624,97859,0.31014423933043916,0
2023-07-28 11:04:22,3379.85,150169,1,3379.2,58574,97856,0.31014423933043916,0
2023-07-28 11:04:22,3379.85,150169,1,3379.2,58574,97856,0.31014423933043916,0
2023-07-28 11:04:23,3379.85,150172,3,3379.2,58601,97858,0.31014423933043916,0
2023-07-28 11:04:23,3379.85,150172,1,3379.2,58601,97858,0.31014423933043916,0
2023-07-28 11:04:23,3379.85,150173,1,3379.2,58611,97857,0.31014423933043916,0
2023-07-28 11:04:25,3378.8,150174,12,3379.2,58611,97856,0.27898142102451745,0
2023-07-28 11:04:25,3379.85,150174,7,3379.2,58611,97856,0.31014423933043916,0
2023-07-28 11:04:25,3379.85,150203,7,3379.2,58459,97878,0.31014423933043916,0
2023-07-28 11:04:27,3380.0,150296,3,3379.2,58719,97696,0.3145960705170033,0
2023-07-28 11:04:27,3379.2,150296,1,3379.2,58719,97696,0.29085297085533707,0
2023-07-28 11:04:28,3379.2,150304,1,3379.2,58689,97747,0.29085297085533707,0
2023-07-28 11:04:28,3379.2,150304,1,3379.2,58689,97747,0.29085297085533707,0
2023-07-28 11:04:28,3379.2,150304,1,3379.2,58577,97728,0.29085297085533707,0
2023-07-28 11:04:32,3378.9,150307,3,3379.2,58540,97799,0.2819493084822223,0
2023-07-28 11:04:32,3379.4,150307,2,3379.2,58540,97799,0.29678874577076036,0
2023-07-28 11:04:33,3379.4,150310,2,3379.2,58525,97869,0.29678874577076036,0
2023-07-28 11:04:35,3379.7,150311,1,3379.2,58505,97811,0.3056924081438751,0
2023-07-28 11:04:35,3379.7,150311,1,3379.2,58596,97819,0.3056924081438751,0
2023-07-28 11:04:35,3379.2,150311,2,3379.2,58598,97899,0.29085297085533707,0
2023-07-28 11:04:37,3379.2,150313,2,3379.2,58519,98077,0.29085297085533707,0
2023-07-28 11:04:39,3379.3,150317,1,3379.2,58552,98150,0.29382085831305543,0
2023-07-28 11:04:40,3379.1,150326,4,3379.2,58245,98127,0.28788508339763214,0
2023-07-28 11:04:40,3379.1,150326,1,3379.2,58245,98127,0.28788508339763214,0
2023-07-28 11:04:40,3379.1,150327,1,3379.2,58206,98002,0.28788508339763214,0
2023-07-28 11:04:40,3379.1,150327,1,3379.2,58252,98187,0.28788508339763214,0
2023-07-28 11:04:40,3379.1,150327,1,3379.2,58257,98187,0.28788508339763214,0
2023-07-28 11:04:40,3379.1,150327,1,3379.2,58251,98208,0.28788508339763214,0
2023-07-28 11:04:45,3378.2,150331,1,3379.2,58391,97969,0.26117409627826105,0
2023-07-28 11:04:45,3379.15,150331,2,3379.2,58375,98161,0.2893690271264914,0
2023-07-28 11:04:46,3379.15,150336,2,3379.2,58441,98139,0.2893690271264914,0
2023-07-28 11:04:46,3378.8,150336,2,3379.2,58441,98139,0.27898142102451745,0
2023-07-28 11:04:48,3378.8,150339,2,3379.2,58493,98110,0.27898142102451745,0
2023-07-28 11:04:48,3378.8,150339,2,3379.2,58496,98110,0.27898142102451745,0
2023-07-28 11:04:48,3378.7,150339,9,3379.2,58496,98110,0.27601353356679903,0
2023-07-28 11:04:50,3378.7,150351,9,3379.2,58652,98091,0.27601353356679903,0
2023-07-28 11:04:50,3378.7,150351,9,3379.2,58679,98131,0.27601353356679903,0
2023-07-28 11:04:50,3378.7,150351,9,3379.2,58688,98131,0.27601353356679903,0
2023-07-28 11:04:50,3378.7,150351,9,3379.2,58681,98126,0.27601353356679903,0
2023-07-28 11:04:50,3378.7,150351,9,3379.2,58681,98126,0.27601353356679903,0
2023-07-28 11:04:50,3378.7,150351,9,3379.2,58681,98276,0.27601353356679903,0
2023-07-28 11:04:50,3378.7,150351,9,3379.2,58681,98276,0.27601353356679903,0
2023-07-28 11:04:50,3379.5,150351,2,3379.2,58681,98277,0.2997566332284653,0
2023-07-28 11:04:58,3379.5,150353,2,3379.2,58712,98277,0.2997566332284653,0
2023-07-28 11:04:58,3379.5,150353,2,3379.2,58713,98280,0.2997566332284653,0
2023-07-28 11:05:00,3379.55,150372,15,3379.2,58687,96182,0.3012405769573245,0
2023-07-28 11:05:00,3380.0,150372,19,3379.2,58687,96182,0.3145960705170033,0
2023-07-28 11:05:01,3380.0,150392,1,3379.2,58754,98137,0.3145960705170033,0
2023-07-28 11:05:02,3380.0,150429,37,3379.2,58681,98113,0.3145960705170033,0
2023-07-28 11:05:03,3380.0,150462,2,3379.2,58683,98075,0.3145960705170033,0
2023-07-28 11:05:04,3380.0,150464,2,3379.2,58680,98073,0.3145960705170033,0
2023-07-28 11:05:04,3380.0,150464,2,3379.2,58680,98113,0.3145960705170033,0
2023-07-28 11:05:04,3380.0,150464,1,3379.2,58680,98113,0.3145960705170033,0
2023-07-28 11:05:07,3379.5,150471,2,3379.2,58653,98177,0.2997566332284653,0
2023-07-28 11:05:07,3380.0,150471,2,3379.2,58653,98177,0.3145960705170033,0
2023-07-28 11:05:08,3380.0,150473,2,3379.2,58713,98315,0.3145960705170033,0
2023-07-28 11:05:08,3380.0,150473,2,3379.2,58737,98315,0.3145960705170033,0
2023-07-28 11:05:08,3380.0,150473,2,3379.2,58711,98320,0.3145960705170033,0
2023-07-28 11:05:08,3380.0,150473,2,3379.2,58730,98321,0.3145960705170033,0
2023-07-28 11:05:08,3380.0,150473,2,3379.2,58711,98321,0.3145960705170033,0
2023-07-28 11:05:08,3380.0,150473,2,3379.2,58711,98323,0.3145960705170033,0
2023-07-28 11:05:15,3380.0,150523,50,3379.2,58742,98274,0.3145960705170033,0
2023-07-28 11:05:15,3380.0,150523,4,3379.2,58742,98274,0.3145960705170033,0
2023-07-28 11:05:16,3380.0,150527,4,3379.2,58768,98273,0.3145960705170033,0
2023-07-28 11:05:16,3379.5,150527,1,3379.2,58768,98273,0.2997566332284653,0
2023-07-28 11:05:18,3380.0,150534,1,3379.2,58717,98228,0.3145960705170033,0
2023-07-28 11:05:19,3380.0,150536,1,3379.2,58772,98226,0.3145960705170033,0
2023-07-28 11:05:19,3379.6,150536,12,3379.2,58772,98226,0.3027245206861702,0
2023-07-28 11:05:20,3379.6,150550,12,3379.2,58770,98237,0.3027245206861702,0
2023-07-28 11:05:20,3380.0,150550,30,3379.2,58770,98237,0.3145960705170033,0
2023-07-28 11:05:21,3380.0,150580,1,3379.2,58769,98175,0.3145960705170033,0
2023-07-28 11:05:21,3380.0,150581,1,3379.2,58774,98174,0.3145960705170033,0
2023-07-28 11:05:21,3380.0,150581,1,3379.2,58774,98174,0.3145960705170033,0
2023-07-28 11:05:23,3380.0,152886,18,3379.22,57716,96667,0.3145960705170033,0
2023-07-28 11:05:23,3380.0,152886,18,3379.22,57716,96667,0.3145960705170033,0
2023-07-28 11:05:24,3380.0,153296,12,3379.22,58731,97731,0.3145960705170033,0
2023-07-28 11:05:24,3380.0,153296,12,3379.22,58731,97731,0.3145960705170033,0
2023-07-28 11:05:26,3380.0,153309,1,3379.22,58709,97727,0.3145960705170033,0
2023-07-28 11:05:26,3380.0,153309,1,3379.22,58709,97727,0.3145960705170033,0
2023-07-28 11:05:26,3380.0,153389,30,3379.22,58749,97750,0.3145960705170033,0
2023-07-28 11:05:26,3380.0,153389,17,3379.22,58749,97750,0.3145960705170033,0
2023-07-28 11:05:28,3380.0,153419,3,3379.22,58827,97687,0.3145960705170033,0
2023-07-28 11:05:28,3380.0,153419,1,3379.22,58827,97687,0.3145960705170033,0
2023-07-28 11:05:30,3379.5,153420,1,3379.22,58793,97719,0.2997566332284653,0
2023-07-28 11:05:30,3379.5,153441,1,3379.22,58605,97768,0.2997566332284653,0
2023-07-28 11:05:30,3380.0,153441,25,3379.22,58605,97768,0.3145960705170033,0
2023-07-28 11:05:31,3380.0,153469,25,3379.22,58704,97746,0.3145960705170033,0
2023-07-28 11:05:31,3380.0,153469,1,3379.22,58704,97746,0.3145960705170033,0
2023-07-28 11:05:32,3380.0,153470,1,3379.22,58734,97726,0.3145960705170033,0
2023-07-28 11:05:34,3380.0,153501,2,3379.22,58936,97768,0.3145960705170033,0
2023-07-28 11:05:35,3379.3,153517,5,3379.22,58767,97846,0.29382085831305543,0
2023-07-28 11:05:36,3380.0,153518,1,3379.22,58826,97816,0.3145960705170033,0
2023-07-28 11:05:37,3380.0,153540,22,3379.22,58872,97824,0.3145960705170033,0
2023-07-28 11:05:37,3379.55,153540,2,3379.22,58872,97824,0.3012405769573245,0
2023-07-28 11:05:37,3379.55,153542,2,3379.22,58872,97824,0.3012405769573245,0
2023-07-28 11:05:43,3379.15,153544,1,3379.22,58711,97722,0.2893690271264914,0
2023-07-28 11:05:43,3379.15,153544,1,3379.22,58706,97801,0.2893690271264914,0
2023-07-28 11:05:43,3379.15,153544,1,3379.22,58708,97793,0.2893690271264914,0
2023-07-28 11:05:43,3379.15,153544,1,3379.22,58692,97793,0.2893690271264914,0
2023-07-28 11:05:43,3379.15,153544,1,3379.22,58692,97782,0.2893690271264914,0
2023-07-28 11:05:43,3379.15,153544,1,3379.22,58692,97787,0.2893690271264914,0
2023-07-28 11:05:43,3378.8,153544,1,3379.22,58692,97787,0.27898142102451745,0
2023-07-28 11:05:50,3378.45,153577,1,3379.22,58230,98052,0.26859381492253004,0
2023-07-28 11:05:50,3378.35,153577,1,3379.22,58230,98052,0.2656259274648251,0
2023-07-28 11:05:50,3378.35,153578,1,3379.22,58211,98025,0.2656259274648251,0
2023-07-28 11:05:50,3378.0,153578,2,3379.22,58188,98016,0.25523832136285124,0
2023-07-28 11:05:53,3378.35,153614,4,3379.22,58122,97957,0.2656259274648251,0
2023-07-28 11:05:54,3378.35,153618,4,3379.22,58119,97911,0.2656259274648251,0
2023-07-28 11:05:54,3377.95,153618,9,3379.22,58119,97911,0.253754377633992,0
2023-07-28 11:05:55,3379.05,153627,1,3379.22,58155,97840,0.28640113966878644,0
2023-07-28 11:05:56,3379.05,153628,1,3379.22,58155,97828,0.28640113966878644,0
2023-07-28 11:05:56,3379.05,153628,1,3379.22,58153,97896,0.28640113966878644,0
2023-07-28 11:05:56,3379.05,153628,2,3379.22,58153,97896,0.28640113966878644,0
2023-07-28 11:05:59,3379.05,153634,2,3379.22,58154,98001,0.28640113966878644,0
2023-07-28 11:05:59,3379.05,153634,2,3379.22,58154,98050,0.28640113966878644,0
2023-07-28 11:05:59,3379.05,153634,2,3379.22,58147,98027,0.28640113966878644,0
2023-07-28 11:06:02,3378.6,153663,16,3379.22,58239,98056,0.27304564610909415,0
2023-07-28 11:06:02,3378.6,153665,2,3379.22,58269,97996,0.27304564610909415,0
2023-07-28 11:06:02,3378.3,153665,2,3379.22,58269,97996,0.2641419837359794,0
2023-07-28 11:06:05,3378.3,153667,2,3379.22,58268,97974,0.2641419837359794,0
2023-07-28 11:06:06,3378.6,153689,10,3379.22,58237,97926,0.27304564610909415,0
2023-07-28 11:06:06,3378.6,153689,2,3379.22,58237,97926,0.27304564610909415,0
2023-07-28 11:06:06,3378.6,153691,2,3379.22,58242,97920,0.27304564610909415,0
2023-07-28 11:06:06,3378.6,153691,2,3379.22,58242,97920,0.27304564610909415,0
2023-07-28 11:06:06,3378.6,153691,2,3379.22,58242,97921,0.27304564610909415,0
2023-07-28 11:06:12,3378.3,153701,7,3379.22,58247,97913,0.2641419837359794,0
2023-07-28 11:06:12,3378.3,153701,7,3379.22,58247,97943,0.2641419837359794,0
2023-07-28 11:06:12,3378.3,153701,7,3379.22,58249,97946,0.2641419837359794,0
2023-07-28 11:06:12,3378.3,153701,7,3379.22,58264,97947,0.2641419837359794,0
2023-07-28 11:06:12,3378.3,153701,7,3379.22,58261,97959,0.2641419837359794,0
2023-07-28 11:06:12,3378.3,153701,3,3379.22,58256,98139,0.2641419837359794,0
2023-07-28 11:06:18,3378.35,153721,1,3379.22,58241,98153,0.2656259274648251,0
2023-07-28 11:06:18,3378.3,153721,20,3379.22,58241,98153,0.2641419837359794,0
2023-07-28 11:06:20,3378.3,153746,3,3379.22,58200,98126,0.2641419837359794,0
2023-07-28 11:06:20,3378.9,153746,1,3379.22,58200,98126,0.2819493084822223,0
2023-07-28 11:06:20,3378.9,153756,1,3379.22,58196,98123,0.2819493084822223,0
2023-07-28 11:06:22,3378.9,153763,1,3379.22,58199,98138,0.2819493084822223,0
2023-07-28 11:06:22,3378.9,153763,1,3379.22,58199,98138,0.2819493084822223,0
2023-07-28 11:06:22,3378.9,153763,1,3379.22,58199,98138,0.2819493084822223,0
2023-07-28 11:06:24,3378.9,153764,1,3379.22,58205,98139,0.2819493084822223,0
2023-07-28 11:06:24,3378.9,153764,1,3379.22,58210,98169,0.2819493084822223,0
2023-07-28 11:06:24,3378.9,153764,1,3379.22,58210,98169,0.2819493084822223,0
2023-07-28 11:06:24,3378.9,153764,1,3379.22,57338,98248,0.2819493084822223,0
2023-07-28 11:06:24,3378.9,153764,1,3379.22,56994,98258,0.2819493084822223,0
2023-07-28 11:06:24,3378.9,153764,1,3379.22,57799,98236,0.2819493084822223,0
2023-07-28 11:06:30,3378.45,153765,1,3379.22,57996,98240,0.26859381492253004,0
2023-07-28 11:06:30,3378.45,153765,1,3379.22,57997,98238,0.26859381492253004,0
2023-07-28 11:06:32,3378.0,153767,2,3379.22,57000,98234,0.25523832136285124,0
2023-07-28 11:06:32,3378.0,153767,2,3379.22,58002,98207,0.25523832136285124,0
2023-07-28 11:06:35,3378.2,153770,2,3379.22,56994,98254,0.26117409627826105,0
2023-07-28 11:06:35,3378.2,153770,2,3379.22,57996,98264,0.26117409627826105,0
2023-07-28 11:06:35,3377.65,153770,12,3379.22,57996,98231,0.2448507152608773,0
2023-07-28 11:06:37,3377.0,153988,55,3379.22,57522,98189,0.2255594467857752,0
2023-07-28 11:06:38,3377.7,153992,4,3379.22,57541,98183,0.246334658989723,0
2023-07-28 11:06:38,3377.95,153992,5,3379.22,57541,98183,0.253754377633992,0
2023-07-28 11:06:38,3376.5,153992,5,3379.22,57541,98183,0.21072000949723715,0
2023-07-28 11:06:41,3377.15,154038,5,3379.22,56639,98179,0.23001127797233928,0
2023-07-28 11:06:41,3377.05,154038,2,3379.22,56639,98179,0.22704339051463437,0
2023-07-28 11:06:41,3377.05,154040,2,3379.22,56688,98270,0.22704339051463437,0
2023-07-28 11:06:41,3377.05,154040,7,3379.22,56688,98270,0.22704339051463437,0
2023-07-28 11:06:43,3377.05,154047,7,3379.22,57782,98333,0.22704339051463437,0
2023-07-28 11:06:43,3377.05,154047,7,3379.22,57744,98291,0.22704339051463437,0
2023-07-28 11:06:43,3377.05,154047,7,3379.22,58003,98298,0.22704339051463437,0
2023-07-28 11:06:43,3377.05,154047,7,3379.22,57932,98349,0.22704339051463437,0
2023-07-28 11:06:43,3376.55,154047,2,3379.22,57878,98316,0.21220395322609636,0
2023-07-28 11:06:50,3376.25,154055,2,3379.22,57861,98381,0.20330029085296816,0
2023-07-28 11:06:50,3376.15,154055,6,3379.22,57861,98381,0.20033240339526326,0
2023-07-28 11:06:50,3376.15,154061,6,3379.21,57880,98333,0.20033240339526326,0
2023-07-28 11:06:52,3377.2,154063,1,3379.21,58024,98331,0.231495221701185,0
2023-07-28 11:06:53,3375.6,154108,7,3379.21,57960,98358,0.18400902237786604,0
2023-07-28 11:06:53,3376.25,154108,3,3379.21,57960,98358,0.20330029085296816,0
2023-07-28 11:06:54,3376.25,154211,1,3379.21,58013,98296,0.20330029085296816,0
2023-07-28 11:06:54,3376.25,154212,1,3379.21,57654,98247,0.20330029085296816,0
2023-07-28 11:06:54,3377.75,154212,3,3379.21,57654,98247,0.2478186027185822,0
2023-07-28 11:06:55,3377.75,154218,3,3379.21,58099,98746,0.2478186027185822,0
2023-07-28 11:06:55,3377.3,154218,1,3379.21,58099,98746,0.2344631091589034,0
2023-07-28 11:06:57,3376.5,154220,1,3379.21,58086,98774,0.21072000949723715,0
2023-07-28 11:06:57,3376.5,154220,1,3379.21,58081,98680,0.21072000949723715,0
2023-07-28 11:06:59,3376.5,154221,1,3379.21,58038,98711,0.21072000949723715,0
2023-07-28 11:06:59,3376.5,154221,1,3379.21,58115,98585,0.21072000949723715,0
2023-07-28 11:07:01,3376.5,154272,1,3379.21,58042,98578,0.21072000949723715,0
2023-07-28 11:07:01,3376.5,154272,1,3379.21,58052,98558,0.21072000949723715,0
2023-07-28 11:07:01,3376.5,154272,1,3379.21,58054,98618,0.21072000949723715,0
2023-07-28 11:07:01,3376.5,154272,1,3379.21,58050,98592,0.21072000949723715,0
2023-07-28 11:07:05,3375.35,154286,3,3379.21,58236,98588,0.17658930373359702,0
2023-07-28 11:07:05,3375.45,154286,1,3379.21,58322,98482,0.17955719119130192,0
2023-07-28 11:07:07,3375.95,154290,1,3379.21,58420,98468,0.19439662847983993,0
2023-07-28 11:07:07,3375.95,154290,1,3379.21,58401,98475,0.19439662847983993,0
2023-07-28 11:07:07,3375.95,154290,1,3379.21,58393,98475,0.19439662847983993,0
2023-07-28 11:07:07,3375.95,154290,1,3379.21,58393,98475,0.19439662847983993,0
2023-07-28 11:07:11,3377.0,154301,1,3379.21,58467,98179,0.2255594467857752,0
2023-07-28 11:07:11,3377.0,154301,1,3379.21,58538,98216,0.2255594467857752,0
2023-07-28 11:07:11,3377.0,154301,1,3379.21,58542,98216,0.2255594467857752,0
2023-07-28 11:07:11,3377.0,154301,1,3379.21,58544,98219,0.2255594467857752,0
2023-07-28 11:07:11,3376.95,154301,1,3379.21,58640,98156,0.22407550305691598,0
2023-07-28 11:07:11,3376.5,154301,1,3379.21,58640,98156,0.21072000949723715,0
2023-07-28 11:07:17,3376.5,154303,1,3379.21,58461,98184,0.21072000949723715,0
2023-07-28 11:07:17,3376.5,154303,1,3379.21,58430,98174,0.21072000949723715,0
2023-07-28 11:07:17,3376.6,154303,2,3379.21,58430,98174,0.21368789695494206,0
2023-07-28 11:07:18,3376.6,154306,2,3379.21,58433,98167,0.21368789695494206,0
2023-07-28 11:07:20,3376.4,154317,1,3379.21,58346,98320,0.20775212203953225,0
2023-07-28 11:07:20,3376.4,154318,1,3379.21,58471,98215,0.20775212203953225,0
2023-07-28 11:07:22,3375.55,154319,1,3379.21,58478,98274,0.18252507864902032,0
2023-07-28 11:07:22,3375.5,154319,4,3379.21,58478,98274,0.18104113492016113,0
2023-07-28 11:07:22,3375.5,154323,4,3379.21,58486,98275,0.18104113492016113,0
2023-07-28 11:07:22,3375.5,154323,4,3379.21,58486,98275,0.18104113492016113,0
2023-07-28 11:07:25,3376.85,154331,4,3379.21,58555,98269,0.22110761559921108,0
2023-07-28 11:07:25,3376.85,154331,4,3379.21,58555,98269,0.22110761559921108,0
2023-07-28 11:07:25,3376.85,154331,4,3379.21,58555,98269,0.22110761559921108,0
2023-07-28 11:07:25,3376.95,154331,2,3379.21,58555,98269,0.22407550305691598,0
2023-07-28 11:07:27,3376.15,154384,1,3379.21,58570,98298,0.20033240339526326,0
2023-07-28 11:07:27,3376.15,154384,1,3379.21,58445,98248,0.20033240339526326,0
2023-07-28 11:07:27,3376.15,154384,1,3379.21,58445,98245,0.20033240339526326,0
2023-07-28 11:07:27,3375.2,154384,5,3379.21,58445,98245,0.1721374725470329,0
2023-07-28 11:07:30,3375.2,154404,5,3379.21,58314,98267,0.1721374725470329,0
2023-07-28 11:07:30,3376.15,154404,1,3379.21,58314,98287,0.20033240339526326,0
2023-07-28 11:07:32,3375.5,154407,1,3379.21,58370,98283,0.18104113492016113,0
2023-07-28 11:07:32,3375.5,154407,1,3379.21,58379,98283,0.18104113492016113,0
2023-07-28 11:07:35,3375.3,154421,1,3379.21,58380,98293,0.17510536000475133,0
2023-07-28 11:07:35,3375.3,154421,1,3379.21,58417,98013,0.17510536000475133,0
2023-07-28 11:07:35,3375.3,154421,1,3379.21,58420,98023,0.17510536000475133,0
2023-07-28 11:07:35,3376.75,154421,3,3379.21,58420,98023,0.21813972814150617,0
2023-07-28 11:07:37,3376.75,154426,3,3379.21,58539,97954,0.21813972814150617,0
2023-07-28 11:07:38,3375.35,154526,36,3379.2,58312,97961,0.17658930373359702,0
2023-07-28 11:07:38,3376.25,154526,1,3379.2,58312,97961,0.20330029085296816,0
2023-07-28 11:07:39,3376.25,154528,1,3379.2,58496,98165,0.20330029085296816,0
2023-07-28 11:07:39,3376.25,154528,1,3379.2,58488,98168,0.20330029085296816,0
2023-07-28 11:07:39,3376.25,154528,1,3379.2,58571,98195,0.20330029085296816,0
2023-07-28 11:07:39,3375.5,154528,1,3379.2,58539,98141,0.18104113492016113,0
2023-07-28 11:07:42,3375.5,154529,1,3379.2,58631,98092,0.18104113492016113,0
2023-07-28 11:07:42,3375.5,154529,1,3379.2,58674,98092,0.18104113492016113,0
2023-07-28 11:07:42,3375.5,154529,1,3379.2,58660,98114,0.18104113492016113,0
2023-07-28 11:07:42,3375.5,154529,1,3379.2,58350,98090,0.18104113492016113,0
2023-07-28 11:07:42,3376.25,154529,2,3379.2,58319,98065,0.20330029085296816,0
2023-07-28 11:07:48,3376.25,154531,2,3379.2,58263,98071,0.20330029085296816,0
2023-07-28 11:07:48,3376.25,154531,2,3379.2,58295,98071,0.20330029085296816,0
2023-07-28 11:07:50,3376.25,154546,1,3379.2,58294,98082,0.20330029085296816,0
2023-07-28 11:07:50,3376.25,154546,1,3379.2,58294,98082,0.20330029085296816,0
2023-07-28 11:07:50,3376.25,154546,1,3379.2,58381,98085,0.20330029085296816,0
2023-07-28 11:07:50,3376.0,154546,10,3379.2,58381,98085,0.19588057220869914,0
2023-07-28 11:07:51,3376.0,154556,3,3379.2,58342,98085,0.19588057220869914,0
2023-07-28 11:07:52,3376.0,154559,3,3379.2,58378,98084,0.19588057220869914,0
2023-07-28 11:07:52,3376.0,154559,3,3379.2,58371,98089,0.19588057220869914,0
2023-07-28 11:07:52,3376.0,154559,3,3379.2,58440,98146,0.19588057220869914,0
2023-07-28 11:07:52,3376.0,154559,3,3379.2,58421,98108,0.19588057220869914,0
2023-07-28 11:07:58,3376.5,154560,1,3379.2,58283,98114,0.21072000949723715,0
2023-07-28 11:07:58,3376.5,154560,1,3379.2,58283,98132,0.21072000949723715,0
2023-07-28 11:07:58,3376.5,154560,1,3379.2,58342,98105,0.21072000949723715,0
2023-07-28 11:07:58,3376.5,154560,1,3379.2,58341,98177,0.21072000949723715,0
2023-07-28 11:07:58,3376.5,154560,1,3379.2,58341,98177,0.21072000949723715,0
2023-07-28 11:08:02,3376.1,154564,2,3379.2,58243,98219,0.19884845966640405,0
2023-07-28 11:08:02,3376.1,154564,2,3379.2,58254,98163,0.19884845966640405,0
2023-07-28 11:08:04,3376.5,154565,1,3379.2,58252,98191,0.21072000949723715,0
2023-07-28 11:08:05,3376.3,154568,1,3379.2,58238,98180,0.20478423458182735,0
2023-07-28 11:08:05,3377.0,154568,1,3379.2,58238,98180,0.2255594467857752,0
2023-07-28 11:08:05,3377.0,154593,1,3379.2,58397,98096,0.2255594467857752,0
2023-07-28 11:08:05,3377.0,154593,1,3379.2,58397,98150,0.2255594467857752,0
2023-07-28 11:08:05,3377.0,154593,1,3379.2,58399,98146,0.2255594467857752,0
2023-07-28 11:08:05,3377.0,154593,1,3379.2,58399,98190,0.2255594467857752,0
2023-07-28 11:08:05,3377.0,154593,1,3379.2,58341,98277,0.2255594467857752,0
2023-07-28 11:08:05,3376.95,154593,1,3379.2,58342,98277,0.22407550305691598,0
2023-07-28 11:08:13,3376.95,154597,1,3379.2,58346,98236,0.22407550305691598,0
2023-07-28 11:08:13,3376.95,154597,1,3379.2,58346,98237,0.22407550305691598,0
2023-07-28 11:08:13,3376.95,154597,1,3379.2,58440,98196,0.22407550305691598,0
2023-07-28 11:08:16,3377.0,154647,10,3379.2,58588,98136,0.2255594467857752,0
2023-07-28 11:08:16,3377.0,154647,10,3379.2,58581,98136,0.2255594467857752,0
2023-07-28 11:08:16,3377.0,154647,10,3379.2,58565,98140,0.2255594467857752,0
2023-07-28 11:08:19,3377.0,154654,4,3379.2,58495,98138,0.2255594467857752,0
2023-07-28 11:08:19,3377.75,154654,3,3379.2,58495,98138,0.2478186027185822,0
2023-07-28 11:08:19,3377.75,154667,3,3379.2,58292,97938,0.2478186027185822,0
2023-07-28 11:08:19,3377.85,154667,2,3379.2,58305,97938,0.2507864901762871,0
2023-07-28 11:08:19,3377.85,154667,2,3379.2,58305,97938,0.2507864901762871,0
2023-07-28 11:08:22,3377.85,154669,2,3379.2,58393,97901,0.2507864901762871,0
2023-07-28 11:08:22,3377.85,154669,1,3379.2,58393,97901,0.2507864901762871,0
2023-07-28 11:08:24,3377.85,154670,1,3379.2,58377,97882,0.2507864901762871,0
2023-07-28 11:08:24,3377.85,154670,1,3379.2,58368,97954,0.2507864901762871,0
2023-07-28 11:08:24,3377.85,154670,1,3379.2,58368,97954,0.2507864901762871,0
2023-07-28 11:08:24,3377.85,154670,1,3379.2,58368,97954,0.2507864901762871,0
2023-07-28 11:08:24,3377.85,154670,1,3379.2,58399,97921,0.2507864901762871,0
2023-07-28 11:08:24,3377.85,154670,1,3379.2,58226,97977,0.2507864901762871,0
2023-07-28 11:08:24,3377.85,154670,1,3379.2,58246,97994,0.2507864901762871,0
2023-07-28 11:08:24,3377.85,154670,1,3379.2,58225,98019,0.2507864901762871,0
2023-07-28 11:08:30,3377.1,154677,1,3379.2,58182,98057,0.2285273342434801,0
2023-07-28 11:08:30,3377.1,154677,1,3379.2,58289,98040,0.2285273342434801,0
2023-07-28 11:08:30,3377.1,154677,1,3379.2,58469,97881,0.2285273342434801,0
2023-07-28 11:08:30,3377.1,154677,3,3379.2,58469,97881,0.2285273342434801,0
2023-07-28 11:08:33,3377.2,154682,2,3379.2,58477,97944,0.231495221701185,0
2023-07-28 11:08:33,3377.2,154682,2,3379.2,58505,97949,0.231495221701185,0
2023-07-28 11:08:35,3377.1,154683,1,3379.2,58300,98023,0.2285273342434801,0
2023-07-28 11:08:35,3377.1,154683,1,3379.2,58502,98005,0.2285273342434801,0
2023-07-28 11:08:35,3376.6,154683,8,3379.2,58545,98005,0.21368789695494206,0
2023-07-28 11:08:37,3376.6,154692,8,3379.2,58542,98010,0.21368789695494206,0
2023-07-28 11:08:37,3376.6,154692,1,3379.2,58354,98010,0.21368789695494206,0
2023-07-28 11:08:40,3376.6,154711,13,3379.2,58344,98118,0.21368789695494206,0
2023-07-28 11:08:40,3376.8,154711,4,3379.2,58344,98118,0.21962367187036536,0
2023-07-28 11:08:41,3376.8,154715,4,3379.2,57315,98081,0.21962367187036536,0
2023-07-28 11:08:41,3377.4,154722,7,3379.2,58372,98009,0.2374309966166083,0
2023-07-28 11:08:41,3376.9,154722,1,3379.2,58372,98009,0.22259155932807026,0
2023-07-28 11:08:43,3376.9,154724,1,3379.2,58395,98007,0.22259155932807026,0
2023-07-28 11:08:43,3376.9,154724,1,3379.2,58395,98007,0.22259155932807026,0
2023-07-28 11:08:44,3376.9,154743,1,3379.2,58298,98047,0.22259155932807026,0
2023-07-28 11:08:44,3376.9,154743,1,3379.2,58341,98021,0.22259155932807026,0
2023-07-28 11:08:44,3376.9,154743,1,3379.2,58346,98016,0.22259155932807026,0
2023-07-28 11:08:44,3376.9,154743,15,3379.2,58346,98016,0.22259155932807026,0
2023-07-28 11:08:47,3376.9,154764,15,3379.2,58252,97974,0.22259155932807026,0
2023-07-28 11:08:47,3376.9,154764,15,3379.2,58447,97979,0.22259155932807026,0
2023-07-28 11:08:47,3376.8,154764,3,3379.2,58447,97979,0.21962367187036536,0
2023-07-28 11:08:49,3376.8,154767,1,3379.2,58248,97975,0.21962367187036536,0
2023-07-28 11:08:50,3376.8,154771,1,3379.2,58516,97789,0.21962367187036536,0
2023-07-28 11:08:50,3376.6,154771,3,3379.2,58823,97984,0.21368789695494206,0
2023-07-28 11:08:52,3376.6,154774,3,3379.2,58820,97985,0.21368789695494206,0
2023-07-28 11:08:52,3376.6,154777,3,3379.2,58621,97974,0.21368789695494206,0
2023-07-28 11:08:52,3376.6,154777,3,3379.2,57806,97979,0.21368789695494206,0
2023-07-28 11:08:52,3376.65,154777,1,3379.2,57806,97979,0.21517184068380127,0
2023-07-28 11:08:55,3376.65,154789,1,3379.2,58781,97978,0.21517184068380127,0
2023-07-28 11:08:56,3376.65,154790,1,3379.2,58788,97968,0.21517184068380127,0
2023-07-28 11:08:56,3376.6,154790,3,3379.2,58788,97968,0.21368789695494206,0
2023-07-28 11:08:57,3376.6,154793,3,3379.2,58481,97984,0.21368789695494206,0
2023-07-28 11:08:57,3376.6,154793,3,3379.2,58370,98026,0.21368789695494206,0
2023-07-28 11:08:57,3376.6,154793,5,3379.2,58370,98026,0.21368789695494206,0
2023-07-28 11:09:00,3376.65,154799,1,3379.2,58379,98068,0.21517184068380127,0
2023-07-28 11:09:00,3376.65,154799,1,3379.2,58254,98073,0.21517184068380127,0
2023-07-28 11:09:00,3376.6,154799,4,3379.2,58254,98073,0.21368789695494206,0
2023-07-28 11:09:02,3376.6,154803,4,3379.2,58212,98143,0.21368789695494206,0
2023-07-28 11:09:02,3376.6,154803,4,3379.2,58259,98098,0.21368789695494206,0
2023-07-28 11:09:04,3376.65,154805,1,3379.2,58264,98076,0.21517184068380127,0
2023-07-28 11:09:05,3376.6,154824,14,3379.2,58216,98078,0.21368789695494206,0
2023-07-28 11:09:05,3376.6,154824,14,3379.2,58250,98083,0.21368789695494206,0
2023-07-28 11:09:08,3376.65,154828,1,3379.2,58173,98073,0.21517184068380127,0
2023-07-28 11:09:08,3376.65,154828,1,3379.2,58167,98073,0.21517184068380127,0
2023-07-28 11:09:08,3376.65,154828,1,3379.2,58209,98073,0.21517184068380127,0
2023-07-28 11:09:08,3376.65,154828,1,3379.2,58167,98073,0.21517184068380127,0
2023-07-28 11:09:08,3376.6,154828,4,3379.2,58167,98073,0.21368789695494206,0
2023-07-28 11:09:13,3376.6,154834,2,3379.2,58067,98160,0.21368789695494206,0
2023-07-28 11:09:13,3376.6,154834,2,3379.2,58139,98122,0.21368789695494206,0
2023-07-28 11:09:13,3376.6,154834,2,3379.2,58387,98126,0.21368789695494206,0
2023-07-28 11:09:13,3376.6,154834,2,3379.2,58399,98109,0.21368789695494206,0
2023-07-28 11:09:17,3376.6,154838,4,3379.2,58340,98136,0.21368789695494206,0
2023-07-28 11:09:17,3376.6,154838,1,3379.2,58340,98136,0.21368789695494206,0
2023-07-28 11:09:19,3376.6,154839,1,3379.2,58371,98136,0.21368789695494206,0
2023-07-28 11:09:19,3376.6,154839,2,3379.2,58371,98136,0.21368789695494206,0
2023-07-28 11:09:20,3376.6,154844,2,3379.2,58309,98120,0.21368789695494206,0
2023-07-28 11:09:20,3376.45,154844,1,3379.2,58309,98120,0.20923606576837797,0
2023-07-28 11:09:21,3376.0,154845,2,3379.2,58398,98134,0.19588057220869914,0
2023-07-28 11:09:22,3376.0,154848,2,3379.2,58326,98003,0.19588057220869914,0
2023-07-28 11:09:22,3376.0,154848,2,3379.2,58326,97998,0.19588057220869914,0
2023-07-28 11:09:25,3375.9,154854,2,3379.2,58340,97928,0.19291268475099424,0
2023-07-28 11:09:25,3376.75,154876,6,3379.2,58700,97738,0.21813972814150617,0
2023-07-28 11:09:25,3376.75,154876,6,3379.2,58700,97738,0.21813972814150617,0
2023-07-28 11:09:25,3376.75,154876,6,3379.2,58527,97861,0.21813972814150617,0
2023-07-28 11:09:25,3376.75,154876,6,3379.2,58165,98111,0.21813972814150617,0
2023-07-28 11:09:25,3375.5,154876,108,3379.2,58165,98111,0.18104113492016113,0
