2023-07-28 10:49:25,659.0,208061,169,658.59,63341,145662,0.6952402780961042,0
2023-07-28 10:49:25,659.0,208061,169,658.59,63341,145648,0.6952402780961042,0
2023-07-28 10:49:25,659.0,208061,25,658.59,63341,145662,0.6952402780961042,0
2023-07-28 10:49:25,659.0,208061,3,658.59,63341,145662,0.6952402780961042,0
2023-07-28 10:49:37,659.0,208189,3,658.59,63147,145717,0.6952402780961042,0
2023-07-28 10:49:37,659.0,208189,25,658.59,63147,145717,0.6952402780961042,0
2023-07-28 10:49:37,659.0,208189,34,658.59,63147,145717,0.6952402780961042,0
2023-07-28 10:49:39,659.0,208411,34,658.59,63041,145722,0.6952402780961042,0
2023-07-28 10:49:39,659.0,208411,5,658.59,63041,145722,0.6952402780961042,0
2023-07-28 10:49:42,659.0,208441,3,658.59,63101,145751,0.6952402780961042,0
2023-07-28 10:49:45,659.0,208446,5,658.59,63034,145746,0.6952402780961042,0
2023-07-28 10:49:45,659.0,208446,5,658.59,63104,145796,0.6952402780961042,0
2023-07-28 10:49:45,659.0,208446,5,658.59,63171,145796,0.6952402780961042,0
2023-07-28 10:49:45,658.5,208446,172,658.59,63171,145796,0.618840247536092,0
2023-07-28 10:49:53,659.0,208674,67,658.59,63093,145690,0.6952402780961042,0
2023-07-28 10:49:54,659.0,208741,67,658.59,63124,145553,0.6952402780961042,0
2023-07-28 10:49:54,659.0,208741,67,658.59,63300,145493,0.6952402780961042,0
2023-07-28 10:49:54,659.0,208741,67,658.59,63364,145493,0.6952402780961042,0
2023-07-28 10:49:54,659.0,208741,5,658.59,63364,145493,0.6952402780961042,0
2023-07-28 10:49:54,659.0,208741,1,658.59,63364,145493,0.6952402780961042,0
2023-07-28 10:50:05,659.0,208747,1,658.59,63343,145489,0.6952402780961042,0
2023-07-28 10:50:05,659.0,208747,1,658.59,63323,145489,0.6952402780961042,0
2023-07-28 10:50:12,658.55,208750,3,658.59,63299,145489,0.6264802505920863,0
2023-07-28 10:50:12,659.0,208750,5,658.59,63299,145489,0.6952402780961042,0
2023-07-28 10:50:16,659.0,208755,5,658.59,63299,145529,0.6952402780961042,0
2023-07-28 10:50:20,659.0,208756,1,658.59,63299,145583,0.6952402780961042,0
2023-07-28 10:50:20,658.5,208756,87,658.59,63299,145583,0.618840247536092,0
2023-07-28 10:50:20,659.0,208756,1,658.59,63299,145583,0.6952402780961042,0
2023-07-28 10:50:22,659.0,208857,1,658.59,63216,145720,0.6952402780961042,0
2023-07-28 10:50:22,659.0,208857,10,658.59,63216,145720,0.6952402780961042,0
2023-07-28 10:50:22,659.0,208857,11,658.59,63216,145720,0.6952402780961042,0
2023-07-28 10:50:24,659.0,208878,11,658.59,63244,145749,0.6952402780961042,0
2023-07-28 10:50:24,659.0,208878,1,658.59,63244,145749,0.6952402780961042,0
2023-07-28 10:50:26,659.0,208879,1,658.59,63243,145747,0.6952402780961042,0
2023-07-28 10:50:26,659.0,208879,1,658.59,62943,145747,0.6952402780961042,0
2023-07-28 10:50:26,659.0,208879,32,658.59,62943,145747,0.6952402780961042,0
2023-07-28 10:50:33,659.0,209103,32,658.59,63091,145682,0.6952402780961042,0
2023-07-28 10:50:33,659.0,209103,32,658.59,63091,145974,0.6952402780961042,0
2023-07-28 10:50:33,659.0,209103,32,658.59,63091,146024,0.6952402780961042,0
2023-07-28 10:50:33,659.0,209103,10,658.59,63091,146024,0.6952402780961042,0
2023-07-28 10:50:43,659.0,209113,10,658.59,63047,146014,0.6952402780961042,0
2023-07-28 10:50:49,659.0,209114,1,658.59,63053,146028,0.6952402780961042,0
2023-07-28 10:50:49,658.5,209114,100,658.59,63053,146028,0.618840247536092,0
2023-07-28 10:50:50,658.5,209214,100,658.59,62874,146132,0.618840247536092,0
2023-07-28 10:50:50,659.0,209214,9,658.59,62874,146132,0.6952402780961042,0
2023-07-28 10:50:54,659.0,209223,9,658.59,62874,146123,0.6952402780961042,0
2023-07-28 10:50:54,658.5,209223,2,658.59,62874,146123,0.618840247536092,0
2023-07-28 10:50:56,658.5,209225,2,658.59,62876,146123,0.618840247536092,0
2023-07-28 10:50:56,658.5,209225,2,658.59,62874,146123,0.618840247536092,0
2023-07-28 10:50:56,658.5,209225,2,658.59,62894,146124,0.618840247536092,0
2023-07-28 10:50:56,659.0,209225,44,658.59,62894,146124,0.6952402780961042,0
2023-07-28 10:51:03,659.0,209269,44,658.59,62894,145510,0.6952402780961042,0
2023-07-28 10:51:03,658.5,209269,25,658.59,62894,145510,0.618840247536092,0
2023-07-28 10:51:07,658.5,209294,25,658.59,62869,145510,0.618840247536092,0
2023-07-28 10:51:07,658.5,209294,2,658.59,62869,145510,0.618840247536092,0
2023-07-28 10:51:07,658.5,209294,198,658.59,62869,145510,0.618840247536092,0
2023-07-28 10:51:13,658.5,209494,198,658.59,62373,146085,0.618840247536092,0
2023-07-28 10:51:13,658.5,209494,198,658.59,62383,145852,0.618840247536092,0
2023-07-28 10:51:13,658.25,209494,8,658.59,62383,145852,0.580640232256086,0
2023-07-28 10:51:17,658.25,209504,8,658.59,62255,149288,0.580640232256086,0
2023-07-28 10:51:22,658.5,209505,1,658.59,62255,149271,0.618840247536092,0
2023-07-28 10:51:22,658.5,209505,3,658.59,62255,149271,0.618840247536092,0
2023-07-28 10:51:23,658.5,209508,11,658.59,62256,149268,0.618840247536092,0
2023-07-28 10:51:24,658.5,209519,11,658.59,62256,149257,0.618840247536092,0
2023-07-28 10:51:29,658.5,209544,25,658.59,62249,149355,0.618840247536092,0
2023-07-28 10:51:29,658.5,209544,25,658.59,62178,149376,0.618840247536092,0
2023-07-28 10:51:29,658.5,209544,25,658.59,62178,149376,0.618840247536092,0
2023-07-28 10:51:29,658.5,209544,225,658.59,62178,149376,0.618840247536092,0
2023-07-28 10:51:36,658.5,209769,225,658.59,62128,148907,0.618840247536092,0
2023-07-28 10:51:36,658.5,209769,225,658.59,62287,148757,0.618840247536092,0
2023-07-28 10:51:36,658.5,209769,225,658.59,62287,148758,0.618840247536092,0
2023-07-28 10:51:36,658.45,209769,3,658.59,62287,148758,0.6112002444800978,0
2023-07-28 10:51:43,658.45,209772,3,658.59,62281,148870,0.6112002444800978,0
2023-07-28 10:51:43,658.45,209772,2,658.59,62281,148870,0.6112002444800978,0
2023-07-28 10:51:49,658.45,209774,2,658.59,62295,148899,0.6112002444800978,0
2023-07-28 10:51:49,658.45,209774,1,658.59,62295,148899,0.6112002444800978,0
2023-07-28 10:51:50,658.45,209775,1,658.59,62524,148898,0.6112002444800978,0
2023-07-28 10:51:50,658.45,209775,1,658.59,62543,148898,0.6112002444800978,0
2023-07-28 10:51:50,658.45,209775,1,658.59,62543,148908,0.6112002444800978,0
2023-07-28 10:51:50,658.45,209775,22,658.59,62543,148908,0.6112002444800978,0
2023-07-28 10:52:00,658.45,209797,22,658.59,62559,148885,0.6112002444800978,0
2023-07-28 10:52:00,658.15,209797,129,658.59,62559,148885,0.56536022614408,0
2023-07-28 10:52:01,658.15,209952,129,658.59,62520,148925,0.56536022614408,0
2023-07-28 10:52:01,658.15,209952,12,658.59,62520,148925,0.56536022614408,0
2023-07-28 10:52:07,658.45,209987,10,658.59,62503,149087,0.6112002444800978,0
2023-07-28 10:52:07,658.45,209987,10,658.59,62618,145727,0.6112002444800978,0
2023-07-28 10:52:07,658.45,209987,10,658.59,62648,145727,0.6112002444800978,0
2023-07-28 10:52:17,658.45,210004,2,658.59,62655,145765,0.6112002444800978,0
2023-07-28 10:52:17,658.45,210004,16,658.59,62655,145765,0.6112002444800978,0
2023-07-28 10:52:17,658.45,210004,47,658.59,62655,145765,0.6112002444800978,0
2023-07-28 10:52:18,658.45,210104,47,658.59,62785,145749,0.6112002444800978,0
2023-07-28 10:52:18,658.45,210104,47,658.59,62785,143898,0.6112002444800978,0
2023-07-28 10:52:18,658.45,210104,44,658.59,62785,143898,0.6112002444800978,0
2023-07-28 10:52:28,658.45,210154,44,658.59,62785,143898,0.6112002444800978,0
2023-07-28 10:52:28,658.45,210154,16,658.59,62785,143898,0.6112002444800978,0
2023-07-28 10:52:28,658.45,210154,34,658.59,62785,143898,0.6112002444800978,0
2023-07-28 10:52:33,658.45,210238,34,658.59,62835,143823,0.6112002444800978,0
2023-07-28 10:52:33,658.45,210238,34,658.59,62835,143866,0.6112002444800978,0
2023-07-28 10:52:33,658.45,210238,50,658.59,62835,143866,0.6112002444800978,0
2023-07-28 10:52:38,658.45,210338,50,658.59,62835,143978,0.6112002444800978,0
2023-07-28 10:52:38,658.45,210338,1,658.59,62835,143978,0.6112002444800978,0
2023-07-28 10:52:42,658.45,210339,1,658.59,62836,143977,0.6112002444800978,0
2023-07-28 10:52:42,658.25,210339,16,658.59,62836,143977,0.580640232256086,0
2023-07-28 10:52:43,658.25,210356,2,658.59,62770,143977,0.580640232256086,0
2023-07-28 10:52:46,658.25,210358,2,658.59,62773,143977,0.580640232256086,0
2023-07-28 10:52:46,658.25,210358,2,658.59,62798,144087,0.580640232256086,0
2023-07-28 10:52:46,658.25,210358,3,658.59,62769,144088,0.580640232256086,0
2023-07-28 10:52:46,658.45,210358,26,658.59,62769,144088,0.6112002444800978,0
2023-07-28 10:52:46,658.5,210358,16,658.59,62769,144088,0.618840247536092,0
2023-07-28 10:53:04,658.5,210667,1,658.59,63268,143960,0.618840247536092,0
2023-07-28 10:53:04,658.5,210667,1,658.59,63241,143960,0.618840247536092,0
2023-07-28 10:53:04,658.5,210667,1,658.59,63223,143979,0.618840247536092,0
2023-07-28 10:53:04,658.55,210667,9,658.59,63223,143979,0.6264802505920863,0
2023-07-28 10:53:15,658.55,211010,9,658.59,63221,143655,0.6264802505920863,0
2023-07-28 10:53:15,658.55,211010,9,658.59,63221,143655,0.6264802505920863,0
2023-07-28 10:53:15,658.55,211010,9,658.59,63221,143655,0.6264802505920863,0
2023-07-28 10:53:19,658.55,211082,9,658.59,63871,143598,0.6264802505920863,0
2023-07-28 10:53:19,658.55,211082,9,658.59,63854,143710,0.6264802505920863,0
2023-07-28 10:53:19,659.0,211082,22,658.59,63854,143710,0.6952402780961042,0
2023-07-28 10:53:27,659.0,211117,22,658.59,63854,143675,0.6952402780961042,0
2023-07-28 10:53:27,659.0,211117,1,658.59,63854,143725,0.6952402780961042,0
2023-07-28 10:53:31,659.0,211118,1,658.59,63855,143724,0.6952402780961042,0
2023-07-28 10:53:31,659.0,211118,16,658.59,63855,143724,0.6952402780961042,0
2023-07-28 10:53:31,659.0,211118,3,658.59,63855,143724,0.6952402780961042,0
2023-07-28 10:53:31,659.0,211118,7,658.59,63855,143724,0.6952402780961042,0
2023-07-28 10:53:31,659.0,211118,2,658.59,63855,143724,0.6952402780961042,0
2023-07-28 10:53:38,659.0,211473,2,658.59,63654,143651,0.6952402780961042,0
2023-07-28 10:53:38,659.0,211473,2,658.59,63699,143651,0.6952402780961042,0
2023-07-28 10:53:38,659.0,211473,3,658.59,63699,143651,0.6952402780961042,0
2023-07-28 10:53:44,659.0,211476,3,658.59,63829,143583,0.6952402780961042,0
2023-07-28 10:53:44,659.0,211476,3,658.59,63825,143583,0.6952402780961042,0
2023-07-28 10:53:44,659.0,211476,1,658.59,63825,143583,0.6952402780961042,0
2023-07-28 10:53:49,659.0,211477,1,658.59,63872,143560,0.6952402780961042,0
2023-07-28 10:53:49,659.0,211477,20,658.59,63872,143560,0.6952402780961042,0
2023-07-28 10:53:51,659.0,211497,20,658.59,63957,143451,0.6952402780961042,0
2023-07-28 10:53:51,659.0,211497,20,658.59,63957,143451,0.6952402780961042,0
2023-07-28 10:53:51,659.0,211497,20,658.59,64004,143551,0.6952402780961042,0
2023-07-28 10:54:05,659.0,211514,17,658.59,64080,143534,0.6952402780961042,0
2023-07-28 10:54:05,659.0,211514,10,658.59,64080,143534,0.6952402780961042,0
2023-07-28 10:54:07,659.0,211524,10,658.59,64018,143542,0.6952402780961042,0
2023-07-28 10:54:07,659.0,211524,10,658.59,63973,143542,0.6952402780961042,0
2023-07-28 10:54:07,659.0,211524,1,658.59,63973,143542,0.6952402780961042,0
2023-07-28 10:54:12,659.0,211525,1,658.59,64028,143541,0.6952402780961042,0
2023-07-28 10:54:12,659.0,211525,4,658.59,64028,143541,0.6952402780961042,0
2023-07-28 10:54:15,658.6,211529,5,658.59,64028,143537,0.634120253648098,0
2023-07-28 10:54:17,658.6,211534,5,658.59,63924,143537,0.634120253648098,0
2023-07-28 10:54:17,658.5,211534,23,658.59,63924,143537,0.618840247536092,0
2023-07-28 10:54:21,658.5,211557,23,658.59,63901,143537,0.618840247536092,0
2023-07-28 10:54:21,658.5,211557,5,658.59,63901,143537,0.618840247536092,0
2023-07-28 10:54:22,658.5,211562,5,658.59,63943,143537,0.618840247536092,0
2023-07-28 10:54:22,658.5,211562,5,658.59,63893,143557,0.618840247536092,0
2023-07-28 10:54:22,658.5,211562,5,658.59,63893,143558,0.618840247536092,0
2023-07-28 10:54:22,658.5,211562,5,658.59,63873,143558,0.618840247536092,0
2023-07-28 10:54:22,659.0,211562,1,658.59,63873,143558,0.6952402780961042,0
2023-07-28 10:54:34,659.0,211564,1,658.59,63890,143556,0.6952402780961042,0
2023-07-28 10:54:34,658.45,211564,2,658.59,63670,143976,0.6112002444800978,0
2023-07-28 10:54:38,658.45,211567,2,658.59,63684,144053,0.6112002444800978,0
2023-07-28 10:54:38,658.45,211567,25,658.59,63684,144053,0.6112002444800978,0
2023-07-28 10:54:50,658.45,211592,25,658.59,63675,144122,0.6112002444800978,0
2023-07-28 10:54:50,658.85,211592,1,658.59,63675,144122,0.672320268928104,0
2023-07-28 10:55:01,658.3,211649,16,658.59,63323,144329,0.5882802353120802,0
2023-07-28 10:55:01,658.3,211649,16,658.59,63323,144329,0.5882802353120802,0
2023-07-28 10:55:01,658.3,211649,16,658.59,63323,144419,0.5882802353120802,0
2023-07-28 10:55:06,658.75,211679,11,658.59,63323,144389,0.6570402628160982,0
2023-07-28 10:55:11,658.25,211691,12,658.59,63312,144384,0.580640232256086,0
2023-07-28 10:55:11,658.25,211691,12,658.59,63312,144416,0.580640232256086,0
2023-07-28 10:55:11,658.7,211691,15,658.59,63312,144416,0.6494002597601038,0
2023-07-28 10:55:14,658.7,211706,15,658.59,63225,144441,0.6494002597601038,0
2023-07-28 10:55:14,658.25,211706,1,658.59,63225,144441,0.580640232256086,0
2023-07-28 10:55:14,658.9,211706,24,658.59,63225,144441,0.6799602719840984,0
2023-07-28 10:55:18,658.9,212012,24,658.59,63620,144015,0.6799602719840984,0
2023-07-28 10:55:18,658.9,212012,24,658.59,63722,144053,0.6799602719840984,0
2023-07-28 10:55:18,658.9,212012,24,658.59,63753,144053,0.6799602719840984,0
2023-07-28 10:55:29,658.8,212022,10,658.59,63735,144136,0.6646802658720924,0
2023-07-28 10:55:29,658.8,212022,20,658.59,63743,144223,0.6646802658720924,0
2023-07-28 10:55:32,658.8,212042,20,658.59,63706,144208,0.6646802658720924,0
2023-07-28 10:55:32,658.8,212042,20,658.59,63746,144208,0.6646802658720924,0
2023-07-28 10:55:32,658.8,212042,20,658.59,63792,144208,0.6646802658720924,0
2023-07-28 10:55:32,658.8,212042,20,658.59,63792,144212,0.6646802658720924,0
2023-07-28 10:55:32,658.8,212042,20,658.59,63706,144215,0.6646802658720924,0
2023-07-28 10:55:32,658.8,212042,20,658.59,63594,144077,0.6646802658720924,0
2023-07-28 10:55:32,658.8,212042,20,658.59,63624,144227,0.6646802658720924,0
2023-07-28 10:55:32,658.75,212042,2,658.59,63624,144227,0.6570402628160982,0
2023-07-28 10:55:55,658.8,212047,1,658.59,63764,144956,0.6646802658720924,0
2023-07-28 10:55:55,658.2,212047,15,658.59,63764,144956,0.5730002292000916,0
2023-07-28 10:55:59,658.75,212168,11,658.59,63421,144953,0.6570402628160982,0
2023-07-28 10:56:02,658.75,212171,3,658.59,63435,144942,0.6570402628160982,0
2023-07-28 10:56:02,658.75,212171,1,658.59,63435,144942,0.6570402628160982,0
2023-07-28 10:56:02,658.25,212171,1,658.59,63435,144942,0.580640232256086,0
2023-07-28 10:56:04,658.25,212175,1,658.59,63474,144956,0.580640232256086,0
2023-07-28 10:56:04,658.25,212175,1,658.59,63474,144958,0.580640232256086,0
2023-07-28 10:56:04,658.25,212175,5,658.59,63474,144958,0.580640232256086,0
2023-07-28 10:56:04,658.75,212175,5,658.59,63474,144958,0.6570402628160982,0
2023-07-28 10:56:13,658.75,212185,5,658.59,63469,145013,0.6570402628160982,0
2023-07-28 10:56:13,658.75,212185,5,658.59,63359,145013,0.6570402628160982,0
2023-07-28 10:56:13,658.25,212185,40,658.59,63359,145013,0.580640232256086,0
2023-07-28 10:56:17,658.25,212225,40,658.59,63306,145013,0.580640232256086,0
2023-07-28 10:56:17,658.25,212225,2,658.59,63306,145013,0.580640232256086,0
2023-07-28 10:56:20,658.25,212227,2,658.59,63252,144913,0.580640232256086,0
2023-07-28 10:56:20,658.25,212227,1,658.59,63252,144913,0.580640232256086,0
2023-07-28 10:56:24,658.25,212228,1,658.59,63251,144914,0.580640232256086,0
2023-07-28 10:56:24,658.75,212228,5,658.59,63251,144914,0.6570402628160982,0
2023-07-28 10:56:26,658.75,212233,5,658.59,63251,144908,0.6570402628160982,0
2023-07-28 10:56:26,658.75,212233,5,658.59,63276,144908,0.6570402628160982,0
2023-07-28 10:56:26,658.75,212233,1,658.59,63276,144908,0.6570402628160982,0
2023-07-28 10:56:33,658.75,212234,1,658.59,63276,144907,0.6570402628160982,0
2023-07-28 10:56:33,658.75,212234,1,658.59,62801,144907,0.6570402628160982,0
2023-07-28 10:56:33,658.75,212234,2,658.59,62801,144907,0.6570402628160982,0
2023-07-28 10:56:39,658.75,212236,2,658.59,62850,144897,0.6570402628160982,0
2023-07-28 10:56:39,658.25,212236,49,658.59,62850,144897,0.580640232256086,0
2023-07-28 10:56:44,658.25,212306,49,658.59,62805,144945,0.580640232256086,0
2023-07-28 10:56:49,658.75,212581,83,658.59,63063,144837,0.6570402628160982,0
2023-07-28 10:56:49,658.75,212581,83,658.59,63063,144882,0.6570402628160982,0
2023-07-28 10:56:49,658.5,212581,4,658.59,63063,144882,0.618840247536092,0
2023-07-28 10:56:53,658.5,212585,4,658.59,63149,144982,0.618840247536092,0
2023-07-28 10:56:53,658.5,212585,4,658.59,63140,145127,0.618840247536092,0
2023-07-28 10:56:53,658.5,212585,4,658.59,63154,145217,0.618840247536092,0
2023-07-28 10:57:08,658.75,212587,4,658.59,63270,145223,0.6570402628160982,0
2023-07-28 10:57:08,658.75,212587,1,658.59,63270,145223,0.6570402628160982,0
2023-07-28 10:57:10,658.75,212592,1,658.59,63738,145212,0.6570402628160982,0
2023-07-28 10:57:10,658.75,212592,3,658.59,63738,145212,0.6570402628160982,0
2023-07-28 10:57:10,658.5,212592,2,658.59,63738,145212,0.618840247536092,0
2023-07-28 10:57:15,658.5,212597,2,658.59,63736,145160,0.618840247536092,0
2023-07-28 10:57:15,658.75,212597,1,658.59,63736,145160,0.6570402628160982,0
2023-07-28 10:57:19,658.75,212598,1,658.59,63736,145158,0.6570402628160982,0
2023-07-28 10:57:19,658.5,212598,2,658.59,63736,145158,0.618840247536092,0
2023-07-28 10:57:22,658.75,212602,34,658.59,63731,145159,0.6570402628160982,0
2023-07-28 10:57:23,658.75,212702,34,658.59,63731,145059,0.6570402628160982,0
2023-07-28 10:57:23,658.75,212702,25,658.59,63731,145059,0.6570402628160982,0
2023-07-28 10:57:31,658.75,212727,25,658.59,63731,145034,0.6570402628160982,0
2023-07-28 10:57:31,658.75,212727,25,658.59,63670,145184,0.6570402628160982,0
2023-07-28 10:57:31,658.75,212727,25,658.59,63668,145184,0.6570402628160982,0
2023-07-28 10:57:39,658.7,212751,24,658.59,63668,145194,0.6494002597601038,0
2023-07-28 10:57:39,658.7,212751,2,658.59,63668,145194,0.6494002597601038,0
2023-07-28 10:57:40,658.7,212753,2,658.59,63830,145191,0.6494002597601038,0
2023-07-28 10:57:40,658.5,212753,3,658.59,63830,145191,0.618840247536092,0
2023-07-28 10:57:44,658.5,212765,1,658.59,63869,145191,0.618840247536092,0
2023-07-28 10:57:44,658.7,212765,20,658.59,63869,145191,0.6494002597601038,0
2023-07-28 10:57:47,658.7,212796,4,658.59,63869,145161,0.6494002597601038,0
2023-07-28 10:57:47,658.7,212800,4,658.59,63879,145132,0.6494002597601038,0
2023-07-28 10:57:47,658.7,212800,4,658.59,63779,145132,0.6494002597601038,0
2023-07-28 10:57:55,658.5,212815,12,658.59,63666,145131,0.618840247536092,0
2023-07-28 10:57:55,658.5,212815,12,658.59,63666,145131,0.618840247536092,0
2023-07-28 10:57:58,658.7,212816,1,658.59,63571,144983,0.6494002597601038,0
2023-07-28 10:57:58,658.7,212816,1,658.59,63571,144983,0.6494002597601038,0
2023-07-28 10:57:59,658.7,212817,1,658.59,63502,145132,0.6494002597601038,0
2023-07-28 10:57:59,658.7,212817,1,658.59,63623,145177,0.6494002597601038,0
2023-07-28 10:58:08,658.7,212824,7,658.59,63533,145297,0.6494002597601038,0
2023-07-28 10:58:08,658.7,212824,7,658.59,63614,145297,0.6494002597601038,0
2023-07-28 10:58:08,658.7,212824,7,658.59,63614,145347,0.6494002597601038,0
2023-07-28 10:58:08,658.5,212824,2,658.59,63614,145347,0.618840247536092,0
2023-07-28 10:58:25,658.65,212838,20,658.59,63283,145445,0.6417602567040922,0
2023-07-28 10:58:27,658.65,212858,20,658.59,63283,145475,0.6417602567040922,0
2023-07-28 10:58:27,658.65,212858,20,658.59,63283,145520,0.6417602567040922,0
2023-07-28 10:58:27,658.65,212858,20,658.59,63312,145520,0.6417602567040922,0
2023-07-28 10:58:27,658.65,212858,20,658.59,63312,145545,0.6417602567040922,0
2023-07-28 10:58:27,658.5,212858,4,658.59,63312,145545,0.618840247536092,0
2023-07-28 10:58:45,658.7,212862,29,658.59,63503,145514,0.6494002597601038,0
2023-07-28 10:58:46,658.7,212892,29,658.59,63493,145585,0.6494002597601038,0
2023-07-28 10:58:46,658.65,212892,16,658.59,63493,145585,0.6417602567040922,0
2023-07-28 10:58:49,658.65,212908,16,658.59,63494,145569,0.6417602567040922,0
2023-07-28 10:58:49,658.3,212908,2,658.59,63494,145569,0.5882802353120802,0
2023-07-28 10:58:52,658.3,212910,2,658.59,63491,145599,0.5882802353120802,0
2023-07-28 10:58:52,658.3,212910,2,658.59,63491,145600,0.5882802353120802,0
2023-07-28 10:58:52,658.65,212910,1,658.59,63491,145600,0.6417602567040922,0
2023-07-28 10:58:58,658.65,212911,1,658.59,63491,145599,0.6417602567040922,0
2023-07-28 10:58:58,658.65,212911,8,658.59,63491,145599,0.6417602567040922,0
2023-07-28 10:59:01,658.65,212919,8,658.59,63591,145591,0.6417602567040922,0
2023-07-28 10:59:01,658.3,212919,11,658.59,63591,145591,0.5882802353120802,0
2023-07-28 10:59:02,658.3,212930,11,658.59,63580,145606,0.5882802353120802,0
2023-07-28 10:59:02,658.65,212930,40,658.59,63582,145606,0.6417602567040922,0
2023-07-28 10:59:02,658.3,212930,20,658.59,63582,145606,0.5882802353120802,0
2023-07-28 10:59:08,658.3,212990,20,658.59,63562,145616,0.5882802353120802,0
2023-07-28 10:59:08,658.65,212990,10,658.59,63562,145616,0.6417602567040922,0
2023-07-28 10:59:11,658.65,213000,10,658.59,63563,145606,0.6417602567040922,0
2023-07-28 10:59:11,658.65,213000,10,658.59,63605,145558,0.6417602567040922,0
2023-07-28 10:59:16,658.3,213005,5,658.59,63600,145560,0.5882802353120802,0
2023-07-28 10:59:16,658.65,213005,1,658.59,63600,145560,0.6417602567040922,0
2023-07-28 10:59:23,658.3,213030,24,658.59,63576,145533,0.5882802353120802,0
2023-07-28 10:59:23,658.3,213030,10,658.59,63576,145533,0.5882802353120802,0
2023-07-28 10:59:23,658.3,213040,10,658.59,63566,145534,0.5882802353120802,0
2023-07-28 10:59:23,658.75,213040,18,658.59,63566,145534,0.6570402628160982,0
2023-07-28 10:59:28,658.75,213060,18,658.59,63486,145582,0.6570402628160982,0
2023-07-28 10:59:28,658.75,213060,18,658.59,63493,145590,0.6570402628160982,0
2023-07-28 10:59:28,658.75,213060,18,658.59,63493,145590,0.6570402628160982,0
2023-07-28 10:59:28,658.45,213060,3,658.59,63493,145590,0.6112002444800978,0
2023-07-28 10:59:37,658.45,213063,3,658.59,63443,145407,0.6112002444800978,0
2023-07-28 10:59:37,658.45,213063,3,658.59,63472,145407,0.6112002444800978,0
2023-07-28 10:59:37,658.3,213063,2,658.59,63472,145407,0.5882802353120802,0
2023-07-28 10:59:41,658.3,213065,2,658.59,63538,145617,0.5882802353120802,0
2023-07-28 10:59:41,658.45,213065,1,658.59,63538,145617,0.6112002444800978,0
2023-07-28 10:59:44,658.45,213066,1,658.59,63538,145551,0.6112002444800978,0
2023-07-28 10:59:44,658.45,213066,8,658.59,63538,145551,0.6112002444800978,0
2023-07-28 10:59:48,658.45,213074,8,658.59,63538,145643,0.6112002444800978,0
2023-07-28 10:59:48,658.45,213074,8,658.59,63578,145643,0.6112002444800978,0
2023-07-28 10:59:48,658.45,213074,8,658.59,63579,145643,0.6112002444800978,0
2023-07-28 10:59:48,658.45,213074,20,658.59,63579,145643,0.6112002444800978,0
2023-07-28 10:59:55,658.45,213094,20,658.59,63579,145623,0.6112002444800978,0
2023-07-28 10:59:55,658.45,213094,1,658.59,63579,145623,0.6112002444800978,0
2023-07-28 10:59:55,658.5,213094,3,658.59,63579,145623,0.618840247536092,0
2023-07-28 10:59:58,658.5,213100,3,658.59,63579,145609,0.618840247536092,0
2023-07-28 10:59:58,658.5,213100,3,658.59,63579,145554,0.618840247536092,0
2023-07-28 10:59:58,658.65,213100,3,658.59,63579,145554,0.6417602567040922,0
2023-07-28 11:00:02,658.65,213200,3,658.59,63532,145287,0.6417602567040922,0
2023-07-28 11:00:02,658.65,213200,1,658.59,63532,145287,0.6417602567040922,0
2023-07-28 11:00:07,658.65,213201,1,658.59,63528,145289,0.6417602567040922,0
2023-07-28 11:00:09,658.75,213226,6,658.59,63506,145280,0.6570402628160982,0
2023-07-28 11:00:09,658.75,213226,6,658.59,63497,145325,0.6570402628160982,0
2023-07-28 11:00:09,658.75,213226,6,658.59,63497,145325,0.6570402628160982,0
2023-07-28 11:00:09,658.75,213226,50,658.59,63497,145325,0.6570402628160982,0
2023-07-28 11:00:17,658.75,213276,50,658.59,63454,145275,0.6570402628160982,0
2023-07-28 11:00:17,658.75,213276,50,658.59,63454,145275,0.6570402628160982,0
2023-07-28 11:00:17,658.75,213276,50,658.59,63605,145295,0.6570402628160982,0
2023-07-28 11:00:17,658.75,213276,50,658.59,63640,145295,0.6570402628160982,0
2023-07-28 11:00:17,658.3,213276,44,658.59,63640,145295,0.5882802353120802,0
2023-07-28 11:00:28,658.3,213330,44,658.59,63519,145258,0.5882802353120802,0
2023-07-28 11:00:28,658.75,213330,10,658.59,63520,145258,0.6570402628160982,0
2023-07-28 11:00:28,658.65,213330,3,658.59,63520,145258,0.6417602567040922,0
2023-07-28 11:00:34,658.65,213343,3,658.59,63542,145244,0.6417602567040922,0
2023-07-28 11:00:34,658.3,213343,1,658.59,63542,145244,0.5882802353120802,0
2023-07-28 11:00:36,658.65,213344,1,658.59,63535,145315,0.6417602567040922,0
2023-07-28 11:00:39,658.65,213345,1,658.59,63536,145314,0.6417602567040922,0
2023-07-28 11:00:39,658.65,213345,5,658.59,63536,145314,0.6417602567040922,0
2023-07-28 11:00:42,658.65,213350,5,658.59,63538,145309,0.6417602567040922,0
2023-07-28 11:00:42,658.65,213350,5,658.59,63537,145357,0.6417602567040922,0
2023-07-28 11:00:42,658.65,213350,5,658.59,63637,145357,0.6417602567040922,0
2023-07-28 11:00:42,658.3,213350,100,658.59,63637,145357,0.5882802353120802,0
2023-07-28 11:00:42,658.3,213350,25,658.59,63637,145357,0.5882802353120802,0
2023-07-28 11:00:50,658.3,213475,25,658.59,63512,145365,0.5882802353120802,0
2023-07-28 11:00:50,658.6,213475,1,658.59,63512,145365,0.634120253648098,0
2023-07-28 11:00:53,658.3,213503,10,658.59,63486,145370,0.5882802353120802,0
2023-07-28 11:00:53,658.3,213503,4,658.59,63486,145370,0.5882802353120802,0
2023-07-28 11:00:56,658.3,213507,4,658.59,63483,145379,0.5882802353120802,0
2023-07-28 11:00:56,658.6,213507,7,658.59,63483,145379,0.634120253648098,0
2023-07-28 11:01:00,658.6,213514,7,658.59,63483,145328,0.634120253648098,0
2023-07-28 11:01:00,658.8,213514,15,658.59,63483,145328,0.6646802658720924,0
2023-07-28 11:01:03,658.8,213878,15,658.59,63596,145072,0.6646802658720924,0
2023-07-28 11:01:03,658.8,213878,15,658.59,63597,145127,0.6646802658720924,0
2023-07-28 11:01:03,658.8,213878,15,658.59,63514,145126,0.6646802658720924,0
2023-07-28 11:01:03,658.8,213878,15,658.59,63515,145126,0.6646802658720924,0
2023-07-28 11:01:03,658.8,213878,15,658.59,63515,145126,0.6646802658720924,0
2023-07-28 11:01:03,658.8,213878,15,658.59,63821,145136,0.6646802658720924,0
2023-07-28 11:01:03,658.5,213878,10,658.59,63821,145136,0.618840247536092,0
2023-07-28 11:01:20,658.5,213888,10,658.59,63828,145255,0.618840247536092,0
2023-07-28 11:01:20,658.5,213888,10,658.59,63829,145255,0.618840247536092,0
2023-07-28 11:01:20,658.3,213888,59,658.59,63829,145255,0.5882802353120802,0
2023-07-28 11:01:28,658.3,214249,10,658.59,63538,145339,0.5882802353120802,0
2023-07-28 11:01:28,658.3,214249,1,658.59,63538,145339,0.5882802353120802,0
2023-07-28 11:01:29,658.3,214260,1,658.59,63528,145322,0.5882802353120802,0
2023-07-28 11:01:29,658.3,214260,1,658.59,63529,145330,0.5882802353120802,0
2023-07-28 11:01:29,658.3,214260,1,658.59,63529,145330,0.5882802353120802,0
2023-07-28 11:01:29,658.3,214260,1,658.59,63531,145360,0.5882802353120802,0
2023-07-28 11:01:29,658.3,214260,25,658.59,63531,145360,0.5882802353120802,0
2023-07-28 11:01:41,658.3,214285,25,658.59,63557,145385,0.5882802353120802,0
2023-07-28 11:01:46,658.45,214290,3,658.59,63668,145383,0.6112002444800978,0
2023-07-28 11:01:46,658.45,214290,10,658.59,63668,145383,0.6112002444800978,0
2023-07-28 11:01:49,658.45,214302,10,658.59,63657,145380,0.6112002444800978,0
2023-07-28 11:01:49,658.45,214302,10,658.59,63660,145385,0.6112002444800978,0
2023-07-28 11:01:49,658.45,214302,10,658.59,63660,145385,0.6112002444800978,0
2023-07-28 11:01:56,658.45,214312,10,658.59,63650,145385,0.6112002444800978,0
2023-07-28 11:01:59,658.45,214361,49,658.59,63667,145381,0.6112002444800978,0
2023-07-28 11:01:59,658.5,214361,42,658.59,63667,145381,0.618840247536092,0
2023-07-28 11:02:01,658.5,214415,42,658.59,63671,145328,0.618840247536092,0
2023-07-28 11:02:01,658.5,214415,14,658.59,63671,145328,0.618840247536092,0
2023-07-28 11:02:07,658.3,214439,6,658.59,63714,145295,0.5882802353120802,0
2023-07-28 11:02:07,658.5,214439,5,658.59,63714,145295,0.618840247536092,0
2023-07-28 11:02:08,658.5,214454,5,658.59,63704,145290,0.618840247536092,0
2023-07-28 11:02:08,658.3,214454,7,658.59,63704,145290,0.5882802353120802,0
2023-07-28 11:02:11,658.3,214461,7,658.59,63697,145290,0.5882802353120802,0
2023-07-28 11:02:11,658.3,214461,7,658.59,63802,145490,0.5882802353120802,0
2023-07-28 11:02:11,658.3,214461,7,658.59,63852,145540,0.5882802353120802,0
2023-07-28 11:02:11,658.5,214461,4,658.59,63852,145540,0.618840247536092,0
2023-07-28 11:02:22,658.5,214466,4,658.59,63854,145480,0.618840247536092,0
2023-07-28 11:02:25,658.5,214616,6,658.59,63874,145478,0.618840247536092,0
2023-07-28 11:02:33,658.5,214709,20,658.59,63970,145272,0.618840247536092,0
2023-07-28 11:02:33,658.5,214709,20,658.59,63970,145289,0.618840247536092,0
2023-07-28 11:02:33,658.5,214709,20,658.59,64070,145289,0.618840247536092,0
2023-07-28 11:02:33,658.5,214709,20,658.59,64095,145289,0.618840247536092,0
2023-07-28 11:02:33,658.8,214709,56,658.59,64095,145289,0.6646802658720924,0
2023-07-28 11:02:46,658.8,214860,1,658.59,64145,145291,0.6646802658720924,0
2023-07-28 11:02:46,658.8,214860,24,658.59,64145,145291,0.6646802658720924,0
2023-07-28 11:02:46,658.8,214860,23,658.59,64145,145291,0.6646802658720924,0
2023-07-28 11:02:48,658.8,214934,23,658.59,64167,145325,0.6646802658720924,0
2023-07-28 11:02:48,658.8,214934,23,658.59,64167,145375,0.6646802658720924,0
2023-07-28 11:02:48,658.8,214934,23,658.59,64179,145376,0.6646802658720924,0
2023-07-28 11:02:48,658.8,214934,7,658.59,64179,145376,0.6646802658720924,0
2023-07-28 11:02:48,658.5,214934,1,658.59,64179,145376,0.618840247536092,0
2023-07-28 11:02:57,658.5,214942,1,658.59,64250,145252,0.618840247536092,0
2023-07-28 11:02:57,658.5,214942,1,658.59,64245,145252,0.618840247536092,0
2023-07-28 11:02:57,658.8,214942,50,658.59,64245,145252,0.6646802658720924,0
2023-07-28 11:03:04,658.8,214992,50,658.59,64255,145202,0.6646802658720924,0
2023-07-28 11:03:04,658.8,214992,14,658.59,64255,145202,0.6646802658720924,0
2023-07-28 11:03:04,658.5,214992,2,658.59,64255,145202,0.618840247536092,0
2023-07-28 11:03:08,658.8,215146,2,658.59,64248,145266,0.6646802658720924,0
2023-07-28 11:03:08,658.8,215146,2,658.59,64248,145266,0.6646802658720924,0
2023-07-28 11:03:08,658.8,215146,2,658.59,64343,145287,0.6646802658720924,0
2023-07-28 11:03:08,658.75,215146,11,658.59,64343,145287,0.6570402628160982,0
2023-07-28 11:03:18,658.75,215157,11,658.59,64225,145503,0.6570402628160982,0
2023-07-28 11:03:18,658.75,215157,4,658.59,64225,145503,0.6570402628160982,0
2023-07-28 11:03:21,658.75,215161,2,658.59,64225,145506,0.6570402628160982,0
2023-07-28 11:03:22,658.75,215163,2,658.59,64225,145504,0.6570402628160982,0
2023-07-28 11:03:22,658.35,215163,34,658.59,64225,145504,0.5959202383680918,0
2023-07-28 11:03:22,658.75,215163,150,658.59,64225,145504,0.6570402628160982,0
2023-07-28 11:03:26,658.75,215400,150,658.59,64002,145388,0.6570402628160982,0
2023-07-28 11:03:26,658.75,215400,150,658.59,64002,145388,0.6570402628160982,0
2023-07-28 11:03:26,658.3,215400,1,658.59,64002,145388,0.5882802353120802,0
2023-07-28 11:03:31,658.3,215401,1,658.59,64001,145388,0.5882802353120802,0
2023-07-28 11:03:31,658.8,215401,2,658.59,64001,145388,0.6646802658720924,0
2023-07-28 11:03:34,658.8,215691,2,658.59,64022,145407,0.6646802658720924,0
2023-07-28 11:03:34,658.3,215691,4,658.59,64022,145407,0.5882802353120802,0
2023-07-28 11:03:37,658.3,215716,4,658.59,63947,145407,0.5882802353120802,0
2023-07-28 11:03:37,658.3,215716,4,658.59,64022,145629,0.5882802353120802,0
2023-07-28 11:03:47,658.8,215726,4,658.59,64022,145707,0.6646802658720924,0
2023-07-28 11:03:47,658.8,215726,4,658.59,64007,145662,0.6646802658720924,0
2023-07-28 11:03:47,658.8,215726,4,658.59,64010,144343,0.6646802658720924,0
2023-07-28 11:03:47,658.8,215726,6,658.59,64010,144343,0.6646802658720924,0
2023-07-28 11:03:54,658.8,215732,6,658.59,64010,144327,0.6646802658720924,0
2023-07-28 11:03:54,658.8,215732,6,658.59,64158,144302,0.6646802658720924,0
2023-07-28 11:03:54,658.8,215732,81,658.59,64158,144302,0.6646802658720924,0
2023-07-28 11:03:59,658.8,215813,81,658.59,64171,144256,0.6646802658720924,0
2023-07-28 11:03:59,658.8,215813,1,658.59,64171,144256,0.6646802658720924,0
2023-07-28 11:04:01,658.8,215823,3,658.59,64158,144346,0.6646802658720924,0
2023-07-28 11:04:01,658.8,215823,6,658.59,64158,144346,0.6646802658720924,0
2023-07-28 11:04:01,658.8,215823,50,658.59,64158,144346,0.6646802658720924,0
2023-07-28 11:04:03,658.8,215886,50,658.59,64152,144446,0.6646802658720924,0
2023-07-28 11:04:03,658.8,215886,50,658.59,64152,144446,0.6646802658720924,0
2023-07-28 11:04:03,658.8,215886,48,658.59,64152,144451,0.6646802658720924,0
2023-07-28 11:04:03,658.3,215886,1,658.59,64152,144451,0.5882802353120802,0
2023-07-28 11:04:10,658.3,215987,1,658.59,64104,144562,0.5882802353120802,0
2023-07-28 11:04:10,658.3,215987,6,658.59,64104,144562,0.5882802353120802,0
2023-07-28 11:04:17,658.3,216014,6,658.59,64087,144635,0.5882802353120802,0
2023-07-28 11:04:17,658.8,216014,8,658.59,64087,144635,0.6646802658720924,0
2023-07-28 11:04:17,658.8,216014,8,658.59,64087,144635,0.6646802658720924,0
2023-07-28 11:04:19,658.8,216032,8,658.59,64100,144689,0.6646802658720924,0
2023-07-28 11:04:19,658.8,216032,56,658.59,64100,144689,0.6646802658720924,0
2023-07-28 11:04:21,658.8,216088,56,658.59,64151,144633,0.6646802658720924,0
2023-07-28 11:04:21,658.8,216088,56,658.59,64161,144633,0.6646802658720924,0
2023-07-28 11:04:21,658.8,216088,10,658.59,64161,144633,0.6646802658720924,0
2023-07-28 11:04:21,658.8,216088,10,658.59,64161,144633,0.6646802658720924,0
2023-07-28 11:04:26,658.8,216108,10,658.59,64311,144574,0.6646802658720924,0
2023-07-28 11:04:26,658.4,216108,50,658.59,64311,144574,0.6035602414240862,0
2023-07-28 11:04:26,658.8,216108,10,658.59,64311,144574,0.6646802658720924,0
2023-07-28 11:04:33,658.8,216168,10,658.59,64305,144564,0.6646802658720924,0
2023-07-28 11:04:33,658.4,216168,10,658.59,64305,144564,0.6035602414240862,0
2023-07-28 11:04:33,658.8,216168,9,658.59,64305,144564,0.6646802658720924,0
2023-07-28 11:04:36,658.8,216193,9,658.59,64282,144606,0.6646802658720924,0
2023-07-28 11:04:36,658.4,216193,1,658.59,64282,144606,0.6035602414240862,0
2023-07-28 11:04:39,658.8,216316,57,658.59,64626,144515,0.6646802658720924,0
2023-07-28 11:04:39,658.4,216316,3,658.59,64626,144515,0.6035602414240862,0
2023-07-28 11:04:40,658.4,216607,3,658.59,64139,144843,0.6035602414240862,0
2023-07-28 11:04:40,658.8,216607,20,658.59,64139,144843,0.6646802658720924,0
2023-07-28 11:04:44,658.4,216629,2,658.59,64137,144827,0.6035602414240862,0
2023-07-28 11:04:44,658.8,216629,10,658.59,64137,144827,0.6646802658720924,0
2023-07-28 11:04:46,658.8,216639,10,658.59,64132,144813,0.6646802658720924,0
2023-07-28 11:04:46,658.8,216639,6,658.59,64132,144813,0.6646802658720924,0
2023-07-28 11:04:48,658.8,216645,6,658.59,64128,144812,0.6646802658720924,0
2023-07-28 11:04:55,658.85,216655,10,658.59,64173,144662,0.672320268928104,0
2023-07-28 11:04:55,658.85,216655,10,658.59,64263,144636,0.672320268928104,0
2023-07-28 11:04:55,658.85,216655,10,658.59,64431,144539,0.672320268928104,0
2023-07-28 11:04:55,658.85,216655,10,658.59,64431,144566,0.672320268928104,0
2023-07-28 11:04:55,658.85,216655,10,658.59,64435,144566,0.672320268928104,0
2023-07-28 11:05:07,658.85,216656,1,658.59,64435,144565,0.672320268928104,0
2023-07-28 11:05:07,658.85,216656,1,658.59,64435,144640,0.672320268928104,0
2023-07-28 11:05:07,658.85,216656,1,658.59,64435,144693,0.672320268928104,0
2023-07-28 11:05:07,659.0,216656,5,658.59,64435,144693,0.6952402780961042,0
2023-07-28 11:05:07,658.8,216656,115,658.59,64435,144693,0.6646802658720924,0
2023-07-28 11:05:07,658.4,216656,2,658.59,64435,144693,0.6035602414240862,0
2023-07-28 11:05:07,658.75,216656,20,658.59,64435,144693,0.6570402628160982,0
2023-07-28 11:05:17,658.75,216910,20,658.59,64136,148125,0.6570402628160982,0
2023-07-28 11:05:17,658.4,216910,2,658.59,64136,148125,0.6035602414240862,0
2023-07-28 11:05:19,658.4,216937,2,658.59,64105,148145,0.6035602414240862,0
2023-07-28 11:05:22,658.75,216952,15,658.59,64026,148130,0.6570402628160982,0
2023-07-28 11:05:22,658.75,216952,15,658.59,64026,148130,0.6570402628160982,0
2023-07-28 11:05:22,658.75,216952,2,658.59,64026,148130,0.6570402628160982,0
2023-07-28 11:05:22,658.75,216952,56,658.59,64026,148130,0.6570402628160982,0
2023-07-28 11:05:29,658.75,217037,56,658.59,64135,148029,0.6570402628160982,0
2023-07-28 11:05:29,658.8,217037,7,658.59,64135,148029,0.6646802658720924,0
2023-07-28 11:05:33,658.8,217047,7,658.59,64135,148019,0.6646802658720924,0
2023-07-28 11:05:33,658.8,217047,1,658.59,64135,148019,0.6646802658720924,0
2023-07-28 11:05:35,658.8,217048,1,658.59,64140,147818,0.6646802658720924,0
2023-07-28 11:05:35,658.85,217048,2,658.59,64140,147818,0.672320268928104,0
2023-07-28 11:05:38,658.85,217058,2,658.59,64140,147808,0.672320268928104,0
2023-07-28 11:05:38,658.85,217058,10,658.59,64140,147831,0.672320268928104,0
2023-07-28 11:05:43,658.85,217068,10,658.59,64109,147821,0.672320268928104,0
2023-07-28 11:05:43,658.85,217068,10,658.59,64109,147879,0.672320268928104,0
2023-07-28 11:05:50,658.8,217078,10,658.59,64109,147864,0.6646802658720924,0
2023-07-28 11:05:50,658.8,217078,10,658.59,64039,147869,0.6646802658720924,0
2023-07-28 11:05:50,658.8,217078,3,658.59,64039,147869,0.6646802658720924,0
2023-07-28 11:05:58,658.8,217101,20,658.59,64042,147846,0.6646802658720924,0
2023-07-28 11:05:58,658.8,217101,1,658.59,64042,147846,0.6646802658720924,0
2023-07-28 11:05:58,658.8,217101,2,658.59,64042,147846,0.6646802658720924,0
2023-07-28 11:06:02,658.8,217115,2,658.59,64039,147835,0.6646802658720924,0
2023-07-28 11:06:02,658.8,217115,2,658.59,64039,147983,0.6646802658720924,0
2023-07-28 11:06:08,658.75,217125,10,658.59,64039,147956,0.6570402628160982,0
2023-07-28 11:06:08,658.75,217125,15,658.59,64039,147956,0.6570402628160982,0
2023-07-28 11:06:10,658.75,217140,15,658.59,64039,147941,0.6570402628160982,0
2023-07-28 11:06:10,658.75,217140,15,658.59,64124,144357,0.6570402628160982,0
2023-07-28 11:06:10,658.4,217140,22,658.59,64124,144357,0.6035602414240862,0
2023-07-28 11:06:10,658.75,217140,10,658.59,64124,144357,0.6570402628160982,0
2023-07-28 11:06:10,658.75,217140,2,658.59,64124,144357,0.6570402628160982,0
2023-07-28 11:06:15,658.75,217210,2,658.59,64070,144305,0.6570402628160982,0
2023-07-28 11:06:15,658.3,217210,3,658.59,64070,144305,0.5882802353120802,0
2023-07-28 11:06:18,658.3,217261,3,658.59,63787,144310,0.5882802353120802,0
2023-07-28 11:06:18,658.8,217261,7,658.59,63787,144310,0.6646802658720924,0
2023-07-28 11:06:18,658.8,217261,1,658.59,63787,144310,0.6646802658720924,0
2023-07-28 11:06:21,658.8,217319,1,658.59,63929,144097,0.6646802658720924,0
2023-07-28 11:06:21,658.8,217319,10,658.59,63929,144097,0.6646802658720924,0
2023-07-28 11:06:22,658.8,217329,10,658.59,63929,144094,0.6646802658720924,0
2023-07-28 11:06:22,658.35,217329,30,658.59,63929,144094,0.5959202383680918,0
2023-07-28 11:06:25,658.35,217359,30,658.59,63899,144094,0.5959202383680918,0
2023-07-28 11:06:25,658.35,217359,30,658.59,63904,144094,0.5959202383680918,0
2023-07-28 11:06:25,658.8,217359,6,658.59,63904,144094,0.6646802658720924,0
2023-07-28 11:06:30,658.8,217369,6,658.59,63866,147668,0.6646802658720924,0
2023-07-28 11:06:30,658.8,217369,6,658.59,63866,147692,0.6646802658720924,0
2023-07-28 11:06:30,658.3,217369,55,658.59,63866,147692,0.5882802353120802,0
2023-07-28 11:06:36,658.3,217624,55,658.59,63390,148141,0.5882802353120802,0
2023-07-28 11:06:36,658.7,217624,1,658.59,63390,148141,0.6494002597601038,0
2023-07-28 11:06:36,658.7,217624,10,658.59,63390,148141,0.6494002597601038,0
2023-07-28 11:06:38,658.7,217660,10,658.59,63389,148047,0.6494002597601038,0
2023-07-28 11:06:38,658.7,217660,10,658.59,63268,148251,0.6494002597601038,0
2023-07-28 11:06:38,658.7,217660,1,658.59,63268,148251,0.6494002597601038,0
2023-07-28 11:06:45,658.7,217670,1,658.59,63268,148318,0.6494002597601038,0
2023-07-28 11:06:45,658.7,217670,1,658.59,63275,148248,0.6494002597601038,0
2023-07-28 11:06:45,658.6,217670,10,658.59,63275,148248,0.634120253648098,0
2023-07-28 11:06:52,658.6,217690,10,658.59,63275,148261,0.634120253648098,0
2023-07-28 11:06:52,658.6,217690,10,658.59,63272,148367,0.634120253648098,0
2023-07-28 11:06:58,658.6,217729,16,658.59,63730,148014,0.634120253648098,0
2023-07-28 11:06:58,658.6,217729,1,658.59,63730,148014,0.634120253648098,0
2023-07-28 11:07:02,658.6,217740,1,658.59,63567,148336,0.634120253648098,0
2023-07-28 11:07:02,658.6,217740,1,658.59,63573,148275,0.634120253648098,0
2023-07-28 11:07:02,658.6,217740,1,658.59,63583,148276,0.634120253648098,0
2023-07-28 11:07:02,658.6,217740,8,658.59,63583,148276,0.634120253648098,0
2023-07-28 11:07:11,658.6,217750,8,658.59,63587,148266,0.634120253648098,0
2023-07-28 11:07:11,658.65,217750,1,658.59,63587,148266,0.6417602567040922,0
2023-07-28 11:07:12,658.65,217760,1,658.59,63583,148228,0.6417602567040922,0
2023-07-28 11:07:12,658.65,217760,1,658.59,63582,148228,0.6417602567040922,0
2023-07-28 11:07:12,658.65,217760,1,658.59,63592,148228,0.6417602567040922,0
2023-07-28 11:07:12,658.2,217760,80,658.59,63592,148228,0.5730002292000916,0
2023-07-28 11:07:23,658.2,217846,80,658.59,63431,148238,0.5730002292000916,0
2023-07-28 11:07:23,658.2,217846,80,658.59,63471,148238,0.5730002292000916,0
2023-07-28 11:07:23,658.2,217846,80,658.59,63506,148238,0.5730002292000916,0
2023-07-28 11:07:23,658.6,217846,2,658.59,63506,148238,0.634120253648098,0
2023-07-28 11:07:31,658.6,217848,2,658.59,63506,148176,0.634120253648098,0
2023-07-28 11:07:31,658.6,217848,2,658.59,63526,147979,0.634120253648098,0
2023-07-28 11:07:31,658.6,217848,1,658.59,63526,147979,0.634120253648098,0
2023-07-28 11:07:39,658.6,217849,1,658.59,63635,147978,0.634120253648098,0
2023-07-28 11:07:39,658.6,217849,1,658.59,63635,147978,0.634120253648098,0
2023-07-28 11:07:45,658.2,217950,56,658.59,63535,148003,0.5730002292000916,0
2023-07-28 11:07:45,658.2,217950,56,658.59,63535,148010,0.5730002292000916,0
2023-07-28 11:07:50,658.6,217955,4,658.59,63534,148006,0.634120253648098,0
2023-07-28 11:07:50,658.6,217955,4,658.59,63639,148006,0.634120253648098,0
2023-07-28 11:07:50,658.6,217955,1,658.59,63639,148006,0.634120253648098,0
2023-07-28 11:07:50,658.2,217955,6,658.59,63639,148006,0.5730002292000916,0
2023-07-28 11:07:58,658.5,218032,2,658.59,63814,147974,0.618840247536092,0
2023-07-28 11:07:58,658.6,218032,1,658.59,63814,147974,0.634120253648098,0
2023-07-28 11:07:59,658.6,218033,1,658.59,63814,147973,0.634120253648098,0
2023-07-28 11:07:59,658.6,218033,1,658.59,63814,147973,0.634120253648098,0
2023-07-28 11:07:59,658.6,218033,10,658.59,63814,147973,0.634120253648098,0
2023-07-28 11:08:03,658.6,218054,10,658.59,63838,148204,0.634120253648098,0
2023-07-28 11:08:03,658.6,218054,1,658.59,63838,148204,0.634120253648098,0
2023-07-28 11:08:05,658.6,218065,1,658.59,63838,148250,0.634120253648098,0
2023-07-28 11:08:05,658.6,218065,1,658.59,63838,148250,0.634120253648098,0
2023-07-28 11:08:09,658.6,218068,1,658.59,63879,148183,0.634120253648098,0
2023-07-28 11:08:09,658.6,218068,3,658.59,63879,148183,0.634120253648098,0
2023-07-28 11:08:12,658.65,218136,5,658.59,63858,148066,0.6417602567040922,0
2023-07-28 11:08:12,658.4,218136,2,658.59,63858,148066,0.6035602414240862,0
2023-07-28 11:08:14,658.4,218138,2,658.59,63858,148066,0.6035602414240862,0
2023-07-28 11:08:14,658.4,218138,2,658.59,63858,148066,0.6035602414240862,0
2023-07-28 11:08:19,658.4,218140,2,658.59,63866,148069,0.6035602414240862,0
2023-07-28 11:08:19,658.4,218140,2,658.59,63876,148069,0.6035602414240862,0
2023-07-28 11:08:19,658.4,218140,94,658.59,63876,148069,0.6035602414240862,0
2023-07-28 11:08:26,658.5,218253,19,658.59,63501,148392,0.618840247536092,0
2023-07-28 11:08:26,658.5,218253,19,658.59,63590,148392,0.618840247536092,0
2023-07-28 11:08:26,658.5,218253,19,658.59,63590,148418,0.618840247536092,0
2023-07-28 11:08:26,658.5,218253,48,658.59,63590,148418,0.618840247536092,0
2023-07-28 11:08:36,658.5,218301,48,658.59,63590,148370,0.618840247536092,0
2023-07-28 11:08:36,658.7,218301,351,658.59,63590,148370,0.6494002597601038,0
2023-07-28 11:08:44,658.7,219016,351,658.59,63590,147624,0.6494002597601038,0
2023-07-28 11:08:44,658.7,219016,351,658.59,63590,147632,0.6494002597601038,0
2023-07-28 11:08:44,658.7,219016,351,658.59,63877,147532,0.6494002597601038,0
2023-07-28 11:08:44,658.7,219016,351,658.59,63936,147501,0.6494002597601038,0
2023-07-28 11:08:44,658.7,219016,18,658.59,63936,147515,0.6494002597601038,0
2023-07-28 11:08:44,658.5,219016,1,658.59,63936,147515,0.618840247536092,0
2023-07-28 11:08:57,658.5,219035,1,658.59,63936,147508,0.618840247536092,0
2023-07-28 11:08:57,658.5,219035,1,658.59,63936,147508,0.618840247536092,0
2023-07-28 11:08:57,658.7,219035,90,658.59,63936,147508,0.6494002597601038,0
2023-07-28 11:09:04,658.7,219125,90,658.59,63996,147418,0.6494002597601038,0
2023-07-28 11:09:04,658.5,219125,1,658.59,63996,147418,0.618840247536092,0
2023-07-28 11:09:04,658.7,219125,10,658.59,63996,147418,0.6494002597601038,0
2023-07-28 11:09:04,658.7,219125,2,658.59,63996,147418,0.6494002597601038,0
2023-07-28 11:09:07,658.7,219138,2,658.59,63995,147488,0.6494002597601038,0
2023-07-28 11:09:07,658.7,219138,2,658.59,63995,147488,0.6494002597601038,0
2023-07-28 11:09:12,658.7,219140,2,658.59,64002,147486,0.6494002597601038,0
2023-07-28 11:09:15,658.65,219155,15,658.59,64002,147471,0.6417602567040922,0
2023-07-28 11:09:15,658.65,219155,100,658.59,64002,147471,0.6417602567040922,0
2023-07-28 11:09:17,658.65,219255,100,658.59,64047,147371,0.6417602567040922,0
2023-07-28 11:09:17,658.65,219255,25,658.59,64047,147371,0.6417602567040922,0
2023-07-28 11:09:17,658.7,219255,5,658.59,64047,147371,0.6494002597601038,0
2023-07-28 11:09:20,658.7,219322,5,658.59,64538,147223,0.6494002597601038,0
2023-07-28 11:09:20,658.75,219322,10,658.59,64538,147245,0.6570402628160982,0
2023-07-28 11:09:20,658.7,219322,5,658.59,64538,147245,0.6494002597601038,0
2023-07-28 11:09:24,658.7,219337,5,658.59,64534,147411,0.6494002597601038,0
2023-07-28 11:09:24,658.7,219337,5,658.59,64534,147439,0.6494002597601038,0
2023-07-28 11:09:24,658.7,219337,16,658.59,64534,147439,0.6494002597601038,0
2023-07-28 11:09:32,658.7,219353,16,658.59,64572,147421,0.6494002597601038,0
2023-07-28 11:09:32,658.7,219353,10,658.59,64572,147421,0.6494002597601038,0
2023-07-28 11:09:35,658.7,219363,10,658.59,64562,147419,0.6494002597601038,0
2023-07-28 11:09:35,658.75,219363,1,658.59,64562,147419,0.6570402628160982,0
2023-07-28 11:09:35,658.7,219363,15,658.59,64562,147419,0.6494002597601038,0
2023-07-28 11:09:37,658.75,219384,5,658.59,64552,147413,0.6570402628160982,0
2023-07-28 11:09:37,658.7,219384,412,658.59,64552,147413,0.6494002597601038,0
2023-07-28 11:09:39,658.7,219796,412,658.59,64060,147501,0.6494002597601038,0
2023-07-28 11:09:39,658.5,219796,1,658.59,64060,147501,0.618840247536092,0
2023-07-28 11:09:42,658.45,219881,10,658.59,64003,147766,0.6112002444800978,0
2023-07-28 11:09:42,658.45,219881,4,658.59,64003,147766,0.6112002444800978,0
2023-07-28 11:09:45,658.45,219901,6,658.59,64113,147715,0.6112002444800978,0
2023-07-28 11:09:45,658.45,219901,1,658.59,64263,147815,0.6112002444800978,0
2023-07-28 11:09:48,658.45,219902,1,658.59,64266,147814,0.6112002444800978,0
2023-07-28 11:09:48,658.45,219902,4,658.59,64266,147814,0.6112002444800978,0
2023-07-28 11:09:48,658.45,219902,2,658.59,64266,147814,0.6112002444800978,0
2023-07-28 11:09:54,658.45,219908,2,658.59,64249,147884,0.6112002444800978,0
2023-07-28 11:09:54,658.45,219908,2,658.59,64249,147884,0.6112002444800978,0
2023-07-28 11:09:54,658.45,219908,2,658.59,64259,147884,0.6112002444800978,0
2023-07-28 11:09:54,658.45,219908,2,658.59,64019,147884,0.6112002444800978,0
2023-07-28 11:09:54,658.5,219908,11,658.59,64019,147884,0.618840247536092,0
2023-07-28 11:10:05,658.5,219934,11,658.59,64019,147831,0.618840247536092,0
2023-07-28 11:10:05,658.5,219934,11,658.59,64019,147838,0.618840247536092,0
2023-07-28 11:10:05,658.5,219934,11,658.59,64021,147838,0.618840247536092,0
2023-07-28 11:10:05,658.5,219934,2,658.59,64021,147838,0.618840247536092,0
2023-07-28 11:10:05,658.5,219934,1,658.59,64021,147838,0.618840247536092,0
2023-07-28 11:10:16,658.5,219945,1,658.59,64022,147827,0.618840247536092,0
2023-07-28 11:10:18,658.5,219946,1,658.59,64051,147846,0.618840247536092,0
2023-07-28 11:10:18,658.5,219946,3,658.59,64051,147846,0.618840247536092,0
2023-07-28 11:10:23,658.5,219959,3,658.59,64051,147833,0.618840247536092,0
2023-07-28 11:10:23,658.5,219959,3,658.59,64051,147843,0.618840247536092,0
2023-07-28 11:10:23,658.4,219959,9,658.59,64051,147843,0.6035602414240862,0
2023-07-28 11:10:23,658.5,219959,1,658.59,64051,147843,0.618840247536092,0
2023-07-28 11:10:28,658.5,219969,1,658.59,64042,147842,0.618840247536092,0
2023-07-28 11:10:28,658.5,219969,1,658.59,64042,147842,0.618840247536092,0
2023-07-28 11:10:28,658.5,219969,1,658.59,64042,147842,0.618840247536092,0
2023-07-28 11:10:35,658.5,219970,1,658.59,64043,147891,0.618840247536092,0
2023-07-28 11:10:35,658.5,219970,1,658.59,64062,147891,0.618840247536092,0
2023-07-28 11:10:35,658.5,219970,9,658.59,64062,147891,0.618840247536092,0
2023-07-28 11:10:41,658.5,219979,9,658.59,64061,147882,0.618840247536092,0
2023-07-28 11:10:41,658.5,219979,10,658.59,64061,147882,0.618840247536092,0
2023-07-28 11:10:45,658.5,220013,7,658.59,64617,147665,0.618840247536092,0
2023-07-28 11:10:45,658.5,220013,7,658.59,64707,147665,0.618840247536092,0
2023-07-28 11:10:45,658.5,220013,170,658.59,64707,147665,0.618840247536092,0
2023-07-28 11:10:56,658.5,220183,170,658.59,64537,147665,0.618840247536092,0
2023-07-28 11:10:56,658.7,220183,15,658.59,64537,147665,0.6494002597601038,0
2023-07-28 11:10:58,658.7,220198,15,658.59,64537,147650,0.6494002597601038,0
2023-07-28 11:10:58,658.5,220198,11,658.59,64537,147650,0.618840247536092,0
2023-07-28 11:11:03,658.5,220209,11,658.59,64526,147650,0.618840247536092,0
2023-07-28 11:11:03,658.5,220209,38,658.59,65026,147750,0.618840247536092,0
2023-07-28 11:11:03,658.7,220209,1,658.59,65026,147750,0.6494002597601038,0
2023-07-28 11:11:03,658.7,220209,2,658.59,65026,147750,0.6494002597601038,0
2023-07-28 11:11:10,658.7,220300,50,658.59,64939,147697,0.6494002597601038,0
2023-07-28 11:11:13,658.7,220320,20,658.59,64968,147837,0.6494002597601038,0
2023-07-28 11:11:13,658.5,220320,98,658.59,64968,147837,0.618840247536092,0
2023-07-28 11:11:13,658.5,220497,98,658.59,64379,148058,0.618840247536092,0
2023-07-28 11:11:13,658.5,220497,98,658.59,64379,148035,0.618840247536092,0
2023-07-28 11:11:13,658.5,220497,98,658.59,64462,148035,0.618840247536092,0
2023-07-28 11:11:24,658.7,220515,10,658.59,64462,148017,0.6494002597601038,0
2023-07-28 11:11:24,658.7,220515,77,658.59,64462,148017,0.6494002597601038,0
2023-07-28 11:11:24,658.7,220515,15,658.59,64462,148017,0.6494002597601038,0
2023-07-28 11:11:26,658.7,220830,15,658.59,64508,147924,0.6494002597601038,0
2023-07-28 11:11:29,658.75,220850,20,658.59,64643,144569,0.6570402628160982,0
2023-07-28 11:11:29,658.75,220850,2,658.59,64643,144569,0.6570402628160982,0
2023-07-28 11:11:30,658.75,220852,2,658.59,64643,144497,0.6570402628160982,0
2023-07-28 11:11:30,658.75,220852,2,658.59,64666,144497,0.6570402628160982,0
2023-07-28 11:11:30,658.75,220852,13,658.59,64666,144497,0.6570402628160982,0
2023-07-28 11:11:35,658.75,220902,13,658.59,64711,144540,0.6570402628160982,0
2023-07-28 11:11:35,658.7,220902,100,658.59,64711,144540,0.6494002597601038,0
2023-07-28 11:11:35,658.7,220902,5,658.59,64711,144540,0.6494002597601038,0
2023-07-28 11:11:41,658.7,221007,5,658.59,64569,147794,0.6494002597601038,0
2023-07-28 11:11:41,658.7,221007,32,658.59,64569,147794,0.6494002597601038,0
2023-07-28 11:11:42,658.7,221039,32,658.59,64569,147798,0.6494002597601038,0
2023-07-28 11:11:42,658.7,221039,32,658.59,64569,147792,0.6494002597601038,0
2023-07-28 11:11:42,658.7,221039,32,658.59,64569,147807,0.6494002597601038,0
2023-07-28 11:11:42,658.7,221039,32,658.59,64569,147857,0.6494002597601038,0
2023-07-28 11:11:42,658.7,221039,7,658.59,64569,147857,0.6494002597601038,0
2023-07-28 11:11:42,658.7,221039,60,658.59,64569,147857,0.6494002597601038,0
2023-07-28 11:11:54,658.7,221106,60,658.59,64569,147790,0.6494002597601038,0
2023-07-28 11:11:54,658.8,221106,53,658.59,64569,147790,0.6646802658720924,0
2023-07-28 11:11:54,658.7,221106,1,658.59,64569,147790,0.6494002597601038,0
2023-07-28 11:11:56,658.7,224788,1,658.59,64920,144544,0.6494002597601038,0
2023-07-28 11:11:56,658.7,224788,1,658.59,64701,144560,0.6494002597601038,0
2023-07-28 11:11:56,658.7,224788,1,658.59,64701,144565,0.6494002597601038,0
2023-07-28 11:11:56,658.7,224788,1,658.59,64614,144565,0.6494002597601038,0
2023-07-28 11:11:56,658.45,224788,28,658.59,64614,144565,0.6112002444800978,0
2023-07-28 11:12:09,658.45,224838,28,658.59,64519,144664,0.6112002444800978,0
2023-07-28 11:12:09,658.45,224838,28,658.59,64544,144664,0.6112002444800978,0
2023-07-28 11:12:09,658.25,224838,5,658.59,64544,144664,0.580640232256086,0
2023-07-28 11:12:09,658.8,224838,1,658.59,64544,144664,0.6646802658720924,0
2023-07-28 11:12:17,658.8,224850,1,658.59,64524,144711,0.6646802658720924,0
2023-07-28 11:12:17,658.8,224850,1,658.59,64603,144711,0.6646802658720924,0
2023-07-28 11:12:17,658.8,224850,1,658.59,64604,144711,0.6646802658720924,0
2023-07-28 11:12:17,658.8,224850,14,658.59,64604,144711,0.6646802658720924,0
2023-07-28 11:12:31,658.8,224955,1,658.59,64572,144723,0.6646802658720924,0
2023-07-28 11:12:33,658.8,224956,1,658.59,64860,144822,0.6646802658720924,0
2023-07-28 11:12:37,658.3,225011,55,658.59,64647,144852,0.5882802353120802,0
2023-07-28 11:12:37,658.3,225011,55,658.59,64647,144851,0.5882802353120802,0
2023-07-28 11:12:37,658.3,225011,55,658.59,64647,144857,0.5882802353120802,0
2023-07-28 11:12:37,658.35,225011,1,658.59,64647,144857,0.5959202383680918,0
2023-07-28 11:12:46,658.35,225012,1,658.59,64723,144857,0.5959202383680918,0
2023-07-28 11:12:46,658.35,225012,2,658.59,64723,144857,0.5959202383680918,0
2023-07-28 11:12:46,658.35,225012,1,658.59,64723,144857,0.5959202383680918,0
2023-07-28 11:12:49,658.8,225015,10,658.59,64705,144882,0.6646802658720924,0
2023-07-28 11:12:49,658.5,225015,12,658.59,64705,144882,0.618840247536092,0
2023-07-28 11:12:51,658.5,225037,12,658.59,64719,144814,0.618840247536092,0
2023-07-28 11:12:51,658.75,225037,20,658.59,64719,144814,0.6570402628160982,0
2023-07-28 11:12:54,658.75,225057,20,658.59,64720,144735,0.6570402628160982,0
2023-07-28 11:12:54,658.75,225057,20,658.59,64720,144635,0.6570402628160982,0
2023-07-28 11:12:54,658.75,225057,20,658.59,64724,144645,0.6570402628160982,0
2023-07-28 11:12:54,658.75,225057,20,658.59,64735,144615,0.6570402628160982,0
2023-07-28 11:12:54,658.7,225057,3,658.59,64735,144615,0.6494002597601038,0
2023-07-28 11:12:54,658.35,225057,11,658.59,64735,144615,0.5959202383680918,0
2023-07-28 11:13:05,658.35,225211,11,658.59,64725,144683,0.5959202383680918,0
2023-07-28 11:13:05,658.75,225211,10,658.59,64725,144683,0.6570402628160982,0
2023-07-28 11:13:05,658.15,225211,1,658.59,64725,144683,0.56536022614408,0
2023-07-28 11:13:05,658.0,225211,85,658.59,64725,144683,0.5424402169760798,0
2023-07-28 11:13:07,658.0,227183,85,658.58,62676,145160,0.5424402169760798,0
2023-07-28 11:13:07,658.0,227183,85,658.58,62736,145171,0.5424402169760798,0
2023-07-28 11:13:07,658.0,227183,85,658.58,62737,145171,0.5424402169760798,0
2023-07-28 11:13:16,658.1,227283,9,658.58,63007,145210,0.5577202230880858,0
2023-07-28 11:13:17,658.1,227292,9,658.58,63009,145135,0.5577202230880858,0
2023-07-28 11:13:21,658.0,228379,10,658.58,63072,145048,0.5424402169760798,0
2023-07-28 11:13:21,658.0,228379,74,658.58,63072,145048,0.5424402169760798,0
2023-07-28 11:13:24,658.0,228609,100,658.58,62914,145429,0.5424402169760798,0
2023-07-28 11:13:24,658.0,228609,100,658.58,62914,145750,0.5424402169760798,0
2023-07-28 11:13:24,657.3,228609,1,658.58,62914,145750,0.43548017419205576,0
2023-07-28 11:13:28,657.3,228985,1,658.58,62889,145463,0.43548017419205576,0
2023-07-28 11:13:28,657.55,228985,10,658.58,62924,145528,0.47368018947206186,0
2023-07-28 11:13:32,657.55,228995,10,658.58,62924,145518,0.47368018947206186,0
2023-07-28 11:13:32,657.55,228995,1,658.58,62924,145518,0.47368018947206186,0
2023-07-28 11:13:32,657.55,228995,4,658.58,62924,145518,0.47368018947206186,0
2023-07-28 11:13:35,657.55,229000,4,658.58,62924,145908,0.47368018947206186,0
2023-07-28 11:13:35,657.55,229000,1,658.58,62924,145908,0.47368018947206186,0
2023-07-28 11:13:37,657.55,229001,1,658.58,62926,145907,0.47368018947206186,0
2023-07-28 11:13:37,657.2,229001,66,658.58,62926,145907,0.4202001680800672,0
2023-07-28 11:13:42,657.55,229094,6,658.58,62938,145882,0.47368018947206186,0
2023-07-28 11:13:42,657.55,229094,6,658.58,62943,145713,0.47368018947206186,0
2023-07-28 11:13:42,657.6,229094,15,658.58,62943,145713,0.4813201925280735,0
2023-07-28 11:13:49,657.6,229110,15,658.58,62850,145466,0.4813201925280735,0
2023-07-28 11:13:49,657.6,229110,15,658.58,62845,145466,0.4813201925280735,0
2023-07-28 11:13:49,657.6,229110,15,658.58,62845,145500,0.4813201925280735,0
2023-07-28 11:13:58,657.6,229134,14,658.58,62846,145476,0.4813201925280735,0
2023-07-28 11:13:58,657.6,229134,14,658.58,62846,145495,0.4813201925280735,0
2023-07-28 11:13:58,657.6,229134,10,658.58,62846,145495,0.4813201925280735,0
2023-07-28 11:13:58,657.55,229134,6,658.58,62846,145495,0.47368018947206186,0
2023-07-28 11:14:03,657.55,229152,6,658.58,63078,145564,0.47368018947206186,0
2023-07-28 11:14:03,657.6,229152,4,658.58,63078,145564,0.4813201925280735,0
2023-07-28 11:14:03,657.8,229152,10,658.58,63078,145564,0.511880204752068,0
2023-07-28 11:14:05,657.8,229177,10,658.58,63128,145479,0.511880204752068,0
2023-07-28 11:14:05,656.5,229177,8,658.58,63148,145479,0.31324012529604317,0
2023-07-28 11:14:09,656.5,230636,8,658.57,62013,146355,0.31324012529604317,0
2023-07-28 11:14:09,656.5,230636,1,658.57,62013,146355,0.31324012529604317,0
2023-07-28 11:14:14,656.9,230641,4,658.57,62012,146017,0.37436014974404946,0
2023-07-28 11:14:14,656.9,230641,4,658.57,62072,146017,0.37436014974404946,0
2023-07-28 11:14:19,656.9,230646,2,658.57,62142,146012,0.37436014974404946,0
2023-07-28 11:14:19,656.9,230646,1,658.57,62142,146012,0.37436014974404946,0
2023-07-28 11:14:24,656.9,230649,40,658.57,62142,146154,0.37436014974404946,0
2023-07-28 11:14:24,656.9,230699,40,658.57,62067,146092,0.37436014974404946,0
2023-07-28 11:14:24,656.9,230699,40,658.57,62068,146092,0.37436014974404946,0
2023-07-28 11:14:24,656.9,230699,1,658.57,62068,146092,0.37436014974404946,0
2023-07-28 11:14:30,656.9,230700,1,658.57,62068,146091,0.37436014974404946,0
2023-07-28 11:14:30,656.9,230700,1,658.57,62073,146091,0.37436014974404946,0
2023-07-28 11:14:30,656.9,230700,1,658.57,62073,145771,0.37436014974404946,0
2023-07-28 11:14:30,656.5,230700,23,658.57,62073,145771,0.31324012529604317,0
2023-07-28 11:14:30,656.9,230700,3,658.57,62073,145771,0.37436014974404946,0
2023-07-28 11:14:41,656.9,230733,5,658.57,62043,145883,0.37436014974404946,0
2023-07-28 11:14:42,656.9,230742,5,658.57,62040,145898,0.37436014974404946,0
2023-07-28 11:14:42,656.9,230742,5,658.57,62125,145898,0.37436014974404946,0
2023-07-28 11:14:42,656.9,230742,5,658.57,62143,145898,0.37436014974404946,0
2023-07-28 11:14:42,656.5,230742,2,658.57,62143,145898,0.31324012529604317,0
2023-07-28 11:14:52,656.9,230779,35,658.57,62094,146091,0.37436014974404946,0
2023-07-28 11:14:52,656.9,230779,35,658.57,62095,146092,0.37436014974404946,0
2023-07-28 11:14:52,656.9,230779,35,658.57,62095,146386,0.37436014974404946,0
2023-07-28 11:14:52,656.8,230779,7,658.57,62095,146386,0.35908014363204355,0
2023-07-28 11:15:00,656.8,230787,7,658.57,62152,146409,0.35908014363204355,0
2023-07-28 11:15:00,656.85,230787,35,658.57,62152,146409,0.3667201466880552,0
2023-07-28 11:15:04,656.85,230835,35,658.57,62399,146210,0.3667201466880552,0
2023-07-28 11:15:04,656.85,230835,35,658.57,62334,146210,0.3667201466880552,0
2023-07-28 11:15:04,656.9,230835,12,658.57,62334,146210,0.37436014974404946,0
2023-07-28 11:15:11,656.9,230847,12,658.57,62334,146207,0.37436014974404946,0
2023-07-28 11:15:11,656.9,230847,2,658.57,62334,146207,0.37436014974404946,0
2023-07-28 11:15:14,656.9,230849,2,658.57,61835,146320,0.37436014974404946,0
2023-07-28 11:15:18,656.9,230859,8,658.57,61835,146356,0.37436014974404946,0
2023-07-28 11:15:18,656.45,230859,2,658.57,61835,146356,0.3056001222400489,0
2023-07-28 11:15:20,656.45,230862,2,658.57,61832,146346,0.3056001222400489,0
2023-07-28 11:15:20,656.9,230862,3,658.57,61832,146346,0.37436014974404946,0
2023-07-28 11:15:22,656.9,230865,3,658.57,61832,146343,0.37436014974404946,0
2023-07-28 11:15:22,656.9,230865,6,658.57,61832,146343,0.37436014974404946,0
2023-07-28 11:15:24,656.9,230871,6,658.57,61832,146337,0.37436014974404946,0
2023-07-28 11:15:24,656.9,230871,6,658.57,61842,146337,0.37436014974404946,0
2023-07-28 11:15:24,656.9,230871,6,658.57,61842,146392,0.37436014974404946,0
2023-07-28 11:15:24,656.9,230871,45,658.57,61842,146392,0.37436014974404946,0
2023-07-28 11:15:24,656.9,230871,10,658.57,61842,146392,0.37436014974404946,0
2023-07-28 11:15:36,656.9,230926,10,658.57,61831,146337,0.37436014974404946,0
2023-07-28 11:15:36,656.9,230926,10,658.57,61896,146272,0.37436014974404946,0
2023-07-28 11:15:36,656.5,230926,5,658.57,61896,146272,0.31324012529604317,0
2023-07-28 11:15:45,656.5,230941,5,658.57,61751,146569,0.31324012529604317,0
2023-07-28 11:15:45,656.5,230941,5,658.57,61681,146569,0.31324012529604317,0
2023-07-28 11:15:45,656.5,230941,5,658.57,61681,146489,0.31324012529604317,0
2023-07-28 11:15:45,656.5,230941,5,658.57,61917,146564,0.31324012529604317,0
2023-07-28 11:15:45,656.5,230941,5,658.57,61918,146564,0.31324012529604317,0
2023-07-28 11:15:45,656.85,230941,1,658.57,61918,146564,0.3667201466880552,0
2023-07-28 11:16:00,656.85,230942,1,658.57,61918,146453,0.3667201466880552,0
2023-07-28 11:16:06,656.85,230947,3,658.57,61958,146598,0.3667201466880552,0
2023-07-28 11:16:06,656.85,230947,3,658.57,61958,146598,0.3667201466880552,0
2023-07-28 11:16:06,656.85,230947,1,658.57,61958,146598,0.3667201466880552,0
2023-07-28 11:16:12,656.85,230948,1,658.57,62068,146559,0.3667201466880552,0
2023-07-28 11:16:12,656.85,230948,1,658.57,61233,146289,0.3667201466880552,0
2023-07-28 11:16:12,656.9,230948,1,658.57,61233,146289,0.37436014974404946,0
2023-07-28 11:16:12,656.5,230948,9,658.57,61233,146289,0.31324012529604317,0
2023-07-28 11:16:12,656.5,230948,7,658.57,61233,146289,0.31324012529604317,0
2023-07-28 11:16:12,656.9,230948,5,658.57,61233,146289,0.37436014974404946,0
2023-07-28 11:16:20,656.9,231084,12,658.57,61233,146022,0.37436014974404946,0
2023-07-28 11:16:20,656.9,231084,12,658.57,61323,146022,0.37436014974404946,0
2023-07-28 11:16:20,656.5,231084,10,658.57,61323,146022,0.31324012529604317,0
2023-07-28 11:16:26,656.5,231094,10,658.57,61330,146022,0.31324012529604317,0
2023-07-28 11:16:26,656.5,231094,10,658.57,61332,146022,0.31324012529604317,0
2023-07-28 11:16:26,656.5,231094,5,658.57,61332,146022,0.31324012529604317,0
2023-07-28 11:16:32,656.5,231099,5,658.57,61377,146033,0.31324012529604317,0
2023-07-28 11:16:32,656.5,231099,1,658.57,61377,146033,0.31324012529604317,0
2023-07-28 11:16:34,656.5,231112,6,658.56,61374,146038,0.31324012529604317,0
2023-07-28 11:16:34,656.9,231112,1,658.56,61374,146038,0.37436014974404946,0
2023-07-28 11:16:34,656.5,231112,5,658.56,61374,146038,0.31324012529604317,0
2023-07-28 11:16:36,656.5,231118,5,658.56,61380,146037,0.31324012529604317,0
2023-07-28 11:16:36,656.9,231118,2,658.56,61380,146037,0.37436014974404946,0
2023-07-28 11:16:39,656.9,231120,2,658.56,61430,146005,0.37436014974404946,0
2023-07-28 11:16:39,656.5,231120,10,658.56,61430,146005,0.31324012529604317,0
2023-07-28 11:16:45,656.5,231130,10,658.56,61609,145965,0.31324012529604317,0
2023-07-28 11:16:45,656.9,231130,1,658.56,61609,145965,0.37436014974404946,0
2023-07-28 11:16:48,656.9,231131,1,658.56,61810,145964,0.37436014974404946,0
2023-07-28 11:16:48,656.5,231131,4,658.56,61810,145964,0.31324012529604317,0
2023-07-28 11:16:48,656.9,231131,3,658.56,61810,145964,0.37436014974404946,0
2023-07-28 11:16:53,656.9,231282,10,658.56,61805,145950,0.37436014974404946,0
2023-07-28 11:16:53,656.9,231282,10,658.56,61853,145950,0.37436014974404946,0
2023-07-28 11:16:53,656.9,231282,20,658.56,61853,145950,0.37436014974404946,0
2023-07-28 11:16:58,656.9,231302,20,658.56,61730,145959,0.37436014974404946,0
2023-07-28 11:17:04,656.9,231303,1,658.56,61730,145956,0.37436014974404946,0
2023-07-28 11:17:04,656.9,231303,1,658.56,61775,145956,0.37436014974404946,0
2023-07-28 11:17:04,656.9,231303,3,658.56,61775,145956,0.37436014974404946,0
2023-07-28 11:17:09,656.9,231306,3,658.56,61776,145953,0.37436014974404946,0
2023-07-28 11:17:09,656.9,231306,3,658.56,61750,145953,0.37436014974404946,0
2023-07-28 11:17:09,656.9,231306,3,658.56,62005,146123,0.37436014974404946,0
2023-07-28 11:17:09,656.9,231306,3,658.56,62005,146168,0.37436014974404946,0
2023-07-28 11:17:09,656.9,231306,9,658.56,62005,146168,0.37436014974404946,0
2023-07-28 11:17:22,656.9,231315,9,658.56,62060,146160,0.37436014974404946,0
2023-07-28 11:17:22,656.9,231315,9,658.56,62065,146160,0.37436014974404946,0
2023-07-28 11:17:22,656.9,231315,9,658.56,62065,146135,0.37436014974404946,0
2023-07-28 11:17:35,657.0,231316,1,658.56,62065,146134,0.3896401558560554,0
2023-07-28 11:17:35,656.8,231316,2,658.56,62065,146134,0.35908014363204355,0
2023-07-28 11:17:42,656.8,231327,2,658.56,62035,146124,0.35908014363204355,0
2023-07-28 11:17:45,656.8,231330,3,658.56,62040,146123,0.35908014363204355,0
2023-07-28 11:17:45,657.0,231330,5,658.56,62040,146123,0.3896401558560554,0
2023-07-28 11:17:48,657.0,231335,5,658.56,62040,146118,0.3896401558560554,0
2023-07-28 11:17:48,657.0,231335,1,658.56,62040,146118,0.3896401558560554,0
2023-07-28 11:17:52,657.0,231336,1,658.56,62040,146117,0.3896401558560554,0
2023-07-28 11:17:52,657.0,231336,3,658.56,61956,145807,0.3896401558560554,0
2023-07-28 11:17:59,657.0,231359,20,658.56,61956,145786,0.3896401558560554,0
2023-07-28 11:17:59,657.0,231359,20,658.56,61958,145786,0.3896401558560554,0
2023-07-28 11:17:59,656.8,231359,15,658.56,61958,145786,0.35908014363204355,0
2023-07-28 11:18:01,656.8,231374,15,658.56,61943,145804,0.35908014363204355,0
2023-07-28 11:18:01,656.8,231374,5,658.56,61943,145804,0.35908014363204355,0
2023-07-28 11:18:05,656.8,231379,5,658.56,61583,145804,0.35908014363204355,0
2023-07-28 11:18:05,656.8,231379,8,658.56,61583,145804,0.35908014363204355,0
2023-07-28 11:18:08,656.8,231387,8,658.56,61575,145717,0.35908014363204355,0
2023-07-28 11:18:08,656.8,231387,3,658.56,61575,145717,0.35908014363204355,0
2023-07-28 11:18:10,656.8,231390,3,658.56,61578,145717,0.35908014363204355,0
2023-07-28 11:18:10,657.0,231390,2,658.56,61578,145717,0.3896401558560554,0
2023-07-28 11:18:14,657.0,231392,2,658.56,61620,145745,0.3896401558560554,0
2023-07-28 11:18:14,657.0,231392,2,658.56,61623,145745,0.3896401558560554,0
2023-07-28 11:18:14,657.0,231392,2,658.56,61623,145748,0.3896401558560554,0
2023-07-28 11:18:14,657.0,231392,1,658.56,61623,145748,0.3896401558560554,0
2023-07-28 11:18:14,657.0,231392,10,658.56,61623,145748,0.3896401558560554,0
2023-07-28 11:18:21,657.0,231403,10,658.56,61623,145737,0.3896401558560554,0
2023-07-28 11:18:27,656.8,231428,23,658.56,61604,145737,0.35908014363204355,0
2023-07-28 11:18:27,656.8,231428,10,658.56,61604,145737,0.35908014363204355,0
2023-07-28 11:18:29,656.8,231438,10,658.56,61594,145936,0.35908014363204355,0
2023-07-28 11:18:29,656.8,231438,10,658.56,61444,145963,0.35908014363204355,0
2023-07-28 11:18:29,657.0,231438,50,658.56,61444,145963,0.3896401558560554,0
2023-07-28 11:18:36,657.0,231488,50,658.56,61444,145913,0.3896401558560554,0
2023-07-28 11:18:40,657.0,231495,7,658.56,61444,145906,0.3896401558560554,0
2023-07-28 11:18:40,657.0,231495,7,658.56,61444,145906,0.3896401558560554,0
2023-07-28 11:18:40,657.0,231495,3,658.56,61444,145906,0.3896401558560554,0
2023-07-28 11:18:45,657.0,231498,3,658.56,61444,145903,0.3896401558560554,0
2023-07-28 11:18:45,656.8,231498,1,658.56,61444,145903,0.35908014363204355,0
2023-07-28 11:18:48,656.8,231683,1,658.56,60742,146408,0.35908014363204355,0
2023-07-28 11:18:48,656.8,231683,1,658.56,63870,146503,0.35908014363204355,0
2023-07-28 11:18:48,656.5,231683,12,658.56,63870,146503,0.31324012529604317,0
2023-07-28 11:18:54,656.5,231695,12,658.56,63874,146503,0.31324012529604317,0
2023-07-28 11:18:54,656.75,231695,10,658.56,63874,146503,0.3514401405760493,0
2023-07-28 11:18:56,656.75,231705,10,658.56,63884,147481,0.3514401405760493,0
2023-07-28 11:18:56,656.75,231705,10,658.56,63987,147481,0.3514401405760493,0
2023-07-28 11:18:56,656.75,231705,10,658.56,63981,147607,0.3514401405760493,0
2023-07-28 11:18:56,656.75,231705,10,658.56,63986,147607,0.3514401405760493,0
2023-07-28 11:18:56,656.75,231705,1,658.56,63986,147607,0.3514401405760493,0
2023-07-28 11:19:11,656.75,231706,1,658.56,63986,147606,0.3514401405760493,0
2023-07-28 11:19:11,656.75,231706,1,658.56,63986,147639,0.3514401405760493,0
2023-07-28 11:19:11,656.75,231706,5,658.56,63986,147639,0.3514401405760493,0
2023-07-28 11:19:11,656.75,231706,1,658.56,63986,147639,0.3514401405760493,0
2023-07-28 11:19:17,656.75,231712,1,658.56,63986,147582,0.3514401405760493,0
2023-07-28 11:19:17,656.4,231712,2,658.56,63986,147582,0.29796011918403725,0
2023-07-28 11:19:17,656.1,231712,6,658.56,63986,147582,0.2521201008480368,0
2023-07-28 11:19:19,656.1,231848,6,658.56,64028,147601,0.2521201008480368,0
2023-07-28 11:19:21,656.35,231872,22,658.56,64167,147643,0.290320116128043,0
2023-07-28 11:19:21,656.35,231872,22,658.56,64067,147643,0.290320116128043,0
2023-07-28 11:19:21,656.45,231872,1,658.56,64067,147643,0.3056001222400489,0
2023-07-28 11:19:21,656.1,231872,3,658.56,64067,147643,0.2521201008480368,0
2023-07-28 11:19:21,656.45,231872,1,658.56,64067,147643,0.3056001222400489,0
2023-07-28 11:19:27,656.0,232109,3,658.56,63699,147598,0.23684009473603093,0
2023-07-28 11:19:27,656.4,232109,4,658.56,63699,147598,0.29796011918403725,0
2023-07-28 11:19:29,656.0,232358,12,658.55,63676,147536,0.23684009473603093,0
2023-07-28 11:19:34,656.4,232368,9,658.55,63676,147493,0.29796011918403725,0
2023-07-28 11:19:34,656.4,232368,9,658.55,63301,147198,0.29796011918403725,0
2023-07-28 11:19:34,656.45,232368,5,658.55,63301,147198,0.3056001222400489,0
2023-07-28 11:19:38,656.45,232373,5,658.55,63376,146686,0.3056001222400489,0
2023-07-28 11:19:38,656.05,232373,10,658.55,63376,146686,0.2444800977920252,0
2023-07-28 11:19:41,656.05,232385,10,658.55,63464,146730,0.2444800977920252,0
2023-07-28 11:19:41,656.45,232385,5,658.55,63464,146730,0.3056001222400489,0
2023-07-28 11:19:43,656.45,232390,5,658.55,63466,146725,0.3056001222400489,0
2023-07-28 11:19:43,656.45,232390,5,658.55,63966,145777,0.3056001222400489,0
2023-07-28 11:19:43,656.45,232390,5,658.55,63971,145777,0.3056001222400489,0
2023-07-28 11:19:43,656.45,232390,40,658.55,63971,145777,0.3056001222400489,0
2023-07-28 11:19:43,656.45,232390,2,658.55,63971,145777,0.3056001222400489,0
2023-07-28 11:19:43,656.15,232390,22,658.55,63971,145777,0.25976010390403115,0
2023-07-28 11:19:56,656.15,232454,22,658.55,64009,145733,0.25976010390403115,0
2023-07-28 11:19:56,656.15,232454,22,658.55,64090,145733,0.25976010390403115,0
2023-07-28 11:20:02,656.45,232469,15,658.55,64240,145711,0.3056001222400489,0
2023-07-28 11:20:02,656.45,232469,15,658.55,64250,145711,0.3056001222400489,0
2023-07-28 11:20:02,656.45,232469,1,658.55,64250,145711,0.3056001222400489,0
2023-07-28 11:20:06,656.1,232519,24,658.55,64204,145720,0.2521201008480368,0
2023-07-28 11:20:06,656.45,232519,23,658.55,64204,145720,0.3056001222400489,0
2023-07-28 11:20:10,656.15,232548,3,658.55,64428,145692,0.25976010390403115,0
2023-07-28 11:20:10,656.45,232548,3,658.55,64428,145692,0.3056001222400489,0
2023-07-28 11:20:10,656.45,232551,3,658.55,64443,145689,0.3056001222400489,0
2023-07-28 11:20:10,656.45,232551,3,658.55,64446,145689,0.3056001222400489,0
2023-07-28 11:20:10,656.15,232551,4,658.55,64446,145689,0.25976010390403115,0
2023-07-28 11:20:16,656.15,232571,4,658.55,64426,145691,0.25976010390403115,0
2023-07-28 11:20:21,656.1,232621,43,658.55,64378,145689,0.2521201008480368,0
2023-07-28 11:20:21,656.1,232621,43,658.55,63878,145689,0.2521201008480368,0
2023-07-28 11:20:21,656.1,232621,40,658.55,63878,145689,0.2521201008480368,0
2023-07-28 11:20:25,656.1,232661,40,658.55,63837,145956,0.2521201008480368,0
2023-07-28 11:20:25,656.1,232661,8,658.55,63837,145956,0.2521201008480368,0
2023-07-28 11:20:27,656.1,232669,8,658.55,63844,145856,0.2521201008480368,0
2023-07-28 11:20:27,656.45,232669,3,658.55,63844,145856,0.3056001222400489,0
2023-07-28 11:20:30,656.45,232672,3,658.55,63844,146046,0.3056001222400489,0
2023-07-28 11:20:30,656.45,232672,1,658.55,63844,146046,0.3056001222400489,0
2023-07-28 11:20:33,656.45,232673,1,658.55,63824,145930,0.3056001222400489,0
2023-07-28 11:20:33,656.45,232673,1,658.55,63824,145930,0.3056001222400489,0
2023-07-28 11:20:33,656.45,232673,1,658.55,63830,145930,0.3056001222400489,0
2023-07-28 11:20:33,656.1,232673,70,658.55,63835,145930,0.2521201008480368,0
2023-07-28 11:20:33,656.45,232673,2,658.55,63835,145930,0.3056001222400489,0
2023-07-28 11:20:45,656.45,232745,2,658.55,63926,145534,0.3056001222400489,0
2023-07-28 11:20:45,656.45,232745,2,658.55,63956,145558,0.3056001222400489,0
2023-07-28 11:20:45,656.45,232745,2,658.55,63957,145558,0.3056001222400489,0
2023-07-28 11:20:45,656.45,232745,10,658.55,63957,145558,0.3056001222400489,0
2023-07-28 11:20:45,656.7,232745,5,658.55,63957,145558,0.343800137520055,0
2023-07-28 11:20:56,656.75,232762,1,658.55,63988,145330,0.3514401405760493,0
2023-07-28 11:20:58,656.75,232763,1,658.55,63948,145319,0.3514401405760493,0
2023-07-28 11:20:58,656.8,232763,25,658.55,63948,145319,0.35908014363204355,0
2023-07-28 11:21:02,656.8,232823,25,658.55,63987,145272,0.35908014363204355,0
2023-07-28 11:21:02,656.8,232823,25,658.55,63992,145272,0.35908014363204355,0
2023-07-28 11:21:02,656.8,232823,25,658.55,63993,145272,0.35908014363204355,0
2023-07-28 11:21:02,656.8,232823,25,658.55,64083,145282,0.35908014363204355,0
2023-07-28 11:21:02,656.4,232823,1,658.55,64083,145282,0.29796011918403725,0
2023-07-28 11:21:13,656.25,232832,1,658.55,64180,145297,0.27504011001603706,0
2023-07-28 11:21:13,656.25,232832,1,658.55,64242,145077,0.27504011001603706,0
2023-07-28 11:21:13,656.8,232832,20,658.55,64242,145077,0.35908014363204355,0
2023-07-28 11:21:13,656.2,232832,4,658.55,64242,145077,0.26740010696004274,0
2023-07-28 11:21:24,656.2,233111,4,658.55,64076,145372,0.26740010696004274,0
2023-07-28 11:21:24,656.2,233111,4,658.55,64139,145331,0.26740010696004274,0
2023-07-28 11:21:24,656.45,233111,20,658.55,64139,145331,0.3056001222400489,0
2023-07-28 11:21:28,656.45,233131,20,658.55,64174,145241,0.3056001222400489,0
2023-07-28 11:21:28,656.45,233131,20,658.55,64174,145216,0.3056001222400489,0
2023-07-28 11:21:28,656.8,233131,1,658.55,64174,145216,0.35908014363204355,0
2023-07-28 11:21:34,656.8,233132,1,658.55,64174,145215,0.35908014363204355,0
2023-07-28 11:21:37,656.8,233142,10,658.55,64174,145205,0.35908014363204355,0
2023-07-28 11:21:37,656.8,233142,10,658.55,64189,145205,0.35908014363204355,0
2023-07-28 11:21:41,656.8,233162,20,658.55,64344,145146,0.35908014363204355,0
2023-07-28 11:21:41,656.8,233162,20,658.55,64274,145156,0.35908014363204355,0
2023-07-28 11:21:41,656.8,233162,20,658.55,64274,145156,0.35908014363204355,0
2023-07-28 11:21:41,656.8,233162,20,658.55,64279,145156,0.35908014363204355,0
2023-07-28 11:21:52,656.8,233362,200,658.54,64306,144930,0.35908014363204355,0
2023-07-28 11:21:52,656.8,233362,10,658.54,64306,144930,0.35908014363204355,0
2023-07-28 11:21:52,656.8,233372,10,658.54,64306,144920,0.35908014363204355,0
2023-07-28 11:21:52,656.75,233372,12,658.54,64306,144920,0.3514401405760493,0
2023-07-28 11:21:57,656.75,233384,12,658.54,64294,144920,0.3514401405760493,0
2023-07-28 11:21:57,656.45,233384,24,658.54,64294,144920,0.3056001222400489,0
2023-07-28 11:21:59,656.45,233444,24,658.54,64257,144915,0.3056001222400489,0
2023-07-28 11:21:59,656.45,233444,24,658.54,64267,144915,0.3056001222400489,0
2023-07-28 11:22:14,656.55,233459,15,658.54,64252,144915,0.32088012835203744,0
2023-07-28 11:22:14,656.55,233459,15,658.54,64298,144915,0.32088012835203744,0
2023-07-28 11:22:14,656.55,233459,15,658.54,64365,144915,0.32088012835203744,0
2023-07-28 11:22:14,656.8,233459,1,658.54,64365,144915,0.35908014363204355,0
2023-07-28 11:22:24,656.6,233461,1,658.54,64437,144916,0.3285201314080491,0
2023-07-28 11:22:24,656.45,233461,18,658.54,64437,144916,0.3056001222400489,0
2023-07-28 11:22:26,656.45,233506,18,658.54,64232,145133,0.3056001222400489,0
2023-07-28 11:22:26,656.45,233506,18,658.54,64232,145036,0.3056001222400489,0
2023-07-28 11:22:26,656.45,233506,18,658.54,64144,145036,0.3056001222400489,0
2023-07-28 11:22:26,656.8,233506,4,658.54,64144,145036,0.35908014363204355,0
2023-07-28 11:22:35,656.8,233510,4,658.54,64146,145032,0.35908014363204355,0
2023-07-28 11:22:35,656.8,233510,1,658.54,64146,145032,0.35908014363204355,0
2023-07-28 11:22:42,656.8,233511,1,658.54,64144,145031,0.35908014363204355,0
2023-07-28 11:22:42,656.8,233511,1,658.54,64144,145031,0.35908014363204355,0
2023-07-28 11:22:44,656.35,233513,1,658.54,64143,145112,0.290320116128043,0
2023-07-28 11:22:44,656.8,233513,8,658.54,64143,145112,0.35908014363204355,0
2023-07-28 11:22:44,656.8,233513,2,658.54,64143,145112,0.35908014363204355,0
2023-07-28 11:22:46,656.8,233523,2,658.54,64201,145292,0.35908014363204355,0
2023-07-28 11:22:46,656.8,233523,1,658.54,64201,145292,0.35908014363204355,0
2023-07-28 11:22:51,656.8,233524,1,658.54,64201,145291,0.35908014363204355,0
2023-07-28 11:22:51,656.8,233524,1,658.54,64061,145241,0.35908014363204355,0
2023-07-28 11:22:51,656.45,233524,4,658.54,64061,145241,0.3056001222400489,0
2023-07-28 11:22:57,656.45,233528,4,658.54,64057,145242,0.3056001222400489,0
2023-07-28 11:23:02,656.8,233536,2,658.54,64369,145052,0.35908014363204355,0
2023-07-28 11:23:04,656.55,233553,13,658.54,64185,145019,0.32088012835203744,0
2023-07-28 11:23:04,656.55,233553,13,658.54,64175,145117,0.32088012835203744,0
2023-07-28 11:23:04,656.55,233553,13,658.54,64175,145167,0.32088012835203744,0
2023-07-28 11:23:04,656.55,233553,13,658.54,64175,145222,0.32088012835203744,0
2023-07-28 11:23:04,656.8,233553,1,658.54,64175,145222,0.35908014363204355,0
2023-07-28 11:23:14,656.8,233554,1,658.54,64175,145310,0.35908014363204355,0
2023-07-28 11:23:14,656.9,233554,1,658.54,64175,145310,0.37436014974404946,0
2023-07-28 11:23:16,656.9,233555,1,658.54,64164,145348,0.37436014974404946,0
2023-07-28 11:23:16,656.95,233555,22,658.54,64164,145348,0.3820001528000611,0
2023-07-28 11:23:21,656.95,233755,22,658.54,64399,145020,0.3820001528000611,0
2023-07-28 11:23:21,656.95,233755,22,658.54,64459,145020,0.3820001528000611,0
2023-07-28 11:23:21,656.95,233755,22,658.54,64459,144965,0.3820001528000611,0
2023-07-28 11:23:21,656.5,233755,35,658.54,64459,144965,0.31324012529604317,0
2023-07-28 11:23:21,656.5,233755,20,658.54,64459,144965,0.31324012529604317,0
2023-07-28 11:23:35,656.5,234255,20,658.54,64523,145101,0.31324012529604317,0
2023-07-28 11:23:35,656.95,234255,1,658.54,64523,145101,0.3820001528000611,0
2023-07-28 11:23:35,656.95,234255,2,658.54,64523,145101,0.3820001528000611,0
2023-07-28 11:23:37,656.95,234266,2,658.54,64523,145190,0.3820001528000611,0
2023-07-28 11:23:37,656.45,234266,8,658.54,64523,145190,0.3056001222400489,0
2023-07-28 11:23:39,656.45,234291,8,658.54,64434,145190,0.3056001222400489,0
2023-07-28 11:23:39,656.45,234291,10,658.54,64434,145190,0.3056001222400489,0
2023-07-28 11:23:43,656.45,234301,10,658.54,64435,145304,0.3056001222400489,0
2023-07-28 11:23:43,656.45,234301,10,658.54,64448,145314,0.3056001222400489,0
2023-07-28 11:23:43,656.45,234301,10,658.54,64448,145314,0.3056001222400489,0
2023-07-28 11:23:43,656.9,234301,10,658.54,64448,145314,0.37436014974404946,0
2023-07-28 11:23:54,656.9,234311,10,658.54,64648,145349,0.37436014974404946,0
2023-07-28 11:23:54,656.9,234311,26,658.54,64648,145349,0.37436014974404946,0
2023-07-28 11:23:54,656.9,234311,21,658.54,64648,145349,0.37436014974404946,0
2023-07-28 11:23:58,656.5,234489,20,658.54,64902,145349,0.31324012529604317,0
2023-07-28 11:24:01,656.5,234589,20,658.53,64667,145345,0.31324012529604317,0
2023-07-28 11:24:01,656.45,234589,10,658.53,64667,145345,0.3056001222400489,0
2023-07-28 11:24:03,656.45,234600,10,658.53,64511,145341,0.3056001222400489,0
2023-07-28 11:24:03,656.45,234600,10,658.53,64516,145441,0.3056001222400489,0
2023-07-28 11:24:03,656.95,234600,2,658.53,64516,145441,0.3820001528000611,0
2023-07-28 11:24:03,656.95,234600,2,658.53,64516,145441,0.3820001528000611,0
2023-07-28 11:24:18,656.95,234605,1,658.53,64541,145436,0.3820001528000611,0
2023-07-28 11:24:18,656.45,234605,428,658.53,64541,145436,0.3056001222400489,0
2023-07-28 11:24:21,656.45,235115,9,658.53,64442,145872,0.3056001222400489,0
2023-07-28 11:24:21,656.45,235115,9,658.53,64448,145942,0.3056001222400489,0
2023-07-28 11:24:21,656.45,235115,9,658.53,64575,145815,0.3056001222400489,0
2023-07-28 11:24:21,656.9,235115,4,658.53,64575,145815,0.37436014974404946,0
2023-07-28 11:24:27,656.9,235119,4,658.53,64575,145856,0.37436014974404946,0
2023-07-28 11:24:27,656.1,235119,62,658.53,64575,145856,0.2521201008480368,0
2023-07-28 11:24:29,656.1,235519,62,658.53,64135,146326,0.2521201008480368,0
2023-07-28 11:24:29,656.1,235519,62,658.53,64157,146317,0.2521201008480368,0
2023-07-28 11:24:29,656.1,235519,62,658.53,64087,146367,0.2521201008480368,0
2023-07-28 11:24:29,656.1,235519,62,658.53,64034,146196,0.2521201008480368,0
2023-07-28 11:24:29,656.1,235519,62,658.53,64034,146252,0.2521201008480368,0
2023-07-28 11:24:29,656.1,235519,62,658.53,64039,146253,0.2521201008480368,0
2023-07-28 11:24:29,656.1,235519,216,658.53,64039,146253,0.2521201008480368,0
2023-07-28 11:24:44,656.1,235785,216,658.52,63773,146275,0.2521201008480368,0
2023-07-28 11:24:44,656.1,235785,216,658.52,63794,146369,0.2521201008480368,0
2023-07-28 11:24:44,656.1,235785,216,658.52,63799,146378,0.2521201008480368,0
2023-07-28 11:24:44,656.8,235785,207,658.52,63799,146378,0.35908014363204355,0
2023-07-28 11:24:51,656.9,236790,2,658.52,64246,145561,0.37436014974404946,0
2023-07-28 11:24:52,656.9,236792,2,658.52,64124,145863,0.37436014974404946,0
2023-07-28 11:24:52,656.9,236792,2,658.52,64124,145977,0.37436014974404946,0
2023-07-28 11:24:52,656.9,236792,2,658.52,64124,145978,0.37436014974404946,0
2023-07-28 11:24:52,656.9,236792,2,658.52,64124,146006,0.37436014974404946,0
2023-07-28 11:24:52,656.9,236792,2,658.52,64174,146006,0.37436014974404946,0
2023-07-28 11:24:52,656.9,236792,2,658.52,64174,146006,0.37436014974404946,0
2023-07-28 11:24:52,656.45,236792,4,658.52,64174,146006,0.3056001222400489,0
2023-07-28 11:25:10,656.45,236822,4,658.52,63646,146337,0.3056001222400489,0
2023-07-28 11:25:10,656.85,236822,3,658.52,63646,146337,0.3667201466880552,0
2023-07-28 11:25:13,656.85,236826,1,658.52,63676,146333,0.3667201466880552,0
2023-07-28 11:25:13,656.85,236826,1,658.52,63676,146315,0.3667201466880552,0
2023-07-28 11:25:13,656.85,236826,1,658.52,63760,146223,0.3667201466880552,0
2023-07-28 11:25:13,656.85,236826,1,658.52,63765,146183,0.3667201466880552,0
2023-07-28 11:25:13,656.85,236826,1,658.52,63825,146183,0.3667201466880552,0
2023-07-28 11:25:13,656.5,236826,1,658.52,63825,146183,0.31324012529604317,0
2023-07-28 11:25:24,656.5,236827,1,658.52,63893,146184,0.31324012529604317,0
2023-07-28 11:25:28,656.85,236828,1,658.52,63893,146183,0.3667201466880552,0
2023-07-28 11:25:28,656.85,236828,1,658.52,63893,146183,0.3667201466880552,0
2023-07-28 11:25:28,656.85,236828,1,658.52,63908,146224,0.3667201466880552,0
2023-07-28 11:25:28,656.85,236828,1,658.52,63908,146142,0.3667201466880552,0
2023-07-28 11:25:28,656.85,236828,1,658.52,63922,146142,0.3667201466880552,0
2023-07-28 11:25:28,656.85,236828,1,658.52,63922,146183,0.3667201466880552,0
2023-07-28 11:25:28,656.85,236828,15,658.52,63922,146183,0.3667201466880552,0
2023-07-28 11:25:43,656.85,236866,14,658.51,63150,146095,0.3667201466880552,0
2023-07-28 11:25:43,656.25,236866,5,658.51,63150,146095,0.27504011001603706,0
2023-07-28 11:25:43,656.8,236866,9,658.51,63150,146095,0.35908014363204355,0
2023-07-28 11:25:45,656.8,236967,9,658.51,63088,146193,0.35908014363204355,0
2023-07-28 11:25:45,656.8,236967,9,658.51,63188,146203,0.35908014363204355,0
2023-07-28 11:25:45,656.35,236967,3,658.51,63188,146203,0.290320116128043,0
2023-07-28 11:25:49,656.35,236970,3,658.51,63151,146287,0.290320116128043,0
2023-07-28 11:25:49,656.2,236970,83,658.51,63151,146287,0.26740010696004274,0
2023-07-28 11:25:53,656.2,237420,5,658.51,63017,146495,0.26740010696004274,0
2023-07-28 11:25:53,656.2,237420,20,658.51,63017,146495,0.26740010696004274,0
2023-07-28 11:25:53,656.15,237420,3,658.51,63017,146495,0.25976010390403115,0
2023-07-28 11:25:53,656.1,237420,53,658.51,63017,146495,0.2521201008480368,0
2023-07-28 11:25:53,656.0,237420,9,658.51,63017,146495,0.23684009473603093,0
2023-07-28 11:26:01,656.0,238543,9,658.5,61890,146894,0.23684009473603093,0
2023-07-28 11:26:01,656.0,238543,9,658.5,61890,146904,0.23684009473603093,0
2023-07-28 11:26:01,656.0,238543,9,658.5,61893,146924,0.23684009473603093,0
2023-07-28 11:26:01,656.0,238543,1,658.5,61893,146924,0.23684009473603093,0
2023-07-28 11:26:10,656.45,238554,10,658.5,61892,146893,0.3056001222400489,0
2023-07-28 11:26:10,656.0,238554,10,658.5,61892,146893,0.23684009473603093,0
2023-07-28 11:26:11,656.0,238564,10,658.5,61882,146864,0.23684009473603093,0
2023-07-28 11:26:11,656.45,238564,27,658.5,61882,146864,0.3056001222400489,0
2023-07-28 11:26:14,656.45,238664,27,658.5,61882,146791,0.3056001222400489,0
2023-07-28 11:26:14,656.45,238664,27,658.5,61762,146598,0.3056001222400489,0
2023-07-28 11:26:14,656.0,238664,4,658.5,61762,146598,0.23684009473603093,0
2023-07-28 11:26:19,656.0,240361,106,658.48,60203,146936,0.23684009473603093,0
2023-07-28 11:26:20,656.0,240467,106,658.48,60248,146998,0.23684009473603093,0
2023-07-28 11:26:20,656.0,240467,106,658.48,60248,147048,0.23684009473603093,0
2023-07-28 11:26:20,656.05,240467,5,658.48,60248,147048,0.2444800977920252,0
2023-07-28 11:26:27,656.05,240472,5,658.48,60244,147027,0.2444800977920252,0
2023-07-28 11:26:29,655.55,241222,437,658.47,59578,147103,0.168080067232013,0
2023-07-28 11:26:29,655.55,241222,437,658.47,59455,147076,0.168080067232013,0
2023-07-28 11:26:29,655.55,241222,437,658.47,59455,147048,0.168080067232013,0
2023-07-28 11:26:29,655.55,241222,10,658.47,59455,147048,0.168080067232013,0
2023-07-28 11:26:29,656.55,241222,12,658.47,59455,147048,0.32088012835203744,0
2023-07-28 11:26:41,656.55,241732,12,658.46,60005,146424,0.32088012835203744,0
2023-07-28 11:26:41,655.7,241732,10,658.46,60005,146424,0.19100007640003056,0
2023-07-28 11:26:41,655.65,241732,6,658.46,60005,146424,0.1833600733440189,0
2023-07-28 11:26:44,655.65,241808,6,658.46,60285,146577,0.1833600733440189,0
2023-07-28 11:26:44,656.2,241808,9,658.46,60285,146577,0.26740010696004274,0
2023-07-28 11:26:46,656.2,241818,9,658.46,60366,146600,0.26740010696004274,0
2023-07-28 11:26:46,656.2,241818,9,658.46,60388,146607,0.26740010696004274,0
2023-07-28 11:26:46,656.2,241818,9,658.46,60415,146607,0.26740010696004274,0
2023-07-28 11:26:46,656.2,241818,9,658.46,60415,146607,0.26740010696004274,0
2023-07-28 11:26:46,656.0,241818,1,658.46,60607,146516,0.23684009473603093,0
2023-07-28 11:26:46,656.0,241818,5,658.46,60607,146516,0.23684009473603093,0
2023-07-28 11:27:08,656.0,241827,3,658.46,60651,146507,0.23684009473603093,0
2023-07-28 11:27:08,656.2,241827,1,658.46,60651,146507,0.26740010696004274,0
2023-07-28 11:27:08,656.2,241827,1,658.46,60651,146507,0.26740010696004274,0
2023-07-28 11:27:10,656.2,241830,1,658.46,60736,146480,0.26740010696004274,0
2023-07-28 11:27:10,656.2,241830,1,658.46,60788,146052,0.26740010696004274,0
2023-07-28 11:27:10,655.95,241830,1,658.46,60788,146052,0.22920009168003666,0
2023-07-28 11:27:16,655.95,241850,1,658.46,60970,146130,0.22920009168003666,0
2023-07-28 11:27:22,656.0,241914,39,658.46,60655,146500,0.23684009473603093,0
2023-07-28 11:27:22,656.4,241914,1,658.46,60655,146500,0.29796011918403725,0
2023-07-28 11:27:22,656.4,241915,1,658.46,60767,146559,0.29796011918403725,0
2023-07-28 11:27:22,656.4,241915,1,658.46,60770,146559,0.29796011918403725,0
2023-07-28 11:27:22,656.4,241915,1,658.46,60851,146613,0.29796011918403725,0
2023-07-28 11:27:22,656.4,241915,91,658.46,60851,146613,0.29796011918403725,0
2023-07-28 11:27:36,656.4,242015,91,658.46,60868,146492,0.29796011918403725,0
2023-07-28 11:27:36,656.4,242015,91,658.46,60869,146492,0.29796011918403725,0
2023-07-28 11:27:36,656.4,242015,91,658.46,60875,146492,0.29796011918403725,0
2023-07-28 11:27:36,656.05,242015,4,658.46,60875,146492,0.2444800977920252,0
2023-07-28 11:27:50,656.05,242019,4,658.46,60871,146492,0.2444800977920252,0
2023-07-28 11:27:50,656.05,242019,4,658.46,60891,146453,0.2444800977920252,0
2023-07-28 11:27:50,656.05,242019,4,658.46,60721,146343,0.2444800977920252,0
2023-07-28 11:27:50,656.05,242019,4,658.46,60721,146359,0.2444800977920252,0
2023-07-28 11:27:50,656.05,242019,4,658.46,60916,146362,0.2444800977920252,0
2023-07-28 11:27:50,656.55,242019,3,658.46,60916,146362,0.32088012835203744,0
2023-07-28 11:28:05,656.55,242034,3,658.46,61716,146417,0.32088012835203744,0
2023-07-28 11:28:05,656.55,242034,2,658.46,61716,146417,0.32088012835203744,0
2023-07-28 11:28:09,656.55,242036,2,658.46,61791,146450,0.32088012835203744,0
2023-07-28 11:28:17,656.55,242041,1,658.46,61791,146421,0.32088012835203744,0
2023-07-28 11:28:17,656.55,242041,1,658.46,61809,146406,0.32088012835203744,0
2023-07-28 11:28:17,656.55,242041,1,658.46,61866,146361,0.32088012835203744,0
2023-07-28 11:28:17,656.2,242041,2,658.46,62006,146361,0.26740010696004274,0
2023-07-28 11:28:17,656.55,242041,8,658.46,62006,146361,0.32088012835203744,0
2023-07-28 11:28:28,656.55,242051,8,658.46,62104,146353,0.32088012835203744,0
2023-07-28 11:28:28,656.55,242051,8,658.46,62061,146185,0.32088012835203744,0
2023-07-28 11:28:28,656.55,242051,8,658.46,62163,146185,0.32088012835203744,0
2023-07-28 11:28:28,656.55,242051,8,658.46,62168,146185,0.32088012835203744,0
2023-07-28 11:28:28,656.75,242051,10,658.46,62168,146185,0.3514401405760493,0
2023-07-28 11:28:40,656.75,242101,10,658.46,62327,146169,0.3514401405760493,0
2023-07-28 11:28:40,656.75,242101,10,658.46,62327,146217,0.3514401405760493,0
2023-07-28 11:28:40,656.7,242101,1,658.46,62327,146217,0.343800137520055,0
2023-07-28 11:28:52,656.7,242102,1,658.46,62328,146216,0.343800137520055,0
2023-07-28 11:28:52,656.7,242102,1,658.46,62328,146216,0.343800137520055,0
2023-07-28 11:28:52,656.7,242102,1,658.46,62328,146157,0.343800137520055,0
2023-07-28 11:28:52,656.7,242102,1,658.46,61848,146207,0.343800137520055,0
2023-07-28 11:28:52,656.7,242102,1,658.46,61972,146314,0.343800137520055,0
2023-07-28 11:28:52,656.7,242102,1,658.46,62027,146338,0.343800137520055,0
2023-07-28 11:28:52,656.7,242102,1,658.46,62027,146338,0.343800137520055,0
2023-07-28 11:29:14,656.7,242117,4,658.46,62077,146323,0.343800137520055,0
2023-07-28 11:29:14,656.7,242117,4,658.46,62098,146323,0.343800137520055,0
2023-07-28 11:29:14,656.7,242117,4,658.46,62098,146323,0.343800137520055,0
2023-07-28 11:29:21,656.7,242127,10,658.46,62098,146327,0.343800137520055,0
2023-07-28 11:29:29,656.1,242207,5,658.46,61727,146503,0.2521201008480368,0
2023-07-28 11:29:29,656.65,242207,10,658.46,61727,146503,0.33616013446404336,0
2023-07-28 11:29:31,656.15,242224,7,658.46,61873,146487,0.25976010390403115,0
2023-07-28 11:29:31,656.65,242224,10,658.46,61873,146487,0.33616013446404336,0
2023-07-28 11:29:34,656.65,242234,10,658.46,61957,146477,0.33616013446404336,0
2023-07-28 11:29:34,656.65,242234,19,658.46,61797,146392,0.33616013446404336,0
2023-07-28 11:29:37,656.65,242253,2,658.46,61797,146300,0.33616013446404336,0
2023-07-28 11:29:39,656.65,242255,2,658.46,61871,146240,0.33616013446404336,0
2023-07-28 11:29:39,656.65,242255,2,658.46,61912,146293,0.33616013446404336,0
2023-07-28 11:29:39,656.7,242255,1,658.46,61912,146293,0.343800137520055,0
2023-07-28 11:29:48,656.7,242290,3,658.46,61999,146290,0.343800137520055,0
2023-07-28 11:29:48,656.7,242290,3,658.46,62000,146290,0.343800137520055,0
2023-07-28 11:29:52,656.7,242295,5,658.46,62000,146293,0.343800137520055,0
2023-07-28 11:29:52,656.2,242295,5,658.46,62000,146293,0.26740010696004274,0
2023-07-28 11:29:55,656.2,242300,5,658.46,61995,146293,0.26740010696004274,0
2023-07-28 11:29:55,656.7,242300,5,658.46,61995,146293,0.343800137520055,0
2023-07-28 11:29:58,656.7,242305,5,658.46,62005,146236,0.343800137520055,0
2023-07-28 11:29:58,656.7,242305,5,658.46,62021,146236,0.343800137520055,0
2023-07-28 11:29:58,656.7,242305,5,658.46,62021,146254,0.343800137520055,0
2023-07-28 11:29:58,656.7,242305,5,658.46,62002,146304,0.343800137520055,0
2023-07-28 11:29:58,656.7,242305,5,658.46,62002,146303,0.343800137520055,0
2023-07-28 11:29:58,656.25,242305,10,658.46,62002,146303,0.27504011001603706,0
2023-07-28 11:30:18,656.25,242325,10,658.46,61993,146307,0.27504011001603706,0
2023-07-28 11:30:18,656.7,242325,3,658.46,61993,146307,0.343800137520055,0
2023-07-28 11:30:20,656.25,242328,2,658.46,61993,146316,0.27504011001603706,0
2023-07-28 11:30:22,656.25,242330,2,658.46,61991,146317,0.27504011001603706,0
2023-07-28 11:30:22,656.2,242330,57,658.46,61991,146317,0.26740010696004274,0
2023-07-28 11:30:28,656.2,242413,57,658.46,61864,146329,0.26740010696004274,0
2023-07-28 11:30:28,656.5,242413,2,658.46,61864,146329,0.31324012529604317,0
2023-07-28 11:30:28,656.25,242413,2,658.46,61864,146329,0.27504011001603706,0
2023-07-28 11:30:31,656.25,242417,2,658.46,61958,146362,0.27504011001603706,0
2023-07-28 11:30:31,656.1,242417,1,658.46,61958,146362,0.2521201008480368,0
2023-07-28 11:30:31,656.1,242417,1,658.46,61958,146362,0.2521201008480368,0
2023-07-28 11:30:34,656.55,242459,21,658.46,62050,146020,0.32088012835203744,0
2023-07-28 11:30:34,656.2,242459,10,658.46,62050,146078,0.26740010696004274,0
2023-07-28 11:30:34,656.75,242459,1,658.46,62050,146078,0.3514401405760493,0
2023-07-28 11:30:42,656.75,242470,1,658.46,62119,146077,0.3514401405760493,0
2023-07-28 11:30:42,656.75,242470,1,658.46,62093,146077,0.3514401405760493,0
2023-07-28 11:30:42,656.75,242470,1,658.46,62114,146087,0.3514401405760493,0
2023-07-28 11:30:49,656.25,242471,1,658.46,62113,146159,0.27504011001603706,0
2023-07-28 11:30:49,656.25,242471,1,658.46,62113,146194,0.27504011001603706,0
2023-07-28 11:30:49,656.25,242471,1,658.46,62113,146264,0.27504011001603706,0
2023-07-28 11:30:49,656.8,242471,8,658.46,62113,146264,0.35908014363204355,0
2023-07-28 11:30:49,656.25,242471,2,658.46,62113,146264,0.27504011001603706,0
2023-07-28 11:30:56,656.25,242513,2,658.46,62111,146240,0.27504011001603706,0
2023-07-28 11:30:59,656.25,242515,2,658.46,61940,146496,0.27504011001603706,0
2023-07-28 11:30:59,656.25,242515,2,658.46,61940,146493,0.27504011001603706,0
2023-07-28 11:30:59,656.25,242515,2,658.46,61950,146493,0.27504011001603706,0
2023-07-28 11:30:59,656.25,242515,1,658.46,61950,146493,0.27504011001603706,0
2023-07-28 11:31:05,656.25,242516,1,658.46,61895,146493,0.27504011001603706,0
2023-07-28 11:31:05,656.25,242516,1,658.46,62187,146493,0.27504011001603706,0
2023-07-28 11:31:05,656.25,242516,1,658.46,62144,146472,0.27504011001603706,0
2023-07-28 11:31:05,656.25,242516,16,658.46,62144,146472,0.27504011001603706,0
2023-07-28 11:31:18,656.25,242562,16,658.46,62207,146463,0.27504011001603706,0
2023-07-28 11:31:18,656.25,242562,16,658.46,62205,146463,0.27504011001603706,0
2023-07-28 11:31:18,656.25,242562,22,658.46,62205,146452,0.27504011001603706,0
2023-07-28 11:31:18,656.55,242562,1,658.46,62205,146452,0.32088012835203744,0
2023-07-28 11:31:33,656.55,242585,1,658.46,62183,146462,0.32088012835203744,0
2023-07-28 11:31:39,656.65,242600,1,658.46,62183,146364,0.33616013446404336,0
2023-07-28 11:31:39,656.25,242600,9,658.46,62183,146364,0.27504011001603706,0
2023-07-28 11:31:39,656.25,242609,7,658.46,62174,146354,0.27504011001603706,0
2023-07-28 11:31:39,656.25,242609,2,658.46,62174,146354,0.27504011001603706,0
2023-07-28 11:31:43,656.25,242634,2,658.46,62149,146361,0.27504011001603706,0
2023-07-28 11:31:43,656.25,242634,2,658.46,62151,146354,0.27504011001603706,0
2023-07-28 11:31:43,656.25,242634,2,658.46,62151,146354,0.27504011001603706,0
2023-07-28 11:31:50,656.25,242636,2,658.46,62149,146361,0.27504011001603706,0
2023-07-28 11:31:50,656.15,242636,52,658.46,62149,146361,0.25976010390403115,0
2023-07-28 11:31:51,656.15,242736,52,658.46,61910,146426,0.25976010390403115,0
2023-07-28 11:31:51,656.15,242736,52,658.46,62010,146426,0.25976010390403115,0
2023-07-28 11:31:51,656.15,242736,52,658.46,62010,146426,0.25976010390403115,0
2023-07-28 11:31:51,656.15,242736,52,658.46,62010,146426,0.25976010390403115,0
2023-07-28 11:32:09,656.15,242756,20,658.46,62080,146397,0.25976010390403115,0
2023-07-28 11:32:09,656.15,242756,1,658.46,62080,146397,0.25976010390403115,0
2023-07-28 11:32:10,656.15,242757,1,658.46,62079,146404,0.25976010390403115,0
2023-07-28 11:32:10,656.15,242757,1,658.46,62134,146404,0.25976010390403115,0
2023-07-28 11:32:10,656.2,242757,21,658.46,62684,146404,0.26740010696004274,0
2023-07-28 11:32:21,656.2,242778,21,658.46,62592,146404,0.26740010696004274,0
2023-07-28 11:32:21,656.2,242778,21,658.46,62592,146404,0.26740010696004274,0
2023-07-28 11:32:21,656.1,242778,1,658.46,62592,146404,0.2521201008480368,0
2023-07-28 11:32:21,656.1,242778,1,658.46,62592,146404,0.2521201008480368,0
2023-07-28 11:32:26,656.1,242924,1,658.45,62283,146434,0.2521201008480368,0
2023-07-28 11:32:26,656.1,242924,1,658.45,62234,146435,0.2521201008480368,0
2023-07-28 11:32:26,656.1,242924,1,658.45,62239,146451,0.2521201008480368,0
2023-07-28 11:32:26,656.1,242924,1,658.45,62239,146486,0.2521201008480368,0
2023-07-28 11:32:26,656.1,242924,1,658.45,62249,146486,0.2521201008480368,0
2023-07-28 11:32:26,656.1,242924,1,658.45,62249,146486,0.2521201008480368,0
2023-07-28 11:32:51,656.1,242939,1,658.45,62234,146488,0.2521201008480368,0
2023-07-28 11:32:51,656.1,242939,1,658.45,62257,146510,0.2521201008480368,0
2023-07-28 11:32:51,656.1,242939,1,658.45,62242,146506,0.2521201008480368,0
2023-07-28 11:32:51,656.1,242939,1,658.45,62274,146506,0.2521201008480368,0
2023-07-28 11:32:51,656.55,242939,6,658.45,62274,146506,0.32088012835203744,0
2023-07-28 11:33:00,656.55,242945,6,658.45,62275,146499,0.32088012835203744,0
2023-07-28 11:33:00,656.55,242945,6,658.45,62275,146498,0.32088012835203744,0
