2023-07-28 10:49:29,411.2,490101,8,409.58,161761,329278,0.9079754601226966,0
2023-07-28 10:49:14,411.2,490039,8,409.58,161661,329584,0.9079754601226966,0
2023-07-28 10:49:29,411.2,490101,8,409.58,162931,329318,0.9079754601226966,0
2023-07-28 10:49:29,411.2,490101,191,409.58,162931,329318,0.9079754601226966,0
2023-07-28 10:49:33,411.2,490344,191,409.58,161727,329267,0.9079754601226966,0
2023-07-28 10:49:33,411.2,490344,191,409.58,161753,329335,0.9079754601226966,0
2023-07-28 10:49:33,411.1,490344,1,409.58,161753,329335,0.8834355828220914,0
2023-07-28 10:49:40,411.0,490353,3,409.58,161719,329389,0.8588957055214724,0
2023-07-28 10:49:40,411.15,490353,2,409.58,161719,330108,0.895705521472387,0
2023-07-28 10:49:40,411.2,490353,1,409.58,161719,330108,0.9079754601226966,0
2023-07-28 10:49:44,411.2,490356,1,409.58,161884,330128,0.9079754601226966,0
2023-07-28 10:49:44,411.2,490356,1,409.58,161884,330031,0.9079754601226966,0
2023-07-28 10:49:44,411.0,490356,97,409.58,161884,330031,0.8588957055214724,0
2023-07-28 10:49:50,411.0,490454,97,409.58,161103,329415,0.8588957055214724,0
2023-07-28 10:49:50,411.0,490454,59,409.58,161103,329415,0.8588957055214724,0
2023-07-28 10:49:50,411.0,490454,3,409.58,161103,329415,0.8588957055214724,0
2023-07-28 10:49:53,411.0,490541,3,409.58,161073,329353,0.8588957055214724,0
2023-07-28 10:49:53,411.0,490541,1,409.58,161073,329353,0.8588957055214724,0
2023-07-28 10:49:56,411.0,490542,1,409.58,161221,329352,0.8588957055214724,0
2023-07-28 10:49:56,411.0,490542,1,409.58,161212,329362,0.8588957055214724,0
2023-07-28 10:49:56,410.85,490542,1,409.58,161212,329362,0.8220858895705577,0
2023-07-28 10:49:59,410.85,490543,1,409.58,161470,329432,0.8220858895705577,0
2023-07-28 10:49:59,411.0,490543,4,409.58,161470,329432,0.8588957055214724,0
2023-07-28 10:50:02,411.0,490547,4,409.58,161871,329428,0.8588957055214724,0
2023-07-28 10:50:02,411.0,490547,4,409.58,161584,329438,0.8588957055214724,0
2023-07-28 10:50:02,410.8,490547,1,409.58,161584,329438,0.8098159509202482,0
2023-07-28 10:50:08,410.8,490548,1,409.58,162509,329443,0.8098159509202482,0
2023-07-28 10:50:08,410.8,490548,1,409.58,162535,329443,0.8098159509202482,0
2023-07-28 10:50:08,410.8,490548,29,409.58,162535,329443,0.8098159509202482,0
2023-07-28 10:50:17,410.8,490577,29,409.58,162507,329443,0.8098159509202482,0
2023-07-28 10:50:17,410.8,490577,1,409.58,162507,329443,0.8098159509202482,0
2023-07-28 10:50:17,410.8,490577,2,409.58,162507,329443,0.8098159509202482,0
2023-07-28 10:50:20,410.75,490639,4,409.58,161427,330830,0.7975460122699386,0
2023-07-28 10:50:20,410.75,490639,271,409.58,161427,330830,0.7975460122699386,0
2023-07-28 10:50:22,410.75,490910,271,409.58,160874,329677,0.7975460122699386,0
2023-07-28 10:50:22,410.75,490910,26,409.58,160874,329677,0.7975460122699386,0
2023-07-28 10:50:26,410.8,491038,100,409.58,161261,329661,0.8098159509202482,0
2023-07-28 10:50:26,410.8,491038,100,409.58,161261,329661,0.8098159509202482,0
2023-07-28 10:50:26,410.8,491038,100,409.58,161262,330149,0.8098159509202482,0
2023-07-28 10:50:26,410.8,491038,7,409.58,161262,330149,0.8098159509202482,0
2023-07-28 10:50:31,410.8,491045,7,409.58,161269,329277,0.8098159509202482,0
2023-07-28 10:50:31,411.0,491045,3,409.58,161269,329277,0.8588957055214724,0
2023-07-28 10:50:33,411.0,491048,3,409.58,161269,329923,0.8588957055214724,0
2023-07-28 10:50:33,411.0,491048,3,409.58,161269,330050,0.8588957055214724,0
2023-07-28 10:50:33,411.0,491048,3,409.58,162895,330045,0.8588957055214724,0
2023-07-28 10:50:33,411.0,491048,65,409.58,162895,330045,0.8588957055214724,0
2023-07-28 10:50:42,411.0,491158,65,409.58,161499,329996,0.8588957055214724,0
2023-07-28 10:50:42,411.0,491158,50,409.58,161499,329996,0.8588957055214724,0
2023-07-28 10:50:44,411.0,491208,50,409.58,161855,329892,0.8588957055214724,0
2023-07-28 10:50:44,411.0,491208,2,409.58,161855,329892,0.8588957055214724,0
2023-07-28 10:50:44,411.0,491208,5,409.58,161855,329892,0.8588957055214724,0
2023-07-28 10:50:47,411.0,491215,5,409.59,162227,329885,0.8588957055214724,0
2023-07-28 10:50:47,411.0,491215,5,409.59,162227,329885,0.8588957055214724,0
2023-07-28 10:50:50,411.0,491226,5,409.59,162246,329875,0.8588957055214724,0
2023-07-28 10:50:50,411.0,491226,6,409.59,162246,329875,0.8588957055214724,0
2023-07-28 10:50:53,411.0,491236,6,409.59,162462,329910,0.8588957055214724,0
2023-07-28 10:50:53,411.0,491236,20,409.59,161704,330243,0.8588957055214724,0
2023-07-28 10:50:58,411.0,491256,20,409.59,162091,329857,0.8588957055214724,0
2023-07-28 10:50:58,411.0,491256,20,409.59,162002,329857,0.8588957055214724,0
2023-07-28 10:50:58,411.0,491256,20,409.59,161654,330142,0.8588957055214724,0
2023-07-28 10:50:58,411.0,491256,20,409.59,161654,329782,0.8588957055214724,0
2023-07-28 10:50:58,411.0,491256,20,409.59,161654,330071,0.8588957055214724,0
2023-07-28 10:50:58,411.0,491256,20,409.59,161654,330071,0.8588957055214724,0
2023-07-28 10:51:12,411.0,491276,20,409.59,161654,330304,0.8588957055214724,0
2023-07-28 10:51:12,411.0,491276,20,409.59,161654,329907,0.8588957055214724,0
2023-07-28 10:51:12,411.0,491276,1,409.59,161654,329907,0.8588957055214724,0
2023-07-28 10:51:19,411.0,491406,100,409.59,161654,330013,0.8588957055214724,0
2023-07-28 10:51:21,411.0,491435,29,409.59,161661,330399,0.8588957055214724,0
2023-07-28 10:51:21,411.0,491435,29,409.59,161673,330449,0.8588957055214724,0
2023-07-28 10:51:21,411.0,491435,29,409.59,161669,330432,0.8588957055214724,0
2023-07-28 10:51:21,411.0,491435,29,409.59,161669,330447,0.8588957055214724,0
2023-07-28 10:51:21,411.0,491435,29,409.59,161669,330844,0.8588957055214724,0
2023-07-28 10:51:35,411.0,491440,5,409.59,161672,330116,0.8588957055214724,0
2023-07-28 10:51:35,411.0,491440,5,409.59,162024,330099,0.8588957055214724,0
2023-07-28 10:51:35,411.0,491440,5,409.59,161709,330099,0.8588957055214724,0
2023-07-28 10:51:35,410.8,491440,10,409.59,161709,330099,0.8098159509202482,0
2023-07-28 10:51:35,411.0,491440,1,409.59,161709,330099,0.8588957055214724,0
2023-07-28 10:51:40,411.0,491451,1,409.59,161699,331221,0.8588957055214724,0
2023-07-28 10:51:40,411.0,491451,10,409.59,161699,331221,0.8588957055214724,0
2023-07-28 10:51:40,411.0,491451,65,409.59,161699,331221,0.8588957055214724,0
2023-07-28 10:51:43,411.0,491561,15,409.59,161732,331989,0.8588957055214724,0
2023-07-28 10:51:45,411.0,491576,15,409.59,162377,330132,0.8588957055214724,0
2023-07-28 10:51:45,411.0,491576,15,409.59,162127,330152,0.8588957055214724,0
2023-07-28 10:51:45,410.8,491576,5,409.59,162127,330152,0.8098159509202482,0
2023-07-28 10:51:50,410.8,491581,5,409.59,162465,330414,0.8098159509202482,0
2023-07-28 10:51:50,410.8,491581,5,409.59,163165,330456,0.8098159509202482,0
2023-07-28 10:51:50,411.0,491581,1,409.59,163165,330456,0.8588957055214724,0
2023-07-28 10:51:50,410.8,491581,15,409.59,163165,330456,0.8098159509202482,0
2023-07-28 10:51:57,410.8,491597,15,409.59,161671,331182,0.8098159509202482,0
2023-07-28 10:51:57,410.8,491597,15,409.59,163552,330486,0.8098159509202482,0
2023-07-28 10:51:57,411.0,491597,54,409.59,163552,330486,0.8588957055214724,0
2023-07-28 10:52:02,411.0,491697,54,409.59,161598,330542,0.8588957055214724,0
2023-07-28 10:52:02,411.0,491697,1,409.59,161598,330542,0.8588957055214724,0
2023-07-28 10:52:02,411.0,491697,36,409.59,161598,330542,0.8588957055214724,0
2023-07-28 10:52:05,410.85,491749,15,409.59,161784,330345,0.8220858895705577,0
2023-07-28 10:52:05,410.85,491749,15,409.59,162005,330345,0.8220858895705577,0
2023-07-28 10:52:11,411.0,491759,10,409.59,162520,330435,0.8588957055214724,0
2023-07-28 10:52:11,411.0,491759,10,409.59,163094,330435,0.8588957055214724,0
2023-07-28 10:52:11,411.0,491759,10,409.59,163552,330435,0.8588957055214724,0
2023-07-28 10:52:11,411.0,491759,10,409.59,163894,330435,0.8588957055214724,0
2023-07-28 10:52:11,411.0,491759,10,409.59,164190,330435,0.8588957055214724,0
2023-07-28 10:52:11,411.0,491759,1,409.59,164190,330435,0.8588957055214724,0
2023-07-28 10:52:23,411.0,491760,1,409.59,164157,330434,0.8588957055214724,0
2023-07-28 10:52:23,411.0,491760,25,409.59,164157,330434,0.8588957055214724,0
2023-07-28 10:52:25,411.0,491785,25,409.59,164134,330693,0.8588957055214724,0
2023-07-28 10:52:25,411.0,491785,25,409.59,162730,330813,0.8588957055214724,0
2023-07-28 10:52:25,411.0,491785,25,409.59,162429,331167,0.8588957055214724,0
2023-07-28 10:52:25,411.0,491785,25,409.59,162798,330427,0.8588957055214724,0
2023-07-28 10:52:45,410.85,491787,5,409.59,162729,331076,0.8220858895705577,0
2023-07-28 10:52:45,411.0,491787,57,409.59,162729,331076,0.8588957055214724,0
2023-07-28 10:52:46,411.0,491922,57,409.59,163122,331193,0.8588957055214724,0
2023-07-28 10:52:46,411.0,491922,57,409.59,163477,331254,0.8588957055214724,0
2023-07-28 10:52:46,411.0,491922,57,409.59,163580,331254,0.8588957055214724,0
2023-07-28 10:52:46,411.0,491922,1,409.59,163580,331254,0.8588957055214724,0
2023-07-28 10:52:55,411.0,491923,1,409.59,163436,331254,0.8588957055214724,0
2023-07-28 10:52:55,411.0,491923,100,409.59,163436,331254,0.8588957055214724,0
2023-07-28 10:52:58,411.0,492023,100,409.59,163336,331417,0.8588957055214724,0
2023-07-28 10:53:00,411.1,492123,100,409.59,163331,331382,0.8834355828220914,0
2023-07-28 10:53:00,411.0,492123,50,409.59,163331,331382,0.8588957055214724,0
2023-07-28 10:53:03,411.0,492173,50,409.59,163091,331382,0.8588957055214724,0
2023-07-28 10:53:03,411.0,492173,67,409.59,163091,331382,0.8588957055214724,0
2023-07-28 10:53:03,411.0,492173,13,409.59,163091,331382,0.8588957055214724,0
2023-07-28 10:53:06,411.0,492253,13,409.59,163150,331724,0.8588957055214724,0
2023-07-28 10:53:06,411.0,492253,199,409.59,164201,331947,0.8588957055214724,0
2023-07-28 10:53:13,411.1,492479,26,409.59,164379,332062,0.8834355828220914,0
2023-07-28 10:53:13,411.0,492479,1,409.59,164379,332062,0.8588957055214724,0
2023-07-28 10:53:14,411.0,492480,1,409.59,164456,332161,0.8588957055214724,0
2023-07-28 10:53:14,410.8,492480,11,409.59,164456,332161,0.8098159509202482,0
2023-07-28 10:53:18,410.8,492504,10,409.59,164493,332161,0.8098159509202482,0
2023-07-28 10:53:18,410.8,492504,10,409.59,164409,332161,0.8098159509202482,0
2023-07-28 10:53:18,410.8,492504,10,409.59,164409,332561,0.8098159509202482,0
2023-07-28 10:53:18,410.8,492504,10,409.59,164382,333047,0.8098159509202482,0
2023-07-28 10:53:18,411.0,492504,100,409.59,164382,333047,0.8588957055214724,0
2023-07-28 10:53:18,411.0,492504,80,409.59,164382,333047,0.8588957055214724,0
2023-07-28 10:53:32,411.0,492684,80,409.59,163225,332967,0.8588957055214724,0
2023-07-28 10:53:32,411.0,492684,115,409.59,163225,332967,0.8588957055214724,0
2023-07-28 10:53:35,411.0,492799,115,409.59,162478,332827,0.8588957055214724,0
2023-07-28 10:53:35,410.75,492799,128,409.59,162478,332827,0.7975460122699386,0
2023-07-28 10:53:38,410.75,492999,128,409.59,161893,332955,0.7975460122699386,0
2023-07-28 10:53:38,410.75,492999,128,409.59,162295,332975,0.7975460122699386,0
2023-07-28 10:53:38,410.75,492999,128,409.59,162263,332975,0.7975460122699386,0
2023-07-28 10:53:38,411.0,492999,14,409.59,162263,332975,0.8588957055214724,0
2023-07-28 10:53:47,411.0,493039,14,409.59,162063,333275,0.8588957055214724,0
2023-07-28 10:53:47,411.0,493039,14,409.59,162138,333275,0.8588957055214724,0
2023-07-28 10:53:47,411.0,493039,14,409.59,162138,333275,0.8588957055214724,0
2023-07-28 10:53:47,411.0,493039,14,409.59,162138,333292,0.8588957055214724,0
2023-07-28 10:53:47,411.0,493039,14,409.59,162138,333664,0.8588957055214724,0
2023-07-28 10:53:47,411.0,493039,14,409.59,162188,333689,0.8588957055214724,0
2023-07-28 10:53:47,410.95,493039,3,409.59,162188,333689,0.8466257668711629,0
2023-07-28 10:54:06,410.95,493044,2,409.59,162188,333339,0.8466257668711629,0
2023-07-28 10:54:06,410.95,493044,2,409.59,162213,336154,0.8466257668711629,0
2023-07-28 10:54:06,410.95,493044,2,409.59,162022,336158,0.8466257668711629,0
2023-07-28 10:54:06,411.2,493044,17,409.59,162022,336158,0.9079754601226966,0
2023-07-28 10:54:12,411.2,493544,17,409.59,162524,335453,0.9079754601226966,0
2023-07-28 10:54:12,411.0,493544,5,409.59,162524,335453,0.8588957055214724,0
2023-07-28 10:54:15,411.0,493549,5,409.59,163878,335099,0.8588957055214724,0
2023-07-28 10:54:15,410.9,493549,15,409.59,163878,335099,0.8343558282208533,0
2023-07-28 10:54:18,410.9,493565,1,409.59,165091,335149,0.8343558282208533,0
2023-07-28 10:54:18,410.9,493565,1,409.59,165093,335623,0.8343558282208533,0
2023-07-28 10:54:18,410.9,493565,1,409.59,165118,335643,0.8343558282208533,0
2023-07-28 10:54:18,411.15,493565,10,409.59,165118,335643,0.895705521472387,0
2023-07-28 10:54:26,411.15,493585,10,409.59,165074,335623,0.895705521472387,0
2023-07-28 10:54:26,411.15,493585,3,409.59,165074,335623,0.895705521472387,0
2023-07-28 10:54:29,411.15,493588,3,409.59,163232,335620,0.895705521472387,0
2023-07-28 10:54:29,411.15,493588,3,409.59,164003,335620,0.895705521472387,0
2023-07-28 10:54:29,411.0,493588,30,409.59,164003,335620,0.8588957055214724,0
2023-07-28 10:54:32,411.0,493618,30,409.59,164557,335621,0.8588957055214724,0
2023-07-28 10:54:37,411.0,493626,8,409.59,164933,335846,0.8588957055214724,0
2023-07-28 10:54:40,411.0,493676,50,409.59,164674,335866,0.8588957055214724,0
2023-07-28 10:54:40,410.85,493676,19,409.59,164674,335866,0.8220858895705577,0
2023-07-28 10:54:41,410.85,493696,19,409.59,164699,335978,0.8220858895705577,0
2023-07-28 10:54:41,410.85,493696,10,409.59,164707,335978,0.8220858895705577,0
2023-07-28 10:54:41,411.0,493696,100,409.59,164707,335978,0.8588957055214724,0
2023-07-28 10:54:47,411.0,493806,100,409.59,164617,335727,0.8588957055214724,0
2023-07-28 10:54:47,410.85,493806,23,409.59,164617,335727,0.8220858895705577,0
2023-07-28 10:54:49,410.85,493829,23,409.59,164732,335966,0.8220858895705577,0
2023-07-28 10:54:49,410.85,493829,23,409.59,164529,335968,0.8220858895705577,0
2023-07-28 10:54:49,410.85,493829,23,409.59,164709,335968,0.8220858895705577,0
2023-07-28 10:54:49,410.85,493829,23,409.59,162905,335890,0.8220858895705577,0
2023-07-28 10:54:49,410.85,493829,23,409.59,163111,336100,0.8220858895705577,0
2023-07-28 10:54:49,410.85,493829,23,409.59,163566,336300,0.8220858895705577,0
2023-07-28 10:54:49,410.85,493829,23,409.59,164322,336280,0.8220858895705577,0
2023-07-28 10:54:49,410.85,493829,23,409.59,164328,336280,0.8220858895705577,0
2023-07-28 10:54:49,411.0,493829,17,409.59,164328,336280,0.8588957055214724,0
2023-07-28 10:55:10,411.0,493846,17,409.59,164231,336263,0.8588957055214724,0
2023-07-28 10:55:10,411.0,493846,17,409.59,164295,336275,0.8588957055214724,0
2023-07-28 10:55:10,411.0,493846,10,409.59,164295,336275,0.8588957055214724,0
2023-07-28 10:55:17,410.85,493879,18,409.59,164099,336305,0.8220858895705577,0
2023-07-28 10:55:17,410.85,493879,18,409.59,164099,336305,0.8220858895705577,0
2023-07-28 10:55:17,410.85,493879,18,409.59,164167,336335,0.8220858895705577,0
2023-07-28 10:55:17,410.85,493879,18,409.59,163770,336449,0.8220858895705577,0
2023-07-28 10:55:17,410.85,493879,18,409.59,163814,336699,0.8220858895705577,0
2023-07-28 10:55:17,411.0,493879,1,409.59,163814,336699,0.8588957055214724,0
2023-07-28 10:55:28,411.0,493880,1,409.59,163792,336813,0.8588957055214724,0
2023-07-28 10:55:28,411.0,493880,1,409.59,163815,336813,0.8588957055214724,0
2023-07-28 10:55:28,411.0,493880,1,409.59,163797,336841,0.8588957055214724,0
2023-07-28 10:55:28,411.0,493880,1,409.59,163812,336841,0.8588957055214724,0
2023-07-28 10:55:38,410.75,493905,25,409.59,164160,336816,0.7975460122699386,0
2023-07-28 10:55:38,410.75,493905,25,409.59,164160,336819,0.7975460122699386,0
2023-07-28 10:55:38,410.75,493905,25,409.59,164029,336769,0.7975460122699386,0
2023-07-28 10:55:38,410.75,493905,25,409.59,164452,336769,0.7975460122699386,0
2023-07-28 10:55:38,410.8,493905,144,409.59,164452,336769,0.8098159509202482,0
2023-07-28 10:55:50,410.8,494049,144,409.59,164468,336685,0.8098159509202482,0
2023-07-28 10:55:50,410.8,494049,144,409.59,164427,336572,0.8098159509202482,0
2023-07-28 10:55:50,410.8,494049,144,409.59,164507,336572,0.8098159509202482,0
2023-07-28 10:55:50,410.8,494049,30,409.59,164507,336572,0.8098159509202482,0
2023-07-28 10:55:58,410.8,494079,30,409.59,164558,336622,0.8098159509202482,0
2023-07-28 10:55:58,410.8,494079,85,409.59,164558,336622,0.8098159509202482,0
2023-07-28 10:56:01,410.8,494165,85,409.59,164572,336719,0.8098159509202482,0
2023-07-28 10:56:01,411.0,494165,2,409.59,164572,336719,0.8588957055214724,0
2023-07-28 10:56:01,411.0,494165,4,409.59,164572,336719,0.8588957055214724,0
2023-07-28 10:56:05,411.0,494187,4,409.59,164572,336697,0.8588957055214724,0
2023-07-28 10:56:05,411.0,494187,4,409.59,164572,336697,0.8588957055214724,0
2023-07-28 10:56:06,411.0,494191,4,409.59,164558,336693,0.8588957055214724,0
2023-07-28 10:56:06,410.95,494191,6,409.59,164558,336693,0.8466257668711629,0
2023-07-28 10:56:06,410.75,494191,50,409.59,164558,336693,0.7975460122699386,0
2023-07-28 10:56:10,410.75,494250,50,409.59,164154,336691,0.7975460122699386,0
2023-07-28 10:56:10,410.75,494250,50,409.59,164490,336688,0.7975460122699386,0
2023-07-28 10:56:10,411.0,494250,1,409.59,164490,336688,0.8588957055214724,0
2023-07-28 10:56:15,411.0,494251,1,409.59,164583,336687,0.8588957055214724,0
2023-07-28 10:56:15,411.0,494251,1,409.59,164667,336687,0.8588957055214724,0
2023-07-28 10:56:15,411.0,494251,1,409.59,163101,336687,0.8588957055214724,0
2023-07-28 10:56:15,411.0,494251,1,409.59,163461,336687,0.8588957055214724,0
2023-07-28 10:56:15,411.0,494251,1,409.59,162843,336724,0.8588957055214724,0
2023-07-28 10:56:15,411.0,494251,30,409.59,162843,336724,0.8588957055214724,0
2023-07-28 10:56:29,411.0,494281,30,409.59,163063,336694,0.8588957055214724,0
2023-07-28 10:56:29,410.75,494281,14,409.59,163063,336694,0.7975460122699386,0
2023-07-28 10:56:32,410.75,494336,14,409.59,163045,336696,0.7975460122699386,0
2023-07-28 10:56:32,410.75,494336,5,409.59,163045,336696,0.7975460122699386,0
2023-07-28 10:56:34,410.75,494341,5,409.59,163456,336694,0.7975460122699386,0
2023-07-28 10:56:34,410.8,494341,7,409.59,163456,336694,0.8098159509202482,0
2023-07-28 10:56:34,410.55,494341,57,409.59,163456,336694,0.7484662576687144,0
2023-07-28 10:56:37,410.55,494940,57,409.6,162537,337149,0.7484662576687144,0
2023-07-28 10:56:37,410.55,494940,57,409.6,161987,337311,0.7484662576687144,0
2023-07-28 10:56:37,410.55,494940,57,409.6,161987,337311,0.7484662576687144,0
2023-07-28 10:56:37,410.3,494940,46,409.6,161987,337311,0.6871165644171807,0
2023-07-28 10:56:37,410.1,494940,1,409.6,161987,337311,0.6380368098159565,0
2023-07-28 10:56:46,410.1,495174,1,409.6,162599,338401,0.6380368098159565,0
2023-07-28 10:56:46,410.1,495174,1,409.6,163500,338285,0.6380368098159565,0
2023-07-28 10:56:46,410.5,495174,1,409.6,163500,338285,0.7361963190184049,0
2023-07-28 10:56:50,410.5,495175,1,409.6,162717,338745,0.7361963190184049,0
2023-07-28 10:56:50,410.65,495175,9,409.6,162717,338745,0.7730061349693196,0
2023-07-28 10:56:50,410.8,495175,5,409.6,162717,338745,0.8098159509202482,0
2023-07-28 10:56:54,410.8,495190,5,409.6,163054,338206,0.8098159509202482,0
2023-07-28 10:56:54,410.5,495190,9,409.6,163054,338206,0.7361963190184049,0
2023-07-28 10:56:56,410.5,495199,9,409.6,163147,338045,0.7361963190184049,0
2023-07-28 10:56:56,410.5,495199,9,409.6,163540,338376,0.7361963190184049,0
2023-07-28 10:56:56,410.5,495199,9,409.6,164485,338376,0.7361963190184049,0
2023-07-28 10:56:56,410.5,495199,9,409.6,164800,338376,0.7361963190184049,0
2023-07-28 10:56:56,410.5,495199,3,409.6,164800,338376,0.7361963190184049,0
2023-07-28 10:57:07,410.5,495202,3,409.6,164817,338671,0.7361963190184049,0
2023-07-28 10:57:07,410.5,495202,3,409.6,164817,338671,0.7361963190184049,0
2023-07-28 10:57:10,410.5,495205,3,409.6,164050,338668,0.7361963190184049,0
2023-07-28 10:57:10,410.5,495205,14,409.6,164050,338668,0.7361963190184049,0
2023-07-28 10:57:10,410.5,495205,5,409.6,164050,338668,0.7361963190184049,0
2023-07-28 10:57:14,410.2,495350,75,409.6,161988,339564,0.6625766871165616,0
2023-07-28 10:57:14,410.5,495350,5,409.6,161988,339564,0.7361963190184049,0
2023-07-28 10:57:15,410.5,495572,5,409.6,161602,338998,0.7361963190184049,0
2023-07-28 10:57:19,410.45,495592,20,409.6,163085,339327,0.7239263803680954,0
2023-07-28 10:57:19,410.45,495592,20,409.6,162959,339552,0.7239263803680954,0
2023-07-28 10:57:19,410.45,495592,20,409.6,162853,340151,0.7239263803680954,0
2023-07-28 10:57:28,410.2,495602,10,409.6,162846,340159,0.6625766871165616,0
2023-07-28 10:57:28,410.2,495602,10,409.6,162846,340116,0.6625766871165616,0
2023-07-28 10:57:28,410.5,495602,300,409.6,162846,340116,0.7361963190184049,0
2023-07-28 10:57:28,410.2,495602,200,409.6,162846,340116,0.6625766871165616,0
2023-07-28 10:57:33,410.2,496202,100,409.6,162390,340238,0.6625766871165616,0
2023-07-28 10:57:33,410.2,496202,100,409.6,162577,340238,0.6625766871165616,0
2023-07-28 10:57:33,410.2,496202,100,409.6,162612,340177,0.6625766871165616,0
2023-07-28 10:57:33,410.2,496202,100,409.6,162703,340177,0.6625766871165616,0
2023-07-28 10:57:45,410.5,496211,9,409.6,162500,339843,0.7361963190184049,0
2023-07-28 10:57:45,410.5,496211,9,409.6,162500,339615,0.7361963190184049,0
2023-07-28 10:57:45,410.5,496211,9,409.6,162800,339435,0.7361963190184049,0
2023-07-28 10:57:45,410.2,496211,165,409.6,162924,339435,0.6625766871165616,0
2023-07-28 10:57:55,410.5,496395,19,409.6,162726,339441,0.7361963190184049,0
2023-07-28 10:57:55,410.5,496395,19,409.6,162726,339441,0.7361963190184049,0
2023-07-28 10:57:55,410.2,496395,28,409.6,162726,339441,0.6625766871165616,0
2023-07-28 10:57:56,410.2,496423,28,409.6,162785,339441,0.6625766871165616,0
2023-07-28 10:58:01,410.65,496526,45,409.6,163522,338955,0.7730061349693196,0
2023-07-28 10:58:01,410.65,496526,45,409.6,163547,340070,0.7730061349693196,0
2023-07-28 10:58:01,410.5,496526,48,409.6,163547,340070,0.7361963190184049,0
2023-07-28 10:58:05,410.5,496574,48,409.6,163616,340241,0.7361963190184049,0
2023-07-28 10:58:05,410.65,496574,1,409.6,163616,340241,0.7730061349693196,0
2023-07-28 10:58:07,410.65,496576,1,409.6,163597,340292,0.7730061349693196,0
2023-07-28 10:58:07,410.65,496576,1,409.6,163634,340292,0.7730061349693196,0
2023-07-28 10:58:07,410.25,496576,50,409.6,163634,340292,0.6748466257668712,0
2023-07-28 10:58:13,410.25,496626,50,409.6,163729,340331,0.6748466257668712,0
2023-07-28 10:58:13,410.25,496626,50,409.6,162272,340336,0.6748466257668712,0
2023-07-28 10:58:22,410.25,496726,46,409.6,162479,340532,0.6748466257668712,0
2023-07-28 10:58:22,410.25,496726,50,409.6,162479,340532,0.6748466257668712,0
2023-07-28 10:58:22,410.25,496776,50,409.6,162359,340587,0.6748466257668712,0
2023-07-28 10:58:22,410.25,496776,50,409.6,162305,340586,0.6748466257668712,0
2023-07-28 10:58:22,410.25,496776,50,409.6,163389,340586,0.6748466257668712,0
2023-07-28 10:58:32,410.2,496976,45,409.6,163209,340586,0.6625766871165616,0
2023-07-28 10:58:32,410.2,496976,5,409.6,163209,340586,0.6625766871165616,0
2023-07-28 10:58:34,410.2,496981,5,409.6,163209,340581,0.6625766871165616,0
2023-07-28 10:58:34,410.2,496981,5,409.6,163199,340581,0.6625766871165616,0
2023-07-28 10:58:34,410.2,496981,5,409.6,163211,340611,0.6625766871165616,0
2023-07-28 10:58:34,410.2,496981,5,409.6,163281,340611,0.6625766871165616,0
2023-07-28 10:58:34,410.2,496981,5,409.6,163254,340612,0.6625766871165616,0
2023-07-28 10:58:34,410.2,496981,5,409.6,163287,340612,0.6625766871165616,0
2023-07-28 10:58:34,410.2,496981,5,409.6,163346,340651,0.6625766871165616,0
2023-07-28 10:58:34,410.2,496981,5,409.6,163369,340651,0.6625766871165616,0
2023-07-28 10:58:34,410.2,496981,5,409.6,163388,340651,0.6625766871165616,0
2023-07-28 10:58:34,410.2,496981,83,409.6,163388,340651,0.6625766871165616,0
2023-07-28 10:59:01,410.2,497076,83,409.6,163286,340651,0.6625766871165616,0
2023-07-28 10:59:01,410.5,497076,20,409.6,163286,340651,0.7361963190184049,0
2023-07-28 10:59:03,410.5,497096,20,409.6,163566,340563,0.7361963190184049,0
2023-07-28 10:59:03,410.5,497096,20,409.6,163513,340708,0.7361963190184049,0
2023-07-28 10:59:03,410.5,497096,20,409.6,162983,340747,0.7361963190184049,0
2023-07-28 10:59:03,410.5,497096,20,409.6,162977,340948,0.7361963190184049,0
2023-07-28 10:59:03,410.5,497096,20,409.6,163065,340948,0.7361963190184049,0
2023-07-28 10:59:03,410.5,497096,20,409.6,163070,341168,0.7361963190184049,0
2023-07-28 10:59:03,410.2,497096,2,409.6,163070,341168,0.6625766871165616,0
2023-07-28 10:59:18,410.2,497098,2,409.6,163058,341171,0.6625766871165616,0
2023-07-28 10:59:18,410.2,497098,2,409.6,163058,341173,0.6625766871165616,0
2023-07-28 10:59:18,410.2,497098,2,409.6,162995,341078,0.6625766871165616,0
2023-07-28 10:59:18,410.2,497098,5,409.6,162995,341078,0.6625766871165616,0
2023-07-28 10:59:26,410.2,497103,5,409.6,161486,341078,0.6625766871165616,0
2023-07-28 10:59:26,410.2,497103,50,409.6,161486,341078,0.6625766871165616,0
2023-07-28 10:59:29,410.2,497153,50,409.6,161416,341032,0.6625766871165616,0
2023-07-28 10:59:29,410.2,497153,50,409.6,162614,341057,0.6625766871165616,0
2023-07-28 10:59:29,410.2,497153,65,409.6,162614,341057,0.6625766871165616,0
2023-07-28 10:59:29,410.2,497153,25,409.6,162614,341057,0.6625766871165616,0
2023-07-28 10:59:34,410.2,497243,25,409.6,162884,341057,0.6625766871165616,0
2023-07-28 10:59:34,410.45,497243,30,409.6,162884,341057,0.7239263803680954,0
2023-07-28 10:59:37,410.2,497274,1,409.6,162884,341099,0.6625766871165616,0
2023-07-28 10:59:37,410.45,497274,1,409.6,162884,341099,0.7239263803680954,0
2023-07-28 10:59:40,410.45,497275,1,409.6,162923,341094,0.7239263803680954,0
2023-07-28 10:59:40,410.45,497275,1,409.6,161380,341095,0.7239263803680954,0
2023-07-28 10:59:40,410.45,497275,1,409.6,161679,341095,0.7239263803680954,0
2023-07-28 10:59:40,410.45,497275,1,409.6,162170,341095,0.7239263803680954,0
2023-07-28 10:59:40,410.45,497275,1,409.6,161462,341185,0.7239263803680954,0
2023-07-28 10:59:40,410.2,497275,2,409.6,161462,341185,0.6625766871165616,0
2023-07-28 10:59:52,410.2,497277,2,409.6,161087,341280,0.6625766871165616,0
2023-07-28 10:59:54,410.45,497377,100,409.6,162794,340964,0.7239263803680954,0
2023-07-28 10:59:54,410.45,497377,100,409.6,163428,340915,0.7239263803680954,0
2023-07-28 10:59:54,410.45,497377,5,409.6,163428,340915,0.7239263803680954,0
2023-07-28 11:00:00,410.45,497382,5,409.6,162934,340910,0.7239263803680954,0
2023-07-28 11:00:00,410.45,497382,5,409.6,161094,341210,0.7239263803680954,0
2023-07-28 11:00:00,410.2,497382,67,409.6,161094,341210,0.6625766871165616,0
2023-07-28 11:00:06,410.2,497582,67,409.6,162639,341009,0.6625766871165616,0
2023-07-28 11:00:06,410.2,497582,67,409.6,162634,341009,0.6625766871165616,0
2023-07-28 11:00:06,410.45,497582,57,409.6,162634,341009,0.7239263803680954,0
2023-07-28 11:00:12,410.45,497782,57,409.6,162828,340866,0.7239263803680954,0
2023-07-28 11:00:12,410.45,497782,57,409.6,162853,340866,0.7239263803680954,0
2023-07-28 11:00:12,410.5,497782,3,409.6,162854,340866,0.7361963190184049,0
2023-07-28 11:00:18,410.5,497785,3,409.6,161298,340863,0.7361963190184049,0
2023-07-28 11:00:18,410.2,497785,4,409.6,161592,342271,0.6625766871165616,0
2023-07-28 11:00:25,410.2,497803,14,409.6,161958,342271,0.6625766871165616,0
2023-07-28 11:00:25,410.2,497803,14,409.6,161958,342271,0.6625766871165616,0
2023-07-28 11:00:25,410.2,497803,14,409.6,162671,342271,0.6625766871165616,0
2023-07-28 11:00:25,410.45,497803,1,409.6,162671,342271,0.7239263803680954,0
2023-07-28 11:00:25,410.2,497803,100,409.6,162671,342271,0.6625766871165616,0
2023-07-28 11:00:25,410.2,497803,6,409.6,162671,342271,0.6625766871165616,0
2023-07-28 11:00:31,410.2,497931,6,409.6,160815,342644,0.6625766871165616,0
2023-07-28 11:00:31,410.2,497931,10,409.6,160815,342644,0.6625766871165616,0
2023-07-28 11:00:35,410.2,497941,10,409.6,161224,342634,0.6625766871165616,0
2023-07-28 11:00:35,410.2,497941,10,409.6,160815,342634,0.6625766871165616,0
2023-07-28 11:00:35,410.0,497941,94,409.6,160815,342634,0.6134969325153374,0
2023-07-28 11:00:35,410.0,497941,225,409.6,160815,342634,0.6134969325153374,0
2023-07-28 11:00:41,410.0,499167,1,409.6,160848,343257,0.6134969325153374,0
2023-07-28 11:00:41,410.0,499167,1,409.6,160500,343597,0.6134969325153374,0
2023-07-28 11:00:41,410.0,499167,1,409.6,160899,343187,0.6134969325153374,0
2023-07-28 11:00:41,410.0,499167,1,409.6,161412,342998,0.6134969325153374,0
2023-07-28 11:00:41,410.2,499167,50,409.6,161412,342998,0.6625766871165616,0
2023-07-28 11:00:50,410.2,499217,50,409.6,160950,343441,0.6625766871165616,0
2023-07-28 11:00:54,410.2,499218,1,409.6,160533,344266,0.6625766871165616,0
2023-07-28 11:00:54,410.0,499218,2,409.6,160533,344266,0.6134969325153374,0
2023-07-28 11:00:56,410.0,499220,2,409.6,160532,344671,0.6134969325153374,0
2023-07-28 11:00:56,410.2,499220,5,409.6,160532,344671,0.6625766871165616,0
2023-07-28 11:00:58,410.2,499225,5,409.6,160578,344108,0.6625766871165616,0
2023-07-28 11:00:58,410.0,499225,1,409.6,160578,344108,0.6134969325153374,0
2023-07-28 11:01:04,410.0,499226,1,409.6,162045,343792,0.6134969325153374,0
2023-07-28 11:01:04,410.0,499226,5,409.6,162045,343792,0.6134969325153374,0
2023-07-28 11:01:04,410.2,499226,10,409.6,162045,343792,0.6625766871165616,0
2023-07-28 11:01:08,410.2,499241,10,409.6,160473,343834,0.6625766871165616,0
2023-07-28 11:01:08,410.2,499241,10,409.6,159844,343834,0.6625766871165616,0
2023-07-28 11:01:08,410.2,499241,10,409.6,159473,343834,0.6625766871165616,0
2023-07-28 11:01:08,410.0,499241,20,409.6,159473,343834,0.6134969325153374,0
2023-07-28 11:01:16,410.0,499263,2,409.6,159847,343861,0.6134969325153374,0
2023-07-28 11:01:16,410.0,499263,2,409.6,160249,343861,0.6134969325153374,0
2023-07-28 11:01:16,410.0,499263,2,409.6,159511,343961,0.6134969325153374,0
2023-07-28 11:01:16,410.0,499263,2,409.6,160602,344106,0.6134969325153374,0
2023-07-28 11:01:16,410.2,499263,100,409.6,160602,344106,0.6625766871165616,0
2023-07-28 11:01:25,410.2,499363,2,409.6,159511,344056,0.6625766871165616,0
2023-07-28 11:01:25,410.0,499363,20,409.6,159511,344056,0.6134969325153374,0
2023-07-28 11:01:25,410.2,499363,20,409.6,159511,344056,0.6625766871165616,0
2023-07-28 11:01:28,410.0,499455,50,409.6,159443,344037,0.6134969325153374,0
2023-07-28 11:01:28,410.0,499455,50,409.6,159443,344037,0.6134969325153374,0
2023-07-28 11:01:28,410.0,499455,50,409.6,159783,344034,0.6134969325153374,0
2023-07-28 11:01:28,410.0,499455,50,409.6,159443,344034,0.6134969325153374,0
2023-07-28 11:01:28,410.0,499455,50,409.6,159831,344083,0.6134969325153374,0
2023-07-28 11:01:28,410.0,499455,50,409.6,160239,344083,0.6134969325153374,0
2023-07-28 11:01:28,410.0,499455,50,409.6,160221,344183,0.6134969325153374,0
2023-07-28 11:01:28,410.0,499455,1,409.6,160221,344183,0.6134969325153374,0
2023-07-28 11:01:41,410.0,499586,1,409.6,159407,344070,0.6134969325153374,0
2023-07-28 11:01:41,410.0,499586,1,409.6,159405,344070,0.6134969325153374,0
2023-07-28 11:01:41,410.0,499586,1,409.6,159406,344070,0.6134969325153374,0
2023-07-28 11:01:41,410.2,499586,10,409.6,159406,344070,0.6625766871165616,0
2023-07-28 11:01:50,410.2,499596,10,409.6,159339,344096,0.6625766871165616,0
2023-07-28 11:01:50,410.0,499596,86,409.6,159330,344096,0.6134969325153374,0
2023-07-28 11:01:54,410.0,500596,86,409.6,158562,343172,0.6134969325153374,0
2023-07-28 11:01:54,410.15,500596,10,409.6,158562,343172,0.6503067484662521,0
2023-07-28 11:01:54,410.15,500596,100,409.6,158562,343172,0.6503067484662521,0
2023-07-28 11:01:54,410.2,500596,40,409.6,158562,343172,0.6625766871165616,0
2023-07-28 11:02:00,410.2,500806,40,409.6,158217,342839,0.6625766871165616,0
2023-07-28 11:02:00,410.2,500806,40,409.6,158167,342839,0.6625766871165616,0
2023-07-28 11:02:00,410.2,500806,40,409.6,158167,342839,0.6625766871165616,0
2023-07-28 11:02:05,410.2,500846,40,409.6,158599,342745,0.6625766871165616,0
2023-07-28 11:02:05,410.0,500846,11,409.6,158599,342745,0.6134969325153374,0
2023-07-28 11:02:13,410.0,500857,11,409.6,158589,343115,0.6134969325153374,0
2023-07-28 11:02:13,410.0,500857,11,409.6,158673,342870,0.6134969325153374,0
2023-07-28 11:02:13,410.0,500857,11,409.6,158673,343028,0.6134969325153374,0
2023-07-28 11:02:13,410.0,500857,11,409.6,158674,343954,0.6134969325153374,0
2023-07-28 11:02:13,410.0,500857,10,409.6,158674,343954,0.6134969325153374,0
2023-07-28 11:02:25,410.0,500871,10,409.6,158560,344178,0.6134969325153374,0
2023-07-28 11:02:25,410.0,500871,10,409.6,158561,342695,0.6134969325153374,0
2023-07-28 11:02:25,410.0,500871,1,409.6,158561,342695,0.6134969325153374,0
2023-07-28 11:02:29,410.0,500872,1,409.6,158560,343044,0.6134969325153374,0
2023-07-28 11:02:29,410.0,500872,50,409.6,158560,343044,0.6134969325153374,0
2023-07-28 11:02:32,410.0,500922,50,409.6,158523,342698,0.6134969325153374,0
2023-07-28 11:02:32,410.0,500922,50,409.6,158524,342599,0.6134969325153374,0
2023-07-28 11:02:32,410.0,500922,50,409.6,158524,342600,0.6134969325153374,0
2023-07-28 11:02:32,410.0,500922,50,409.6,158644,342854,0.6134969325153374,0
2023-07-28 11:02:32,410.0,500922,50,409.6,158645,343244,0.6134969325153374,0
2023-07-28 11:02:32,410.0,500922,50,409.6,158645,344564,0.6134969325153374,0
2023-07-28 11:02:32,410.0,500922,19,409.6,158645,344564,0.6134969325153374,0
2023-07-28 11:02:51,410.0,500941,19,409.6,158628,344535,0.6134969325153374,0
2023-07-28 11:02:51,410.0,500941,50,409.6,158628,344535,0.6134969325153374,0
2023-07-28 11:02:54,410.0,500991,50,409.6,158578,342686,0.6134969325153374,0
2023-07-28 11:02:54,410.2,500991,1,409.6,158578,342686,0.6625766871165616,0
2023-07-28 11:02:56,410.2,501912,1,409.6,159592,341733,0.6625766871165616,0
2023-07-28 11:02:56,410.2,501912,1,409.6,159919,341893,0.6625766871165616,0
2023-07-28 11:02:56,410.15,501912,14,409.6,159919,341893,0.6503067484662521,0
2023-07-28 11:03:00,410.15,501936,14,409.6,160233,341893,0.6503067484662521,0
2023-07-28 11:03:00,410.45,501936,35,409.6,160233,341893,0.7239263803680954,0
2023-07-28 11:03:05,410.45,501971,35,409.6,160006,342268,0.7239263803680954,0
2023-07-28 11:03:05,410.45,501971,35,409.6,159987,342609,0.7239263803680954,0
2023-07-28 11:03:05,410.45,501971,1,409.6,159987,342609,0.7239263803680954,0
2023-07-28 11:03:05,410.5,501971,1,409.6,159987,342609,0.7361963190184049,0
2023-07-28 11:03:10,410.5,501998,1,409.6,159672,342152,0.7361963190184049,0
2023-07-28 11:03:10,410.5,501998,1,409.6,159672,342603,0.7361963190184049,0
2023-07-28 11:03:10,410.5,501998,297,409.6,159672,342603,0.7361963190184049,0
2023-07-28 11:03:10,410.5,501998,1,409.6,159672,342603,0.7361963190184049,0
2023-07-28 11:03:16,410.5,503002,1,409.6,160883,342580,0.7361963190184049,0
2023-07-28 11:03:16,410.5,503002,1,409.6,161010,342934,0.7361963190184049,0
2023-07-28 11:03:16,410.75,503002,5,409.6,161010,342934,0.7975460122699386,0
2023-07-28 11:03:24,410.5,503007,10,409.61,160989,343437,0.7361963190184049,0
2023-07-28 11:03:25,410.5,503017,10,409.61,161027,342852,0.7361963190184049,0
2023-07-28 11:03:25,410.75,503017,10,409.61,161027,342852,0.7975460122699386,0
2023-07-28 11:03:28,410.75,503027,10,409.61,161031,344791,0.7975460122699386,0
2023-07-28 11:03:28,410.75,503027,10,409.61,161032,345091,0.7975460122699386,0
2023-07-28 11:03:28,410.75,503027,10,409.61,161033,345165,0.7975460122699386,0
2023-07-28 11:03:28,410.75,503027,10,409.61,161033,345166,0.7975460122699386,0
2023-07-28 11:03:28,410.75,503027,8,409.61,161033,345166,0.7975460122699386,0
2023-07-28 11:03:39,410.75,503035,8,409.61,161994,344752,0.7975460122699386,0
2023-07-28 11:03:39,410.75,503035,8,409.61,161995,344731,0.7975460122699386,0
2023-07-28 11:03:39,410.75,503035,8,409.61,162553,343311,0.7975460122699386,0
2023-07-28 11:03:39,410.55,503035,25,409.61,162553,343311,0.7484662576687144,0
2023-07-28 11:03:45,410.55,503060,25,409.61,162116,343301,0.7484662576687144,0
2023-07-28 11:03:45,410.7,503060,15,409.61,162116,343301,0.7852760736196291,0
2023-07-28 11:03:45,410.8,503060,2,409.61,162116,343301,0.8098159509202482,0
2023-07-28 11:03:49,410.8,503077,2,409.61,162430,343124,0.8098159509202482,0
2023-07-28 11:03:49,410.95,503077,24,409.61,162430,343124,0.8466257668711629,0
2023-07-28 11:03:51,411.0,503104,1,409.61,162521,343090,0.8588957055214724,0
2023-07-28 11:03:52,411.0,503105,1,409.61,162521,343709,0.8588957055214724,0
2023-07-28 11:03:52,411.0,503105,1,409.61,162521,343231,0.8588957055214724,0
2023-07-28 11:03:57,411.0,503110,5,409.61,162520,343743,0.8588957055214724,0
2023-07-28 11:03:57,410.85,503110,5,409.61,162520,343743,0.8220858895705577,0
2023-07-28 11:04:02,410.8,503123,8,409.61,162336,343512,0.8098159509202482,0
2023-07-28 11:04:02,410.7,503123,15,409.61,162336,343512,0.7852760736196291,0
2023-07-28 11:04:04,410.7,503139,1,409.61,162016,343497,0.7852760736196291,0
2023-07-28 11:04:04,410.7,503139,1,409.61,162398,343773,0.7852760736196291,0
2023-07-28 11:04:04,410.7,503139,5,409.61,162398,343773,0.7852760736196291,0
2023-07-28 11:04:11,410.7,503144,11,409.61,162017,344226,0.7852760736196291,0
2023-07-28 11:04:12,410.7,503155,11,409.61,162018,343849,0.7852760736196291,0
2023-07-28 11:04:12,410.7,503155,50,409.61,162043,343949,0.7852760736196291,0
2023-07-28 11:04:18,410.7,503205,50,409.61,162099,343959,0.7852760736196291,0
2023-07-28 11:04:18,410.6,503205,5,409.61,162099,343959,0.760736196319024,0
2023-07-28 11:04:18,410.85,503205,40,409.61,162099,343959,0.8220858895705577,0
2023-07-28 11:04:22,410.85,503260,40,409.61,162237,344104,0.8220858895705577,0
2023-07-28 11:04:22,410.85,503260,40,409.61,161635,343560,0.8220858895705577,0
2023-07-28 11:04:22,410.6,503260,4,409.61,161635,343560,0.760736196319024,0
2023-07-28 11:04:27,410.6,503264,4,409.61,161732,343820,0.760736196319024,0
2023-07-28 11:04:27,410.6,503264,4,409.61,161732,343324,0.760736196319024,0
2023-07-28 11:04:27,410.85,503264,5,409.61,161732,343324,0.8220858895705577,0
2023-07-28 11:04:33,410.85,503269,5,409.61,161749,343316,0.8220858895705577,0
2023-07-28 11:04:33,410.85,503269,5,409.61,161749,343316,0.8220858895705577,0
2023-07-28 11:04:37,410.7,503374,100,409.61,161649,344875,0.7852760736196291,0
2023-07-28 11:04:37,410.85,503374,20,409.61,161649,344875,0.8220858895705577,0
2023-07-28 11:04:38,410.85,503394,20,409.61,161673,343747,0.8220858895705577,0
2023-07-28 11:04:38,410.85,503394,20,409.61,161543,343399,0.8220858895705577,0
2023-07-28 11:04:38,410.85,503394,20,409.61,161562,344734,0.8220858895705577,0
2023-07-28 11:04:38,410.8,503394,70,409.61,161562,344734,0.8098159509202482,0
2023-07-28 11:04:38,410.85,503394,5,409.61,161562,344734,0.8220858895705577,0
2023-07-28 11:04:48,410.85,503499,5,409.61,162652,343607,0.8220858895705577,0
2023-07-28 11:04:48,410.85,503499,26,409.61,162652,343607,0.8220858895705577,0
2023-07-28 11:04:50,410.85,503680,26,409.61,163238,344241,0.8220858895705577,0
2023-07-28 11:04:55,410.9,503740,50,409.61,163317,343576,0.8343558282208533,0
2023-07-28 11:04:55,410.9,503740,50,409.61,163317,343576,0.8343558282208533,0
2023-07-28 11:04:55,410.9,503740,50,409.61,165288,343722,0.8343558282208533,0
2023-07-28 11:04:55,410.85,503740,200,409.61,165288,343722,0.8220858895705577,0
2023-07-28 11:04:59,410.85,503940,200,409.61,165088,344156,0.8220858895705577,0
2023-07-28 11:04:59,410.95,503940,2,409.61,165088,344156,0.8466257668711629,0
2023-07-28 11:04:59,410.85,503940,155,409.61,165088,344156,0.8220858895705577,0
2023-07-28 11:05:02,410.85,504097,155,409.61,165900,343268,0.8220858895705577,0
2023-07-28 11:05:02,410.85,504097,155,409.61,165471,343585,0.8220858895705577,0
2023-07-28 11:05:02,410.85,504097,155,409.61,164394,343292,0.8220858895705577,0
2023-07-28 11:05:02,410.85,504097,155,409.61,164407,343092,0.8220858895705577,0
2023-07-28 11:05:02,410.85,504097,1,409.61,164407,343092,0.8220858895705577,0
2023-07-28 11:05:11,410.85,504098,1,409.61,164421,343098,0.8220858895705577,0
2023-07-28 11:05:11,410.85,504098,1,409.61,164757,343092,0.8220858895705577,0
2023-07-28 11:05:11,410.85,504098,1,409.61,164545,343292,0.8220858895705577,0
2023-07-28 11:05:11,410.85,504098,51,409.61,164545,343292,0.8220858895705577,0
2023-07-28 11:05:11,410.85,504098,1,409.61,164545,343292,0.8220858895705577,0
2023-07-28 11:05:19,410.85,504150,1,409.61,164622,343292,0.8220858895705577,0
2023-07-28 11:05:19,410.85,504150,1,409.61,164622,343242,0.8220858895705577,0
2023-07-28 11:05:19,410.95,504150,57,409.61,164622,343242,0.8466257668711629,0
2023-07-28 11:05:24,410.95,504250,57,409.61,164872,343903,0.8466257668711629,0
2023-07-28 11:05:24,410.95,504250,57,409.61,164874,344584,0.8466257668711629,0
2023-07-28 11:05:24,410.95,504250,57,409.61,164874,343465,0.8466257668711629,0
2023-07-28 11:05:31,410.95,504365,115,409.61,164585,343522,0.8466257668711629,0
2023-07-28 11:05:31,410.95,504365,25,409.61,164585,343522,0.8466257668711629,0
2023-07-28 11:05:31,410.95,504365,1,409.61,164585,343522,0.8466257668711629,0
2023-07-28 11:05:33,410.95,504391,1,409.61,164639,343706,0.8466257668711629,0
2023-07-28 11:05:33,410.95,504391,1,409.61,164724,343388,0.8466257668711629,0
2023-07-28 11:05:33,410.95,504391,50,409.61,164724,343388,0.8466257668711629,0
2023-07-28 11:05:33,410.95,504391,126,409.61,164724,343388,0.8466257668711629,0
2023-07-28 11:05:41,410.95,504641,126,409.61,165849,343655,0.8466257668711629,0
2023-07-28 11:05:41,410.95,504641,126,409.61,165849,344098,0.8466257668711629,0
2023-07-28 11:05:48,410.85,504701,10,409.61,165739,343403,0.8220858895705577,0
2023-07-28 11:05:48,410.85,504701,13,409.61,165739,343403,0.8220858895705577,0
2023-07-28 11:05:50,410.85,506313,12,409.61,164032,344639,0.8220858895705577,0
2023-07-28 11:05:50,410.9,506313,5,409.61,163786,344127,0.8343558282208533,0
2023-07-28 11:05:53,410.9,506353,5,409.61,163708,345647,0.8343558282208533,0
2023-07-28 11:05:53,410.9,506353,5,409.61,163710,345647,0.8343558282208533,0
2023-07-28 11:05:53,410.95,506353,31,409.61,163710,345647,0.8466257668711629,0
2023-07-28 11:05:59,410.95,506403,31,409.61,163772,345094,0.8466257668711629,0
2023-07-28 11:05:59,410.95,506403,31,409.61,163772,345218,0.8466257668711629,0
2023-07-28 11:05:59,410.95,506403,31,409.61,163632,345244,0.8466257668711629,0
2023-07-28 11:05:59,410.95,506403,31,409.61,163632,345265,0.8466257668711629,0
2023-07-28 11:05:59,410.95,506403,19,409.61,163632,345265,0.8466257668711629,0
2023-07-28 11:05:59,410.95,506403,300,409.61,163632,345265,0.8466257668711629,0
2023-07-28 11:06:10,410.95,506753,300,409.61,163849,344660,0.8466257668711629,0
2023-07-28 11:06:10,410.95,506753,300,409.61,163689,345362,0.8466257668711629,0
2023-07-28 11:06:10,410.7,506753,99,409.61,163689,345362,0.7852760736196291,0
2023-07-28 11:06:10,410.85,506753,25,409.61,163689,345362,0.8220858895705577,0
2023-07-28 11:06:14,410.85,506937,25,409.61,163512,345809,0.8220858895705577,0
2023-07-28 11:06:14,410.85,506937,25,409.61,163533,344806,0.8220858895705577,0
2023-07-28 11:06:14,410.85,506937,25,409.61,163328,345936,0.8220858895705577,0
2023-07-28 11:06:14,410.95,506937,50,409.61,163328,345936,0.8466257668711629,0
2023-07-28 11:06:22,410.95,506987,50,409.61,163328,345897,0.8466257668711629,0
2023-07-28 11:06:22,410.95,506987,50,409.61,163378,345923,0.8466257668711629,0
2023-07-28 11:06:22,410.35,506987,91,409.61,163378,345923,0.6993865030674903,0
2023-07-28 11:06:29,410.75,507994,7,409.62,163383,343882,0.7975460122699386,0
2023-07-28 11:06:29,410.75,507994,7,409.62,163017,344363,0.7975460122699386,0
2023-07-28 11:06:29,410.75,507994,8,409.62,163017,344363,0.7975460122699386,0
2023-07-28 11:06:33,410.75,508002,8,409.62,162772,345464,0.7975460122699386,0
2023-07-28 11:06:33,410.75,508002,8,409.62,162772,345738,0.7975460122699386,0
2023-07-28 11:06:33,410.45,508002,3,409.62,162772,345738,0.7239263803680954,0
2023-07-28 11:06:33,410.45,508002,20,409.62,162772,345738,0.7239263803680954,0
2023-07-28 11:06:39,410.75,508026,1,409.62,162800,343973,0.7975460122699386,0
2023-07-28 11:06:39,410.75,508026,1,409.62,162798,343736,0.7975460122699386,0
2023-07-28 11:06:39,410.8,508026,2,409.62,162798,343736,0.8098159509202482,0
2023-07-28 11:06:44,410.85,508228,30,409.62,162788,344426,0.8220858895705577,0
2023-07-28 11:06:44,410.85,508228,30,409.62,162793,344898,0.8220858895705577,0
2023-07-28 11:06:44,410.85,508228,30,409.62,162793,344081,0.8220858895705577,0
2023-07-28 11:06:44,410.85,508228,30,409.62,163189,344244,0.8220858895705577,0
2023-07-28 11:06:44,410.85,508228,30,409.62,162888,344620,0.8220858895705577,0
2023-07-28 11:06:44,410.45,508228,4,409.62,162889,344560,0.7239263803680954,0
2023-07-28 11:06:58,410.45,508232,4,409.62,162500,344294,0.7239263803680954,0
2023-07-28 11:06:58,410.75,508232,8,409.62,162500,344294,0.7975460122699386,0
2023-07-28 11:07:02,410.75,508240,8,409.62,162500,344333,0.7975460122699386,0
2023-07-28 11:07:02,410.75,508240,8,409.62,162500,344348,0.7975460122699386,0
2023-07-28 11:07:02,410.75,508240,8,409.62,162532,344758,0.7975460122699386,0
2023-07-28 11:07:02,410.45,508240,100,409.62,162532,344758,0.7239263803680954,0
2023-07-28 11:07:16,410.45,508345,2,409.62,162428,344336,0.7239263803680954,0
2023-07-28 11:07:16,410.45,508345,17,409.62,162428,344336,0.7239263803680954,0
2023-07-28 11:07:18,410.45,508362,17,409.62,162378,344479,0.7239263803680954,0
2023-07-28 11:07:18,410.45,508362,17,409.62,162333,344479,0.7239263803680954,0
2023-07-28 11:07:18,410.45,508362,17,409.62,162258,344480,0.7239263803680954,0
2023-07-28 11:07:18,410.45,508362,17,409.62,161540,344693,0.7239263803680954,0
2023-07-28 11:07:18,410.4,508362,4,409.62,162417,346593,0.7116564417177859,0
2023-07-28 11:07:30,410.4,508367,4,409.62,163045,346459,0.7116564417177859,0
2023-07-28 11:07:30,410.4,508367,4,409.62,160830,346736,0.7116564417177859,0
2023-07-28 11:07:37,410.15,508497,130,409.62,160826,346836,0.6503067484662521,0
2023-07-28 11:07:37,410.25,508497,100,409.62,160826,346836,0.6748466257668712,0
2023-07-28 11:07:38,410.25,508597,100,409.62,160826,346736,0.6748466257668712,0
2023-07-28 11:07:38,410.0,508597,7,409.62,160826,346736,0.6134969325153374,0
2023-07-28 11:07:42,410.0,508823,7,409.62,160776,347140,0.6134969325153374,0
2023-07-28 11:07:42,410.0,508823,7,409.62,160590,348432,0.6134969325153374,0
2023-07-28 11:07:50,410.25,508923,100,409.62,162133,347158,0.6748466257668712,0
2023-07-28 11:07:50,410.25,508923,100,409.62,162981,347459,0.6748466257668712,0
2023-07-28 11:07:50,410.55,508923,1,409.62,162981,347459,0.7484662576687144,0
2023-07-28 11:07:56,410.55,508924,1,409.62,163008,346692,0.7484662576687144,0
2023-07-28 11:07:56,410.25,508924,24,409.62,163008,346692,0.6748466257668712,0
2023-07-28 11:08:00,410.25,508949,24,409.62,163039,345170,0.6748466257668712,0
2023-07-28 11:08:04,410.2,509003,29,409.62,163166,345407,0.6625766871165616,0
2023-07-28 11:08:04,410.2,509003,29,409.62,164599,345407,0.6625766871165616,0
2023-07-28 11:08:09,410.5,509005,2,409.62,164622,345454,0.7361963190184049,0
2023-07-28 11:08:12,410.15,509055,20,409.62,164579,345454,0.6503067484662521,0
2023-07-28 11:08:12,410.15,509055,20,409.62,164252,345454,0.6503067484662521,0
2023-07-28 11:08:12,410.5,509055,12,409.62,164252,345454,0.7361963190184049,0
2023-07-28 11:08:17,410.5,509093,12,409.62,163101,345181,0.7361963190184049,0
2023-07-28 11:08:20,410.5,509593,500,409.62,162817,345523,0.7361963190184049,0
2023-07-28 11:08:20,410.5,509593,500,409.62,163554,345523,0.7361963190184049,0
2023-07-28 11:08:20,410.6,509593,22,409.62,163554,345523,0.760736196319024,0
2023-07-28 11:08:24,410.6,509775,22,409.62,165158,345232,0.760736196319024,0
2023-07-28 11:08:24,410.6,509775,22,409.62,163885,345045,0.760736196319024,0
2023-07-28 11:08:24,410.95,509775,74,409.62,163885,345045,0.8466257668711629,0
2023-07-28 11:08:31,410.95,510281,74,409.62,163938,344194,0.8466257668711629,0
2023-07-28 11:08:31,410.95,510281,74,409.62,164264,344607,0.8466257668711629,0
2023-07-28 11:08:31,410.9,510281,11,409.62,164264,344607,0.8343558282208533,0
2023-07-28 11:08:36,410.9,510293,11,409.62,163748,344766,0.8343558282208533,0
2023-07-28 11:08:36,410.3,510293,308,409.62,163748,344766,0.6871165644171807,0
2023-07-28 11:08:36,410.75,510293,1,409.62,163748,344766,0.7975460122699386,0
2023-07-28 11:08:39,410.75,511194,1,409.62,162818,344542,0.7975460122699386,0
2023-07-28 11:08:39,410.75,511194,1,409.62,162454,344504,0.7975460122699386,0
2023-07-28 11:08:39,410.3,511194,19,409.62,162454,344504,0.6871165644171807,0
2023-07-28 11:08:44,410.3,511213,19,409.62,162378,344504,0.6871165644171807,0
2023-07-28 11:08:47,410.3,511226,13,409.62,162365,344524,0.6871165644171807,0
2023-07-28 11:08:47,410.3,511226,13,409.62,162365,344524,0.6871165644171807,0
2023-07-28 11:08:47,410.3,511226,13,409.62,162365,345071,0.6871165644171807,0
2023-07-28 11:08:47,410.3,511226,13,409.62,162419,344669,0.6871165644171807,0
2023-07-28 11:08:47,410.3,511226,13,409.62,162438,345214,0.6871165644171807,0
2023-07-28 11:08:47,410.3,511226,13,409.62,162924,344614,0.6871165644171807,0
2023-07-28 11:09:03,410.75,511239,13,409.62,162533,344601,0.7975460122699386,0
2023-07-28 11:09:03,410.75,511239,13,409.62,162542,344601,0.7975460122699386,0
2023-07-28 11:09:03,410.75,511239,13,409.62,162542,345064,0.7975460122699386,0
2023-07-28 11:09:11,410.25,511339,59,409.62,162525,345664,0.6748466257668712,0
2023-07-28 11:09:11,410.25,511339,59,409.62,162525,344959,0.6748466257668712,0
2023-07-28 11:09:11,410.25,511339,59,409.62,163673,344959,0.6748466257668712,0
2023-07-28 11:09:11,410.3,511339,10,409.62,163673,344959,0.6871165644171807,0
2023-07-28 11:09:17,410.3,511349,10,409.62,164115,344986,0.6871165644171807,0
2023-07-28 11:09:17,410.3,511349,10,409.62,164158,345054,0.6871165644171807,0
2023-07-28 11:09:17,410.3,511349,10,409.62,164067,345054,0.6871165644171807,0
2023-07-28 11:09:17,410.7,511349,1,409.62,164067,345054,0.7852760736196291,0
2023-07-28 11:09:24,410.7,511350,1,409.62,162575,344720,0.7852760736196291,0
2023-07-28 11:09:24,410.7,511350,1,409.62,162575,345093,0.7852760736196291,0
2023-07-28 11:09:24,410.7,511350,5,409.62,162575,345093,0.7852760736196291,0
2023-07-28 11:09:31,410.7,511355,5,409.62,162575,345434,0.7852760736196291,0
2023-07-28 11:09:31,410.7,511355,5,409.62,162575,345775,0.7852760736196291,0
2023-07-28 11:09:31,410.7,511355,2,409.62,162575,345775,0.7852760736196291,0
2023-07-28 11:09:36,410.7,511357,2,409.62,162575,346134,0.7852760736196291,0
2023-07-28 11:09:36,410.7,511357,2,409.62,164016,344824,0.7852760736196291,0
2023-07-28 11:09:36,410.7,511357,2,409.62,164016,344824,0.7852760736196291,0
2023-07-28 11:09:42,410.7,511359,2,409.62,163748,344822,0.7852760736196291,0
2023-07-28 11:09:42,410.7,511359,2,409.62,163517,344823,0.7852760736196291,0
2023-07-28 11:09:42,410.7,511359,2,409.62,163886,344803,0.7852760736196291,0
2023-07-28 11:09:42,410.7,511359,2,409.62,163525,344802,0.7852760736196291,0
2023-07-28 11:09:42,410.7,511359,10,409.62,163525,344802,0.7852760736196291,0
2023-07-28 11:09:50,410.7,511379,10,409.62,164171,344782,0.7852760736196291,0
2023-07-28 11:09:50,410.7,511379,20,409.62,164171,344782,0.7852760736196291,0
2023-07-28 11:09:54,410.7,511399,20,409.62,163452,344934,0.7852760736196291,0
2023-07-28 11:09:57,410.3,511407,16,409.62,163452,344754,0.6871165644171807,0
2023-07-28 11:09:58,410.3,511472,16,409.62,163446,345106,0.6871165644171807,0
2023-07-28 11:09:58,410.7,511472,1,409.62,163446,345106,0.7852760736196291,0
2023-07-28 11:10:02,410.7,511478,1,409.62,163278,344662,0.7852760736196291,0
2023-07-28 11:10:08,410.7,511577,25,409.62,163278,344596,0.7852760736196291,0
2023-07-28 11:10:08,410.7,511577,25,409.62,163666,344596,0.7852760736196291,0
2023-07-28 11:10:08,410.7,511577,25,409.62,163280,344597,0.7852760736196291,0
2023-07-28 11:10:08,410.7,511577,25,409.62,163290,344777,0.7852760736196291,0
2023-07-28 11:10:08,410.7,511577,25,409.62,163425,344780,0.7852760736196291,0
2023-07-28 11:10:08,410.7,511577,25,409.62,163770,344780,0.7852760736196291,0
2023-07-28 11:10:08,410.3,511577,70,409.62,163425,344780,0.6871165644171807,0
2023-07-28 11:10:23,410.65,511735,36,409.62,163160,344957,0.7730061349693196,0
2023-07-28 11:10:26,410.65,511771,36,409.62,163160,345319,0.7730061349693196,0
2023-07-28 11:10:26,410.65,511771,36,409.62,163381,345155,0.7730061349693196,0
2023-07-28 11:10:26,410.65,511771,4,409.62,163381,345155,0.7730061349693196,0
2023-07-28 11:10:32,410.65,511775,4,409.62,163381,344729,0.7730061349693196,0
2023-07-28 11:10:32,410.3,511775,9,409.62,163381,344729,0.6871165644171807,0
2023-07-28 11:10:34,410.3,511784,9,409.62,163381,344938,0.6871165644171807,0
2023-07-28 11:10:34,410.65,511784,1,409.62,163381,344938,0.7730061349693196,0
2023-07-28 11:10:36,410.65,511785,1,409.62,164139,344942,0.7730061349693196,0
2023-07-28 11:10:36,410.65,511785,1,409.62,163381,344942,0.7730061349693196,0
2023-07-28 11:10:36,410.65,511785,1,409.62,164036,344922,0.7730061349693196,0
2023-07-28 11:10:36,410.65,511785,1,409.62,164374,344922,0.7730061349693196,0
2023-07-28 11:10:36,410.65,511785,1,409.62,164374,344922,0.7730061349693196,0
2023-07-28 11:10:46,410.6,511796,5,409.62,163627,345367,0.760736196319024,0
2023-07-28 11:10:46,410.35,511796,11,409.62,163627,345367,0.6993865030674903,0
2023-07-28 11:10:49,410.35,511822,11,409.62,164391,344983,0.6993865030674903,0
2023-07-28 11:10:49,410.3,511822,181,409.62,164391,344983,0.6871165644171807,0
2023-07-28 11:10:52,410.3,512172,181,409.62,163051,345077,0.6871165644171807,0
2023-07-28 11:10:52,410.55,512172,20,409.62,163051,345077,0.7484662576687144,0
2023-07-28 11:10:55,410.55,512192,20,409.62,163148,345096,0.7484662576687144,0
2023-07-28 11:10:55,410.55,512192,30,409.62,163148,345096,0.7484662576687144,0
2023-07-28 11:10:58,410.55,512222,30,409.62,163490,345066,0.7484662576687144,0
2023-07-28 11:10:58,410.55,512222,30,409.62,163490,345078,0.7484662576687144,0
2023-07-28 11:10:58,410.55,512222,30,409.62,163355,345078,0.7484662576687144,0
2023-07-28 11:10:58,410.55,512222,30,409.62,163748,345098,0.7484662576687144,0
2023-07-28 11:10:58,410.55,512222,30,409.62,163800,345103,0.7484662576687144,0
2023-07-28 11:10:58,410.55,512222,11,409.62,163800,345103,0.7484662576687144,0
2023-07-28 11:11:09,410.55,512242,11,409.62,164689,345215,0.7484662576687144,0
2023-07-28 11:11:09,410.5,512242,39,409.62,164689,345215,0.7361963190184049,0
2023-07-28 11:11:14,410.5,512281,39,409.62,164859,345186,0.7361963190184049,0
2023-07-28 11:11:14,410.5,512281,39,409.62,162630,345640,0.7361963190184049,0
2023-07-28 11:11:14,410.5,512281,39,409.62,162630,345299,0.7361963190184049,0
2023-07-28 11:11:14,410.5,512281,39,409.62,163366,345299,0.7361963190184049,0
2023-07-28 11:11:14,410.5,512281,1,409.62,163366,345299,0.7361963190184049,0
2023-07-28 11:11:26,410.5,512282,1,409.62,163780,345298,0.7361963190184049,0
2023-07-28 11:11:26,410.5,512282,1,409.62,163780,345298,0.7361963190184049,0
2023-07-28 11:11:26,410.5,512282,13,409.62,163780,345298,0.7361963190184049,0
2023-07-28 11:11:28,410.6,512318,5,409.62,163245,345145,0.760736196319024,0
2023-07-28 11:11:28,410.35,512318,100,409.62,163245,345145,0.6993865030674903,0
2023-07-28 11:11:30,410.35,512418,100,409.62,163303,345882,0.6993865030674903,0
2023-07-28 11:11:30,410.5,512418,2,409.62,163303,345882,0.7361963190184049,0
2023-07-28 11:11:32,410.6,512420,1,409.62,163222,345159,0.760736196319024,0
2023-07-28 11:11:32,410.6,512420,49,409.62,163222,345159,0.760736196319024,0
2023-07-28 11:11:35,410.6,512621,49,409.62,163635,345356,0.760736196319024,0
2023-07-28 11:11:35,410.6,512621,49,409.62,162379,346726,0.760736196319024,0
2023-07-28 11:11:35,410.6,512621,18,409.62,162354,346413,0.760736196319024,0
2023-07-28 11:11:45,410.6,512639,18,409.62,162379,346595,0.760736196319024,0
2023-07-28 11:11:45,410.6,512639,18,409.62,162279,345828,0.760736196319024,0
2023-07-28 11:11:45,410.6,512639,1,409.62,162279,345828,0.760736196319024,0
2023-07-28 11:11:50,410.6,512640,1,409.62,162278,345827,0.760736196319024,0
2023-07-28 11:11:50,410.1,512640,7,409.62,162278,345827,0.6380368098159565,0
2023-07-28 11:11:52,410.1,512761,7,409.62,163582,345848,0.6380368098159565,0
2023-07-28 11:11:52,410.1,512761,7,409.62,164092,345848,0.6380368098159565,0
2023-07-28 11:11:52,410.6,512761,15,409.62,164092,345848,0.760736196319024,0
2023-07-28 11:11:52,410.6,512761,140,409.62,164092,345848,0.760736196319024,0
2023-07-28 11:11:59,410.6,512960,140,409.62,163091,346776,0.760736196319024,0
2023-07-28 11:12:01,410.75,513060,21,409.62,163071,346765,0.7975460122699386,0
2023-07-28 11:12:02,410.75,513081,21,409.62,163058,346674,0.7975460122699386,0
2023-07-28 11:12:02,410.75,513081,21,409.62,163038,346888,0.7975460122699386,0
2023-07-28 11:12:02,410.4,513081,7,409.62,163038,346888,0.7116564417177859,0
2023-07-28 11:12:02,410.6,513081,150,409.62,163038,346888,0.760736196319024,0
2023-07-28 11:12:08,410.7,513268,20,409.63,163047,345438,0.7852760736196291,0
2023-07-28 11:12:08,410.7,513268,20,409.63,163047,345438,0.7852760736196291,0
2023-07-28 11:12:08,410.7,513268,20,409.63,163247,345588,0.7852760736196291,0
2023-07-28 11:12:08,410.4,513268,50,409.63,163247,345588,0.7116564417177859,0
2023-07-28 11:12:08,410.65,513268,20,409.63,163247,345588,0.7730061349693196,0
2023-07-28 11:12:12,410.65,513338,20,409.63,162834,346062,0.7730061349693196,0
2023-07-28 11:12:12,410.65,513338,20,409.63,163248,345637,0.7730061349693196,0
2023-07-28 11:12:12,410.65,513338,20,409.63,162668,345815,0.7730061349693196,0
2023-07-28 11:12:12,410.65,513338,100,409.63,162668,345815,0.7730061349693196,0
2023-07-28 11:12:19,410.65,513438,100,409.63,162982,345498,0.7730061349693196,0
2023-07-28 11:12:19,410.65,513438,2,409.63,162982,345498,0.7730061349693196,0
2023-07-28 11:12:19,410.65,513438,8,409.63,162982,345498,0.7730061349693196,0
2023-07-28 11:12:19,410.25,513438,29,409.63,162982,345498,0.6748466257668712,0
2023-07-28 11:12:23,410.25,513548,29,409.63,162798,345455,0.6748466257668712,0
2023-07-28 11:12:23,410.25,513548,29,409.63,163339,345455,0.6748466257668712,0
2023-07-28 11:12:23,410.25,513548,29,409.63,164261,345456,0.6748466257668712,0
2023-07-28 11:12:30,410.65,513557,8,409.63,164636,345400,0.7730061349693196,0
2023-07-28 11:12:30,410.65,513557,8,409.63,164559,345400,0.7730061349693196,0
2023-07-28 11:12:30,410.5,513557,200,409.63,164559,345400,0.7361963190184049,0
2023-07-28 11:12:36,410.25,513977,146,409.63,163847,345694,0.6748466257668712,0
2023-07-28 11:12:36,410.25,513977,146,409.63,163715,345695,0.6748466257668712,0
2023-07-28 11:12:36,410.65,513977,3,409.63,163715,345695,0.7730061349693196,0
2023-07-28 11:12:42,410.65,513980,3,409.63,163762,345692,0.7730061349693196,0
2023-07-28 11:12:42,410.65,513980,3,409.63,163674,346187,0.7730061349693196,0
2023-07-28 11:12:42,410.65,513980,30,409.63,163674,346187,0.7730061349693196,0
2023-07-28 11:12:46,410.65,514080,30,409.63,164016,346073,0.7730061349693196,0
2023-07-28 11:12:46,410.65,514080,34,409.63,164016,346073,0.7730061349693196,0
2023-07-28 11:12:49,410.65,514114,34,409.63,162668,346024,0.7730061349693196,0
2023-07-28 11:12:49,410.65,514114,34,409.63,162362,346412,0.7730061349693196,0
2023-07-28 11:12:49,410.65,514114,34,409.63,162332,346686,0.7730061349693196,0
2023-07-28 11:12:49,410.65,514114,34,409.63,162332,346768,0.7730061349693196,0
2023-07-28 11:12:49,410.65,514114,5,409.63,162332,346768,0.7730061349693196,0
2023-07-28 11:12:49,410.3,514114,25,409.63,162332,346768,0.6871165644171807,0
2023-07-28 11:13:03,410.3,514169,10,409.63,162577,345307,0.6871165644171807,0
2023-07-28 11:13:03,410.3,514169,10,409.63,163313,345304,0.6871165644171807,0
2023-07-28 11:13:03,410.3,514169,100,409.63,163313,345304,0.6871165644171807,0
2023-07-28 11:13:03,410.35,514169,100,409.63,163313,345304,0.6993865030674903,0
2023-07-28 11:13:08,410.35,514369,100,409.63,162545,345405,0.6993865030674903,0
2023-07-28 11:13:08,410.1,514369,201,409.63,162545,345405,0.6380368098159565,0
2023-07-28 11:13:09,410.1,514869,201,409.63,161686,345495,0.6380368098159565,0
2023-07-28 11:13:09,410.6,514869,13,409.63,161686,345495,0.760736196319024,0
2023-07-28 11:13:13,410.5,514912,30,409.63,161909,345955,0.7361963190184049,0
2023-07-28 11:13:16,410.05,516148,51,409.63,160376,346589,0.625766871165647,0
2023-07-28 11:13:19,410.0,516198,19,409.63,161105,346623,0.6134969325153374,0
2023-07-28 11:13:19,410.0,516198,2,409.63,161105,346623,0.6134969325153374,0
2023-07-28 11:13:19,410.35,516288,75,409.63,161501,346837,0.6993865030674903,0
2023-07-28 11:13:22,410.35,516388,75,409.63,161015,346455,0.6993865030674903,0
2023-07-28 11:13:27,410.25,516418,30,409.63,161104,346894,0.6748466257668712,0
2023-07-28 11:13:27,410.25,516418,30,409.63,161104,346894,0.6748466257668712,0
2023-07-28 11:13:29,410.35,516622,4,409.63,160865,346809,0.6993865030674903,0
2023-07-28 11:13:29,410.25,516622,50,409.63,160865,346809,0.6748466257668712,0
2023-07-28 11:13:29,410.1,516622,30,409.63,160865,346809,0.6380368098159565,0
2023-07-28 11:13:31,410.1,516737,30,409.63,160565,347160,0.6380368098159565,0
2023-07-28 11:13:31,410.1,516737,30,409.63,161304,347156,0.6380368098159565,0
2023-07-28 11:13:31,410.1,516737,30,409.63,161327,347156,0.6380368098159565,0
2023-07-28 11:13:31,410.1,516737,30,409.63,161360,347161,0.6380368098159565,0
2023-07-28 11:13:31,410.1,516737,30,409.63,162041,352161,0.6380368098159565,0
2023-07-28 11:13:31,410.1,516737,30,409.63,162424,352179,0.6380368098159565,0
2023-07-28 11:13:31,410.1,516737,1,409.63,162424,352179,0.6380368098159565,0
2023-07-28 11:13:47,410.1,516758,1,409.63,162087,352321,0.6380368098159565,0
2023-07-28 11:13:47,410.1,516758,1,409.63,160256,352321,0.6380368098159565,0
2023-07-28 11:13:47,410.1,516758,1,409.63,160614,352321,0.6380368098159565,0
2023-07-28 11:13:47,410.1,516758,1,409.63,160256,352369,0.6380368098159565,0
2023-07-28 11:13:47,410.0,516758,2,409.63,160256,352369,0.6134969325153374,0
2023-07-28 11:13:56,410.0,517612,2,409.63,158838,352341,0.6134969325153374,0
2023-07-28 11:13:56,410.1,517612,11,409.63,158838,352341,0.6380368098159565,0
2023-07-28 11:14:00,410.0,517623,20,409.63,159193,352612,0.6134969325153374,0
2023-07-28 11:14:01,410.0,517643,20,409.63,159425,353386,0.6134969325153374,0
2023-07-28 11:14:06,409.85,517694,42,409.63,159093,353397,0.5766871165644227,0
2023-07-28 11:14:06,409.85,517694,1,409.63,159093,353397,0.5766871165644227,0
2023-07-28 11:14:08,409.8,517720,5,409.63,159089,353371,0.5644171779141132,0
2023-07-28 11:14:08,409.8,517720,19,409.63,159089,353371,0.5644171779141132,0
2023-07-28 11:14:10,409.8,517746,19,409.63,158969,353237,0.5644171779141132,0
2023-07-28 11:14:10,409.75,517746,1,409.63,158969,353237,0.5521472392638037,0
2023-07-28 11:14:13,409.75,517796,49,409.63,159345,353007,0.5521472392638037,0
2023-07-28 11:14:13,409.75,517796,49,409.63,159348,355147,0.5521472392638037,0
2023-07-28 11:14:13,409.75,517796,49,409.63,159348,355166,0.5521472392638037,0
2023-07-28 11:14:13,409.65,517796,1,409.63,159673,355166,0.5276073619631846,0
2023-07-28 11:14:13,409.5,517796,48,409.63,159673,355166,0.49079754601226994,0
2023-07-28 11:14:22,409.5,518357,48,409.63,160092,354051,0.49079754601226994,0
2023-07-28 11:14:22,409.5,518357,48,409.63,160092,354416,0.49079754601226994,0
2023-07-28 11:14:22,409.55,518357,20,409.63,160092,354416,0.5030674846625794,0
2023-07-28 11:14:27,409.55,518377,20,409.63,160072,354685,0.5030674846625794,0
2023-07-28 11:14:27,409.55,518377,20,409.63,159828,354631,0.5030674846625794,0
2023-07-28 11:14:27,409.65,518377,31,409.63,159828,354631,0.5276073619631846,0
2023-07-28 11:14:35,409.55,518419,1,409.63,161173,354785,0.5030674846625794,0
2023-07-28 11:14:35,409.55,518419,1,409.63,161173,354785,0.5030674846625794,0
2023-07-28 11:14:35,409.55,518419,1,409.63,161537,355171,0.5030674846625794,0
2023-07-28 11:14:35,409.55,518419,1,409.63,162957,355191,0.5030674846625794,0
2023-07-28 11:14:35,409.7,518419,240,409.63,162957,355191,0.5398773006134941,0
2023-07-28 11:14:35,409.75,518419,51,409.63,162957,355191,0.5521472392638037,0
2023-07-28 11:14:42,409.75,518840,51,409.63,163133,354517,0.5521472392638037,0
2023-07-28 11:14:42,409.75,518840,51,409.63,163152,354517,0.5521472392638037,0
2023-07-28 11:14:42,409.7,518840,50,409.63,163152,354517,0.5398773006134941,0
2023-07-28 11:14:47,409.8,518950,42,409.63,163369,354457,0.5644171779141132,0
2023-07-28 11:14:47,409.8,518950,42,409.63,163369,354457,0.5644171779141132,0
2023-07-28 11:14:47,409.85,518950,13,409.63,163369,354457,0.5766871165644227,0
2023-07-28 11:14:49,410.0,519013,12,409.63,163662,354749,0.6134969325153374,0
2023-07-28 11:14:49,409.55,519013,69,409.63,163662,354749,0.5030674846625794,0
2023-07-28 11:14:51,409.55,519313,69,409.63,163776,355105,0.5030674846625794,0
2023-07-28 11:14:51,409.55,519313,69,409.63,163799,355547,0.5030674846625794,0
2023-07-28 11:14:51,409.55,519313,69,409.63,166320,355547,0.5030674846625794,0
2023-07-28 11:14:51,409.85,519313,10,409.63,166320,355547,0.5766871165644227,0
2023-07-28 11:14:59,409.85,519323,10,409.63,167095,355511,0.5766871165644227,0
2023-07-28 11:14:59,409.85,519323,1,409.63,167095,355511,0.5766871165644227,0
2023-07-28 11:15:02,409.6,519328,4,409.63,167082,355510,0.515337423312889,0
2023-07-28 11:15:02,409.6,519328,4,409.63,167193,355272,0.515337423312889,0
2023-07-28 11:15:02,409.6,519328,4,409.63,167243,355272,0.515337423312889,0
2023-07-28 11:15:10,409.9,519332,4,409.63,166436,355268,0.5889570552147183,0
2023-07-28 11:15:10,409.9,519332,61,409.63,166436,355268,0.5889570552147183,0
2023-07-28 11:15:11,409.9,519393,61,409.63,166824,355049,0.5889570552147183,0
2023-07-28 11:15:11,409.9,519393,61,409.63,165765,355501,0.5889570552147183,0
2023-07-28 11:15:11,409.85,519393,50,409.63,165765,355501,0.5766871165644227,0
2023-07-28 11:15:11,409.6,519393,80,409.63,165765,355501,0.515337423312889,0
2023-07-28 11:15:17,409.6,519553,80,409.63,165715,355221,0.515337423312889,0
2023-07-28 11:15:17,409.6,519553,80,409.63,166301,354971,0.515337423312889,0
2023-07-28 11:15:17,409.85,519553,60,409.63,166301,354971,0.5766871165644227,0
2023-07-28 11:15:21,409.85,519613,60,409.63,167243,354993,0.5766871165644227,0
2023-07-28 11:15:21,409.85,519613,60,409.63,167574,354993,0.5766871165644227,0
2023-07-28 11:15:21,409.85,519613,60,409.63,166373,354993,0.5766871165644227,0
2023-07-28 11:15:21,409.85,519613,60,409.63,165373,354993,0.5766871165644227,0
2023-07-28 11:15:21,409.85,519613,60,409.63,167262,355043,0.5766871165644227,0
2023-07-28 11:15:21,409.85,519613,16,409.63,167262,355043,0.5766871165644227,0
2023-07-28 11:15:38,409.85,519630,1,409.63,167171,355031,0.5766871165644227,0
2023-07-28 11:15:40,409.85,519631,1,409.63,167171,355230,0.5766871165644227,0
2023-07-28 11:15:40,409.85,519631,1,409.63,166763,355230,0.5766871165644227,0
2023-07-28 11:15:40,409.85,519631,200,409.63,166763,355230,0.5766871165644227,0
2023-07-28 11:15:46,409.85,520203,200,409.63,167333,354676,0.5766871165644227,0
2023-07-28 11:15:46,410.0,520203,66,409.63,167333,354676,0.6134969325153374,0
2023-07-28 11:15:49,410.0,520269,66,409.63,167048,353890,0.6134969325153374,0
2023-07-28 11:15:49,409.85,520269,11,409.63,167048,353890,0.5766871165644227,0
2023-07-28 11:15:52,409.85,520281,1,409.63,167058,353787,0.5766871165644227,0
2023-07-28 11:15:52,409.85,520281,1,409.63,167088,354680,0.5766871165644227,0
2023-07-28 11:15:52,410.0,520281,2,409.63,167088,354680,0.6134969325153374,0
2023-07-28 11:15:56,410.0,520283,2,409.63,167540,353923,0.6134969325153374,0
2023-07-28 11:15:56,410.0,520283,2,409.63,167592,353916,0.6134969325153374,0
2023-07-28 11:15:56,410.0,520283,1,409.63,167592,353916,0.6134969325153374,0
2023-07-28 11:16:02,410.0,520284,1,409.63,168322,353915,0.6134969325153374,0
2023-07-28 11:16:02,410.0,520284,1,409.63,168999,353623,0.6134969325153374,0
2023-07-28 11:16:02,410.0,520284,1,409.63,167583,353623,0.6134969325153374,0
2023-07-28 11:16:02,410.0,520284,1,409.63,167584,353123,0.6134969325153374,0
2023-07-28 11:16:02,409.85,520284,11,409.63,167584,353123,0.5766871165644227,0
2023-07-28 11:16:13,409.85,520319,11,409.63,167954,354026,0.5766871165644227,0
2023-07-28 11:16:13,409.95,520319,25,409.63,167954,354026,0.6012269938650279,0
2023-07-28 11:16:17,409.95,520344,25,409.63,167875,354031,0.6012269938650279,0
2023-07-28 11:16:17,409.85,520344,30,409.63,167875,354031,0.5766871165644227,0
2023-07-28 11:16:20,409.85,520755,30,409.63,167246,353969,0.5766871165644227,0
2023-07-28 11:16:20,409.85,520755,30,409.63,167252,353969,0.5766871165644227,0
2023-07-28 11:16:20,409.85,520755,30,409.63,167294,353989,0.5766871165644227,0
2023-07-28 11:16:20,409.9,520755,2,409.63,167294,353989,0.5889570552147183,0
2023-07-28 11:16:28,409.9,520757,2,409.63,166144,353987,0.5889570552147183,0
2023-07-28 11:16:28,409.65,520757,21,409.63,166144,353987,0.5276073619631846,0
2023-07-28 11:16:29,409.65,520778,21,409.63,166145,354087,0.5276073619631846,0
2023-07-28 11:16:29,409.9,520778,4,409.63,166145,354087,0.5889570552147183,0
2023-07-28 11:16:31,409.9,520782,4,409.63,166529,354083,0.5889570552147183,0
2023-07-28 11:16:31,409.85,520782,1,409.63,166529,354083,0.5766871165644227,0
2023-07-28 11:16:37,409.85,520803,1,409.63,166929,354152,0.5766871165644227,0
2023-07-28 11:16:37,409.65,520803,18,409.63,166934,354152,0.5276073619631846,0
2023-07-28 11:16:41,409.65,520821,18,409.63,166490,354152,0.5276073619631846,0
2023-07-28 11:16:41,409.6,520821,4,409.63,166490,354152,0.515337423312889,0
2023-07-28 11:16:44,409.6,520886,4,409.63,167198,354287,0.515337423312889,0
2023-07-28 11:16:47,409.65,520936,50,409.63,168193,353905,0.5276073619631846,0
2023-07-28 11:16:47,409.9,520936,2,409.63,168193,353905,0.5889570552147183,0
2023-07-28 11:16:48,409.9,520938,2,409.63,168208,354071,0.5889570552147183,0
2023-07-28 11:16:48,409.9,520938,2,409.63,168308,354071,0.5889570552147183,0
2023-07-28 11:16:48,409.65,520938,10,409.63,168308,354071,0.5276073619631846,0
2023-07-28 11:16:48,409.65,520938,5,409.63,168308,354071,0.5276073619631846,0
2023-07-28 11:16:53,409.65,520963,5,409.63,168286,354076,0.5276073619631846,0
2023-07-28 11:16:53,409.65,520963,5,409.63,168327,354095,0.5276073619631846,0
2023-07-28 11:16:53,409.65,520963,4,409.63,168327,354095,0.5276073619631846,0
2023-07-28 11:17:00,409.65,520967,4,409.63,168553,353908,0.5276073619631846,0
2023-07-28 11:17:00,409.65,520967,4,409.63,168590,354168,0.5276073619631846,0
2023-07-28 11:17:00,409.7,520967,230,409.63,168590,354168,0.5398773006134941,0
2023-07-28 11:17:00,409.55,520967,300,409.63,168590,354168,0.5030674846625794,0
2023-07-28 11:17:07,409.55,523091,300,409.63,154583,354272,0.5030674846625794,0
2023-07-28 11:17:07,409.3,523091,12,409.63,154583,354272,0.4417177914110457,0
2023-07-28 11:17:07,409.45,523091,1,409.63,154583,354272,0.4785276073619604,0
2023-07-28 11:17:09,409.45,525547,1,409.63,153019,355057,0.4785276073619604,0
2023-07-28 11:17:09,409.3,525547,31,409.63,153019,355057,0.4417177914110457,0
2023-07-28 11:17:13,409.3,525603,25,409.63,153447,352973,0.4417177914110457,0
2023-07-28 11:17:13,409.45,525603,20,409.63,153447,352973,0.4785276073619604,0
2023-07-28 11:17:13,409.45,525603,100,409.63,153447,352973,0.4785276073619604,0
2023-07-28 11:17:16,409.45,525723,100,409.63,153442,352990,0.4785276073619604,0
2023-07-28 11:17:16,409.5,525723,10,409.63,153442,352990,0.49079754601226994,0
2023-07-28 11:17:18,409.55,525733,150,409.63,154818,352628,0.5030674846625794,0
2023-07-28 11:17:18,409.3,525733,87,409.63,154818,352628,0.4417177914110457,0
2023-07-28 11:17:18,409.55,525733,14,409.63,154818,352628,0.5030674846625794,0
2023-07-28 11:17:18,409.55,525733,50,409.63,154818,352628,0.5030674846625794,0
2023-07-28 11:17:22,409.55,526147,50,409.63,153848,353572,0.5030674846625794,0
2023-07-28 11:17:22,409.55,526147,50,409.63,153955,353465,0.5030674846625794,0
2023-07-28 11:17:22,409.3,526147,3,409.63,153955,353465,0.4417177914110457,0
2023-07-28 11:17:28,409.3,526217,3,409.63,152580,353387,0.4417177914110457,0
2023-07-28 11:17:28,409.55,526217,99,409.63,152580,353387,0.5030674846625794,0
2023-07-28 11:17:32,409.3,526320,3,409.63,153587,353288,0.4417177914110457,0
2023-07-28 11:17:32,409.3,526320,3,409.63,154219,353288,0.4417177914110457,0
2023-07-28 11:17:32,409.35,526320,50,409.63,154219,353288,0.4539877300613553,0
2023-07-28 11:17:38,409.35,526686,50,409.63,154235,353028,0.4539877300613553,0
2023-07-28 11:17:38,409.35,526686,50,409.63,154366,353028,0.4539877300613553,0
2023-07-28 11:17:38,409.35,526686,10,409.63,154366,353028,0.4539877300613553,0
2023-07-28 11:17:43,409.35,526706,10,409.63,154366,353018,0.4539877300613553,0
2023-07-28 11:17:43,409.3,526706,7,409.63,154366,353018,0.4417177914110457,0
2023-07-28 11:17:44,409.3,526716,7,409.63,153816,352953,0.4417177914110457,0
2023-07-28 11:17:44,409.3,526716,50,409.63,153816,352953,0.4417177914110457,0
2023-07-28 11:17:48,409.3,526766,15,409.63,153827,353317,0.4417177914110457,0
2023-07-28 11:17:48,409.2,526766,3,409.63,153827,353317,0.41717791411042665,0
2023-07-28 11:17:48,409.3,526766,10,409.63,153827,353317,0.4417177914110457,0
2023-07-28 11:17:51,409.6,526834,5,409.63,153963,352640,0.515337423312889,0
2023-07-28 11:17:51,409.6,526834,5,409.63,154514,352751,0.515337423312889,0
2023-07-28 11:17:57,409.35,526844,10,409.63,154148,351388,0.4539877300613553,0
2023-07-28 11:17:57,409.35,526844,10,409.63,155029,352706,0.4539877300613553,0
2023-07-28 11:17:57,409.35,526844,10,409.63,155029,352706,0.4539877300613553,0
2023-07-28 11:17:57,409.6,526844,16,409.63,155749,352706,0.515337423312889,0
2023-07-28 11:17:57,409.35,526844,1,409.63,155749,352706,0.4539877300613553,0
2023-07-28 11:18:05,409.35,526870,1,409.63,154391,352696,0.4539877300613553,0
2023-07-28 11:18:05,409.35,526870,3,409.63,154391,352696,0.4539877300613553,0
2023-07-28 11:18:08,409.35,526873,3,409.63,154538,353176,0.4539877300613553,0
2023-07-28 11:18:08,409.35,526873,3,409.63,154538,352792,0.4539877300613553,0
2023-07-28 11:18:08,409.35,526873,20,409.63,154538,352792,0.4539877300613553,0
2023-07-28 11:18:13,409.35,526893,20,409.63,154925,352798,0.4539877300613553,0
2023-07-28 11:18:13,409.35,526893,20,409.63,154278,354323,0.4539877300613553,0
2023-07-28 11:18:13,409.2,526893,46,409.63,154278,354323,0.41717791411042665,0
2023-07-28 11:18:19,409.55,527393,10,409.63,153762,354130,0.5030674846625794,0
2023-07-28 11:18:19,409.65,527393,90,409.63,153762,354130,0.5276073619631846,0
2023-07-28 11:18:21,409.65,527553,90,409.63,154439,353528,0.5276073619631846,0
2023-07-28 11:18:21,409.2,527553,298,409.63,154439,353528,0.41717791411042665,0
2023-07-28 11:18:25,409.55,528568,15,409.63,153273,354478,0.5030674846625794,0
2023-07-28 11:18:25,409.55,528568,15,409.63,153959,354526,0.5030674846625794,0
2023-07-28 11:18:25,409.2,528568,100,409.63,153959,354526,0.41717791411042665,0
2023-07-28 11:18:30,409.2,528668,100,409.63,154695,354736,0.41717791411042665,0
2023-07-28 11:18:30,409.55,528668,22,409.63,154695,354736,0.5030674846625794,0
2023-07-28 11:18:32,409.55,528696,22,409.63,155330,354666,0.5030674846625794,0
2023-07-28 11:18:32,409.2,528696,18,409.63,155330,354666,0.41717791411042665,0
2023-07-28 11:18:34,409.2,528751,18,409.63,155439,354712,0.41717791411042665,0
2023-07-28 11:18:34,409.2,528751,18,409.63,155152,354907,0.41717791411042665,0
2023-07-28 11:18:34,409.2,528751,18,409.63,155140,354907,0.41717791411042665,0
2023-07-28 11:18:34,409.6,528751,5,409.63,155140,354907,0.515337423312889,0
2023-07-28 11:18:41,409.6,528781,5,409.63,153330,354647,0.515337423312889,0
2023-07-28 11:18:46,409.6,528784,3,409.63,153366,355500,0.515337423312889,0
2023-07-28 11:18:46,409.6,528784,3,409.63,153417,354083,0.515337423312889,0
2023-07-28 11:18:46,409.6,528784,3,409.63,153848,354514,0.515337423312889,0
2023-07-28 11:18:46,409.25,528784,18,409.63,153848,354514,0.4294478527607362,0
2023-07-28 11:18:53,409.25,528902,18,409.63,153424,354501,0.4294478527607362,0
2023-07-28 11:18:53,409.2,528902,24,409.63,153424,354531,0.41717791411042665,0
2023-07-28 11:18:53,409.2,528902,1,409.63,153424,354531,0.41717791411042665,0
2023-07-28 11:18:59,409.2,529203,1,409.63,153145,354591,0.41717791411042665,0
2023-07-28 11:18:59,409.45,529203,3,409.63,153145,354591,0.4785276073619604,0
2023-07-28 11:18:59,409.25,529203,100,409.63,153145,354591,0.4294478527607362,0
2023-07-28 11:19:02,409.2,529356,15,409.63,153076,354106,0.41717791411042665,0
2023-07-28 11:19:02,409.2,529356,15,409.63,153096,354467,0.41717791411042665,0
2023-07-28 11:19:07,409.2,529456,100,409.63,153081,354065,0.41717791411042665,0
2023-07-28 11:19:07,409.2,529456,100,409.63,153084,354065,0.41717791411042665,0
2023-07-28 11:19:07,409.2,529456,19,409.63,153084,354065,0.41717791411042665,0
2023-07-28 11:19:12,409.2,529475,19,409.63,153900,354074,0.41717791411042665,0
2023-07-28 11:19:12,409.4,529475,1,409.63,153900,354074,0.46625766871165086,0
2023-07-28 11:19:14,409.4,529476,1,409.63,154654,354158,0.46625766871165086,0
2023-07-28 11:19:14,409.4,529476,1,409.63,154655,355390,0.46625766871165086,0
2023-07-28 11:19:14,409.4,529476,1,409.63,153191,355790,0.46625766871165086,0
2023-07-28 11:19:14,409.4,529476,1,409.63,153533,355387,0.46625766871165086,0
2023-07-28 11:19:14,409.4,529476,1,409.63,153533,355322,0.46625766871165086,0
2023-07-28 11:19:14,409.2,529476,25,409.63,153533,355322,0.41717791411042665,0
2023-07-28 11:19:26,409.2,529501,10,409.63,153378,355322,0.41717791411042665,0
2023-07-28 11:19:26,409.4,529501,3,409.63,153378,355322,0.46625766871165086,0
2023-07-28 11:19:30,409.4,529514,3,409.63,155162,354499,0.46625766871165086,0
2023-07-28 11:19:30,409.25,529514,39,409.63,155162,354499,0.4294478527607362,0
2023-07-28 11:19:30,409.45,529514,2,409.63,155162,354499,0.4785276073619604,0
2023-07-28 11:19:32,409.45,529555,2,409.63,154829,354553,0.4785276073619604,0
2023-07-28 11:19:32,409.45,529555,2,409.63,153854,354260,0.4785276073619604,0
2023-07-28 11:19:32,409.2,529555,89,409.63,153854,354260,0.41717791411042665,0
2023-07-28 11:19:35,409.2,529840,89,409.63,154531,354433,0.41717791411042665,0
2023-07-28 11:19:35,409.2,529840,2,409.63,154531,354433,0.41717791411042665,0
2023-07-28 11:19:39,409.2,529842,2,409.63,155814,354431,0.41717791411042665,0
2023-07-28 11:19:39,409.2,529842,2,409.63,155814,354561,0.41717791411042665,0
2023-07-28 11:19:39,409.2,529842,2,409.63,155814,354881,0.41717791411042665,0
2023-07-28 11:19:39,409.2,529842,500,409.63,155814,354881,0.41717791411042665,0
2023-07-28 11:19:48,409.2,530342,500,409.63,154157,354666,0.41717791411042665,0
2023-07-28 11:19:48,409.2,530342,96,409.63,154157,354666,0.41717791411042665,0
2023-07-28 11:19:48,409.4,530342,5,409.63,154157,354666,0.46625766871165086,0
2023-07-28 11:19:54,409.4,530739,5,409.63,154230,354099,0.46625766871165086,0
2023-07-28 11:19:54,409.4,530739,5,409.63,154332,354462,0.46625766871165086,0
2023-07-28 11:19:54,409.4,530739,5,409.63,154385,354339,0.46625766871165086,0
2023-07-28 11:19:54,409.4,530739,5,409.63,154385,354359,0.46625766871165086,0
2023-07-28 11:19:54,409.15,530739,21,409.63,154385,354359,0.40490797546011714,0
2023-07-28 11:20:04,409.15,530812,21,409.63,154287,354309,0.40490797546011714,0
2023-07-28 11:20:07,409.15,531012,200,409.63,154087,354379,0.40490797546011714,0
2023-07-28 11:20:07,409.15,531012,200,409.63,155581,354573,0.40490797546011714,0
2023-07-28 11:20:12,409.15,531112,22,409.63,155343,354884,0.40490797546011714,0
2023-07-28 11:20:12,409.15,531112,25,409.63,153842,354859,0.40490797546011714,0
2023-07-28 11:20:12,409.1,531112,35,409.63,153842,354859,0.3926380368098215,0
2023-07-28 11:20:16,409.1,531199,35,409.63,153885,356197,0.3926380368098215,0
2023-07-28 11:20:16,409.1,531199,407,409.63,153885,356197,0.3926380368098215,0
2023-07-28 11:20:20,409.2,531822,10,409.63,153307,355738,0.41717791411042665,0
2023-07-28 11:20:20,409.3,531822,1,409.63,153712,355330,0.4417177914110457,0
2023-07-28 11:20:20,409.1,531822,10,409.63,153712,355330,0.3926380368098215,0
2023-07-28 11:20:23,409.1,531833,10,409.63,154859,355329,0.3926380368098215,0
2023-07-28 11:20:23,409.1,531833,10,409.63,154845,355329,0.3926380368098215,0
2023-07-28 11:20:23,409.1,531833,83,409.63,154845,355329,0.3926380368098215,0
2023-07-28 11:20:27,409.1,531916,83,409.63,154925,355493,0.3926380368098215,0
2023-07-28 11:20:27,409.05,531916,50,409.63,154925,355493,0.380368098159512,0
2023-07-28 11:20:30,409.05,531988,50,409.63,153015,355367,0.380368098159512,0
2023-07-28 11:20:30,409.1,531988,200,409.63,153015,355367,0.3926380368098215,0
2023-07-28 11:20:30,409.1,531988,350,409.63,153015,355367,0.3926380368098215,0
2023-07-28 11:20:34,409.15,532639,1,409.62,153115,355209,0.40490797546011714,0
2023-07-28 11:20:34,409.15,532639,1,409.62,153206,355567,0.40490797546011714,0
2023-07-28 11:20:34,409.15,532639,1,409.62,153210,355209,0.40490797546011714,0
2023-07-28 11:20:34,409.1,532639,40,409.62,153210,355209,0.3926380368098215,0
2023-07-28 11:20:34,409.1,532639,49,409.62,153210,355209,0.3926380368098215,0
2023-07-28 11:20:41,409.1,532879,49,409.62,154016,355046,0.3926380368098215,0
2023-07-28 11:20:41,409.1,532879,49,409.62,153713,354096,0.3926380368098215,0
2023-07-28 11:20:41,409.2,532879,38,409.62,153848,353859,0.41717791411042665,0
2023-07-28 11:20:41,409.4,532879,1,409.62,153848,353859,0.46625766871165086,0
2023-07-28 11:20:48,409.4,533018,1,409.62,155641,353241,0.46625766871165086,0
2023-07-28 11:20:48,409.4,533018,1,409.62,153607,353640,0.46625766871165086,0
2023-07-28 11:20:48,409.4,533018,1,409.62,153607,353640,0.46625766871165086,0
2023-07-28 11:20:53,409.4,533019,1,409.62,153642,353320,0.46625766871165086,0
2023-07-28 11:20:53,409.4,533019,5,409.62,153642,353320,0.46625766871165086,0
2023-07-28 11:20:57,409.4,533024,5,409.62,153322,353315,0.46625766871165086,0
2023-07-28 11:20:57,409.4,533024,5,409.62,153322,354929,0.46625766871165086,0
2023-07-28 11:20:57,409.4,533024,5,409.62,153691,353195,0.46625766871165086,0
2023-07-28 11:20:57,409.4,533024,47,409.62,153691,353195,0.46625766871165086,0
2023-07-28 11:21:03,409.4,533174,47,409.62,153605,352675,0.46625766871165086,0
2023-07-28 11:21:03,409.4,533174,47,409.62,153622,352675,0.46625766871165086,0
2023-07-28 11:21:03,409.25,533174,2,409.62,153622,352675,0.4294478527607362,0
2023-07-28 11:21:03,409.4,533174,18,409.62,153622,352675,0.46625766871165086,0
2023-07-28 11:21:11,409.4,533204,18,409.62,153063,355159,0.46625766871165086,0
2023-07-28 11:21:11,409.4,533204,18,409.62,153177,353359,0.46625766871165086,0
2023-07-28 11:21:19,409.4,533211,7,409.62,153170,353374,0.46625766871165086,0
2023-07-28 11:21:19,409.45,533211,50,409.62,153170,353374,0.4785276073619604,0
2023-07-28 11:21:20,409.45,533261,50,409.62,153461,353209,0.4785276073619604,0
2023-07-28 11:21:20,409.5,533261,2,409.62,153461,353209,0.49079754601226994,0
2023-07-28 11:21:23,409.5,533263,2,409.62,154096,353050,0.49079754601226994,0
2023-07-28 11:21:27,409.5,533288,25,409.62,154100,353395,0.49079754601226994,0
2023-07-28 11:21:27,409.5,533288,11,409.62,154100,353395,0.49079754601226994,0
2023-07-28 11:21:29,409.5,533299,11,409.62,154184,353613,0.49079754601226994,0
2023-07-28 11:21:29,409.5,533299,1,409.62,154184,353613,0.49079754601226994,0
2023-07-28 11:21:33,409.5,533300,1,409.62,154184,353813,0.49079754601226994,0
2023-07-28 11:21:33,409.5,533300,1,409.62,154184,353467,0.49079754601226994,0
2023-07-28 11:21:33,409.5,533300,1,409.62,154184,353516,0.49079754601226994,0
2023-07-28 11:21:33,409.45,533300,2,409.62,154184,353516,0.4785276073619604,0
2023-07-28 11:21:41,409.45,533302,2,409.62,154181,353388,0.4785276073619604,0
2023-07-28 11:21:41,409.45,533302,2,409.62,154201,353388,0.4785276073619604,0
2023-07-28 11:21:41,409.45,533302,2,409.62,154211,353686,0.4785276073619604,0
2023-07-28 11:21:41,409.45,533302,2,409.62,154211,353915,0.4785276073619604,0
2023-07-28 11:21:41,409.45,533302,48,409.62,154211,353915,0.4785276073619604,0
2023-07-28 11:21:51,409.45,533350,48,409.62,154126,354334,0.4785276073619604,0
2023-07-28 11:21:51,409.45,533350,48,409.62,154088,354653,0.4785276073619604,0
2023-07-28 11:21:51,409.15,533350,18,409.62,154088,354653,0.40490797546011714,0
2023-07-28 11:21:56,409.15,533450,18,409.62,153592,354492,0.40490797546011714,0
2023-07-28 11:22:00,409.45,533480,30,409.62,153999,353816,0.4785276073619604,0
2023-07-28 11:22:02,409.45,533490,10,409.62,153586,354478,0.4785276073619604,0
2023-07-28 11:22:02,409.45,533490,2,409.62,153586,354478,0.4785276073619604,0
2023-07-28 11:22:05,409.45,533494,2,409.62,155442,353509,0.4785276073619604,0
2023-07-28 11:22:05,409.45,533494,2,409.62,154164,353500,0.4785276073619604,0
2023-07-28 11:22:05,409.3,533494,8,409.62,154164,353500,0.4417177914110457,0
2023-07-28 11:22:05,409.45,533494,5,409.62,154164,353500,0.4785276073619604,0
2023-07-28 11:22:05,409.4,533494,5,409.62,154164,353500,0.46625766871165086,0
2023-07-28 11:22:10,409.25,533514,20,409.62,153794,353979,0.4294478527607362,0
2023-07-28 11:22:11,409.25,533534,20,409.62,153624,353736,0.4294478527607362,0
2023-07-28 11:22:11,409.25,533534,20,409.62,153624,354132,0.4294478527607362,0
2023-07-28 11:22:11,409.25,533534,20,409.62,153624,353738,0.4294478527607362,0
2023-07-28 11:22:11,409.45,533534,2,409.62,153624,353738,0.4785276073619604,0
2023-07-28 11:22:20,409.45,533542,2,409.62,153621,354077,0.4785276073619604,0
2023-07-28 11:22:20,409.45,533542,2,409.62,153651,354099,0.4785276073619604,0
2023-07-28 11:22:20,409.45,533542,5,409.62,153651,354099,0.4785276073619604,0
2023-07-28 11:22:26,409.45,533547,5,409.62,154038,353530,0.4785276073619604,0
2023-07-28 11:22:26,409.45,533547,1,409.62,154038,353530,0.4785276073619604,0
2023-07-28 11:22:27,409.45,533548,1,409.62,153652,353529,0.4785276073619604,0
2023-07-28 11:22:27,409.45,533548,5,409.62,153652,353529,0.4785276073619604,0
2023-07-28 11:22:31,409.25,533570,17,409.62,153635,353524,0.4294478527607362,0
2023-07-28 11:22:31,409.25,533570,17,409.62,153990,353524,0.4294478527607362,0
2023-07-28 11:22:31,409.25,533570,17,409.62,153989,353524,0.4294478527607362,0
2023-07-28 11:22:31,409.45,533570,48,409.62,153989,353524,0.4785276073619604,0
2023-07-28 11:22:38,409.45,533618,48,409.62,153873,353805,0.4785276073619604,0
2023-07-28 11:22:38,409.45,533618,48,409.62,153873,353457,0.4785276073619604,0
2023-07-28 11:22:38,409.45,533618,48,409.62,153873,353357,0.4785276073619604,0
2023-07-28 11:22:38,409.45,533618,48,409.62,153714,353357,0.4785276073619604,0
2023-07-28 11:22:38,409.4,533618,1,409.62,153714,353357,0.46625766871165086,0
2023-07-28 11:22:48,409.4,533619,1,409.62,153611,353260,0.46625766871165086,0
2023-07-28 11:22:48,409.4,533619,5,409.62,153611,353260,0.46625766871165086,0
2023-07-28 11:22:51,409.4,533649,5,409.62,153636,352787,0.46625766871165086,0
2023-07-28 11:22:54,409.4,533659,10,409.62,154193,353395,0.46625766871165086,0
2023-07-28 11:22:54,409.4,533659,10,409.62,153764,353559,0.46625766871165086,0
2023-07-28 11:22:54,409.3,533659,1,409.62,153764,353559,0.4417177914110457,0
2023-07-28 11:23:01,409.3,533660,1,409.62,154082,353510,0.4417177914110457,0
2023-07-28 11:23:01,409.3,533660,1,409.62,154105,353510,0.4417177914110457,0
2023-07-28 11:23:01,409.3,533660,1,409.62,154570,353511,0.4417177914110457,0
2023-07-28 11:23:01,409.3,533660,1,409.62,155297,353511,0.4417177914110457,0
2023-07-28 11:23:01,409.3,533660,1,409.62,153465,353469,0.4417177914110457,0
2023-07-28 11:23:01,409.3,533660,1,409.62,153544,353668,0.4417177914110457,0
2023-07-28 11:23:01,409.3,533660,1,409.62,154296,353668,0.4417177914110457,0
2023-07-28 11:23:01,409.3,533660,1,409.62,153544,353668,0.4417177914110457,0
2023-07-28 11:23:01,409.25,533660,50,409.62,153544,353668,0.4294478527607362,0
2023-07-28 11:23:01,409.25,533660,4,409.62,153544,353668,0.4294478527607362,0
2023-07-28 11:23:23,409.25,533714,4,409.62,153882,353618,0.4294478527607362,0
2023-07-28 11:23:23,409.3,533714,50,409.62,153882,353618,0.4417177914110457,0
2023-07-28 11:23:27,409.3,533764,50,409.62,154608,353798,0.4417177914110457,0
2023-07-28 11:23:27,409.3,533764,50,409.62,153536,353798,0.4417177914110457,0
2023-07-28 11:23:27,409.3,533764,50,409.62,153536,353798,0.4417177914110457,0
2023-07-28 11:23:32,409.3,533814,50,409.62,153536,354113,0.4417177914110457,0
2023-07-28 11:23:32,409.3,533814,1,409.62,153536,354113,0.4417177914110457,0
2023-07-28 11:23:35,409.3,533815,1,409.62,154175,353747,0.4417177914110457,0
2023-07-28 11:23:35,409.3,533815,1,409.62,153817,353747,0.4417177914110457,0
2023-07-28 11:23:35,409.3,533815,1,409.62,154150,353822,0.4417177914110457,0
2023-07-28 11:23:35,409.3,533815,1,409.62,155312,353822,0.4417177914110457,0
2023-07-28 11:23:35,409.3,533815,1,409.62,155312,353822,0.4417177914110457,0
2023-07-28 11:23:35,409.3,533815,1,409.62,155648,353822,0.4417177914110457,0
2023-07-28 11:23:35,409.3,533815,1,409.62,154640,353812,0.4417177914110457,0
2023-07-28 11:23:35,409.3,533815,1,409.62,153864,353812,0.4417177914110457,0
2023-07-28 11:23:53,409.45,533915,23,409.62,154516,352980,0.4785276073619604,0
2023-07-28 11:23:53,409.45,533915,23,409.62,154107,355128,0.4785276073619604,0
2023-07-28 11:23:53,409.45,533915,23,409.62,154537,353603,0.4785276073619604,0
2023-07-28 11:23:53,409.45,533915,1,409.62,154537,353603,0.4785276073619604,0
2023-07-28 11:23:59,409.45,533916,1,409.62,154926,353502,0.4785276073619604,0
2023-07-28 11:23:59,409.45,533916,1,409.62,154904,353512,0.4785276073619604,0
2023-07-28 11:23:59,409.5,533916,2,409.62,154904,353512,0.49079754601226994,0
2023-07-28 11:23:59,409.3,533916,130,409.62,154904,353512,0.4417177914110457,0
2023-07-28 11:24:04,409.3,534239,130,409.62,154208,353518,0.4417177914110457,0
2023-07-28 11:24:04,409.3,534239,130,409.62,155816,353518,0.4417177914110457,0
2023-07-28 11:24:04,409.3,534239,10,409.62,155816,353518,0.4417177914110457,0
2023-07-28 11:24:08,409.3,534249,60,409.62,156996,353442,0.4417177914110457,0
2023-07-28 11:24:08,409.25,534249,4,409.62,156996,353442,0.4294478527607362,0
2023-07-28 11:24:10,409.25,534555,4,409.62,156794,353520,0.4294478527607362,0
2023-07-28 11:24:10,409.25,534555,1,409.62,156794,353520,0.4294478527607362,0
2023-07-28 11:24:15,409.25,534556,1,409.62,156724,353520,0.4294478527607362,0
2023-07-28 11:24:15,409.5,534556,1,409.62,156724,353520,0.49079754601226994,0
2023-07-28 11:24:18,409.5,534566,1,409.62,155029,353479,0.49079754601226994,0
2023-07-28 11:24:18,409.5,534566,1,409.62,155029,353887,0.49079754601226994,0
2023-07-28 11:24:18,409.5,534566,1,409.62,155829,353887,0.49079754601226994,0
2023-07-28 11:24:18,409.5,534566,1,409.62,155029,353887,0.49079754601226994,0
2023-07-28 11:24:18,409.55,534566,25,409.62,155029,353887,0.5030674846625794,0
2023-07-28 11:24:29,409.55,534591,25,409.62,155029,353727,0.5030674846625794,0
2023-07-28 11:24:29,409.55,534591,3,409.62,155029,353727,0.5030674846625794,0
2023-07-28 11:24:30,409.55,534594,3,409.62,155390,353724,0.5030674846625794,0
2023-07-28 11:24:35,409.55,534600,6,409.62,155400,353718,0.5030674846625794,0
2023-07-28 11:24:35,409.55,534600,6,409.62,155039,353718,0.5030674846625794,0
2023-07-28 11:24:35,409.55,534600,6,409.62,155420,353718,0.5030674846625794,0
2023-07-28 11:24:35,409.55,534600,6,409.62,155455,353718,0.5030674846625794,0
2023-07-28 11:24:35,409.55,534600,6,409.62,156222,353718,0.5030674846625794,0
2023-07-28 11:24:35,409.55,534600,6,409.62,156928,353718,0.5030674846625794,0
2023-07-28 11:24:35,409.3,534600,6,409.62,156928,353718,0.4417177914110457,0
2023-07-28 11:24:50,409.3,534606,6,409.62,156509,353723,0.4417177914110457,0
2023-07-28 11:24:50,409.3,534606,6,409.62,156586,353723,0.4417177914110457,0
2023-07-28 11:24:50,409.5,534606,1,409.62,156586,353723,0.49079754601226994,0
2023-07-28 11:24:50,409.65,534606,4,409.62,156586,353723,0.5276073619631846,0
2023-07-28 11:24:50,409.3,534606,10,409.62,156586,353723,0.4417177914110457,0
2023-07-28 11:24:57,409.3,534757,10,409.62,154997,353462,0.4417177914110457,0
2023-07-28 11:24:57,409.6,534757,25,409.62,154997,353462,0.515337423312889,0
2023-07-28 11:24:59,409.6,534782,25,409.62,155143,353364,0.515337423312889,0
2023-07-28 11:25:02,409.3,534882,5,409.62,154472,355133,0.4417177914110457,0
2023-07-28 11:25:02,409.3,534882,5,409.62,154472,353968,0.4417177914110457,0
2023-07-28 11:25:02,409.3,534882,5,409.62,154830,353968,0.4417177914110457,0
2023-07-28 11:25:02,409.3,534882,5,409.62,156311,353929,0.4417177914110457,0
2023-07-28 11:25:02,409.3,534882,95,409.62,156311,353929,0.4417177914110457,0
2023-07-28 11:25:10,409.3,534982,95,409.62,155921,353929,0.4417177914110457,0
2023-07-28 11:25:10,409.55,534982,1,409.62,155921,353929,0.5030674846625794,0
2023-07-28 11:25:13,409.55,534983,1,409.62,155946,353928,0.5030674846625794,0
2023-07-28 11:25:13,409.55,534983,1,409.62,154847,353908,0.5030674846625794,0
2023-07-28 11:25:13,409.55,534983,5,409.62,154847,353908,0.5030674846625794,0
2023-07-28 11:25:18,409.55,534993,5,409.62,154826,353978,0.5030674846625794,0
2023-07-28 11:25:18,409.55,534993,2,409.62,154826,353978,0.5030674846625794,0
2023-07-28 11:25:19,409.55,534995,2,409.62,154050,353976,0.5030674846625794,0
2023-07-28 11:25:19,409.55,534995,2,409.62,153185,353976,0.5030674846625794,0
2023-07-28 11:25:19,409.55,534995,2,409.62,153522,353976,0.5030674846625794,0
2023-07-28 11:25:19,409.55,534995,2,409.62,152851,354011,0.5030674846625794,0
2023-07-28 11:25:19,409.55,534995,2,409.62,153245,354011,0.5030674846625794,0
2023-07-28 11:25:19,409.55,534995,1,409.62,153245,354011,0.5030674846625794,0
2023-07-28 11:25:19,409.55,534995,30,409.62,153245,354011,0.5030674846625794,0
2023-07-28 11:25:32,409.55,535026,30,409.62,152881,353980,0.5030674846625794,0
2023-07-28 11:25:32,409.55,535026,30,409.62,152881,354181,0.5030674846625794,0
2023-07-28 11:25:32,409.55,535026,30,409.62,152882,353670,0.5030674846625794,0
2023-07-28 11:25:32,409.55,535026,30,409.62,152982,353645,0.5030674846625794,0
2023-07-28 11:25:32,409.55,535026,30,409.62,153181,354029,0.5030674846625794,0
2023-07-28 11:25:32,409.55,535026,30,409.62,153181,354428,0.5030674846625794,0
2023-07-28 11:25:32,409.55,535026,30,409.62,153181,353606,0.5030674846625794,0
2023-07-28 11:25:32,409.55,535026,30,409.62,153281,353350,0.5030674846625794,0
2023-07-28 11:25:32,409.55,535026,30,409.62,153371,353405,0.5030674846625794,0
2023-07-28 11:25:32,409.55,535026,30,409.62,153371,353233,0.5030674846625794,0
2023-07-28 11:25:32,409.55,535026,30,409.62,153371,353183,0.5030674846625794,0
2023-07-28 11:25:32,409.55,535026,30,409.62,153371,353576,0.5030674846625794,0
2023-07-28 11:25:32,409.55,535026,5,409.62,153371,353576,0.5030674846625794,0
2023-07-28 11:25:32,409.55,535026,11,409.62,153371,353576,0.5030674846625794,0
2023-07-28 11:26:02,409.55,535052,11,409.62,153422,353550,0.5030674846625794,0
2023-07-28 11:26:02,409.55,535052,11,409.62,153477,353923,0.5030674846625794,0
2023-07-28 11:26:02,409.55,535052,11,409.62,153477,354258,0.5030674846625794,0
2023-07-28 11:26:02,409.55,535052,11,409.62,153826,353058,0.5030674846625794,0
2023-07-28 11:26:02,409.55,535052,11,409.62,153427,353058,0.5030674846625794,0
2023-07-28 11:26:02,409.55,535052,11,409.62,153427,353471,0.5030674846625794,0
2023-07-28 11:26:02,409.55,535052,11,409.62,153412,353672,0.5030674846625794,0
2023-07-28 11:26:02,409.3,535052,25,409.62,153412,353672,0.4417177914110457,0
2023-07-28 11:26:20,409.15,535328,94,409.62,153199,353146,0.40490797546011714,0
2023-07-28 11:26:20,409.15,535328,94,409.62,152914,353648,0.40490797546011714,0
2023-07-28 11:26:20,409.15,535328,94,409.62,152914,353994,0.40490797546011714,0
2023-07-28 11:26:20,409.4,535328,6,409.62,152914,353994,0.46625766871165086,0
2023-07-28 11:26:26,409.4,535338,6,409.62,152914,353301,0.46625766871165086,0
2023-07-28 11:26:26,409.4,535338,6,409.62,152914,353301,0.46625766871165086,0
2023-07-28 11:26:26,409.2,535338,20,409.62,152914,353301,0.41717791411042665,0
2023-07-28 11:26:31,409.2,535362,20,409.62,153087,352955,0.41717791411042665,0
2023-07-28 11:26:34,409.15,535426,64,409.62,153231,352955,0.40490797546011714,0
2023-07-28 11:26:34,409.15,535426,1,409.62,153231,352955,0.40490797546011714,0
2023-07-28 11:26:34,409.15,535426,10,409.62,153231,352955,0.40490797546011714,0
2023-07-28 11:26:35,409.15,535437,10,409.62,154046,352945,0.40490797546011714,0
2023-07-28 11:26:35,409.15,535437,3,409.62,154046,352945,0.40490797546011714,0
2023-07-28 11:26:38,409.15,535445,5,409.62,152991,352945,0.40490797546011714,0
2023-07-28 11:26:38,409.15,535445,2,409.62,152991,352945,0.40490797546011714,0
2023-07-28 11:26:38,409.15,535445,30,409.62,152991,352945,0.40490797546011714,0
2023-07-28 11:26:41,409.15,535477,30,409.62,152963,352945,0.40490797546011714,0
2023-07-28 11:26:41,409.45,535477,6,409.62,152963,352945,0.4785276073619604,0
2023-07-28 11:26:44,409.45,535483,6,409.62,153346,352810,0.4785276073619604,0
2023-07-28 11:26:44,409.45,535483,6,409.62,152995,353167,0.4785276073619604,0
2023-07-28 11:26:44,409.45,535483,6,409.62,153108,352909,0.4785276073619604,0
2023-07-28 11:26:44,409.45,535483,20,409.62,153108,352909,0.4785276073619604,0
2023-07-28 11:26:50,409.45,535503,20,409.62,153108,354324,0.4785276073619604,0
2023-07-28 11:26:50,409.2,535503,4,409.62,153108,354324,0.41717791411042665,0
2023-07-28 11:26:55,409.2,535507,4,409.62,152995,354395,0.41717791411042665,0
2023-07-28 11:26:55,409.2,535507,4,409.62,153764,353245,0.41717791411042665,0
2023-07-28 11:26:55,409.15,535507,50,409.62,153764,353245,0.40490797546011714,0
2023-07-28 11:27:02,409.15,535557,50,409.62,153911,353418,0.40490797546011714,0
2023-07-28 11:27:02,409.4,535557,24,409.62,153911,353418,0.46625766871165086,0
2023-07-28 11:27:04,409.4,535627,24,409.62,152806,353368,0.46625766871165086,0
2023-07-28 11:27:04,409.4,535627,24,409.62,153188,353668,0.46625766871165086,0
2023-07-28 11:27:04,409.2,535627,3,409.62,153047,353110,0.41717791411042665,0
2023-07-28 11:27:11,409.2,535630,3,409.62,153125,353512,0.41717791411042665,0
2023-07-28 11:27:11,409.2,535630,3,409.62,153225,353450,0.41717791411042665,0
2023-07-28 11:27:11,409.2,535630,3,409.62,153436,353285,0.41717791411042665,0
2023-07-28 11:27:11,409.2,535630,3,409.62,153439,354395,0.41717791411042665,0
2023-07-28 11:27:11,409.2,535630,3,409.62,153439,355160,0.41717791411042665,0
2023-07-28 11:27:27,409.4,535631,1,409.62,153322,353281,0.46625766871165086,0
2023-07-28 11:27:27,409.4,535631,1,409.62,154110,353393,0.46625766871165086,0
2023-07-28 11:27:27,409.4,535631,1,409.62,152994,353375,0.46625766871165086,0
2023-07-28 11:27:27,409.2,535631,1,409.62,152994,353375,0.41717791411042665,0
2023-07-28 11:27:34,409.2,535632,1,409.62,153194,353191,0.41717791411042665,0
2023-07-28 11:27:34,409.2,535632,1,409.62,153194,353475,0.41717791411042665,0
2023-07-28 11:27:34,409.2,535632,1,409.62,153558,353475,0.41717791411042665,0
2023-07-28 11:27:34,409.2,535632,1,409.62,153194,353044,0.41717791411042665,0
2023-07-28 11:27:34,409.2,535632,1,409.62,153376,352922,0.41717791411042665,0
2023-07-28 11:27:49,409.2,535653,18,409.62,153455,352922,0.41717791411042665,0
2023-07-28 11:27:49,409.2,535653,18,409.62,153455,353495,0.41717791411042665,0
2023-07-28 11:27:49,409.2,535653,1,409.62,153455,353495,0.41717791411042665,0
2023-07-28 11:27:54,409.2,535654,1,409.62,153805,352919,0.41717791411042665,0
2023-07-28 11:27:54,409.45,535654,166,409.62,153805,352919,0.4785276073619604,0
2023-07-28 11:27:58,409.45,535904,166,409.62,153503,352333,0.4785276073619604,0
