2023-07-28 10:49:29,954.8,3892846,75,950.08,416422,482120,-0.531305344306701,0
2023-07-28 10:49:29,954.8,3892846,119,950.08,416422,482120,-0.531305344306701,0
2023-07-28 10:49:29,955.0,3892926,92,950.08,416481,481870,-0.5104698406083944,0
2023-07-28 10:49:31,955.0,3893366,20,950.08,416919,479599,-0.5104698406083944,0
2023-07-28 10:49:32,954.85,3893398,2,950.08,416422,480137,-0.5260964683821184,0
2023-07-28 10:49:32,954.85,3893398,2,950.08,416422,480137,-0.5260964683821184,0
2023-07-28 10:49:34,955.0,3894432,17,950.09,416947,479736,-0.5104698406083944,0
2023-07-28 10:49:35,954.9,3895195,10,950.09,417389,479197,-0.5208875924575477,0
2023-07-28 10:49:35,954.9,3895195,39,950.09,417389,479197,-0.5208875924575477,0
2023-07-28 10:49:36,954.9,3895302,18,950.09,417437,479847,-0.5208875924575477,0
2023-07-28 10:49:36,954.9,3895302,18,950.09,417439,479759,-0.5208875924575477,0
2023-07-28 10:49:38,954.9,3895394,1,950.09,417291,479759,-0.5208875924575477,0
2023-07-28 10:49:39,954.95,3895497,16,950.09,417409,479852,-0.515678716532965,0
2023-07-28 10:49:39,954.9,3895497,5,950.09,417409,479852,-0.5208875924575477,0
2023-07-28 10:49:39,954.9,3895497,6,950.09,417409,479852,-0.5208875924575477,0
2023-07-28 10:49:41,954.9,3895731,21,950.09,417739,479772,-0.5208875924575477,0
2023-07-28 10:49:42,955.0,3895765,3,950.09,417741,479766,-0.5104698406083944,0
2023-07-28 10:49:43,954.95,3895802,5,950.09,417723,479777,-0.515678716532965,0
2023-07-28 10:49:44,954.9,3895837,1,950.09,417686,479729,-0.5208875924575477,0
2023-07-28 10:49:45,954.95,3895948,1,950.09,417478,479595,-0.515678716532965,0
2023-07-28 10:49:45,954.95,3895948,1,950.09,417478,479595,-0.515678716532965,0
2023-07-28 10:49:46,954.75,3896027,34,950.09,417462,479624,-0.5365142202312717,0
2023-07-28 10:49:47,954.85,3896147,1,950.09,418032,480659,-0.5260964683821184,0
2023-07-28 10:49:47,954.85,3896147,12,950.09,418032,480659,-0.5260964683821184,0
2023-07-28 10:49:48,954.95,3896167,5,950.09,417884,480429,-0.515678716532965,0
2023-07-28 10:49:49,954.85,3896199,5,950.09,418627,479361,-0.5260964683821184,0
2023-07-28 10:49:50,954.8,3896250,2,950.09,418184,480199,-0.531305344306701,0
2023-07-28 10:49:51,954.8,3896269,3,950.09,418520,480192,-0.531305344306701,0
2023-07-28 10:49:52,954.75,3896285,4,950.09,418523,480033,-0.5365142202312717,0
2023-07-28 10:49:53,954.8,3896362,1,950.09,418657,480032,-0.531305344306701,0
2023-07-28 10:49:53,954.75,3896362,3,950.09,418662,480274,-0.5365142202312717,0
2023-07-28 10:49:55,954.8,3896485,3,950.09,418509,480382,-0.531305344306701,0
2023-07-28 10:49:56,954.8,3896574,3,950.09,418400,480081,-0.531305344306701,0
2023-07-28 10:49:57,954.95,3896651,1,950.09,418447,480058,-0.515678716532965,0
2023-07-28 10:49:57,954.95,3896651,1,950.09,418447,480058,-0.515678716532965,0
2023-07-28 10:49:58,954.9,3896721,3,950.09,418912,480068,-0.5208875924575477,0
2023-07-28 10:49:58,954.9,3896721,3,950.09,418912,480068,-0.5208875924575477,0
2023-07-28 10:49:59,954.8,3896741,13,950.09,418681,480156,-0.531305344306701,0
2023-07-28 10:49:59,954.8,3896741,13,950.09,418681,480156,-0.531305344306701,0
2023-07-28 10:50:00,954.95,3896815,36,950.09,418485,480216,-0.515678716532965,0
2023-07-28 10:50:00,954.95,3896815,36,950.09,416965,481120,-0.515678716532965,0
2023-07-28 10:50:02,954.8,3896854,29,950.09,418293,479575,-0.531305344306701,0
2023-07-28 10:50:02,954.85,3896854,1,950.09,418293,479575,-0.5260964683821184,0
2023-07-28 10:50:03,954.95,3896973,12,950.09,418449,481319,-0.515678716532965,0
2023-07-28 10:50:03,954.95,3896973,4,950.09,418449,481319,-0.515678716532965,0
2023-07-28 10:50:04,954.85,3896983,1,950.09,418738,480858,-0.5260964683821184,0
2023-07-28 10:50:04,954.85,3896983,1,950.09,418738,480858,-0.5260964683821184,0
2023-07-28 10:50:05,954.85,3897123,4,950.09,418471,481314,-0.5260964683821184,0
2023-07-28 10:50:06,954.95,3897150,2,950.09,418238,481290,-0.515678716532965,0
2023-07-28 10:50:06,954.95,3897150,5,950.09,418238,481290,-0.515678716532965,0
2023-07-28 10:50:06,954.95,3897198,5,950.09,418131,481281,-0.515678716532965,0
2023-07-28 10:50:06,954.95,3897198,2,950.09,418131,481281,-0.515678716532965,0
2023-07-28 10:50:08,954.8,3897238,1,950.09,418338,481282,-0.531305344306701,0
2023-07-28 10:50:09,954.85,3897260,2,950.09,418595,480663,-0.5260964683821184,0
2023-07-28 10:50:09,954.85,3897260,2,950.09,418595,480663,-0.5260964683821184,0
2023-07-28 10:50:10,954.95,3897480,153,950.09,418684,480799,-0.515678716532965,0
2023-07-28 10:50:10,954.95,3897480,153,950.09,418684,480799,-0.515678716532965,0
2023-07-28 10:50:11,954.95,3897588,49,950.09,419036,481210,-0.515678716532965,0
2023-07-28 10:50:12,955.0,3901521,4,950.1,419304,479910,-0.5104698406083944,0
2023-07-28 10:50:14,954.95,3901700,127,950.1,419617,481478,-0.515678716532965,0
2023-07-28 10:50:15,954.95,3901990,135,950.1,418594,481646,-0.515678716532965,0
2023-07-28 10:50:16,954.95,3902002,10,950.1,419087,480200,-0.515678716532965,0
2023-07-28 10:50:16,954.95,3902002,4,950.1,419087,480200,-0.515678716532965,0
2023-07-28 10:50:18,954.9,3902050,4,950.1,419199,481338,-0.5208875924575477,0
2023-07-28 10:50:19,954.9,3902116,17,950.1,419199,481289,-0.5208875924575477,0
2023-07-28 10:50:19,954.9,3902262,2,950.1,419194,481462,-0.5208875924575477,0
2023-07-28 10:50:19,954.9,3902262,13,950.1,419194,481462,-0.5208875924575477,0
2023-07-28 10:50:21,954.85,3902979,2,950.1,416106,482375,-0.5260964683821184,0
2023-07-28 10:50:21,954.85,3902979,2,950.1,415916,481641,-0.5260964683821184,0
2023-07-28 10:50:21,954.9,3902979,6,950.1,415916,481641,-0.5208875924575477,0
2023-07-28 10:50:23,954.9,3903242,35,950.1,417256,479144,-0.5208875924575477,0
2023-07-28 10:50:23,954.9,3903242,35,950.1,417256,479144,-0.5208875924575477,0
2023-07-28 10:50:23,954.9,3903242,35,950.1,418799,480250,-0.5208875924575477,0
2023-07-28 10:50:23,955.0,3903242,26,950.1,418799,480250,-0.5104698406083944,0
2023-07-28 10:50:25,955.0,3903368,26,950.1,419137,480055,-0.5104698406083944,0
2023-07-28 10:50:26,954.9,3903524,48,950.1,418981,479924,-0.5208875924575477,0
2023-07-28 10:50:26,954.9,3903524,48,950.1,418981,479924,-0.5208875924575477,0
2023-07-28 10:50:27,954.95,3903600,1,950.1,419329,478476,-0.515678716532965,0
2023-07-28 10:50:27,954.9,3903600,24,950.1,419329,478476,-0.5208875924575477,0
2023-07-28 10:50:28,954.95,3903626,2,950.1,419225,478434,-0.515678716532965,0
2023-07-28 10:50:28,955.0,3907676,168,950.1,419847,477151,-0.5104698406083944,0
2023-07-28 10:50:28,954.95,3907676,100,950.1,419847,477151,-0.515678716532965,0
2023-07-28 10:50:30,955.0,3907964,12,950.1,418926,478889,-0.5104698406083944,0
2023-07-28 10:50:30,955.0,3907979,5,950.1,417865,478885,-0.5104698406083944,0
2023-07-28 10:50:32,954.95,3908493,2,950.1,417263,478701,-0.515678716532965,0
2023-07-28 10:50:33,954.95,3908559,16,950.1,417506,478889,-0.515678716532965,0
2023-07-28 10:50:33,954.95,3908584,1,950.1,416905,478929,-0.515678716532965,0
2023-07-28 10:50:35,955.0,3908766,5,950.1,418973,477597,-0.5104698406083944,0
2023-07-28 10:50:35,955.0,3908766,5,950.1,418973,477597,-0.5104698406083944,0
2023-07-28 10:50:36,954.9,3909323,39,950.1,418858,478340,-0.5208875924575477,0
2023-07-28 10:50:36,954.9,3909323,39,950.1,418858,478340,-0.5208875924575477,0
2023-07-28 10:50:37,954.95,3909358,1,950.1,420030,477282,-0.515678716532965,0
2023-07-28 10:50:38,954.95,3909920,4,950.11,419015,477294,-0.515678716532965,0
2023-07-28 10:50:38,954.95,3909920,4,950.11,419015,477294,-0.515678716532965,0
2023-07-28 10:50:38,954.95,3909920,4,950.11,419085,477361,-0.515678716532965,0
2023-07-28 10:50:38,954.95,3909920,4,950.11,419920,477361,-0.515678716532965,0
2023-07-28 10:50:38,955.0,3909920,100,950.11,419920,477361,-0.5104698406083944,0
2023-07-28 10:50:40,955.0,3913553,100,950.11,420174,477304,-0.5104698406083944,0
2023-07-28 10:50:42,955.0,3913568,15,950.11,422041,477573,-0.5104698406083944,0
2023-07-28 10:50:43,955.0,3913594,2,950.11,421981,477574,-0.5104698406083944,0
2023-07-28 10:50:44,954.95,3914171,33,950.11,419981,477444,-0.515678716532965,0
2023-07-28 10:50:44,955.0,3914171,2,950.11,419981,477444,-0.5104698406083944,0
2023-07-28 10:50:45,955.0,3914759,14,950.11,420958,477727,-0.5104698406083944,0
2023-07-28 10:50:45,955.0,3914759,14,950.11,420958,477727,-0.5104698406083944,0
2023-07-28 10:50:46,954.95,3914864,12,950.11,416611,478159,-0.515678716532965,0
2023-07-28 10:50:46,954.95,3914864,27,950.11,416611,478159,-0.515678716532965,0
2023-07-28 10:50:47,955.0,3915003,3,950.11,419259,477889,-0.5104698406083944,0
2023-07-28 10:50:47,955.0,3915003,1,950.11,419259,477889,-0.5104698406083944,0
2023-07-28 10:50:48,955.0,3915060,1,950.11,420419,477225,-0.5104698406083944,0
2023-07-28 10:50:48,955.0,3915060,3,950.11,420419,477225,-0.5104698406083944,0
2023-07-28 10:50:50,954.95,3915108,29,950.11,420888,477863,-0.515678716532965,0
2023-07-28 10:50:51,955.0,3915331,102,950.11,420896,477963,-0.5104698406083944,0
2023-07-28 10:50:51,955.0,3915331,102,950.11,420896,477963,-0.5104698406083944,0
2023-07-28 10:50:51,955.0,3915331,102,950.11,420740,478217,-0.5104698406083944,0
2023-07-28 10:50:51,954.95,3915331,4,950.11,420740,478217,-0.515678716532965,0
2023-07-28 10:50:53,954.95,3915435,1,950.11,419698,478165,-0.515678716532965,0
2023-07-28 10:50:54,955.0,3915475,40,950.11,419807,477784,-0.5104698406083944,0
2023-07-28 10:50:54,954.95,3915475,1,950.11,419807,477784,-0.515678716532965,0
2023-07-28 10:50:55,954.95,3915579,2,950.11,419624,478130,-0.515678716532965,0
2023-07-28 10:50:56,954.9,3915696,26,950.11,421625,478201,-0.5208875924575477,0
2023-07-28 10:50:56,954.9,3915696,10,950.11,421625,478201,-0.5208875924575477,0
2023-07-28 10:50:56,954.9,3915706,10,950.11,421151,478145,-0.5208875924575477,0
2023-07-28 10:50:56,954.95,3915706,1,950.11,421151,478145,-0.515678716532965,0
2023-07-28 10:50:58,954.9,3915931,200,950.11,420928,478145,-0.5208875924575477,0
2023-07-28 10:50:58,954.95,3915931,2,950.11,420928,478145,-0.515678716532965,0
2023-07-28 10:50:59,954.9,3915981,48,950.11,420923,478214,-0.5208875924575477,0
2023-07-28 10:51:00,954.9,3915982,1,950.11,421423,478221,-0.5208875924575477,0
2023-07-28 10:51:00,954.9,3915982,1,950.11,421423,478221,-0.5208875924575477,0
2023-07-28 10:51:01,954.9,3916291,4,950.11,420023,478157,-0.5208875924575477,0
2023-07-28 10:51:02,954.9,3916325,34,950.11,419993,478163,-0.5208875924575477,0
2023-07-28 10:51:03,954.95,3916694,19,950.11,418612,477716,-0.515678716532965,0
2023-07-28 10:51:03,954.95,3916694,5,950.11,418612,477716,-0.515678716532965,0
2023-07-28 10:51:04,954.8,3916739,1,950.11,419209,477740,-0.531305344306701,0
2023-07-28 10:51:05,954.8,3916873,1,950.11,421194,477911,-0.531305344306701,0
2023-07-28 10:51:05,954.8,3916873,1,950.11,421194,477911,-0.531305344306701,0
2023-07-28 10:51:06,954.8,3916917,1,950.11,421215,478415,-0.531305344306701,0
2023-07-28 10:51:06,954.7,3916917,65,950.11,421215,478415,-0.5417230961558425,0
2023-07-28 10:51:06,954.7,3916982,65,950.11,415349,479071,-0.5417230961558425,0
2023-07-28 10:51:08,954.7,3917055,37,950.11,418981,479457,-0.5417230961558425,0
2023-07-28 10:51:09,954.75,3917059,1,950.11,417358,479568,-0.5365142202312717,0
2023-07-28 10:51:10,954.75,3917064,2,950.11,418929,479732,-0.5365142202312717,0
2023-07-28 10:51:11,954.7,3917115,6,950.11,419120,479902,-0.5417230961558425,0
2023-07-28 10:51:12,954.7,3917190,25,950.11,418963,479541,-0.5417230961558425,0
2023-07-28 10:51:14,954.7,3917600,3,950.11,419117,479942,-0.5417230961558425,0
2023-07-28 10:51:15,954.7,3917802,70,950.12,418327,479669,-0.5417230961558425,0
2023-07-28 10:51:15,954.7,3917804,1,950.12,420325,479763,-0.5417230961558425,0
2023-07-28 10:51:17,954.7,3917850,41,950.12,420398,482584,-0.5417230961558425,0
2023-07-28 10:51:17,954.75,3917850,6,950.12,420398,482584,-0.5365142202312717,0
2023-07-28 10:51:18,954.75,3917864,8,950.12,419344,483634,-0.5365142202312717,0
2023-07-28 10:51:18,954.75,3917864,8,950.12,419344,483634,-0.5365142202312717,0
2023-07-28 10:51:19,954.7,3917869,8,950.12,418970,483688,-0.5417230961558425,0
2023-07-28 10:51:20,954.75,3917924,1,950.12,418793,483650,-0.5365142202312717,0
2023-07-28 10:51:21,954.75,3917931,5,950.12,418799,483718,-0.5365142202312717,0
2023-07-28 10:51:21,954.75,3917966,7,950.12,418824,483683,-0.5365142202312717,0
2023-07-28 10:51:23,954.7,3918131,10,950.12,420911,483451,-0.5417230961558425,0
2023-07-28 10:51:24,954.7,3918385,5,950.12,420689,483328,-0.5417230961558425,0
2023-07-28 10:51:24,954.7,3918385,5,950.12,420689,483328,-0.5417230961558425,0
2023-07-28 10:51:25,954.75,3918505,6,950.12,419965,483022,-0.5365142202312717,0
2023-07-28 10:51:26,954.75,3918563,1,950.12,418254,483459,-0.5365142202312717,0
2023-07-28 10:51:27,954.75,3918806,17,950.12,419356,482932,-0.5365142202312717,0
2023-07-28 10:51:28,954.85,3918932,19,950.12,418178,482920,-0.5260964683821184,0
2023-07-28 10:51:29,954.9,3919042,10,950.12,417496,482988,-0.5208875924575477,0
2023-07-28 10:51:29,954.9,3919042,10,950.12,417499,482988,-0.5208875924575477,0
2023-07-28 10:51:31,954.8,3919135,5,950.12,418791,481523,-0.531305344306701,0
2023-07-28 10:51:31,954.9,3919135,13,950.12,418791,481523,-0.5208875924575477,0
2023-07-28 10:51:31,955.0,3926426,4,950.13,422209,478691,-0.5104698406083944,0
2023-07-28 10:51:33,954.95,3926531,1,950.13,420532,479059,-0.515678716532965,0
2023-07-28 10:51:34,954.9,3932799,152,950.13,420824,478713,-0.5208875924575477,0
2023-07-28 10:51:35,955.0,3932934,12,950.13,421596,478670,-0.5104698406083944,0
2023-07-28 10:51:35,955.0,3932934,12,950.13,421794,478670,-0.5104698406083944,0
2023-07-28 10:51:35,955.0,3932934,5,950.13,421794,478670,-0.5104698406083944,0
2023-07-28 10:51:36,955.0,3934341,5,950.14,419546,478685,-0.5104698406083944,0
2023-07-28 10:51:37,955.0,3935420,20,950.14,419482,478884,-0.5104698406083944,0
2023-07-28 10:51:39,954.9,3935457,2,950.14,419629,479150,-0.5208875924575477,0
2023-07-28 10:51:39,954.9,3935457,5,950.14,419629,479150,-0.5208875924575477,0
2023-07-28 10:51:40,954.95,3936977,30,950.14,419844,479006,-0.515678716532965,0
2023-07-28 10:51:40,954.95,3936977,30,950.14,419844,479006,-0.515678716532965,0
2023-07-28 10:51:40,954.9,3936977,10,950.14,419844,479006,-0.5208875924575477,0
2023-07-28 10:51:40,954.8,3936977,3,950.14,419844,479006,-0.531305344306701,0
2023-07-28 10:51:43,954.8,3937040,22,950.14,421305,479006,-0.531305344306701,0
2023-07-28 10:51:43,954.8,3937040,1,950.14,421305,479006,-0.531305344306701,0
2023-07-28 10:51:45,954.8,3937214,30,950.14,421145,479078,-0.531305344306701,0
2023-07-28 10:51:46,954.8,3937399,2,950.14,417148,479448,-0.531305344306701,0
2023-07-28 10:51:47,954.75,3937435,5,950.14,418549,479501,-0.5365142202312717,0
2023-07-28 10:51:48,954.75,3937436,1,950.14,418953,479396,-0.5365142202312717,0
2023-07-28 10:51:50,954.75,3937489,37,950.14,418012,479398,-0.5365142202312717,0
2023-07-28 10:51:50,954.5,3939747,174,950.14,418264,480073,-0.5625585998541491,0
2023-07-28 10:51:50,954.35,3939747,3,950.14,418264,480073,-0.5781852276278732,0
2023-07-28 10:51:52,954.35,3939751,1,950.14,419266,482087,-0.5781852276278732,0
2023-07-28 10:51:52,954.35,3939751,4,950.14,419266,482087,-0.5781852276278732,0
2023-07-28 10:51:53,954.35,3939850,35,950.14,419766,482337,-0.5781852276278732,0
2023-07-28 10:51:54,954.35,3939860,10,950.14,417511,482126,-0.5781852276278732,0
2023-07-28 10:51:55,954.35,3939961,14,950.14,419509,482365,-0.5781852276278732,0
2023-07-28 10:51:56,954.4,3940067,5,950.14,420824,482181,-0.5729763517033024,0
2023-07-28 10:51:57,954.3,3940070,3,950.14,421574,480376,-0.5833941035524558,0
2023-07-28 10:51:58,954.25,3945206,32,950.15,413501,481077,-0.5886029794770266,0
2023-07-28 10:51:59,954.3,3945268,1,950.15,415716,483989,-0.5833941035524558,0
2023-07-28 10:51:59,954.3,3945268,4,950.15,416193,483994,-0.5833941035524558,0
2023-07-28 10:52:01,954.3,3945992,50,950.15,417740,484465,-0.5833941035524558,0
2023-07-28 10:52:02,954.35,3946291,1,950.15,416471,483121,-0.5781852276278732,0
2023-07-28 10:52:03,954.3,3951325,34,950.15,415586,483854,-0.5833941035524558,0
2023-07-28 10:52:05,954.05,3951648,70,950.15,414961,483411,-0.6094384831753331,0
2023-07-28 10:52:05,954.05,3951648,70,950.15,414091,483411,-0.6094384831753331,0
2023-07-28 10:52:05,954.05,3951648,70,950.15,414762,485016,-0.6094384831753331,0
2023-07-28 10:52:07,954.2,3952129,128,950.15,415348,485786,-0.5938118554015972,0
2023-07-28 10:52:07,954.2,3952430,129,950.15,417061,484320,-0.5938118554015972,0
2023-07-28 10:52:07,954.05,3952430,2,950.15,417061,484320,-0.6094384831753331,0
2023-07-28 10:52:09,954.1,3952967,9,950.16,416058,484766,-0.6042296072507506,0
2023-07-28 10:52:09,954.1,3952967,9,950.16,416058,484766,-0.6042296072507506,0
2023-07-28 10:52:10,954.05,3952998,1,950.16,416213,485059,-0.6094384831753331,0
2023-07-28 10:52:10,954.0,3952998,66,950.16,416213,485059,-0.6146473590999039,0
2023-07-28 10:52:11,953.95,3956892,20,950.16,415766,485656,-0.6198562350244746,0
2023-07-28 10:52:12,953.95,3957019,24,950.16,417470,485882,-0.6198562350244746,0
2023-07-28 10:52:12,953.95,3957019,24,950.16,417470,485882,-0.6198562350244746,0
2023-07-28 10:52:13,953.95,3957189,30,950.16,417412,485957,-0.6198562350244746,0
2023-07-28 10:52:14,954.0,3959088,52,950.16,414830,485237,-0.6146473590999039,0
2023-07-28 10:52:16,954.1,3959344,50,950.16,416638,484914,-0.6042296072507506,0
2023-07-28 10:52:17,954.1,3959610,14,950.16,417739,485103,-0.6042296072507506,0
2023-07-28 10:52:18,954.1,3959958,5,950.16,418308,484055,-0.6042296072507506,0
2023-07-28 10:52:18,954.1,3959958,5,950.16,418308,484055,-0.6042296072507506,0
2023-07-28 10:52:19,954.1,3960879,21,950.16,419387,481565,-0.6042296072507506,0
2023-07-28 10:52:21,954.4,3961014,1,950.16,420065,483652,-0.5729763517033024,0
2023-07-28 10:52:21,954.4,3961014,1,950.16,420067,483652,-0.5729763517033024,0
2023-07-28 10:52:21,954.45,3961070,50,950.16,420011,483234,-0.5677674757787199,0
2023-07-28 10:52:23,954.4,3963111,13,950.17,418141,482973,-0.5729763517033024,0
2023-07-28 10:52:23,954.4,3963111,7,950.17,418141,482973,-0.5729763517033024,0
2023-07-28 10:52:23,954.25,3963111,2,950.17,418141,482973,-0.5886029794770266,0
2023-07-28 10:52:25,954.4,3963277,9,950.17,418580,484418,-0.5729763517033024,0
2023-07-28 10:52:26,954.4,3965327,14,950.17,418074,484511,-0.5729763517033024,0
2023-07-28 10:52:26,954.4,3965327,50,950.17,418074,484511,-0.5729763517033024,0
2023-07-28 10:52:28,954.45,3965496,25,950.17,417222,484628,-0.5677674757787199,0
2023-07-28 10:52:29,954.5,3967154,1,950.17,417225,483549,-0.5625585998541491,0
2023-07-28 10:52:29,954.5,3967154,59,950.17,417225,483549,-0.5625585998541491,0
2023-07-28 10:52:30,954.25,3968405,5,950.17,414151,485338,-0.5886029794770266,0
2023-07-28 10:52:31,954.45,3968500,44,950.17,416403,484733,-0.5677674757787199,0
2023-07-28 10:52:32,954.45,3968501,1,950.17,418203,482937,-0.5677674757787199,0
2023-07-28 10:52:32,954.45,3968501,1,950.17,418203,482937,-0.5677674757787199,0
2023-07-28 10:52:34,954.5,3968658,50,950.17,417627,484507,-0.5625585998541491,0
2023-07-28 10:52:35,954.3,3970493,9,950.17,419020,484410,-0.5833941035524558,0
2023-07-28 10:52:35,954.3,3970493,9,950.17,419020,484410,-0.5833941035524558,0
2023-07-28 10:52:36,954.5,3970494,14,950.17,418648,485425,-0.5625585998541491,0
2023-07-28 10:52:37,954.5,3972356,32,950.18,420025,484930,-0.5625585998541491,0
2023-07-28 10:52:37,954.5,3972356,32,950.18,420025,484930,-0.5625585998541491,0
2023-07-28 10:52:38,954.45,3972427,10,950.18,420534,485262,-0.5677674757787199,0
2023-07-28 10:52:39,954.5,3973452,47,950.18,420763,485264,-0.5625585998541491,0
2023-07-28 10:52:41,954.5,3973896,211,950.18,418887,485125,-0.5625585998541491,0
2023-07-28 10:52:41,954.5,3973896,9,950.18,418887,485125,-0.5625585998541491,0
2023-07-28 10:52:41,954.45,3973896,17,950.18,418887,485125,-0.5677674757787199,0
2023-07-28 10:52:43,954.45,3976688,2,950.18,419233,484574,-0.5677674757787199,0
2023-07-28 10:52:43,954.45,3976688,2,950.18,419233,484574,-0.5677674757787199,0
2023-07-28 10:52:44,954.45,3976736,1,950.18,419501,484985,-0.5677674757787199,0
2023-07-28 10:52:45,954.45,3976969,24,950.18,419416,484869,-0.5677674757787199,0
2023-07-28 10:52:47,954.45,3977838,14,950.18,419153,483685,-0.5677674757787199,0
2023-07-28 10:52:48,954.35,3977896,19,950.18,418111,484127,-0.5781852276278732,0
2023-07-28 10:52:48,954.4,3977896,5,950.18,418111,484127,-0.5729763517033024,0
2023-07-28 10:52:49,954.4,3977927,6,950.18,418861,483887,-0.5729763517033024,0
2023-07-28 10:52:49,954.4,3977927,6,950.18,418861,483887,-0.5729763517033024,0
2023-07-28 10:52:50,954.4,3978027,1,950.18,419460,483493,-0.5729763517033024,0
2023-07-28 10:52:51,954.4,3978028,1,950.18,419476,484168,-0.5729763517033024,0
2023-07-28 10:52:52,954.3,3978032,1,950.18,415877,485707,-0.5833941035524558,0
2023-07-28 10:52:54,954.4,3978859,4,950.18,420792,476831,-0.5729763517033024,0
2023-07-28 10:52:54,954.4,3978859,4,950.18,420255,483354,-0.5729763517033024,0
2023-07-28 10:52:54,954.45,3978859,500,950.18,420255,483354,-0.5677674757787199,0
2023-07-28 10:52:55,954.4,3981860,23,950.19,421362,483266,-0.5729763517033024,0
2023-07-28 10:52:55,954.4,3981860,23,950.19,421362,483266,-0.5729763517033024,0
2023-07-28 10:52:56,954.4,3983100,124,950.19,421171,483485,-0.5729763517033024,0
2023-07-28 10:52:57,954.5,3983751,133,950.19,421159,483440,-0.5625585998541491,0
2023-07-28 10:52:58,954.35,3984969,65,950.19,417104,482874,-0.5781852276278732,0
2023-07-28 10:52:58,954.35,3984969,65,950.19,417104,482874,-0.5781852276278732,0
2023-07-28 10:52:59,954.5,3987069,1050,950.19,417998,482934,-0.5625585998541491,0
2023-07-28 10:53:00,954.5,3987072,2,950.19,418569,484078,-0.5625585998541491,0
2023-07-28 10:53:01,954.35,3987357,135,950.19,419281,484385,-0.5781852276278732,0
2023-07-28 10:53:02,954.35,3987409,21,950.19,418964,484379,-0.5781852276278732,0
2023-07-28 10:53:02,954.35,3987409,21,950.19,418964,484379,-0.5781852276278732,0
2023-07-28 10:53:02,954.35,3987409,21,950.19,419423,484318,-0.5781852276278732,0
2023-07-28 10:53:02,954.35,3987409,21,950.19,417576,484733,-0.5781852276278732,0
2023-07-28 10:53:02,954.4,3987409,10,950.19,417576,484733,-0.5729763517033024,0
2023-07-28 10:53:05,954.35,3987525,43,950.19,417969,486171,-0.5781852276278732,0
2023-07-28 10:53:05,954.35,3987568,43,950.19,418590,486346,-0.5781852276278732,0
2023-07-28 10:53:05,954.25,3987568,33,950.19,418590,486346,-0.5886029794770266,0
2023-07-28 10:53:07,954.25,3988455,33,950.19,418063,486693,-0.5886029794770266,0
2023-07-28 10:53:07,954.25,3988455,22,950.19,418063,486693,-0.5886029794770266,0
2023-07-28 10:53:08,954.25,3988574,1,950.19,418849,486731,-0.5886029794770266,0
2023-07-28 10:53:09,954.2,3988575,1,950.19,418225,486795,-0.5938118554015972,0
2023-07-28 10:53:09,954.2,3988575,1,950.19,418225,486795,-0.5938118554015972,0
2023-07-28 10:53:10,954.25,3988636,1,950.19,419280,485171,-0.5886029794770266,0
2023-07-28 10:53:10,954.2,3988636,1,950.19,419280,485171,-0.5938118554015972,0
2023-07-28 10:53:11,954.05,3988668,42,950.19,419480,486168,-0.6094384831753331,0
2023-07-28 10:53:12,954.0,3990400,499,950.19,418104,486786,-0.6146473590999039,0
2023-07-28 10:53:14,953.9,3991464,38,950.2,416192,487387,-0.6250651109490573,0
2023-07-28 10:53:14,953.9,3991464,62,950.2,416192,487387,-0.6250651109490573,0
2023-07-28 10:53:15,954.0,3993271,261,950.2,416770,486545,-0.6146473590999039,0
2023-07-28 10:53:15,954.0,3993271,261,950.2,416770,486545,-0.6146473590999039,0
2023-07-28 10:53:16,953.9,3993323,2,950.2,418238,485618,-0.6250651109490573,0
2023-07-28 10:53:17,953.95,3993364,4,950.2,419290,486169,-0.6198562350244746,0
2023-07-28 10:53:18,953.9,3993365,1,950.2,417338,486144,-0.6250651109490573,0
2023-07-28 10:53:19,954.0,3993565,112,950.2,419734,486132,-0.6146473590999039,0
2023-07-28 10:53:19,954.0,3993565,112,950.2,419141,486362,-0.6146473590999039,0
2023-07-28 10:53:19,953.9,3993565,14,950.2,419141,486362,-0.6250651109490573,0
2023-07-28 10:53:22,953.9,3993594,5,950.2,418472,486472,-0.6250651109490573,0
2023-07-28 10:53:23,953.9,3993679,9,950.2,420132,486632,-0.6250651109490573,0
2023-07-28 10:53:23,953.9,3993679,9,950.2,420132,486632,-0.6250651109490573,0
2023-07-28 10:53:23,953.95,3993679,47,950.2,420132,486632,-0.6198562350244746,0
2023-07-28 10:53:23,953.95,3993679,47,950.2,420132,486632,-0.6198562350244746,0
2023-07-28 10:53:25,954.0,3993849,23,950.2,417737,486462,-0.6146473590999039,0
2023-07-28 10:53:26,953.9,3993876,9,950.2,419877,486132,-0.6250651109490573,0
2023-07-28 10:53:28,953.8,3994235,100,950.2,419712,487080,-0.6354828627982105,0
2023-07-28 10:53:28,953.8,3994235,100,950.2,419716,487080,-0.6354828627982105,0
2023-07-28 10:53:28,953.8,3994235,100,950.2,419716,487080,-0.6354828627982105,0
2023-07-28 10:53:29,953.8,3994303,1,950.2,419648,489080,-0.6354828627982105,0
2023-07-28 10:53:30,953.9,3994304,1,950.2,419649,488930,-0.6250651109490573,0
2023-07-28 10:53:30,953.9,3994304,1,950.2,419649,488930,-0.6250651109490573,0
2023-07-28 10:53:30,953.85,3994304,1,950.2,419649,488930,-0.6302739868736279,0
2023-07-28 10:53:33,953.85,3994687,7,950.2,419850,488646,-0.6302739868736279,0
2023-07-28 10:53:33,953.85,3994687,7,950.2,420187,488724,-0.6302739868736279,0
2023-07-28 10:53:35,953.9,3995517,1,950.2,417609,489012,-0.6250651109490573,0
2023-07-28 10:53:35,953.8,3995517,3,950.2,417609,489012,-0.6354828627982105,0
2023-07-28 10:53:36,953.85,3995718,1,950.2,419962,488556,-0.6302739868736279,0
2023-07-28 10:53:36,953.9,3995718,8,950.2,420595,488730,-0.6250651109490573,0
2023-07-28 10:53:38,953.7,3995911,20,950.2,417670,489444,-0.645900614647352,0
2023-07-28 10:53:39,953.95,3996289,8,950.2,419224,488821,-0.6198562350244746,0
2023-07-28 10:53:40,953.7,3996490,93,950.2,417718,489055,-0.645900614647352,0
2023-07-28 10:53:40,953.8,3996490,10,950.2,417718,489055,-0.6354828627982105,0
2023-07-28 10:53:42,953.8,3996567,1,950.2,420675,489060,-0.6354828627982105,0
2023-07-28 10:53:43,954.0,3997503,1,950.2,421133,489096,-0.6146473590999039,0
2023-07-28 10:53:43,953.9,3997503,3,950.2,421133,489096,-0.6250651109490573,0
2023-07-28 10:53:44,954.0,3999440,467,950.2,421228,488608,-0.6146473590999039,0
2023-07-28 10:53:45,954.0,4002908,1,950.21,421498,488635,-0.6146473590999039,0
2023-07-28 10:53:45,954.0,4002908,1,950.21,421034,488637,-0.6146473590999039,0
2023-07-28 10:53:45,954.0,4002908,9,950.21,421034,488637,-0.6146473590999039,0
2023-07-28 10:53:47,954.2,4004589,163,950.21,424935,486776,-0.5938118554015972,0
2023-07-28 10:53:48,954.2,4005500,168,950.21,422994,487163,-0.5938118554015972,0
2023-07-28 10:53:50,954.2,4005523,6,950.21,422252,487283,-0.5938118554015972,0
2023-07-28 10:53:50,954.2,4005523,1,950.21,422252,487283,-0.5938118554015972,0
2023-07-28 10:53:51,954.25,4005560,3,950.21,422718,487300,-0.5886029794770266,0
2023-07-28 10:53:51,954.2,4005560,2,950.21,422718,487300,-0.5938118554015972,0
2023-07-28 10:53:52,954.25,4005574,1,950.21,422957,487324,-0.5886029794770266,0
2023-07-28 10:53:53,954.0,4014029,27,950.22,412257,489108,-0.6146473590999039,0
2023-07-28 10:53:55,954.05,4016203,52,950.22,415335,487210,-0.6094384831753331,0
2023-07-28 10:53:56,954.4,4016675,1,950.22,416976,487837,-0.5729763517033024,0
2023-07-28 10:53:56,954.4,4017055,11,950.22,417827,486011,-0.5729763517033024,0
2023-07-28 10:53:56,954.4,4017055,3,950.22,417827,486011,-0.5729763517033024,0
2023-07-28 10:53:58,954.15,4017187,61,950.22,418837,486288,-0.5990207313261798,0
2023-07-28 10:53:58,954.3,4017187,51,950.22,418837,486288,-0.5833941035524558,0
2023-07-28 10:53:59,954.3,4017338,51,950.22,422532,485941,-0.5833941035524558,0
2023-07-28 10:54:01,954.2,4017344,6,950.22,421905,486004,-0.5938118554015972,0
2023-07-28 10:54:01,954.25,4017344,7,950.22,421905,486004,-0.5886029794770266,0
2023-07-28 10:54:02,954.2,4017394,1,950.22,422370,486247,-0.5938118554015972,0
2023-07-28 10:54:04,954.2,4017433,1,950.22,420549,486684,-0.5938118554015972,0
2023-07-28 10:54:05,954.25,4017877,29,950.22,417579,486391,-0.5886029794770266,0
2023-07-28 10:54:05,954.25,4017999,32,950.22,417598,486882,-0.5886029794770266,0
2023-07-28 10:54:07,954.3,4018792,1,950.22,418097,486249,-0.5833941035524558,0
2023-07-28 10:54:08,954.15,4018829,2,950.22,418605,488569,-0.5990207313261798,0
2023-07-28 10:54:08,954.4,4019386,22,950.22,420735,488905,-0.5729763517033024,0
2023-07-28 10:54:09,954.3,4019693,6,950.22,416893,488891,-0.5833941035524558,0
2023-07-28 10:54:10,954.05,4020148,9,950.22,418994,489886,-0.6094384831753331,0
2023-07-28 10:54:10,954.05,4020148,6,950.22,418994,489886,-0.6094384831753331,0
2023-07-28 10:54:12,954.05,4020217,30,950.22,419978,488453,-0.6094384831753331,0
2023-07-28 10:54:14,954.3,4020363,1,950.22,419355,488510,-0.5833941035524558,0
2023-07-28 10:54:15,954.05,4020505,71,950.22,419334,488510,-0.6094384831753331,0
2023-07-28 10:54:15,954.05,4020505,71,950.22,419334,488510,-0.6094384831753331,0
2023-07-28 10:54:16,954.05,4020686,29,950.22,420469,488609,-0.6094384831753331,0
2023-07-28 10:54:16,954.05,4020686,29,950.22,420469,488609,-0.6094384831753331,0
2023-07-28 10:54:18,954.05,4020698,12,950.22,419234,488798,-0.6094384831753331,0
2023-07-28 10:54:18,954.05,4020698,12,950.22,419234,488798,-0.6094384831753331,0
2023-07-28 10:54:18,954.1,4020698,12,950.22,420651,488832,-0.6042296072507506,0
2023-07-28 10:54:19,954.4,4021710,22,950.22,420762,490131,-0.5729763517033024,0
2023-07-28 10:54:19,954.4,4021710,16,950.22,420762,490131,-0.5729763517033024,0
2023-07-28 10:54:21,954.4,4022267,20,950.23,419572,489929,-0.5729763517033024,0
2023-07-28 10:54:22,954.35,4022452,17,950.23,419574,488730,-0.5781852276278732,0
2023-07-28 10:54:22,954.35,4022452,17,950.23,419570,488747,-0.5781852276278732,0
2023-07-28 10:54:23,954.35,4022465,7,950.23,420135,488744,-0.5781852276278732,0
2023-07-28 10:54:23,954.35,4022465,7,950.23,420135,488744,-0.5781852276278732,0
2023-07-28 10:54:24,954.15,4022504,1,950.23,418849,488895,-0.5990207313261798,0
2023-07-28 10:54:24,954.05,4022504,17,950.23,418849,488895,-0.6094384831753331,0
2023-07-28 10:54:24,954.15,4022504,6,950.23,418849,488895,-0.5990207313261798,0
2023-07-28 10:54:26,954.0,4023076,1,950.23,421314,489255,-0.6146473590999039,0
2023-07-28 10:54:27,954.05,4023077,3,950.23,421364,489077,-0.6094384831753331,0
2023-07-28 10:54:28,954.05,4023083,3,950.23,420380,488489,-0.6094384831753331,0
2023-07-28 10:54:29,954.0,4023132,26,950.23,417501,488125,-0.6146473590999039,0
2023-07-28 10:54:31,954.05,4023153,4,950.23,416333,488216,-0.6094384831753331,0
2023-07-28 10:54:31,954.05,4023153,4,950.23,416345,488559,-0.6094384831753331,0
2023-07-28 10:54:31,954.05,4023153,4,950.23,416345,488559,-0.6094384831753331,0
2023-07-28 10:54:32,953.75,4023167,22,950.23,418940,488998,-0.6406917387227813,0
2023-07-28 10:54:33,954.05,4023962,6,950.23,418499,488358,-0.6094384831753331,0
2023-07-28 10:54:35,953.8,4024287,20,950.23,420418,488709,-0.6354828627982105,0
2023-07-28 10:54:35,954.0,4025118,10,950.23,420536,488410,-0.6146473590999039,0
2023-07-28 10:54:36,953.95,4025160,36,950.23,422955,488783,-0.6198562350244746,0
2023-07-28 10:54:38,954.0,4025680,39,950.23,423068,488831,-0.6146473590999039,0
2023-07-28 10:54:38,954.0,4025680,1,950.23,423068,488831,-0.6146473590999039,0
2023-07-28 10:54:38,954.0,4026119,1,950.23,423949,490016,-0.6146473590999039,0
2023-07-28 10:54:38,953.95,4026119,4,950.23,423949,490016,-0.6198562350244746,0
2023-07-28 10:54:41,953.95,4026277,37,950.23,424823,491309,-0.6198562350244746,0
2023-07-28 10:54:41,954.0,4026277,24,950.23,424823,491309,-0.6146473590999039,0
2023-07-28 10:54:42,954.0,4027153,2,950.23,422306,493943,-0.6146473590999039,0
2023-07-28 10:54:42,954.0,4027153,2,950.23,422306,493943,-0.6146473590999039,0
2023-07-28 10:54:42,953.95,4027153,6,950.23,422935,493943,-0.6198562350244746,0
2023-07-28 10:54:44,953.9,4027373,14,950.23,423752,493837,-0.6250651109490573,0
2023-07-28 10:54:45,953.9,4027505,70,950.23,424200,493796,-0.6250651109490573,0
2023-07-28 10:54:47,953.9,4027604,53,950.23,424103,494246,-0.6250651109490573,0
2023-07-28 10:54:47,953.95,4027648,22,950.23,423774,494757,-0.6198562350244746,0
2023-07-28 10:54:48,953.85,4029243,18,950.23,421678,494947,-0.6302739868736279,0
2023-07-28 10:54:50,953.9,4030641,70,950.23,416759,494624,-0.6250651109490573,0
2023-07-28 10:54:50,953.9,4030642,70,950.23,418516,495052,-0.6250651109490573,0
2023-07-28 10:54:51,953.95,4030967,43,950.23,420336,494884,-0.6198562350244746,0
2023-07-28 10:54:53,954.0,4031408,1,950.23,419227,495050,-0.6146473590999039,0
2023-07-28 10:54:54,954.0,4031604,1,950.23,419102,496821,-0.6146473590999039,0
2023-07-28 10:54:55,953.8,4031807,38,950.23,418403,497509,-0.6354828627982105,0
2023-07-28 10:54:56,953.95,4031973,4,950.23,420123,497611,-0.6198562350244746,0
2023-07-28 10:54:56,953.9,4031987,6,950.23,418324,497642,-0.6250651109490573,0
2023-07-28 10:54:57,953.95,4032073,6,950.23,418313,497983,-0.6198562350244746,0
2023-07-28 10:54:57,953.95,4032073,45,950.23,418313,497983,-0.6198562350244746,0
2023-07-28 10:54:57,953.95,4032143,45,950.23,418339,497957,-0.6198562350244746,0
2023-07-28 10:54:59,953.75,4033144,246,950.24,417956,498460,-0.6406917387227813,0
2023-07-28 10:54:59,954.0,4033144,5,950.24,417956,498460,-0.6146473590999039,0
2023-07-28 10:54:59,954.0,4033149,5,950.24,417923,499965,-0.6146473590999039,0
2023-07-28 10:54:59,954.0,4033149,1,950.24,417923,499965,-0.6146473590999039,0
2023-07-28 10:55:01,953.85,4033158,4,950.24,420324,500992,-0.6302739868736279,0
2023-07-28 10:55:01,953.85,4033158,2,950.24,420324,500992,-0.6302739868736279,0
2023-07-28 10:55:02,953.75,4033246,22,950.24,420206,502044,-0.6406917387227813,0
2023-07-28 10:55:03,953.8,4033248,1,950.24,419543,503474,-0.6354828627982105,0
2023-07-28 10:55:03,953.85,4033248,3,950.24,419543,503474,-0.6302739868736279,0
2023-07-28 10:55:03,953.85,4033251,3,950.24,419527,503474,-0.6302739868736279,0
2023-07-28 10:55:03,953.7,4033251,18,950.24,419527,503474,-0.645900614647352,0
2023-07-28 10:55:05,953.8,4033375,1,950.24,417946,503966,-0.6354828627982105,0
2023-07-28 10:55:06,953.8,4033526,1,950.24,417415,505250,-0.6354828627982105,0
2023-07-28 10:55:08,953.7,4033564,8,950.24,417874,505419,-0.645900614647352,0
2023-07-28 10:55:08,953.7,4033564,6,950.24,417874,505419,-0.645900614647352,0
2023-07-28 10:55:09,953.7,4033630,6,950.24,417000,502233,-0.645900614647352,0
2023-07-28 10:55:10,953.55,4033843,134,950.24,417956,505365,-0.661527242421088,0
2023-07-28 10:55:10,953.55,4033843,134,950.24,417062,505803,-0.661527242421088,0
2023-07-28 10:55:10,953.55,4033843,134,950.24,417062,505803,-0.661527242421088,0
2023-07-28 10:55:11,953.5,4033869,11,950.24,420575,505722,-0.6667361183456586,0
2023-07-28 10:55:12,953.5,4033909,24,950.24,420422,506480,-0.6667361183456586,0
2023-07-28 10:55:13,953.5,4033945,36,950.24,420157,503672,-0.6667361183456586,0
2023-07-28 10:55:13,953.55,4033945,1,950.24,420157,503672,-0.661527242421088,0
2023-07-28 10:55:14,953.5,4033999,70,950.24,420206,506412,-0.6667361183456586,0
2023-07-28 10:55:15,953.55,4034103,2,950.24,419924,506404,-0.661527242421088,0
2023-07-28 10:55:16,953.5,4034157,42,950.24,420500,506729,-0.6667361183456586,0
2023-07-28 10:55:17,953.5,4034206,1,950.24,420412,506766,-0.6667361183456586,0
2023-07-28 10:55:18,953.55,4034524,3,950.24,418855,506290,-0.661527242421088,0
2023-07-28 10:55:19,953.55,4034540,6,950.24,419328,506231,-0.661527242421088,0
2023-07-28 10:55:20,953.65,4034542,1,950.24,418344,507409,-0.6511094905719346,0
2023-07-28 10:55:22,953.65,4034599,2,950.24,418384,507510,-0.6511094905719346,0
2023-07-28 10:55:23,953.5,4034690,35,950.24,418347,507636,-0.6667361183456586,0
2023-07-28 10:55:23,953.6,4034690,1,950.24,418347,507636,-0.6563183664965053,0
2023-07-28 10:55:23,953.6,4034693,1,950.24,417465,507362,-0.6563183664965053,0
2023-07-28 10:55:23,953.45,4034693,37,950.24,417465,507362,-0.6719449942702294,0
2023-07-28 10:55:25,953.45,4034832,37,950.24,418737,507446,-0.6719449942702294,0
2023-07-28 10:55:26,953.45,4034891,50,950.24,419266,507345,-0.6719449942702294,0
2023-07-28 10:55:26,953.45,4035346,182,950.24,418556,507451,-0.6719449942702294,0
2023-07-28 10:55:26,953.45,4035346,21,950.24,418556,507451,-0.6719449942702294,0
2023-07-28 10:55:28,953.45,4035368,1,950.24,420273,508001,-0.6719449942702294,0
2023-07-28 10:55:29,953.45,4035443,20,950.24,420199,507960,-0.6719449942702294,0
2023-07-28 10:55:30,953.45,4035466,23,950.24,420177,507971,-0.6719449942702294,0
2023-07-28 10:55:32,953.5,4035522,1,950.24,419261,507705,-0.6667361183456586,0
2023-07-28 10:55:33,953.4,4035589,18,950.24,418108,508293,-0.677153870194812,0
2023-07-28 10:55:33,953.4,4035589,18,950.24,418108,508293,-0.677153870194812,0
2023-07-28 10:55:34,953.4,4035590,71,950.24,420081,507948,-0.677153870194812,0
2023-07-28 10:55:35,953.4,4035741,48,950.24,418861,507939,-0.677153870194812,0
2023-07-28 10:55:35,953.45,4035741,43,950.24,418861,507939,-0.6719449942702294,0
2023-07-28 10:55:36,953.45,4036226,60,950.24,419322,507387,-0.6719449942702294,0
2023-07-28 10:55:37,953.45,4036371,24,950.24,419333,507527,-0.6719449942702294,0
2023-07-28 10:55:39,953.45,4036533,1,950.24,419299,507470,-0.6719449942702294,0
2023-07-28 10:55:39,953.45,4036534,1,950.24,419364,507470,-0.6719449942702294,0
2023-07-28 10:55:39,953.45,4036534,5,950.24,419364,507470,-0.6719449942702294,0
2023-07-28 10:55:41,953.45,4036663,8,950.24,414389,508031,-0.6719449942702294,0
2023-07-28 10:55:42,953.4,4037719,26,950.24,406957,507527,-0.677153870194812,0
2023-07-28 10:55:42,953.1,4037719,2,950.24,416055,508349,-0.7084071257422601,0
2023-07-28 10:55:44,953.1,4037783,7,950.24,415536,507623,-0.7084071257422601,0
2023-07-28 10:55:46,953.0,4038502,5,950.24,412709,507966,-0.7188248775914134,0
2023-07-28 10:55:47,953.0,4038814,39,950.24,417613,507823,-0.7188248775914134,0
2023-07-28 10:55:47,952.85,4040773,5,950.24,410107,508172,-0.7344515053651375,0
2023-07-28 10:55:47,953.1,4040773,7,950.24,410107,508172,-0.7084071257422601,0
2023-07-28 10:55:49,952.95,4041839,395,950.24,413308,508106,-0.7240337535159842,0
2023-07-28 10:55:49,952.95,4041839,395,950.24,413308,508106,-0.7240337535159842,0
2023-07-28 10:55:50,952.85,4041902,1,950.24,414486,508556,-0.7344515053651375,0
2023-07-28 10:55:50,952.85,4041902,1,950.24,414498,508566,-0.7344515053651375,0
2023-07-28 10:55:51,952.85,4041903,1,950.24,412636,508839,-0.7344515053651375,0
2023-07-28 10:55:53,952.85,4042045,3,950.24,417841,508735,-0.7344515053651375,0
2023-07-28 10:55:54,952.85,4042047,70,950.24,419064,508543,-0.7344515053651375,0
2023-07-28 10:55:55,952.9,4042149,1,950.24,419622,508438,-0.7292426294405667,0
2023-07-28 10:55:55,952.9,4042149,1,950.24,419622,508438,-0.7292426294405667,0
2023-07-28 10:55:56,952.9,4042250,1,950.24,419530,508480,-0.7292426294405667,0
2023-07-28 10:55:57,952.85,4042374,9,950.24,420107,508475,-0.7344515053651375,0
2023-07-28 10:55:59,952.7,4043448,16,950.24,417804,508613,-0.7500781331388615,0
2023-07-28 10:55:59,952.75,4043448,1,950.24,417804,508613,-0.7448692572142908,0
2023-07-28 10:56:00,952.6,4044208,8,950.24,416002,509431,-0.7604958849880149,0
2023-07-28 10:56:00,952.6,4044208,8,950.24,417287,509635,-0.7604958849880149,0
2023-07-28 10:56:01,952.6,4044209,1,950.24,419922,507742,-0.7604958849880149,0
2023-07-28 10:56:02,952.6,4044355,28,950.24,419594,510218,-0.7604958849880149,0
2023-07-28 10:56:03,952.65,4044407,4,950.24,419568,510246,-0.7552870090634441,0
2023-07-28 10:56:05,952.6,4044424,70,950.24,418944,510155,-0.7604958849880149,0
2023-07-28 10:56:05,952.95,4046814,48,950.24,420080,508787,-0.7240337535159842,0
2023-07-28 10:56:06,952.85,4048782,3,950.25,422959,506824,-0.7344515053651375,0
2023-07-28 10:56:07,952.9,4050041,1,950.25,423326,506515,-0.7292426294405667,0
2023-07-28 10:56:08,952.9,4050077,6,950.25,422950,506728,-0.7292426294405667,0
2023-07-28 10:56:08,952.9,4050077,6,950.25,422950,506728,-0.7292426294405667,0
2023-07-28 10:56:08,952.9,4050077,6,950.25,424810,506350,-0.7292426294405667,0
2023-07-28 10:56:10,953.1,4051216,76,950.25,427509,504618,-0.7084071257422601,0
2023-07-28 10:56:10,953.1,4051216,76,950.25,427509,504618,-0.7084071257422601,0
2023-07-28 10:56:11,953.15,4051221,1,950.25,427546,504743,-0.7031982498176894,0
2023-07-28 10:56:12,953.15,4051261,3,950.25,422295,504722,-0.7031982498176894,0
2023-07-28 10:56:14,953.1,4051311,14,950.25,423710,505003,-0.7084071257422601,0
2023-07-28 10:56:14,953.15,4051311,1,950.25,423710,505003,-0.7031982498176894,0
2023-07-28 10:56:15,953.15,4051859,1,950.25,424036,505252,-0.7031982498176894,0
2023-07-28 10:56:15,953.1,4051859,11,950.25,424036,505252,-0.7084071257422601,0
2023-07-28 10:56:16,953.1,4051910,10,950.25,422250,505465,-0.7084071257422601,0
2023-07-28 10:56:16,953.15,4051910,34,950.25,422250,505465,-0.7031982498176894,0
2023-07-28 10:56:17,953.2,4051969,44,950.25,422887,505229,-0.6979893738931068,0
2023-07-28 10:56:18,953.2,4052942,44,950.25,423750,504272,-0.6979893738931068,0
2023-07-28 10:56:18,953.4,4052942,1,950.25,423750,504272,-0.677153870194812,0
2023-07-28 10:56:19,953.2,4052956,1,950.25,422607,504451,-0.6979893738931068,0
2023-07-28 10:56:19,953.2,4052956,1,950.25,422607,504451,-0.6979893738931068,0
2023-07-28 10:56:20,953.4,4053049,12,950.25,422424,504175,-0.677153870194812,0
2023-07-28 10:56:20,953.4,4053049,12,950.25,422424,504175,-0.677153870194812,0
2023-07-28 10:56:21,953.2,4053157,8,950.25,422369,504730,-0.6979893738931068,0
2023-07-28 10:56:22,953.2,4053282,1,950.25,422604,505006,-0.6979893738931068,0
2023-07-28 10:56:22,953.2,4053282,1,950.25,422604,505006,-0.6979893738931068,0
2023-07-28 10:56:23,953.2,4053283,1,950.25,422862,504910,-0.6979893738931068,0
2023-07-28 10:56:23,953.2,4053283,1,950.25,422862,504910,-0.6979893738931068,0
2023-07-28 10:56:25,953.35,4053433,3,950.25,422208,504720,-0.6823627461193827,0
2023-07-28 10:56:25,953.35,4053433,3,950.25,422208,504720,-0.6823627461193827,0
2023-07-28 10:56:26,953.2,4053448,8,950.25,422956,504510,-0.6979893738931068,0
2023-07-28 10:56:26,953.35,4053448,2,950.25,422956,504510,-0.6823627461193827,0
2023-07-28 10:56:27,953.25,4053843,6,950.25,418240,505146,-0.692780497968536,0
2023-07-28 10:56:27,953.2,4053843,1,950.25,418240,505146,-0.6979893738931068,0
2023-07-28 10:56:28,953.25,4054082,3,950.25,419862,505418,-0.692780497968536,0
2023-07-28 10:56:29,953.3,4054412,12,950.25,418866,505281,-0.6875716220439653,0
2023-07-28 10:56:29,953.3,4054412,12,950.25,418866,505281,-0.6875716220439653,0
2023-07-28 10:56:30,953.3,4054669,1,950.25,418969,505311,-0.6875716220439653,0
2023-07-28 10:56:31,953.0,4056103,400,950.25,418054,507701,-0.7188248775914134,0
2023-07-28 10:56:32,952.9,4056176,1,950.25,419419,507909,-0.7292426294405667,0
2023-07-28 10:56:32,952.9,4056176,1,950.25,419419,507909,-0.7292426294405667,0
2023-07-28 10:56:33,952.9,4056231,1,950.25,419662,506934,-0.7292426294405667,0
2023-07-28 10:56:35,952.75,4056333,14,950.25,418751,506996,-0.7448692572142908,0
2023-07-28 10:56:35,952.75,4056483,1,950.25,417361,507462,-0.7448692572142908,0
2023-07-28 10:56:36,952.6,4056529,12,950.25,417904,507180,-0.7604958849880149,0
2023-07-28 10:56:36,952.7,4056529,30,950.25,417904,507180,-0.7500781331388615,0
2023-07-28 10:56:38,952.6,4056668,1,950.25,418365,507467,-0.7604958849880149,0
2023-07-28 10:56:38,952.6,4056668,1,950.25,417350,507468,-0.7604958849880149,0
2023-07-28 10:56:38,952.7,4056668,3,950.25,417350,507468,-0.7500781331388615,0
2023-07-28 10:56:40,952.6,4056680,1,950.25,418339,507289,-0.7604958849880149,0
2023-07-28 10:56:40,952.6,4056680,1,950.25,418339,507289,-0.7604958849880149,0
2023-07-28 10:56:41,952.6,4056711,1,950.25,419451,506534,-0.7604958849880149,0
2023-07-28 10:56:41,952.6,4056711,1,950.25,419451,506534,-0.7604958849880149,0
2023-07-28 10:56:43,952.6,4056878,1,950.25,417118,508279,-0.7604958849880149,0
2023-07-28 10:56:43,952.3,4056878,47,950.25,417118,508279,-0.7917491405354748,0
2023-07-28 10:56:44,952.3,4057723,70,950.25,418063,508310,-0.7917491405354748,0
2023-07-28 10:56:45,952.3,4057948,17,950.25,418394,508540,-0.7917491405354748,0
2023-07-28 10:56:46,952.4,4058043,10,950.25,416830,508047,-0.7813313886863215,0
2023-07-28 10:56:47,952.3,4058065,1,950.25,418636,507834,-0.7917491405354748,0
2023-07-28 10:56:47,952.3,4058065,4,950.25,418636,507834,-0.7917491405354748,0
2023-07-28 10:56:49,952.35,4058162,1,950.25,421489,507347,-0.7865402646108922,0
2023-07-28 10:56:50,952.6,4058908,21,950.25,423776,506560,-0.7604958849880149,0
2023-07-28 10:56:50,952.55,4058908,16,950.25,423776,506560,-0.7657047609125974,0
2023-07-28 10:56:51,952.6,4059032,21,950.25,419460,506451,-0.7604958849880149,0
2023-07-28 10:56:51,952.6,4059032,21,950.25,419460,506451,-0.7604958849880149,0
2023-07-28 10:56:52,952.55,4059033,1,950.25,420548,506614,-0.7657047609125974,0
2023-07-28 10:56:53,952.55,4059094,1,950.25,419926,506595,-0.7657047609125974,0
2023-07-28 10:56:53,952.55,4059138,3,950.25,419375,507223,-0.7657047609125974,0
2023-07-28 10:56:54,952.3,4059223,41,950.25,421453,509377,-0.7917491405354748,0
2023-07-28 10:56:54,952.25,4059223,10,950.25,421453,509377,-0.7969580164600456,0
2023-07-28 10:56:56,952.6,4059828,5,950.25,422506,509195,-0.7604958849880149,0
2023-07-28 10:56:57,952.35,4060284,1,950.25,424084,509257,-0.7865402646108922,0
2023-07-28 10:56:57,952.5,4060284,28,950.25,424084,509257,-0.7709136368371682,0
2023-07-28 10:56:57,952.4,4060284,5,950.25,424084,509257,-0.7813313886863215,0
2023-07-28 10:57:00,952.35,4060657,107,950.25,423966,506105,-0.7865402646108922,0
2023-07-28 10:57:00,952.35,4060657,107,950.25,425007,509387,-0.7865402646108922,0
2023-07-28 10:57:02,952.45,4060793,8,950.25,424798,509250,-0.7761225127617389,0
2023-07-28 10:57:02,952.45,4060793,8,950.25,425340,509265,-0.7761225127617389,0
2023-07-28 10:57:02,952.4,4060793,15,950.25,425340,509265,-0.7813313886863215,0
2023-07-28 10:57:04,952.35,4060818,5,950.25,425731,509315,-0.7865402646108922,0
2023-07-28 10:57:04,952.35,4060818,70,950.25,425731,509315,-0.7865402646108922,0
2023-07-28 10:57:05,952.35,4060977,2,950.25,426472,509313,-0.7865402646108922,0
2023-07-28 10:57:06,952.35,4061017,40,950.25,423811,509426,-0.7865402646108922,0
2023-07-28 10:57:07,952.4,4061086,2,950.25,426112,510529,-0.7813313886863215,0
2023-07-28 10:57:07,952.45,4061086,36,950.25,426112,510529,-0.7761225127617389,0
2023-07-28 10:57:09,952.35,4061163,1,950.25,427154,510253,-0.7865402646108922,0
2023-07-28 10:57:09,952.4,4061163,1,950.25,427154,510253,-0.7813313886863215,0
2023-07-28 10:57:10,952.4,4061176,1,950.25,427562,510385,-0.7813313886863215,0
2023-07-28 10:57:10,952.45,4061176,1,950.25,427562,510385,-0.7761225127617389,0
2023-07-28 10:57:11,952.6,4061277,10,950.25,426747,510438,-0.7604958849880149,0
2023-07-28 10:57:11,952.35,4061277,13,950.25,426747,510438,-0.7865402646108922,0
2023-07-28 10:57:12,952.45,4061514,12,950.25,427594,510984,-0.7761225127617389,0
2023-07-28 10:57:13,952.35,4061522,8,950.25,429351,511049,-0.7865402646108922,0
2023-07-28 10:57:13,952.35,4061522,8,950.25,429351,511049,-0.7865402646108922,0
2023-07-28 10:57:15,952.3,4062167,36,950.25,419761,511625,-0.7917491405354748,0
2023-07-28 10:57:15,952.3,4062167,1,950.25,421434,511241,-0.7917491405354748,0
2023-07-28 10:57:17,952.2,4063170,3,950.25,420284,510971,-0.8021668923846164,0
2023-07-28 10:57:17,952.2,4063170,49,950.25,420284,510971,-0.8021668923846164,0
2023-07-28 10:57:18,952.2,4063308,41,950.25,421095,511664,-0.8021668923846164,0
2023-07-28 10:57:18,952.2,4063308,1,950.25,421095,511664,-0.8021668923846164,0
2023-07-28 10:57:19,952.2,4063335,26,950.25,419562,512020,-0.8021668923846164,0
2023-07-28 10:57:19,952.2,4063335,26,950.25,419562,512020,-0.8021668923846164,0
2023-07-28 10:57:20,952.2,4063952,4,950.26,416501,512104,-0.8021668923846164,0
2023-07-28 10:57:20,952.2,4063964,4,950.26,419052,512062,-0.8021668923846164,0
2023-07-28 10:57:20,952.2,4063964,1,950.26,419052,512062,-0.8021668923846164,0
2023-07-28 10:57:22,952.2,4063971,3,950.26,419025,512131,-0.8021668923846164,0
2023-07-28 10:57:23,952.0,4064123,5,950.26,418921,512040,-0.8230023960829229,0
2023-07-28 10:57:25,952.0,4064326,70,950.26,417995,511526,-0.8230023960829229,0
2023-07-28 10:57:26,952.0,4064485,74,950.26,420825,511446,-0.8230023960829229,0
2023-07-28 10:57:26,952.0,4064485,51,950.26,420825,511446,-0.8230023960829229,0
2023-07-28 10:57:27,952.0,4064628,25,950.26,416316,511657,-0.8230023960829229,0
2023-07-28 10:57:27,952.0,4064628,50,950.26,416316,511657,-0.8230023960829229,0
2023-07-28 10:57:27,952.0,4064628,1,950.26,416316,511657,-0.8230023960829229,0
2023-07-28 10:57:29,952.0,4064719,1,950.26,419299,511504,-0.8230023960829229,0
2023-07-28 10:57:30,952.0,4065883,50,950.26,422164,510086,-0.8230023960829229,0
2023-07-28 10:57:30,952.0,4065883,50,950.26,422164,510086,-0.8230023960829229,0
2023-07-28 10:57:31,952.0,4065885,1,950.26,420307,507482,-0.8230023960829229,0
2023-07-28 10:57:31,952.0,4065885,1,950.26,420307,507482,-0.8230023960829229,0
2023-07-28 10:57:32,952.05,4066710,1,950.26,420093,510612,-0.8177935201583522,0
2023-07-28 10:57:33,952.0,4067522,1,950.26,418644,511234,-0.8230023960829229,0
2023-07-28 10:57:35,952.05,4067755,8,950.26,417891,511256,-0.8177935201583522,0
2023-07-28 10:57:36,952.0,4067971,33,950.26,417967,511205,-0.8230023960829229,0
2023-07-28 10:57:36,952.0,4068015,1,950.26,418971,511100,-0.8230023960829229,0
2023-07-28 10:57:36,952.0,4068015,35,950.26,420867,511158,-0.8230023960829229,0
2023-07-28 10:57:39,952.0,4068588,1,950.26,422353,510378,-0.8230023960829229,0
2023-07-28 10:57:39,952.05,4068588,1,950.26,422353,510378,-0.8177935201583522,0
2023-07-28 10:57:40,952.0,4069089,316,950.26,421423,510264,-0.8230023960829229,0
2023-07-28 10:57:40,952.0,4069089,2,950.26,421358,510445,-0.8230023960829229,0
2023-07-28 10:57:41,952.0,4069132,10,950.26,421305,510403,-0.8230023960829229,0
2023-07-28 10:57:42,952.0,4069317,63,950.26,420564,507363,-0.8230023960829229,0
2023-07-28 10:57:44,952.0,4069463,29,950.26,421258,507329,-0.8230023960829229,0
2023-07-28 10:57:45,952.0,4072722,70,950.26,415734,511300,-0.8230023960829229,0
2023-07-28 10:57:45,952.0,4072722,70,950.26,418684,511833,-0.8230023960829229,0
2023-07-28 10:57:45,952.0,4072722,1,950.26,418684,511833,-0.8230023960829229,0
2023-07-28 10:57:46,952.0,4072743,1,950.26,420062,511290,-0.8230023960829229,0
2023-07-28 10:57:46,952.0,4072743,28,950.26,420062,511290,-0.8230023960829229,0
2023-07-28 10:57:48,952.0,4072816,45,950.26,420028,511123,-0.8230023960829229,0
2023-07-28 10:57:49,952.05,4072817,1,950.26,420757,510157,-0.8177935201583522,0
2023-07-28 10:57:49,952.05,4072817,1,950.26,420757,510157,-0.8177935201583522,0
2023-07-28 10:57:50,952.0,4072861,1,950.26,419500,511110,-0.8230023960829229,0
2023-07-28 10:57:50,952.0,4072861,1,950.26,419661,511110,-0.8230023960829229,0
2023-07-28 10:57:51,952.0,4072862,1,950.26,419715,510934,-0.8230023960829229,0
2023-07-28 10:57:51,952.05,4072862,1,950.26,419715,510934,-0.8177935201583522,0
2023-07-28 10:57:52,952.0,4072868,4,950.26,421015,511345,-0.8230023960829229,0
2023-07-28 10:57:52,952.0,4072868,52,950.26,421015,511345,-0.8230023960829229,0
2023-07-28 10:57:53,952.0,4072976,1,950.26,420492,511319,-0.8230023960829229,0
2023-07-28 10:57:55,952.0,4073597,70,950.26,422220,511167,-0.8230023960829229,0
2023-07-28 10:57:55,952.05,4073801,9,950.26,419202,511460,-0.8177935201583522,0
2023-07-28 10:57:55,952.05,4073801,1,950.26,419202,511460,-0.8177935201583522,0
2023-07-28 10:57:56,952.05,4073814,1,950.26,418978,511509,-0.8177935201583522,0
2023-07-28 10:57:58,952.2,4073840,1,950.26,419628,511127,-0.8021668923846164,0
2023-07-28 10:57:58,952.05,4073840,5,950.26,419628,511127,-0.8177935201583522,0
2023-07-28 10:57:59,952.1,4073898,1,950.26,419571,511330,-0.8125846442337696,0
2023-07-28 10:58:00,952.0,4074123,69,950.26,419119,512066,-0.8230023960829229,0
2023-07-28 10:58:00,952.0,4074123,33,950.26,420505,511657,-0.8230023960829229,0
2023-07-28 10:58:00,952.05,4074123,1,950.26,420505,511657,-0.8177935201583522,0
2023-07-28 10:58:03,952.05,4074201,1,950.26,421478,511591,-0.8177935201583522,0
2023-07-28 10:58:03,952.1,4074201,5,950.26,421478,511591,-0.8125846442337696,0
2023-07-28 10:58:04,952.05,4074737,1,950.26,422331,510661,-0.8177935201583522,0
2023-07-28 10:58:04,952.05,4074737,70,950.26,422331,510661,-0.8177935201583522,0
2023-07-28 10:58:05,952.0,4074932,103,950.26,421580,511148,-0.8230023960829229,0
2023-07-28 10:58:05,952.2,4075223,1,950.26,422753,511183,-0.8021668923846164,0
2023-07-28 10:58:07,952.0,4075238,43,950.26,423335,511256,-0.8230023960829229,0
2023-07-28 10:58:08,952.0,4075316,35,950.26,423297,511272,-0.8230023960829229,0
2023-07-28 10:58:08,952.1,4075316,1,950.26,424439,511603,-0.8125846442337696,0
2023-07-28 10:58:11,952.1,4075519,12,950.26,425540,512656,-0.8125846442337696,0
2023-07-28 10:58:12,952.0,4075647,120,950.26,419934,513281,-0.8230023960829229,0
2023-07-28 10:58:12,952.0,4075647,24,950.26,419934,513281,-0.8230023960829229,0
2023-07-28 10:58:13,952.05,4075679,7,950.26,420648,512289,-0.8177935201583522,0
2023-07-28 10:58:13,952.05,4075679,7,950.26,420648,512289,-0.8177935201583522,0
2023-07-28 10:58:14,952.0,4075715,36,950.26,420559,512327,-0.8230023960829229,0
2023-07-28 10:58:15,952.05,4075824,4,950.26,420378,512457,-0.8177935201583522,0
2023-07-28 10:58:17,952.05,4075916,1,950.26,420711,512393,-0.8177935201583522,0
2023-07-28 10:58:18,952.0,4075922,4,950.26,420757,514133,-0.8230023960829229,0
2023-07-28 10:58:18,952.05,4075922,3,950.26,420757,514133,-0.8177935201583522,0
2023-07-28 10:58:19,952.0,4082672,100,950.26,418527,515111,-0.8230023960829229,0
2023-07-28 10:58:20,952.0,4095373,1,950.27,417422,513603,-0.8230023960829229,0
2023-07-28 10:58:22,952.0,4095396,1,950.27,420595,513561,-0.8230023960829229,0
2023-07-28 10:58:23,952.25,4096321,1,950.27,421406,511397,-0.7969580164600456,0
2023-07-28 10:58:23,952.25,4096321,1,950.27,421406,511397,-0.7969580164600456,0
2023-07-28 10:58:24,952.25,4096496,1,950.27,421268,508747,-0.7969580164600456,0
2023-07-28 10:58:25,952.25,4096600,1,950.27,421176,508428,-0.7969580164600456,0
2023-07-28 10:58:25,952.25,4096600,188,950.27,421176,508428,-0.7969580164600456,0
2023-07-28 10:58:26,952.25,4097931,1,950.27,416710,513110,-0.7969580164600456,0
2023-07-28 10:58:27,952.25,4097950,1,950.27,419402,512232,-0.7969580164600456,0
2023-07-28 10:58:29,952.25,4097956,1,950.27,419466,511072,-0.7969580164600456,0
2023-07-28 10:58:29,952.3,4097956,3,950.27,419466,511072,-0.7917491405354748,0
2023-07-28 10:58:30,952.3,4098071,1,950.27,418290,510283,-0.7917491405354748,0
2023-07-28 10:58:30,952.4,4098071,8,950.27,418290,510283,-0.7813313886863215,0
2023-07-28 10:58:30,952.4,4098071,1,950.27,418290,510283,-0.7813313886863215,0
2023-07-28 10:58:32,952.5,4098196,2,950.27,418140,511800,-0.7709136368371682,0
2023-07-28 10:58:32,952.4,4098196,1,950.27,418140,511800,-0.7813313886863215,0
2023-07-28 10:58:33,952.45,4098279,1,950.27,417988,511857,-0.7761225127617389,0
2023-07-28 10:58:34,952.5,4098688,70,950.27,418206,511882,-0.7709136368371682,0
2023-07-28 10:58:36,952.5,4099428,2,950.27,417411,512112,-0.7709136368371682,0
2023-07-28 10:58:37,952.5,4099567,1,950.27,417398,511813,-0.7709136368371682,0
2023-07-28 10:58:38,952.5,4099744,1,950.27,418394,511615,-0.7709136368371682,0
2023-07-28 10:58:39,952.5,4099747,1,950.27,419853,511374,-0.7709136368371682,0
2023-07-28 10:58:40,952.55,4099944,1,950.27,418828,512113,-0.7657047609125974,0
2023-07-28 10:58:40,952.6,4099944,1,950.27,418828,512113,-0.7604958849880149,0
2023-07-28 10:58:41,952.6,4100363,1,950.27,419398,512282,-0.7604958849880149,0
2023-07-28 10:58:43,952.6,4100398,1,950.27,419279,511621,-0.7604958849880149,0
2023-07-28 10:58:44,952.6,4100409,3,950.27,419309,512045,-0.7604958849880149,0
2023-07-28 10:58:45,952.65,4100735,39,950.27,419485,512133,-0.7552870090634441,0
2023-07-28 10:58:46,952.7,4100812,4,950.27,419864,512206,-0.7500781331388615,0
2023-07-28 10:58:46,952.65,4100812,1,950.27,419864,512206,-0.7552870090634441,0
2023-07-28 10:58:47,952.65,4100838,1,950.27,420044,511717,-0.7552870090634441,0
2023-07-28 10:58:48,952.65,4100877,1,950.27,423090,512406,-0.7552870090634441,0
2023-07-28 10:58:49,952.65,4101092,1,950.27,423089,513265,-0.7552870090634441,0
2023-07-28 10:58:49,952.65,4101092,1,950.27,423089,513265,-0.7552870090634441,0
2023-07-28 10:58:51,952.7,4101361,39,950.27,422762,513189,-0.7500781331388615,0
2023-07-28 10:58:52,952.7,4101451,1,950.27,422879,512756,-0.7500781331388615,0
2023-07-28 10:58:53,952.7,4101498,1,950.27,424005,512631,-0.7500781331388615,0
2023-07-28 10:58:53,952.7,4101498,1,950.27,424005,512631,-0.7500781331388615,0
2023-07-28 10:58:54,952.7,4101615,1,950.27,423276,513286,-0.7500781331388615,0
2023-07-28 10:58:54,952.7,4101615,71,950.27,423276,513286,-0.7500781331388615,0
2023-07-28 10:58:56,952.7,4101778,1,950.27,423162,513617,-0.7500781331388615,0
2023-07-28 10:58:56,952.7,4101778,1,950.27,423162,513617,-0.7500781331388615,0
2023-07-28 10:58:57,952.7,4101866,1,950.27,423109,513330,-0.7500781331388615,0
2023-07-28 10:58:58,952.7,4101903,1,950.27,423183,513572,-0.7500781331388615,0
2023-07-28 10:58:59,952.7,4101922,1,950.27,423440,513742,-0.7500781331388615,0
2023-07-28 10:59:00,952.7,4101996,1,950.27,423505,513158,-0.7500781331388615,0
2023-07-28 10:59:00,952.75,4101996,20,950.27,423505,513158,-0.7448692572142908,0
2023-07-28 10:59:01,952.75,4102242,1,950.27,423736,513766,-0.7448692572142908,0
2023-07-28 10:59:01,952.75,4102242,1,950.27,423736,513766,-0.7448692572142908,0
2023-07-28 10:59:02,952.8,4102346,19,950.27,423471,513194,-0.7396603812897201,0
2023-07-28 10:59:02,952.75,4102346,1,950.27,423471,513194,-0.7448692572142908,0
2023-07-28 10:59:05,952.75,4102572,52,950.27,423424,513349,-0.7448692572142908,0
2023-07-28 10:59:05,952.8,4102572,16,950.27,423424,513349,-0.7396603812897201,0
2023-07-28 10:59:06,952.75,4102596,1,950.27,425440,512643,-0.7448692572142908,0
2023-07-28 10:59:07,952.75,4103113,64,950.27,420632,514232,-0.7448692572142908,0
2023-07-28 10:59:07,952.7,4103113,1,950.27,420632,514232,-0.7500781331388615,0
2023-07-28 10:59:08,952.75,4103737,2,950.27,420874,514463,-0.7448692572142908,0
2023-07-28 10:59:08,952.7,4103737,1,950.27,420874,514463,-0.7500781331388615,0
2023-07-28 10:59:11,952.7,4103762,1,950.27,420815,514585,-0.7500781331388615,0
2023-07-28 10:59:11,952.7,4103907,1,950.27,421299,514620,-0.7500781331388615,0
2023-07-28 10:59:13,952.7,4103988,1,950.27,420577,514811,-0.7500781331388615,0
2023-07-28 10:59:14,952.75,4104811,1,950.27,420296,513349,-0.7448692572142908,0
2023-07-28 10:59:15,952.75,4105075,1,950.27,421067,513938,-0.7448692572142908,0
2023-07-28 10:59:15,952.75,4105075,1,950.27,421067,513938,-0.7448692572142908,0
2023-07-28 10:59:16,952.75,4105084,1,950.27,421442,513685,-0.7448692572142908,0
2023-07-28 10:59:17,952.75,4105516,1,950.27,421595,511425,-0.7448692572142908,0
2023-07-28 10:59:18,952.8,4105572,3,950.27,421735,513081,-0.7396603812897201,0
2023-07-28 10:59:19,952.75,4105626,50,950.27,421592,514207,-0.7448692572142908,0
2023-07-28 10:59:19,952.75,4105626,1,950.27,421592,514207,-0.7448692572142908,0
2023-07-28 10:59:20,952.6,4105782,486,950.27,422381,514198,-0.7604958849880149,0
2023-07-28 10:59:21,952.55,4109601,1,950.28,420664,513830,-0.7657047609125974,0
2023-07-28 10:59:22,952.55,4109722,1,950.28,420641,513921,-0.7657047609125974,0
2023-07-28 10:59:22,952.55,4109722,1,950.28,420641,513921,-0.7657047609125974,0
2023-07-28 10:59:23,952.55,4109726,1,950.28,420416,514225,-0.7657047609125974,0
2023-07-28 10:59:23,952.55,4109726,16,950.28,420416,514225,-0.7657047609125974,0
2023-07-28 10:59:24,952.55,4109758,1,950.28,420076,513137,-0.7657047609125974,0
2023-07-28 10:59:24,952.55,4109758,10,950.28,420076,513137,-0.7657047609125974,0
2023-07-28 10:59:25,952.6,4109870,1,950.28,420027,512893,-0.7604958849880149,0
2023-07-28 10:59:25,952.6,4109870,1,950.28,420027,512893,-0.7604958849880149,0
2023-07-28 10:59:25,952.6,4109870,1,950.28,420027,512893,-0.7604958849880149,0
2023-07-28 10:59:27,952.6,4110048,90,950.28,421248,511851,-0.7604958849880149,0
2023-07-28 10:59:29,952.6,4110144,1,950.28,421132,511253,-0.7604958849880149,0
2023-07-28 10:59:30,952.6,4110297,1,950.28,420798,512795,-0.7604958849880149,0
2023-07-28 10:59:30,952.65,4110297,1,950.28,420798,512795,-0.7552870090634441,0
2023-07-28 10:59:31,952.6,4110305,1,950.28,420761,513193,-0.7604958849880149,0
2023-07-28 10:59:32,952.65,4110949,1,950.28,420778,511833,-0.7552870090634441,0
2023-07-28 10:59:32,952.65,4110949,1,950.28,420778,511833,-0.7552870090634441,0
2023-07-28 10:59:33,952.65,4110984,1,950.28,420668,511713,-0.7552870090634441,0
2023-07-28 10:59:33,952.65,4110984,1,950.28,420668,511713,-0.7552870090634441,0
2023-07-28 10:59:34,952.65,4110995,1,950.28,420671,511711,-0.7552870090634441,0
2023-07-28 10:59:34,952.65,4110995,1,950.28,420671,511711,-0.7552870090634441,0
2023-07-28 10:59:35,952.65,4111164,10,950.28,419854,512966,-0.7552870090634441,0
2023-07-28 10:59:36,952.7,4111180,15,950.28,420358,513475,-0.7500781331388615,0
2023-07-28 10:59:38,952.65,4111185,1,950.28,420222,512087,-0.7552870090634441,0
2023-07-28 10:59:38,952.7,4111185,10,950.28,420222,512087,-0.7500781331388615,0
2023-07-28 10:59:39,952.7,4111276,10,950.28,420880,511859,-0.7500781331388615,0
2023-07-28 10:59:39,952.7,4111276,4,950.28,420880,511859,-0.7500781331388615,0
2023-07-28 10:59:40,952.7,4111296,15,950.28,421009,510757,-0.7500781331388615,0
2023-07-28 10:59:41,952.65,4111344,1,950.28,420884,512008,-0.7552870090634441,0
2023-07-28 10:59:41,952.7,4111344,2,950.28,420884,512008,-0.7500781331388615,0
2023-07-28 10:59:42,952.7,4111469,22,950.28,421480,508457,-0.7500781331388615,0
2023-07-28 10:59:43,952.7,4111472,1,950.28,421501,509102,-0.7500781331388615,0
2023-07-28 10:59:43,952.7,4111472,1,950.28,421501,509102,-0.7500781331388615,0
2023-07-28 10:59:44,952.65,4111520,70,950.28,421514,512419,-0.7552870090634441,0
2023-07-28 10:59:45,952.6,4111621,49,950.28,421110,509722,-0.7604958849880149,0
2023-07-28 10:59:46,952.5,4111755,3,950.28,420642,513899,-0.7709136368371682,0
2023-07-28 10:59:47,952.5,4111812,1,950.28,420460,514000,-0.7709136368371682,0
2023-07-28 10:59:47,952.5,4111812,1,950.28,420461,514032,-0.7709136368371682,0
2023-07-28 10:59:47,952.6,4111812,28,950.28,420461,514032,-0.7604958849880149,0
2023-07-28 10:59:49,952.7,4112880,65,950.28,420645,512276,-0.7500781331388615,0
2023-07-28 10:59:49,952.7,4112880,10,950.28,420645,512276,-0.7500781331388615,0
2023-07-28 10:59:51,952.7,4112935,45,950.28,420826,512752,-0.7500781331388615,0
2023-07-28 10:59:51,952.7,4112935,45,950.28,420826,512752,-0.7500781331388615,0
2023-07-28 10:59:52,952.6,4112939,63,950.28,420629,512809,-0.7604958849880149,0
2023-07-28 10:59:53,952.6,4113113,1,950.28,420699,513194,-0.7604958849880149,0
2023-07-28 10:59:54,952.6,4114314,70,950.28,420779,513073,-0.7604958849880149,0
2023-07-28 10:59:55,952.6,4114516,2,950.28,420790,513120,-0.7604958849880149,0
2023-07-28 10:59:55,952.6,4114516,36,950.28,420790,513120,-0.7604958849880149,0
2023-07-28 10:59:56,952.6,4114620,1,950.28,421853,513004,-0.7604958849880149,0
2023-07-28 10:59:57,952.7,4114661,1,950.28,421887,512508,-0.7500781331388615,0
2023-07-28 10:59:58,952.6,4114668,1,950.28,421941,512133,-0.7604958849880149,0
2023-07-28 10:59:58,952.5,4114668,298,950.28,421941,512133,-0.7709136368371682,0
2023-07-28 11:00:00,952.5,4116824,138,950.28,421288,513192,-0.7709136368371682,0
2023-07-28 11:00:00,952.5,4116873,49,950.28,421607,514158,-0.7709136368371682,0
2023-07-28 11:00:02,952.5,4116926,28,950.28,422282,503963,-0.7709136368371682,0
2023-07-28 11:00:02,952.6,4116926,1,950.28,422282,503963,-0.7604958849880149,0
2023-07-28 11:00:03,952.55,4117019,17,950.28,421863,512156,-0.7657047609125974,0
2023-07-28 11:00:04,952.5,4117502,20,950.28,421334,512273,-0.7709136368371682,0
2023-07-28 11:00:05,952.55,4117692,70,950.28,420791,513452,-0.7657047609125974,0
2023-07-28 11:00:05,952.55,4117692,1,950.28,420791,513452,-0.7657047609125974,0
2023-07-28 11:00:06,952.55,4117853,1,950.28,421226,513753,-0.7657047609125974,0
2023-07-28 11:00:06,952.6,4117853,8,950.28,421226,513753,-0.7604958849880149,0
2023-07-28 11:00:07,952.6,4119430,46,950.28,421312,512620,-0.7604958849880149,0
2023-07-28 11:00:07,952.65,4119430,79,950.28,421312,512620,-0.7552870090634441,0
2023-07-28 11:00:08,952.65,4119947,1,950.28,420929,513037,-0.7552870090634441,0
2023-07-28 11:00:08,952.7,4119947,22,950.28,421066,513091,-0.7500781331388615,0
2023-07-28 11:00:10,952.7,4120715,1,950.28,420916,512630,-0.7500781331388615,0
2023-07-28 11:00:11,952.6,4120740,20,950.28,420758,513160,-0.7604958849880149,0
2023-07-28 11:00:12,952.55,4120772,13,950.28,421169,512982,-0.7657047609125974,0
2023-07-28 11:00:13,952.6,4120829,1,950.28,421071,512804,-0.7604958849880149,0
2023-07-28 11:00:15,952.6,4121017,71,950.28,420908,512898,-0.7604958849880149,0
2023-07-28 11:00:15,952.6,4121029,1,950.28,421110,512670,-0.7604958849880149,0
2023-07-28 11:00:17,952.6,4121114,40,950.28,421333,512857,-0.7604958849880149,0
2023-07-28 11:00:17,952.6,4121114,40,950.28,421333,512857,-0.7604958849880149,0
2023-07-28 11:00:18,952.65,4121122,1,950.28,421673,512555,-0.7552870090634441,0
2023-07-28 11:00:18,952.6,4121122,12,950.28,421673,512676,-0.7604958849880149,0
2023-07-28 11:00:21,952.65,4121185,1,950.28,421413,513013,-0.7552870090634441,0
2023-07-28 11:00:21,952.6,4121186,1,950.28,421355,509367,-0.7604958849880149,0
2023-07-28 11:00:23,952.6,4121266,35,950.28,421437,512923,-0.7604958849880149,0
2023-07-28 11:00:23,952.6,4121266,5,950.28,421437,512923,-0.7604958849880149,0
2023-07-28 11:00:23,952.6,4121271,5,950.28,421605,512925,-0.7604958849880149,0
2023-07-28 11:00:23,952.6,4121271,4,950.28,421605,512925,-0.7604958849880149,0
2023-07-28 11:00:25,952.6,4121372,8,950.28,421637,513383,-0.7604958849880149,0
2023-07-28 11:00:26,952.6,4121527,50,950.28,421197,513543,-0.7604958849880149,0
2023-07-28 11:00:27,952.6,4121551,24,950.28,421585,513119,-0.7604958849880149,0
2023-07-28 11:00:29,952.6,4121665,36,950.28,421642,510349,-0.7604958849880149,0
2023-07-28 11:00:29,952.6,4121665,36,950.28,421642,510349,-0.7604958849880149,0
2023-07-28 11:00:29,952.6,4121665,36,950.28,421752,513452,-0.7604958849880149,0
2023-07-28 11:00:29,952.6,4121665,3,950.28,421752,513452,-0.7604958849880149,0
2023-07-28 11:00:31,952.65,4122204,9,950.28,422029,512359,-0.7552870090634441,0
2023-07-28 11:00:32,952.65,4122318,100,950.28,421639,512579,-0.7552870090634441,0
2023-07-28 11:00:34,952.7,4122339,1,950.28,422985,511865,-0.7500781331388615,0
2023-07-28 11:00:35,952.7,4122491,1,950.28,423260,511831,-0.7500781331388615,0
2023-07-28 11:00:35,952.7,4122491,1,950.28,423260,511831,-0.7500781331388615,0
2023-07-28 11:00:36,952.65,4122501,10,950.28,424198,511211,-0.7552870090634441,0
2023-07-28 11:00:36,952.65,4122501,1,950.28,424198,511211,-0.7552870090634441,0
2023-07-28 11:00:37,952.65,4122504,1,950.28,424131,512771,-0.7552870090634441,0
2023-07-28 11:00:37,952.65,4122504,1,950.28,424131,512771,-0.7552870090634441,0
2023-07-28 11:00:38,952.65,4123183,1,950.28,422172,513328,-0.7552870090634441,0
2023-07-28 11:00:38,952.65,4123183,1,950.28,423041,513333,-0.7552870090634441,0
2023-07-28 11:00:38,952.65,4123183,1,950.28,423041,513333,-0.7552870090634441,0
2023-07-28 11:00:40,952.65,4123184,5,950.28,422978,513333,-0.7552870090634441,0
2023-07-28 11:00:40,952.65,4123184,1,950.28,422978,513333,-0.7552870090634441,0
2023-07-28 11:00:41,952.65,4123230,1,950.28,423035,513536,-0.7552870090634441,0
2023-07-28 11:00:42,952.7,4124604,78,950.29,423372,512424,-0.7500781331388615,0
2023-07-28 11:00:42,952.75,4124604,1,950.29,423302,509386,-0.7448692572142908,0
2023-07-28 11:00:45,952.7,4124706,70,950.29,423589,512935,-0.7500781331388615,0
2023-07-28 11:00:45,952.75,4124706,4,950.29,423658,512941,-0.7448692572142908,0
2023-07-28 11:00:47,952.7,4124827,29,950.29,423441,512910,-0.7500781331388615,0
2023-07-28 11:00:48,952.55,4125308,1,950.29,422941,512852,-0.7657047609125974,0
2023-07-28 11:00:48,952.75,4125308,6,950.29,422941,512852,-0.7448692572142908,0
2023-07-28 11:00:48,952.75,4125314,6,950.29,422659,512732,-0.7448692572142908,0
2023-07-28 11:00:48,952.6,4125314,46,950.29,422708,512775,-0.7604958849880149,0
2023-07-28 11:00:50,952.6,4125360,46,950.29,422589,513666,-0.7604958849880149,0
2023-07-28 11:00:50,952.65,4125360,5,950.29,422589,513666,-0.7552870090634441,0
2023-07-28 11:00:52,952.65,4125605,4,950.29,422925,512769,-0.7552870090634441,0
2023-07-28 11:00:52,952.65,4125605,35,950.29,422925,512769,-0.7552870090634441,0
2023-07-28 11:00:55,952.65,4125743,71,950.29,423178,513105,-0.7552870090634441,0
2023-07-28 11:00:56,952.65,4125750,37,950.29,423295,513095,-0.7552870090634441,0
2023-07-28 11:00:56,952.65,4125794,6,950.29,423383,513098,-0.7552870090634441,0
2023-07-28 11:00:58,952.65,4125840,7,950.29,423205,513372,-0.7552870090634441,0
2023-07-28 11:00:59,952.65,4126354,66,950.29,423079,513280,-0.7552870090634441,0
2023-07-28 11:00:59,952.65,4126354,31,950.29,423079,513280,-0.7552870090634441,0
2023-07-28 11:00:59,952.65,4126385,31,950.29,422920,513380,-0.7552870090634441,0
2023-07-28 11:01:01,952.8,4126386,1,950.29,423100,513178,-0.7396603812897201,0
2023-07-28 11:01:02,952.65,4126394,8,950.29,422977,513203,-0.7552870090634441,0
2023-07-28 11:01:02,952.65,4126394,8,950.29,422977,513203,-0.7552870090634441,0
2023-07-28 11:01:02,952.65,4126447,8,950.29,423060,513430,-0.7552870090634441,0
2023-07-28 11:01:02,952.7,4126447,4,950.29,423060,513430,-0.7500781331388615,0
2023-07-28 11:01:04,952.65,4126565,28,950.29,422558,513492,-0.7552870090634441,0
2023-07-28 11:01:04,952.65,4126565,18,950.29,422558,513492,-0.7552870090634441,0
2023-07-28 11:01:07,952.65,4127702,1,950.29,419670,512270,-0.7552870090634441,0
2023-07-28 11:01:08,952.5,4129643,265,950.29,416883,510248,-0.7709136368371682,0
2023-07-28 11:01:08,952.6,4129643,647,950.29,416883,510248,-0.7604958849880149,0
2023-07-28 11:01:09,952.2,4136974,19,950.29,416215,510359,-0.8021668923846164,0
2023-07-28 11:01:10,952.0,4138789,1,950.29,417046,510492,-0.8230023960829229,0
2023-07-28 11:01:10,952.0,4138811,1,950.29,418891,507848,-0.8230023960829229,0
2023-07-28 11:01:12,952.0,4141422,25,950.29,420516,509498,-0.8230023960829229,0
2023-07-28 11:01:13,952.05,4141539,65,950.29,420505,509352,-0.8177935201583522,0
2023-07-28 11:01:14,952.0,4141634,36,950.29,422118,507632,-0.8230023960829229,0
2023-07-28 11:01:15,952.05,4142215,5,950.29,422787,507450,-0.8177935201583522,0
2023-07-28 11:01:16,952.25,4142801,1,950.29,424973,508781,-0.7969580164600456,0
2023-07-28 11:01:17,952.3,4142875,5,950.29,420200,508094,-0.7917491405354748,0
2023-07-28 11:01:17,952.6,4142904,6,950.29,420368,508194,-0.7604958849880149,0
2023-07-28 11:01:19,952.6,4142941,3,950.29,420301,508191,-0.7604958849880149,0
2023-07-28 11:01:19,952.3,4142950,1,950.29,420242,508505,-0.7917491405354748,0
2023-07-28 11:01:20,952.45,4143022,1,950.29,419602,508394,-0.7761225127617389,0
2023-07-28 11:01:21,952.5,4143076,8,950.29,419671,509096,-0.7709136368371682,0
2023-07-28 11:01:22,952.5,4143089,5,950.29,419049,509090,-0.7709136368371682,0
2023-07-28 11:01:24,952.85,4147501,5,950.3,422042,507893,-0.7344515053651375,0
2023-07-28 11:01:25,952.5,4148201,25,950.3,421670,509340,-0.7709136368371682,0
2023-07-28 11:01:26,952.5,4148411,8,950.3,421500,511344,-0.7709136368371682,0
2023-07-28 11:01:27,952.5,4148646,32,950.3,421266,511335,-0.7709136368371682,0
2023-07-28 11:01:28,952.5,4148677,1,950.3,421241,511117,-0.7709136368371682,0
2023-07-28 11:01:29,952.55,4149128,73,950.3,421073,510595,-0.7657047609125974,0
2023-07-28 11:01:30,952.55,4149641,500,950.3,421517,511913,-0.7657047609125974,0
2023-07-28 11:01:30,952.55,4149641,88,950.3,421517,511913,-0.7657047609125974,0
2023-07-28 11:01:31,952.6,4149734,4,950.3,422434,512556,-0.7604958849880149,0
2023-07-28 11:01:32,952.55,4149883,40,950.3,422536,512718,-0.7657047609125974,0
2023-07-28 11:01:33,952.6,4149941,5,950.3,422511,512501,-0.7604958849880149,0
2023-07-28 11:01:34,952.55,4149949,1,950.3,422457,512736,-0.7657047609125974,0
2023-07-28 11:01:34,952.55,4149949,72,950.3,422457,512736,-0.7657047609125974,0
2023-07-28 11:01:35,952.55,4150122,26,950.3,422194,512763,-0.7657047609125974,0
2023-07-28 11:01:36,952.55,4150212,16,950.3,422633,512685,-0.7657047609125974,0
2023-07-28 11:01:36,952.55,4150212,16,950.3,422633,512685,-0.7657047609125974,0
2023-07-28 11:01:36,952.55,4150228,16,950.3,422600,511581,-0.7657047609125974,0
2023-07-28 11:01:38,952.55,4150267,38,950.3,422484,512688,-0.7657047609125974,0
2023-07-28 11:01:39,952.55,4150316,6,950.3,422381,512694,-0.7657047609125974,0
2023-07-28 11:01:39,952.55,4150316,1,950.3,422956,512696,-0.7657047609125974,0
2023-07-28 11:01:40,952.55,4150317,1,950.3,423016,512695,-0.7657047609125974,0
2023-07-28 11:01:40,952.55,4150317,54,950.3,423016,512695,-0.7657047609125974,0
2023-07-28 11:01:42,952.55,4151217,24,950.3,422173,512576,-0.7657047609125974,0
2023-07-28 11:01:42,952.55,4151217,81,950.3,422173,512576,-0.7657047609125974,0
2023-07-28 11:01:43,952.6,4152522,174,950.3,422786,511853,-0.7604958849880149,0
2023-07-28 11:01:43,952.6,4152522,174,950.3,422786,511853,-0.7604958849880149,0
2023-07-28 11:01:45,952.6,4152872,62,950.3,421523,512383,-0.7604958849880149,0
2023-07-28 11:01:45,952.6,4152934,62,950.3,422077,512387,-0.7604958849880149,0
2023-07-28 11:01:47,952.6,4152935,8,950.3,422827,512457,-0.7604958849880149,0
2023-07-28 11:01:47,952.6,4153036,9,950.3,422782,512378,-0.7604958849880149,0
2023-07-28 11:01:48,952.65,4153046,1,950.3,422988,512170,-0.7552870090634441,0
2023-07-28 11:01:49,952.6,4153059,2,950.3,422540,512567,-0.7604958849880149,0
2023-07-28 11:01:49,952.6,4153059,7,950.3,422540,512567,-0.7604958849880149,0
2023-07-28 11:01:51,952.6,4153111,7,950.3,422720,512679,-0.7604958849880149,0
2023-07-28 11:01:51,952.45,4153111,341,950.3,422679,512679,-0.7761225127617389,0
2023-07-28 11:01:53,952.2,4155820,1,950.3,421369,510831,-0.8021668923846164,0
2023-07-28 11:01:53,952.15,4155820,68,950.3,421369,510831,-0.8073757683091989,0
2023-07-28 11:01:53,952.15,4156274,68,950.3,423447,511750,-0.8073757683091989,0
2023-07-28 11:01:55,952.15,4156382,70,950.3,423245,512041,-0.8073757683091989,0
2023-07-28 11:01:55,952.15,4156382,18,950.3,423245,512041,-0.8073757683091989,0
2023-07-28 11:01:55,952.35,4156382,111,950.3,423245,512041,-0.7865402646108922,0
2023-07-28 11:01:56,952.3,4160477,2,950.3,421263,512254,-0.7917491405354748,0
2023-07-28 11:01:56,952.3,4160479,2,950.3,421113,512805,-0.7917491405354748,0
2023-07-28 11:01:57,952.25,4160503,24,950.3,421098,512516,-0.7969580164600456,0
2023-07-28 11:01:57,952.25,4160503,1,950.3,421098,512516,-0.7969580164600456,0
2023-07-28 11:01:57,952.3,4160503,1,950.3,421098,512516,-0.7917491405354748,0
2023-07-28 11:02:00,952.25,4161058,455,950.3,420298,512575,-0.7969580164600456,0
2023-07-28 11:02:01,952.25,4161139,8,950.3,420356,513840,-0.7969580164600456,0
2023-07-28 11:02:02,952.3,4161225,5,950.3,420593,513671,-0.7917491405354748,0
2023-07-28 11:02:03,952.25,4161248,4,950.3,420668,513756,-0.7969580164600456,0
2023-07-28 11:02:05,952.25,4161370,39,950.3,421628,513624,-0.7969580164600456,0
2023-07-28 11:02:05,952.25,4161434,7,950.3,421525,513660,-0.7969580164600456,0
2023-07-28 11:02:07,952.3,4161643,1,950.3,423105,511749,-0.7917491405354748,0
2023-07-28 11:02:07,952.25,4161643,53,950.3,423089,512671,-0.7969580164600456,0
2023-07-28 11:02:07,952.25,4161643,15,950.3,423089,512671,-0.7969580164600456,0
2023-07-28 11:02:08,952.25,4161746,15,950.3,425639,511944,-0.7969580164600456,0
2023-07-28 11:02:08,952.3,4161746,1,950.3,425639,511944,-0.7917491405354748,0
2023-07-28 11:02:10,952.5,4161931,1,950.3,424469,513567,-0.7709136368371682,0
2023-07-28 11:02:10,952.5,4161952,2,950.3,424173,512220,-0.7709136368371682,0
2023-07-28 11:02:10,952.25,4161952,230,950.3,424173,512220,-0.7969580164600456,0
2023-07-28 11:02:12,952.4,4162541,1,950.31,424280,511162,-0.7813313886863215,0
2023-07-28 11:02:12,952.25,4162541,20,950.31,424280,511162,-0.7969580164600456,0
2023-07-28 11:02:14,952.3,4162597,32,950.31,428320,510831,-0.7917491405354748,0
2023-07-28 11:02:15,952.25,4162819,18,950.31,428086,511482,-0.7969580164600456,0
2023-07-28 11:02:16,952.3,4163023,150,950.31,428322,511414,-0.7917491405354748,0
2023-07-28 11:02:17,952.3,4163117,8,950.31,426903,512614,-0.7917491405354748,0
2023-07-28 11:02:17,952.3,4163118,1,950.31,426056,511435,-0.7917491405354748,0
2023-07-28 11:02:17,952.3,4163118,1,950.31,426056,511435,-0.7917491405354748,0
2023-07-28 11:02:19,952.3,4163119,1,950.31,425990,511604,-0.7917491405354748,0
2023-07-28 11:02:19,952.3,4163119,1,950.31,425990,511604,-0.7917491405354748,0
2023-07-28 11:02:20,952.35,4163601,83,950.31,423675,510509,-0.7865402646108922,0
2023-07-28 11:02:20,952.35,4163684,83,950.31,424715,513683,-0.7865402646108922,0
2023-07-28 11:02:22,952.35,4163713,5,950.31,424776,513656,-0.7865402646108922,0
2023-07-28 11:02:22,952.35,4163718,47,950.31,424785,513650,-0.7865402646108922,0
2023-07-28 11:02:24,952.55,4166015,7,950.31,425421,509362,-0.7657047609125974,0
2023-07-28 11:02:25,952.35,4166509,17,950.31,421611,511874,-0.7865402646108922,0
2023-07-28 11:02:25,952.35,4166509,17,950.31,421611,511874,-0.7865402646108922,0
2023-07-28 11:02:26,952.35,4166558,8,950.31,424855,511845,-0.7865402646108922,0
2023-07-28 11:02:27,952.35,4166561,1,950.31,423278,513503,-0.7865402646108922,0
2023-07-28 11:02:27,952.55,4166561,1,950.31,423278,513503,-0.7657047609125974,0
2023-07-28 11:02:27,952.55,4166562,1,950.31,420365,513669,-0.7657047609125974,0
2023-07-28 11:02:27,952.35,4166562,1,950.31,420365,513669,-0.7865402646108922,0
2023-07-28 11:02:29,952.35,4166610,8,950.31,423272,513820,-0.7865402646108922,0
2023-07-28 11:02:29,952.35,4166618,8,950.31,423537,513827,-0.7865402646108922,0
2023-07-28 11:02:31,952.3,4166900,8,950.31,423193,514647,-0.7917491405354748,0
2023-07-28 11:02:31,952.35,4166900,100,950.31,423193,514647,-0.7865402646108922,0
2023-07-28 11:02:33,952.35,4170387,1,950.31,421348,515386,-0.7865402646108922,0
2023-07-28 11:02:34,952.1,4170545,40,950.31,421097,516205,-0.8125846442337696,0
2023-07-28 11:02:35,952.1,4170695,48,950.31,421242,515215,-0.8125846442337696,0
2023-07-28 11:02:35,952.2,4170695,20,950.31,421242,515215,-0.8021668923846164,0
2023-07-28 11:02:35,952.2,4170769,20,950.31,420989,515608,-0.8021668923846164,0
2023-07-28 11:02:36,952.75,4173923,44,950.31,422105,511927,-0.7448692572142908,0
2023-07-28 11:02:36,952.35,4173923,20,950.31,422105,511927,-0.7865402646108922,0
2023-07-28 11:02:38,952.35,4173945,1,950.31,421077,513657,-0.7865402646108922,0
2023-07-28 11:02:39,952.5,4175147,1,950.31,421824,513122,-0.7709136368371682,0
2023-07-28 11:02:39,952.5,4175147,1,950.31,421824,513122,-0.7709136368371682,0
2023-07-28 11:02:40,952.5,4175148,1,950.31,421798,513434,-0.7709136368371682,0
2023-07-28 11:02:41,952.55,4177857,26,950.31,422346,513608,-0.7657047609125974,0
2023-07-28 11:02:42,952.5,4177881,24,950.31,422177,514289,-0.7709136368371682,0
2023-07-28 11:02:44,952.5,4178043,50,950.31,422597,514103,-0.7709136368371682,0
2023-07-28 11:02:44,952.5,4178043,37,950.31,422597,514103,-0.7709136368371682,0
2023-07-28 11:02:45,952.5,4179307,3,950.31,420999,513576,-0.7709136368371682,0
2023-07-28 11:02:45,952.5,4179307,3,950.31,421448,513572,-0.7709136368371682,0
2023-07-28 11:02:47,952.3,4179406,25,950.31,422410,512371,-0.7917491405354748,0
2023-07-28 11:02:47,952.3,4179406,25,950.31,422410,512371,-0.7917491405354748,0
2023-07-28 11:02:48,952.3,4179408,1,950.31,422413,512673,-0.7917491405354748,0
2023-07-28 11:02:49,952.2,4179708,25,950.31,422303,512454,-0.8021668923846164,0
2023-07-28 11:02:51,952.55,4179831,1,950.31,422607,512155,-0.7657047609125974,0
2023-07-28 11:02:51,952.55,4179831,1,950.31,422591,512152,-0.7657047609125974,0
2023-07-28 11:02:51,952.45,4179831,1,950.31,422591,512152,-0.7761225127617389,0
2023-07-28 11:02:53,952.35,4179971,35,950.31,422576,512517,-0.7865402646108922,0
2023-07-28 11:02:53,952.35,4179975,4,950.31,422237,512209,-0.7865402646108922,0
2023-07-28 11:02:53,952.5,4179975,71,950.31,422237,512209,-0.7709136368371682,0
2023-07-28 11:02:55,952.5,4180133,71,950.31,422644,513208,-0.7709136368371682,0
2023-07-28 11:02:55,952.5,4180133,8,950.31,422644,513208,-0.7709136368371682,0
2023-07-28 11:02:56,952.5,4180191,1,950.31,423195,513212,-0.7709136368371682,0
2023-07-28 11:02:57,952.5,4180215,24,950.31,423019,512994,-0.7709136368371682,0
2023-07-28 11:02:58,952.5,4180316,1,950.31,422918,512910,-0.7709136368371682,0
2023-07-28 11:02:59,952.5,4180347,1,950.31,422898,513049,-0.7709136368371682,0
2023-07-28 11:03:01,952.5,4180351,4,950.31,422332,513638,-0.7709136368371682,0
2023-07-28 11:03:02,952.5,4180399,40,950.31,422284,513637,-0.7709136368371682,0
2023-07-28 11:03:02,952.55,4180399,19,950.31,422284,513637,-0.7657047609125974,0
2023-07-28 11:03:04,952.55,4183193,1,950.32,422914,512485,-0.7657047609125974,0
2023-07-28 11:03:05,952.5,4183400,28,950.32,422641,512691,-0.7709136368371682,0
2023-07-28 11:03:05,952.5,4183400,28,950.32,422641,512691,-0.7709136368371682,0
2023-07-28 11:03:07,952.55,4183501,1,950.32,422674,512643,-0.7657047609125974,0
2023-07-28 11:03:08,952.5,4183536,35,950.32,422660,512467,-0.7709136368371682,0
2023-07-28 11:03:08,952.5,4183536,1,950.32,422660,512467,-0.7709136368371682,0
2023-07-28 11:03:08,952.5,4183585,20,950.32,422612,512212,-0.7709136368371682,0
2023-07-28 11:03:10,952.5,4183608,2,950.32,423040,512888,-0.7709136368371682,0
2023-07-28 11:03:11,952.55,4183717,56,950.32,423045,512832,-0.7657047609125974,0
2023-07-28 11:03:12,952.5,4183766,24,950.32,423390,512168,-0.7709136368371682,0
2023-07-28 11:03:12,952.55,4183766,292,950.32,423390,512168,-0.7657047609125974,0
2023-07-28 11:03:12,952.55,4184066,292,950.32,423390,512082,-0.7657047609125974,0
2023-07-28 11:03:14,952.5,4184120,70,950.32,423172,512627,-0.7709136368371682,0
2023-07-28 11:03:15,952.55,4184228,5,950.32,423069,512628,-0.7657047609125974,0
2023-07-28 11:03:15,952.55,4184228,5,950.32,423069,512628,-0.7657047609125974,0
2023-07-28 11:03:16,952.5,4184279,8,950.32,423036,513445,-0.7709136368371682,0
2023-07-28 11:03:17,952.5,4184337,8,950.32,423186,513462,-0.7709136368371682,0
2023-07-28 11:03:17,952.55,4184337,1,950.32,423186,513462,-0.7657047609125974,0
2023-07-28 11:03:17,952.55,4184338,1,950.32,423177,513131,-0.7657047609125974,0
2023-07-28 11:03:17,952.55,4184338,1,950.32,423177,513132,-0.7657047609125974,0
2023-07-28 11:03:17,952.5,4184338,49,950.32,423173,512901,-0.7709136368371682,0
2023-07-28 11:03:21,952.5,4184388,1,950.32,423128,512912,-0.7709136368371682,0
2023-07-28 11:03:22,952.5,4184402,5,950.32,423122,512621,-0.7709136368371682,0
2023-07-28 11:03:24,952.5,4184488,49,950.32,424032,512746,-0.7709136368371682,0
2023-07-28 11:03:25,952.5,4184588,70,950.32,425088,511333,-0.7709136368371682,0
2023-07-28 11:03:26,952.5,4184639,41,950.32,424981,511992,-0.7709136368371682,0
2023-07-28 11:03:26,952.55,4184639,31,950.32,424981,511992,-0.7657047609125974,0
2023-07-28 11:03:27,952.5,4184852,13,950.32,424486,512681,-0.7709136368371682,0
2023-07-28 11:03:28,952.35,4189087,1,950.32,422025,515682,-0.7865402646108922,0
2023-07-28 11:03:28,952.3,4189087,20,950.32,422025,515682,-0.7917491405354748,0
2023-07-28 11:03:29,952.05,4189108,50,950.32,421222,512409,-0.8177935201583522,0
2023-07-28 11:03:30,952.0,4189510,5,950.32,421158,513751,-0.8230023960829229,0
2023-07-28 11:03:30,952.0,4189510,5,950.32,421924,513752,-0.8230023960829229,0
2023-07-28 11:03:30,952.0,4189510,8,950.32,421924,513752,-0.8230023960829229,0
2023-07-28 11:03:32,952.05,4189684,20,950.32,421817,513450,-0.8177935201583522,0
2023-07-28 11:03:33,952.05,4189714,10,950.32,421832,513454,-0.8177935201583522,0
2023-07-28 11:03:34,952.0,4189741,1,950.32,421673,513452,-0.8230023960829229,0
2023-07-28 11:03:34,952.0,4189741,71,950.32,421673,513452,-0.8230023960829229,0
2023-07-28 11:03:35,952.0,4189894,7,950.32,420836,515451,-0.8230023960829229,0
2023-07-28 11:03:37,952.0,4189975,30,950.32,420691,516100,-0.8230023960829229,0
2023-07-28 11:03:37,952.05,4189985,10,950.32,421057,516173,-0.8177935201583522,0
2023-07-28 11:03:39,952.0,4190127,61,950.32,419801,514214,-0.8230023960829229,0
2023-07-28 11:03:39,952.05,4190227,27,950.32,420806,514461,-0.8177935201583522,0
2023-07-28 11:03:39,952.0,4190227,1,950.32,420806,514461,-0.8230023960829229,0
2023-07-28 11:03:41,952.0,4190282,158,950.32,420582,514494,-0.8230023960829229,0
2023-07-28 11:03:42,952.0,4193732,22,950.32,418326,516247,-0.8230023960829229,0
2023-07-28 11:03:42,952.0,4193732,1,950.32,418326,516247,-0.8230023960829229,0
2023-07-28 11:03:44,952.0,4193984,51,950.32,418394,515560,-0.8230023960829229,0
2023-07-28 11:03:45,952.0,4194089,71,950.32,418242,514967,-0.8230023960829229,0
2023-07-28 11:03:45,952.0,4194139,11,950.32,418750,514786,-0.8230023960829229,0
2023-07-28 11:03:47,952.0,4194245,46,950.32,418999,512807,-0.8230023960829229,0
2023-07-28 11:03:47,952.05,4194245,5,950.32,418999,512807,-0.8177935201583522,0
2023-07-28 11:03:47,952.05,4194250,5,950.32,422504,513304,-0.8177935201583522,0
2023-07-28 11:03:49,952.0,4194265,14,950.32,422536,514006,-0.8230023960829229,0
2023-07-28 11:03:49,952.0,4194265,14,950.32,422536,514006,-0.8230023960829229,0
2023-07-28 11:03:50,952.1,4195330,2,950.32,422551,513844,-0.8125846442337696,0
2023-07-28 11:03:51,952.05,4195355,21,950.32,422927,514319,-0.8177935201583522,0
2023-07-28 11:03:53,952.05,4195507,36,950.32,424250,513995,-0.8177935201583522,0
2023-07-28 11:03:54,952.05,4195672,40,950.32,423972,516364,-0.8177935201583522,0
2023-07-28 11:03:55,952.0,4196386,8,950.32,421875,517535,-0.8230023960829229,0
2023-07-28 11:03:55,952.0,4196386,8,950.32,421875,517535,-0.8230023960829229,0
2023-07-28 11:03:55,952.0,4196386,49,950.32,421875,517535,-0.8230023960829229,0
2023-07-28 11:03:57,952.0,4196495,3,950.32,423446,517714,-0.8230023960829229,0
2023-07-28 11:03:57,952.0,4196495,25,950.32,423446,517714,-0.8230023960829229,0
2023-07-28 11:03:58,952.0,4196630,10,950.32,424102,514419,-0.8230023960829229,0
2023-07-28 11:03:58,952.0,4196630,1,950.32,424102,514419,-0.8230023960829229,0
2023-07-28 11:03:59,952.0,4196692,45,950.32,424087,516858,-0.8230023960829229,0
2023-07-28 11:04:00,952.05,4196693,1,950.32,424278,516468,-0.8177935201583522,0
2023-07-28 11:04:01,952.0,4196699,5,950.32,423541,516375,-0.8230023960829229,0
2023-07-28 11:04:01,952.0,4196699,8,950.32,423541,516375,-0.8230023960829229,0
2023-07-28 11:04:02,952.05,4197273,20,950.32,422712,517571,-0.8177935201583522,0
2023-07-28 11:04:03,952.0,4197329,50,950.32,422615,517739,-0.8230023960829229,0
2023-07-28 11:04:05,952.05,4197422,1,950.32,422657,517733,-0.8177935201583522,0
2023-07-28 11:04:05,952.0,4197566,9,950.32,422514,517920,-0.8230023960829229,0
2023-07-28 11:04:05,952.0,4197575,9,950.32,422400,517647,-0.8230023960829229,0
2023-07-28 11:04:06,952.0,4197626,50,950.32,422473,517641,-0.8230023960829229,0
2023-07-28 11:04:06,952.0,4197626,1,950.32,422473,517641,-0.8230023960829229,0
2023-07-28 11:04:08,952.0,4197714,35,950.32,422528,517567,-0.8230023960829229,0
2023-07-28 11:04:08,952.0,4197714,35,950.32,422542,517613,-0.8230023960829229,0
2023-07-28 11:04:08,952.0,4197714,35,950.32,422637,516943,-0.8230023960829229,0
2023-07-28 11:04:08,952.0,4197714,264,950.32,422637,516943,-0.8230023960829229,0
2023-07-28 11:04:08,952.0,4197714,10,950.32,422637,516943,-0.8230023960829229,0
2023-07-28 11:04:08,952.05,4197714,35,950.32,422637,516943,-0.8177935201583522,0
2023-07-28 11:04:11,952.05,4198164,35,950.32,425765,516225,-0.8177935201583522,0
2023-07-28 11:04:12,952.0,4198188,24,950.32,425071,516402,-0.8230023960829229,0
2023-07-28 11:04:14,952.0,4198229,40,950.32,425288,516399,-0.8230023960829229,0
2023-07-28 11:04:14,952.0,4198229,71,950.32,425288,516399,-0.8230023960829229,0
2023-07-28 11:04:15,952.0,4198359,25,950.32,425159,516377,-0.8230023960829229,0
2023-07-28 11:04:15,952.0,4198359,25,950.32,425159,516377,-0.8230023960829229,0
2023-07-28 11:04:15,952.0,4198359,25,950.32,425672,516366,-0.8230023960829229,0
2023-07-28 11:04:15,952.0,4198359,9,950.32,425672,516366,-0.8230023960829229,0
2023-07-28 11:04:17,952.05,4198524,60,950.32,425091,513379,-0.8177935201583522,0
2023-07-28 11:04:17,952.05,4198524,60,950.32,425129,516377,-0.8177935201583522,0
2023-07-28 11:04:17,952.05,4198524,1,950.32,425129,516377,-0.8177935201583522,0
2023-07-28 11:04:19,952.05,4198627,1,950.32,424810,517116,-0.8177935201583522,0
2023-07-28 11:04:19,952.05,4198627,1,950.32,424810,517116,-0.8177935201583522,0
2023-07-28 11:04:20,952.05,4198667,1,950.32,424773,517110,-0.8177935201583522,0
2023-07-28 11:04:20,952.05,4198667,1,950.32,424773,517110,-0.8177935201583522,0
2023-07-28 11:04:21,952.05,4198677,10,950.32,424802,517106,-0.8177935201583522,0
2023-07-28 11:04:22,952.0,4198688,5,950.32,424706,516481,-0.8230023960829229,0
2023-07-28 11:04:24,952.05,4198788,1,950.32,424855,516592,-0.8177935201583522,0
2023-07-28 11:04:24,952.0,4198788,1,950.32,424855,516592,-0.8230023960829229,0
2023-07-28 11:04:25,952.0,4198899,7,950.32,424982,516582,-0.8230023960829229,0
2023-07-28 11:04:26,952.05,4199704,1,950.32,424179,516574,-0.8177935201583522,0
2023-07-28 11:04:26,952.05,4199704,1,950.32,424179,516575,-0.8177935201583522,0
2023-07-28 11:04:27,952.0,4199728,24,950.32,424155,516830,-0.8230023960829229,0
2023-07-28 11:04:28,952.05,4199731,1,950.32,424053,516575,-0.8177935201583522,0
2023-07-28 11:04:29,952.05,4199769,1,950.32,424015,516573,-0.8177935201583522,0
2023-07-28 11:04:29,952.05,4199769,1,950.32,423615,517226,-0.8177935201583522,0
2023-07-28 11:04:32,952.0,4199824,37,950.32,423982,517249,-0.8230023960829229,0
2023-07-28 11:04:33,952.05,4199875,1,950.32,424039,517255,-0.8177935201583522,0
2023-07-28 11:04:34,952.05,4199876,1,950.32,424041,517254,-0.8177935201583522,0
2023-07-28 11:04:34,952.0,4199876,70,950.32,424041,517254,-0.8230023960829229,0
2023-07-28 11:04:35,952.0,4200028,48,950.32,423914,517250,-0.8230023960829229,0
2023-07-28 11:04:36,952.0,4200077,49,950.32,423880,516625,-0.8230023960829229,0
2023-07-28 11:04:36,952.0,4200077,49,950.32,423880,516632,-0.8230023960829229,0
2023-07-28 11:04:38,952.0,4200155,1,950.32,424000,516638,-0.8230023960829229,0
2023-07-28 11:04:38,952.05,4200155,1,950.32,424000,516638,-0.8177935201583522,0
2023-07-28 11:04:39,952.05,4200187,8,950.32,423811,516026,-0.8177935201583522,0
2023-07-28 11:04:41,952.05,4200429,23,950.32,423761,517388,-0.8177935201583522,0
2023-07-28 11:04:41,952.0,4200429,38,950.32,423761,517388,-0.8230023960829229,0
2023-07-28 11:04:42,952.0,4200721,24,950.32,423470,516895,-0.8230023960829229,0
2023-07-28 11:04:42,952.0,4200721,24,950.32,423400,516736,-0.8230023960829229,0
2023-07-28 11:04:42,952.0,4200721,1,950.32,423400,516736,-0.8230023960829229,0
2023-07-28 11:04:45,952.0,4201037,70,950.32,423126,516410,-0.8230023960829229,0
2023-07-28 11:04:45,952.05,4201038,1,950.32,423146,515645,-0.8177935201583522,0
2023-07-28 11:04:45,952.15,4201038,50,950.32,423146,515645,-0.8073757683091989,0
2023-07-28 11:04:47,952.15,4203091,50,950.33,423648,512657,-0.8073757683091989,0
2023-07-28 11:04:48,952.15,4203392,29,950.33,425299,512716,-0.8073757683091989,0
2023-07-28 11:04:49,952.1,4203416,2,950.33,424699,512656,-0.8125846442337696,0
2023-07-28 11:04:49,952.1,4203416,2,950.33,424699,512656,-0.8125846442337696,0
2023-07-28 11:04:50,952.1,4203441,25,950.33,424712,512872,-0.8125846442337696,0
2023-07-28 11:04:50,952.05,4203441,3,950.33,424712,512872,-0.8177935201583522,0
2023-07-28 11:04:51,952.05,4203447,2,950.33,424421,514138,-0.8177935201583522,0
2023-07-28 11:04:53,952.05,4203507,51,950.33,424471,514127,-0.8177935201583522,0
2023-07-28 11:04:54,952.05,4203592,50,950.33,426389,514163,-0.8177935201583522,0
2023-07-28 11:04:55,952.05,4203745,71,950.33,426345,512741,-0.8177935201583522,0
2023-07-28 11:04:56,952.05,4203795,42,950.33,426295,510029,-0.8177935201583522,0
2023-07-28 11:04:57,952.05,4203846,1,950.33,426245,510207,-0.8177935201583522,0
2023-07-28 11:04:58,952.15,4203874,3,950.33,426465,509408,-0.8073757683091989,0
2023-07-28 11:04:58,952.05,4203874,1,950.33,426465,509408,-0.8177935201583522,0
2023-07-28 11:04:59,952.05,4203921,46,950.33,426875,508710,-0.8177935201583522,0
2023-07-28 11:05:00,952.15,4203951,20,950.33,426678,509945,-0.8073757683091989,0
2023-07-28 11:05:00,952.15,4203951,1,950.33,426678,509945,-0.8073757683091989,0
2023-07-28 11:05:01,952.05,4204033,8,950.33,426681,510046,-0.8177935201583522,0
2023-07-28 11:05:02,952.05,4204100,8,950.33,426041,510109,-0.8177935201583522,0
2023-07-28 11:05:03,952.05,4204200,8,950.33,427238,509959,-0.8177935201583522,0
2023-07-28 11:05:03,952.1,4204200,1,950.33,427238,509959,-0.8125846442337696,0
2023-07-28 11:05:05,952.05,4204364,42,950.33,427006,510003,-0.8177935201583522,0
2023-07-28 11:05:05,952.15,4204364,1,950.33,427006,510003,-0.8073757683091989,0
2023-07-28 11:05:06,952.05,4204415,50,950.33,427064,508705,-0.8177935201583522,0
2023-07-28 11:05:06,952.05,4204415,50,950.33,427712,509993,-0.8177935201583522,0
2023-07-28 11:05:08,952.05,4204643,50,950.33,427789,511128,-0.8177935201583522,0
2023-07-28 11:05:08,952.05,4204643,50,950.33,427789,511128,-0.8177935201583522,0
2023-07-28 11:05:09,952.1,4204669,25,950.33,427474,512623,-0.8125846442337696,0
2023-07-28 11:05:10,952.05,4204747,1,950.33,428487,511286,-0.8177935201583522,0
2023-07-28 11:05:10,952.05,4204747,1,950.33,428487,511286,-0.8177935201583522,0
2023-07-28 11:05:12,952.1,4204833,5,950.33,428290,512209,-0.8125846442337696,0
2023-07-28 11:05:13,952.05,4204878,1,950.33,428357,512182,-0.8177935201583522,0
2023-07-28 11:05:14,952.0,4204924,45,950.33,428418,512190,-0.8230023960829229,0
2023-07-28 11:05:14,952.0,4204924,70,950.33,428418,512190,-0.8230023960829229,0
2023-07-28 11:05:15,952.0,4205027,1,950.33,428316,512294,-0.8230023960829229,0
2023-07-28 11:05:16,952.0,4205073,1,950.33,428184,512317,-0.8230023960829229,0
2023-07-28 11:05:16,952.0,4205073,8,950.33,428184,512317,-0.8230023960829229,0
2023-07-28 11:05:17,952.0,4205128,1,950.33,426714,512180,-0.8230023960829229,0
2023-07-28 11:05:18,952.0,4205430,300,950.33,426537,511809,-0.8230023960829229,0
2023-07-28 11:05:18,952.0,4205430,300,950.33,426537,512434,-0.8230023960829229,0
2023-07-28 11:05:18,952.0,4205430,53,950.33,426794,511789,-0.8230023960829229,0
2023-07-28 11:05:18,952.0,4205430,50,950.33,426794,511789,-0.8230023960829229,0
2023-07-28 11:05:20,952.0,4205533,50,950.33,427477,512233,-0.8230023960829229,0
2023-07-28 11:05:22,952.0,4205536,2,950.33,427474,512233,-0.8230023960829229,0
2023-07-28 11:05:22,952.0,4205536,5,950.33,427474,512233,-0.8230023960829229,0
2023-07-28 11:05:23,952.0,4205630,100,950.33,427348,512183,-0.8230023960829229,0
2023-07-28 11:05:23,952.0,4205630,100,950.33,427348,512183,-0.8230023960829229,0
2023-07-28 11:05:25,952.05,4205832,1,950.33,429457,512105,-0.8177935201583522,0
2023-07-28 11:05:25,952.05,4205832,1,950.33,429457,512105,-0.8177935201583522,0
2023-07-28 11:05:26,952.0,4205879,21,950.33,429411,511790,-0.8230023960829229,0
2023-07-28 11:05:26,952.0,4205879,21,950.33,429411,511790,-0.8230023960829229,0
2023-07-28 11:05:27,952.05,4206000,1,950.33,428891,512282,-0.8177935201583522,0
2023-07-28 11:05:27,952.05,4206000,3,950.33,428891,512282,-0.8177935201583522,0
2023-07-28 11:05:27,952.05,4206027,3,950.33,429269,512342,-0.8177935201583522,0
2023-07-28 11:05:27,952.05,4206027,44,950.33,429269,512342,-0.8177935201583522,0
2023-07-28 11:05:30,952.05,4206528,8,950.33,429507,511460,-0.8177935201583522,0
2023-07-28 11:05:31,952.0,4214497,1527,950.33,424365,512373,-0.8230023960829229,0
2023-07-28 11:05:31,952.0,4214497,8,950.33,424365,512373,-0.8230023960829229,0
2023-07-28 11:05:32,952.05,4214544,1,950.33,424869,512310,-0.8177935201583522,0
2023-07-28 11:05:32,952.05,4214544,21,950.33,424869,512310,-0.8177935201583522,0
2023-07-28 11:05:33,952.0,4215191,100,950.33,424315,512301,-0.8230023960829229,0
2023-07-28 11:05:33,952.0,4215191,100,950.33,424315,512301,-0.8230023960829229,0
2023-07-28 11:05:34,952.0,4215192,71,950.33,424316,512032,-0.8230023960829229,0
2023-07-28 11:05:35,952.05,4215338,1,950.33,424292,512152,-0.8177935201583522,0
2023-07-28 11:05:35,952.05,4215338,1,950.33,424292,512152,-0.8177935201583522,0
2023-07-28 11:05:36,952.0,4215390,50,950.33,424329,512073,-0.8230023960829229,0
2023-07-28 11:05:37,952.0,4215450,60,950.33,424269,512073,-0.8230023960829229,0
2023-07-28 11:05:37,952.0,4215450,60,950.33,424269,512073,-0.8230023960829229,0
2023-07-28 11:05:38,952.05,4215526,1,950.33,424118,512252,-0.8177935201583522,0
2023-07-28 11:05:39,952.05,4215578,2,950.33,424022,512240,-0.8177935201583522,0
2023-07-28 11:05:40,952.0,4215579,1,950.33,424244,512244,-0.8230023960829229,0
2023-07-28 11:05:40,952.0,4215579,1,950.33,424244,512244,-0.8230023960829229,0
2023-07-28 11:05:41,952.0,4216081,281,950.33,426845,511831,-0.8230023960829229,0
2023-07-28 11:05:41,952.05,4216081,1,950.33,426845,511831,-0.8177935201583522,0
2023-07-28 11:05:43,952.05,4216106,1,950.33,426703,512175,-0.8177935201583522,0
2023-07-28 11:05:44,952.0,4216180,54,950.33,427777,512152,-0.8230023960829229,0
2023-07-28 11:05:45,952.0,4216283,70,950.33,427755,512155,-0.8230023960829229,0
2023-07-28 11:05:45,952.0,4216283,70,950.33,427779,512178,-0.8230023960829229,0
2023-07-28 11:05:45,952.0,4216283,50,950.33,427779,512178,-0.8230023960829229,0
2023-07-28 11:05:45,952.0,4216283,9,950.33,427779,512178,-0.8230023960829229,0
2023-07-28 11:05:47,952.0,4216393,23,950.33,428826,511746,-0.8230023960829229,0
2023-07-28 11:05:47,952.0,4216393,23,950.33,428842,511746,-0.8230023960829229,0
2023-07-28 11:05:49,952.0,4216396,3,950.33,428831,512156,-0.8230023960829229,0
2023-07-28 11:05:49,952.0,4216396,2,950.33,428880,512211,-0.8230023960829229,0
2023-07-28 11:05:50,952.0,4216449,2,950.33,428257,513945,-0.8230023960829229,0
2023-07-28 11:05:52,952.0,4216454,4,950.33,428284,514252,-0.8230023960829229,0
2023-07-28 11:05:52,952.0,4216454,54,950.33,428284,514252,-0.8230023960829229,0
2023-07-28 11:05:53,952.05,4216545,1,950.33,427879,515686,-0.8177935201583522,0
2023-07-28 11:05:53,952.05,4216545,1,950.33,424063,515440,-0.8177935201583522,0
2023-07-28 11:05:53,952.0,4216545,71,950.33,424063,515440,-0.8230023960829229,0
2023-07-28 11:05:55,952.0,4216651,1,950.33,427046,517283,-0.8230023960829229,0
2023-07-28 11:05:55,952.0,4216651,8,950.33,427046,517283,-0.8230023960829229,0
2023-07-28 11:05:56,952.0,4216752,253,950.33,426944,517555,-0.8230023960829229,0
2023-07-28 11:05:58,952.0,4217209,64,950.33,426407,517448,-0.8230023960829229,0
2023-07-28 11:05:59,952.0,4217324,52,950.33,426473,516714,-0.8230023960829229,0
2023-07-28 11:06:00,952.05,4218247,28,950.33,425539,516690,-0.8177935201583522,0
2023-07-28 11:06:00,952.05,4218247,28,950.33,425539,516690,-0.8177935201583522,0
2023-07-28 11:06:00,952.05,4218247,28,950.33,424746,517289,-0.8177935201583522,0
2023-07-28 11:06:02,952.0,4219501,49,950.33,424537,514157,-0.8230023960829229,0
2023-07-28 11:06:03,952.05,4219816,19,950.33,426994,517813,-0.8177935201583522,0
2023-07-28 11:06:03,952.0,4219816,1,950.33,426996,518082,-0.8230023960829229,0
