2023-07-28 10:47:34,7535.0,2759,1,7538.75,2666,8143,-0.205284418250447,0
2023-07-28 10:47:34,7535.0,2759,1,7538.75,2664,8144,-0.205284418250447,0
2023-07-28 10:47:34,7535.0,2759,1,7538.75,2664,8144,-0.205284418250447,0
2023-07-28 10:47:34,7535.0,2759,1,7538.75,2664,8151,-0.205284418250447,0
2023-07-28 10:47:34,7535.0,2759,1,7538.75,2664,8144,-0.205284418250447,0
2023-07-28 10:47:34,7535.0,2759,1,7538.75,2664,8152,-0.205284418250447,0
2023-07-28 10:47:34,7535.0,2759,1,7538.75,2664,8176,-0.205284418250447,0
2023-07-28 10:47:34,7535.0,2759,1,7538.75,2663,8173,-0.205284418250447,0
2023-07-28 10:47:34,7535.0,2759,1,7538.75,2663,8178,-0.205284418250447,0
2023-07-28 10:47:34,7535.0,2759,1,7538.75,2663,8169,-0.205284418250447,0
2023-07-28 10:47:34,7535.0,2759,1,7538.75,2663,8176,-0.205284418250447,0
2023-07-28 10:47:34,7535.0,2759,1,7538.75,2661,8158,-0.205284418250447,0
2023-07-28 10:47:34,7535.0,2759,1,7538.75,2661,8174,-0.205284418250447,0
2023-07-28 10:47:34,7535.0,2759,1,7538.75,2661,8158,-0.205284418250447,0
2023-07-28 10:47:34,7535.0,2759,1,7538.75,2660,8155,-0.205284418250447,0
2023-07-28 10:47:34,7535.0,2759,1,7538.75,2673,8158,-0.205284418250447,0
2023-07-28 10:47:34,7535.0,2759,1,7538.75,2663,8158,-0.205284418250447,0
2023-07-28 10:50:14,7535.0,2765,6,7538.74,2663,8152,-0.205284418250447,0
2023-07-28 10:50:14,7535.0,2765,6,7538.74,2662,8152,-0.205284418250447,0
2023-07-28 10:50:14,7535.0,2765,6,7538.74,2670,8152,-0.205284418250447,0
2023-07-28 10:50:14,7535.0,2765,6,7538.74,2661,8169,-0.205284418250447,0
2023-07-28 10:50:14,7535.0,2765,6,7538.74,2662,8168,-0.205284418250447,0
2023-07-28 10:50:14,7535.0,2765,6,7538.74,2662,8151,-0.205284418250447,0
2023-07-28 10:50:14,7535.0,2765,6,7538.74,2670,8151,-0.205284418250447,0
2023-07-28 10:50:14,7535.0,2765,6,7538.74,2661,8159,-0.205284418250447,0
2023-07-28 10:50:14,7535.0,2765,6,7538.74,2666,8163,-0.205284418250447,0
2023-07-28 10:50:14,7535.0,2765,6,7538.74,2666,8183,-0.205284418250447,0
2023-07-28 10:50:14,7535.0,2765,6,7538.74,2666,8187,-0.205284418250447,0
2023-07-28 10:50:14,7535.0,2765,1,7538.74,2666,8187,-0.205284418250447,0
2023-07-28 10:50:44,7540.0,2787,1,7538.71,2668,8143,-0.13906363816965764,0
2023-07-28 10:50:45,7540.0,2790,1,7538.71,2689,8141,-0.13906363816965764,0
2023-07-28 10:50:45,7540.0,2790,1,7538.71,2706,8141,-0.13906363816965764,0
2023-07-28 10:50:45,7540.0,2790,1,7538.71,2708,8135,-0.13906363816965764,0
2023-07-28 10:50:45,7540.0,2790,1,7538.71,2721,8135,-0.13906363816965764,0
2023-07-28 10:50:45,7540.0,2790,1,7538.71,2728,8138,-0.13906363816965764,0
2023-07-28 10:50:45,7540.0,2790,1,7538.71,2739,8141,-0.13906363816965764,0
2023-07-28 10:50:45,7540.0,2790,1,7538.71,2744,8141,-0.13906363816965764,0
2023-07-28 10:50:45,7540.0,2790,1,7538.71,2752,8141,-0.13906363816965764,0
2023-07-28 10:50:45,7540.0,2790,1,7538.71,2750,8146,-0.13906363816965764,0
2023-07-28 10:50:45,7540.0,2790,1,7538.71,2750,8150,-0.13906363816965764,0
2023-07-28 10:50:45,7540.0,2790,1,7538.71,2759,8153,-0.13906363816965764,0
2023-07-28 10:50:45,7540.0,2790,1,7538.71,2760,8155,-0.13906363816965764,0
2023-07-28 10:50:45,7540.0,2790,1,7538.71,2759,8155,-0.13906363816965764,0
2023-07-28 10:50:45,7540.0,2790,1,7538.71,2759,8153,-0.13906363816965764,0
2023-07-28 10:50:45,7540.0,2790,1,7538.71,2759,8154,-0.13906363816965764,0
2023-07-28 10:50:45,7540.0,2790,1,7538.71,2760,8153,-0.13906363816965764,0
2023-07-28 10:50:45,7540.0,2790,1,7538.71,2758,8152,-0.13906363816965764,0
2023-07-28 10:50:45,7540.0,2790,1,7538.71,2757,8157,-0.13906363816965764,0
2023-07-28 10:50:45,7540.0,2790,1,7538.71,2758,8159,-0.13906363816965764,0
2023-07-28 10:50:45,7540.0,2790,1,7538.71,2757,8159,-0.13906363816965764,0
2023-07-28 10:50:45,7540.0,2790,1,7538.71,2757,8159,-0.13906363816965764,0
2023-07-28 10:51:50,7540.0,2791,1,7538.71,2757,8158,-0.13906363816965764,0
2023-07-28 10:51:50,7540.0,2791,1,7538.71,2751,8163,-0.13906363816965764,0
2023-07-28 10:51:50,7540.0,2791,1,7538.71,2752,8162,-0.13906363816965764,0
2023-07-28 10:51:50,7540.0,2791,5,7538.71,2752,8162,-0.13906363816965764,0
2023-07-28 10:52:13,7540.0,2796,5,7538.71,2757,8180,-0.13906363816965764,0
2023-07-28 10:52:13,7540.0,2796,5,7538.71,2756,8181,-0.13906363816965764,0
2023-07-28 10:52:13,7540.0,2796,5,7538.71,2738,8172,-0.13906363816965764,0
2023-07-28 10:52:13,7540.0,2796,5,7538.71,2733,8172,-0.13906363816965764,0
2023-07-28 10:52:13,7540.0,2796,5,7538.71,2733,8171,-0.13906363816965764,0
2023-07-28 10:52:13,7540.0,2796,5,7538.71,2737,8171,-0.13906363816965764,0
2023-07-28 10:52:13,7540.0,2796,5,7538.71,2739,8171,-0.13906363816965764,0
2023-07-28 10:52:13,7540.0,2796,5,7538.71,2737,8171,-0.13906363816965764,0
2023-07-28 10:52:13,7540.0,2796,5,7538.71,2736,8171,-0.13906363816965764,0
2023-07-28 10:52:13,7540.0,2796,5,7538.71,2737,8171,-0.13906363816965764,0
2023-07-28 10:52:55,7540.0,2798,2,7538.72,2727,8166,-0.13906363816965764,0
2023-07-28 10:52:55,7540.0,2798,1,7538.72,2727,8166,-0.13906363816965764,0
2023-07-28 10:52:55,7540.0,2799,1,7538.72,2720,8166,-0.13906363816965764,0
2023-07-28 10:52:55,7540.0,2799,1,7538.72,2720,8165,-0.13906363816965764,0
2023-07-28 10:52:55,7540.0,2799,1,7538.72,2720,8176,-0.13906363816965764,0
2023-07-28 10:52:55,7540.0,2799,1,7538.72,2721,8170,-0.13906363816965764,0
2023-07-28 10:52:55,7540.0,2799,1,7538.72,2721,8170,-0.13906363816965764,0
2023-07-28 10:52:55,7540.0,2799,1,7538.72,2721,8171,-0.13906363816965764,0
2023-07-28 10:52:55,7540.0,2799,1,7538.72,2723,8171,-0.13906363816965764,0
2023-07-28 10:52:55,7540.0,2799,1,7538.72,2721,8172,-0.13906363816965764,0
2023-07-28 10:52:55,7540.0,2799,1,7538.72,2722,8172,-0.13906363816965764,0
2023-07-28 10:52:55,7540.0,2799,1,7538.72,2722,8172,-0.13906363816965764,0
2023-07-28 10:52:55,7540.0,2799,1,7538.72,2720,8178,-0.13906363816965764,0
2023-07-28 10:52:55,7535.55,2799,1,7538.72,2720,8178,-0.19800013244155776,0
2023-07-28 10:53:40,7535.55,2808,1,7538.71,2677,8247,-0.19800013244155776,0
2023-07-28 10:53:40,7535.55,2808,1,7538.71,2670,8259,-0.19800013244155776,0
2023-07-28 10:53:40,7535.55,2808,1,7538.71,2668,8270,-0.19800013244155776,0
2023-07-28 10:53:40,7535.55,2808,1,7538.71,2676,8254,-0.19800013244155776,0
2023-07-28 10:53:40,7535.55,2808,1,7538.71,2700,8254,-0.19800013244155776,0
2023-07-28 10:53:40,7535.55,2808,1,7538.71,2663,8244,-0.19800013244155776,0
2023-07-28 10:53:40,7535.55,2808,1,7538.71,2663,8244,-0.19800013244155776,0
2023-07-28 10:53:40,7535.55,2808,1,7538.71,2677,8245,-0.19800013244155776,0
2023-07-28 10:53:40,7535.55,2808,1,7538.71,2663,8245,-0.19800013244155776,0
2023-07-28 10:53:40,7535.55,2808,1,7538.71,2669,8245,-0.19800013244155776,0
2023-07-28 10:53:40,7535.55,2808,1,7538.71,2663,8259,-0.19800013244155776,0
2023-07-28 10:53:40,7535.55,2808,1,7538.71,2663,8275,-0.19800013244155776,0
2023-07-28 10:53:40,7535.55,2808,1,7538.71,2663,8275,-0.19800013244155776,0
2023-07-28 10:53:40,7535.55,2808,1,7538.71,2663,8245,-0.19800013244155776,0
2023-07-28 10:53:40,7535.55,2808,1,7538.71,2663,8244,-0.19800013244155776,0
2023-07-28 10:53:40,7535.55,2808,1,7538.71,2663,8245,-0.19800013244155776,0
2023-07-28 10:53:40,7535.55,2808,1,7538.71,2664,8266,-0.19800013244155776,0
2023-07-28 10:53:40,7535.55,2808,1,7538.71,2663,8245,-0.19800013244155776,0
2023-07-28 10:53:40,7535.55,2808,1,7538.71,2664,8254,-0.19800013244155776,0
2023-07-28 10:53:40,7530.5,2808,1,7538.71,2664,8279,-0.2648831203231574,0
2023-07-28 10:54:50,7530.5,2809,1,7538.7,2659,8253,-0.2648831203231574,0
2023-07-28 10:54:50,7530.5,2809,1,7538.7,2662,8255,-0.2648831203231574,0
2023-07-28 10:54:50,7530.5,2809,1,7538.7,2664,8242,-0.2648831203231574,0
2023-07-28 10:54:50,7530.5,2809,1,7538.7,2672,8242,-0.2648831203231574,0
2023-07-28 10:54:50,7530.5,2809,1,7538.7,2664,8242,-0.2648831203231574,0
2023-07-28 10:54:50,7530.5,2809,1,7538.7,2679,8242,-0.2648831203231574,0
2023-07-28 10:54:50,7530.5,2809,1,7538.7,2674,8242,-0.2648831203231574,0
2023-07-28 10:54:50,7530.5,2809,1,7538.7,2661,8242,-0.2648831203231574,0
2023-07-28 10:54:50,7530.5,2809,1,7538.7,2661,8255,-0.2648831203231574,0
2023-07-28 10:54:50,7530.5,2809,1,7538.7,2661,8256,-0.2648831203231574,0
2023-07-28 10:54:50,7530.5,2809,1,7538.7,2661,8241,-0.2648831203231574,0
2023-07-28 10:54:50,7530.5,2809,1,7538.7,2661,8241,-0.2648831203231574,0
2023-07-28 10:55:21,7530.5,2810,1,7538.7,2660,8240,-0.2648831203231574,0
2023-07-28 10:55:21,7530.5,2810,1,7538.7,2660,8243,-0.2648831203231574,0
2023-07-28 10:55:21,7530.0,2810,2,7538.7,2665,8244,-0.2715051983312363,0
2023-07-28 10:55:28,7530.0,2812,2,7538.69,2663,8241,-0.2715051983312363,0
2023-07-28 10:55:28,7530.0,2812,2,7538.69,2678,8242,-0.2715051983312363,0
2023-07-28 10:55:28,7530.0,2812,2,7538.69,2686,8242,-0.2715051983312363,0
2023-07-28 10:55:28,7530.0,2812,2,7538.69,2662,8259,-0.2715051983312363,0
2023-07-28 10:55:28,7530.0,2812,2,7538.69,2657,8243,-0.2715051983312363,0
2023-07-28 10:55:28,7530.0,2812,2,7538.69,2664,8244,-0.2715051983312363,0
2023-07-28 10:55:28,7530.0,2812,2,7538.69,2664,8245,-0.2715051983312363,0
2023-07-28 10:55:28,7530.0,2812,2,7538.69,2665,8244,-0.2715051983312363,0
2023-07-28 10:55:28,7530.0,2812,2,7538.69,2660,8243,-0.2715051983312363,0
2023-07-28 10:55:28,7530.0,2812,2,7538.69,2656,8264,-0.2715051983312363,0
2023-07-28 10:55:28,7530.0,2812,2,7538.69,2657,8243,-0.2715051983312363,0
2023-07-28 10:55:28,7530.0,2812,2,7538.69,2669,8243,-0.2715051983312363,0
2023-07-28 10:55:28,7530.0,2812,2,7538.69,2657,8243,-0.2715051983312363,0
2023-07-28 10:55:28,7530.0,2812,2,7538.69,2657,8243,-0.2715051983312363,0
2023-07-28 10:55:28,7530.0,2812,2,7538.69,2657,8243,-0.2715051983312363,0
2023-07-28 10:55:28,7530.0,2812,2,7538.69,2657,8250,-0.2715051983312363,0
2023-07-28 10:55:28,7530.0,2812,2,7538.69,2657,8251,-0.2715051983312363,0
2023-07-28 10:55:28,7530.0,2812,2,7538.69,2657,8252,-0.2715051983312363,0
2023-07-28 10:55:28,7530.0,2812,2,7538.69,2665,8244,-0.2715051983312363,0
2023-07-28 10:55:28,7530.0,2812,2,7538.69,2671,8244,-0.2715051983312363,0
2023-07-28 10:55:28,7530.0,2812,2,7538.69,2657,8244,-0.2715051983312363,0
2023-07-28 10:55:28,7530.0,2812,2,7538.69,2668,8244,-0.2715051983312363,0
2023-07-28 10:55:28,7530.0,2812,2,7538.69,2656,8244,-0.2715051983312363,0
2023-07-28 10:55:28,7530.0,2812,2,7538.69,2656,8244,-0.2715051983312363,0
2023-07-28 10:55:28,7530.0,2812,2,7538.69,2664,8244,-0.2715051983312363,0
2023-07-28 10:55:28,7530.0,2812,2,7538.69,2657,8243,-0.2715051983312363,0
2023-07-28 10:55:28,7530.0,2812,2,7538.69,2657,8249,-0.2715051983312363,0
2023-07-28 10:55:28,7530.0,2812,2,7538.69,2657,8244,-0.2715051983312363,0
2023-07-28 10:55:28,7530.0,2812,2,7538.69,2657,8245,-0.2715051983312363,0
2023-07-28 10:55:28,7530.0,2812,2,7538.69,2657,8252,-0.2715051983312363,0
2023-07-28 10:55:28,7530.0,2812,2,7538.69,2665,8248,-0.2715051983312363,0
2023-07-28 10:55:28,7530.0,2812,1,7538.69,2665,8248,-0.2715051983312363,0
2023-07-28 10:57:09,7530.0,2813,1,7538.69,2655,8240,-0.2715051983312363,0
2023-07-28 10:57:09,7530.0,2813,1,7538.69,2656,8250,-0.2715051983312363,0
2023-07-28 10:57:09,7530.0,2813,1,7538.69,2656,8249,-0.2715051983312363,0
2023-07-28 10:57:09,7530.0,2813,1,7538.69,2656,8249,-0.2715051983312363,0
2023-07-28 10:57:09,7530.0,2813,1,7538.69,2656,8249,-0.2715051983312363,0
2023-07-28 10:57:09,7530.0,2813,1,7538.69,2664,8249,-0.2715051983312363,0
2023-07-28 10:57:09,7530.0,2813,1,7538.69,2662,8250,-0.2715051983312363,0
2023-07-28 10:57:09,7530.0,2813,1,7538.69,2656,8250,-0.2715051983312363,0
2023-07-28 10:57:09,7530.0,2813,1,7538.69,2656,8259,-0.2715051983312363,0
2023-07-28 10:57:09,7530.0,2813,1,7538.69,2656,8264,-0.2715051983312363,0
2023-07-28 10:57:09,7530.0,2813,1,7538.69,2656,8262,-0.2715051983312363,0
2023-07-28 10:57:09,7530.0,2813,1,7538.69,2656,8250,-0.2715051983312363,0
2023-07-28 10:57:09,7530.0,2813,1,7538.69,2656,8250,-0.2715051983312363,0
2023-07-28 10:57:09,7530.0,2813,1,7538.69,2656,8250,-0.2715051983312363,0
2023-07-28 10:57:09,7530.0,2813,1,7538.69,2656,8257,-0.2715051983312363,0
2023-07-28 10:57:09,7530.0,2813,1,7538.69,2656,8259,-0.2715051983312363,0
2023-07-28 10:57:09,7530.0,2813,1,7538.69,2656,8275,-0.2715051983312363,0
2023-07-28 10:57:09,7530.0,2813,1,7538.69,2655,8249,-0.2715051983312363,0
2023-07-28 10:57:09,7530.0,2813,1,7538.69,2655,8249,-0.2715051983312363,0
2023-07-28 10:57:09,7530.0,2813,1,7538.69,2649,8258,-0.2715051983312363,0
2023-07-28 10:57:09,7530.0,2813,1,7538.69,2651,8249,-0.2715051983312363,0
2023-07-28 10:57:09,7530.0,2813,1,7538.69,2651,8258,-0.2715051983312363,0
2023-07-28 10:57:09,7530.0,2813,1,7538.69,2651,8249,-0.2715051983312363,0
2023-07-28 10:57:09,7530.0,2813,1,7538.69,2659,8249,-0.2715051983312363,0
2023-07-28 10:57:09,7530.0,2813,1,7538.69,2659,8249,-0.2715051983312363,0
2023-07-28 10:57:09,7530.0,2813,1,7538.69,2658,8247,-0.2715051983312363,0
2023-07-28 10:57:09,7530.0,2813,1,7538.69,2665,8249,-0.2715051983312363,0
2023-07-28 10:57:09,7530.0,2813,1,7538.69,2651,8258,-0.2715051983312363,0
2023-07-28 10:57:09,7530.0,2813,1,7538.69,2651,8249,-0.2715051983312363,0
2023-07-28 10:57:09,7535.0,2813,1,7538.69,2651,8249,-0.205284418250447,0
2023-07-28 10:58:36,7535.0,2823,1,7538.67,2654,8239,-0.205284418250447,0
2023-07-28 10:58:36,7535.0,2823,1,7538.67,2653,8246,-0.205284418250447,0
2023-07-28 10:58:36,7535.0,2823,1,7538.67,2653,8255,-0.205284418250447,0
2023-07-28 10:58:36,7535.0,2823,1,7538.67,2653,8245,-0.205284418250447,0
2023-07-28 10:58:36,7535.0,2823,1,7538.67,2653,8247,-0.205284418250447,0
2023-07-28 10:58:36,7535.0,2823,1,7538.67,2668,8246,-0.205284418250447,0
2023-07-28 10:58:36,7535.0,2823,1,7538.67,2653,8246,-0.205284418250447,0
2023-07-28 10:58:36,7535.0,2823,1,7538.67,2653,8246,-0.205284418250447,0
2023-07-28 10:58:36,7535.0,2823,1,7538.67,2653,8246,-0.205284418250447,0
2023-07-28 10:58:36,7535.0,2823,1,7538.67,2652,8247,-0.205284418250447,0
2023-07-28 10:58:36,7535.0,2823,1,7538.67,2652,8245,-0.205284418250447,0
2023-07-28 10:58:36,7535.0,2823,1,7538.67,2652,8254,-0.205284418250447,0
2023-07-28 10:58:36,7535.0,2823,1,7538.67,2652,8247,-0.205284418250447,0
2023-07-28 10:58:36,7535.0,2823,1,7538.67,2651,8255,-0.205284418250447,0
2023-07-28 10:58:36,7535.0,2823,1,7538.67,2652,8254,-0.205284418250447,0
2023-07-28 10:58:36,7535.0,2823,1,7538.67,2652,8240,-0.205284418250447,0
2023-07-28 10:58:36,7535.0,2823,1,7538.67,2652,8254,-0.205284418250447,0
2023-07-28 10:58:36,7535.0,2823,1,7538.67,2650,8248,-0.205284418250447,0
2023-07-28 10:58:36,7535.0,2823,1,7538.67,2655,8245,-0.205284418250447,0
2023-07-28 10:58:36,7535.0,2823,1,7538.67,2655,8255,-0.205284418250447,0
2023-07-28 10:58:36,7535.0,2823,1,7538.67,2655,8253,-0.205284418250447,0
2023-07-28 10:58:36,7535.0,2823,1,7538.67,2655,8256,-0.205284418250447,0
2023-07-28 10:58:36,7535.0,2823,1,7538.67,2655,8264,-0.205284418250447,0
2023-07-28 10:58:36,7535.0,2823,1,7538.67,2655,8269,-0.205284418250447,0
2023-07-28 10:58:36,7535.0,2823,1,7538.67,2663,8246,-0.205284418250447,0
2023-07-28 10:58:36,7535.0,2823,1,7538.67,2655,8254,-0.205284418250447,0
2023-07-28 10:58:36,7535.0,2823,1,7538.67,2655,8263,-0.205284418250447,0
2023-07-28 10:58:36,7535.0,2823,1,7538.67,2655,8254,-0.205284418250447,0
2023-07-28 10:58:36,7535.0,2823,1,7538.67,2655,8255,-0.205284418250447,0
2023-07-28 10:58:36,7535.0,2823,1,7538.67,2655,8264,-0.205284418250447,0
2023-07-28 10:58:36,7535.0,2823,1,7538.67,2655,8273,-0.205284418250447,0
2023-07-28 10:58:36,7535.0,2823,1,7538.67,2662,8275,-0.205284418250447,0
2023-07-28 10:58:36,7535.0,2823,1,7538.67,2657,8281,-0.205284418250447,0
2023-07-28 10:58:36,7535.0,2823,1,7538.67,2657,8290,-0.205284418250447,0
2023-07-28 10:58:36,7535.0,2823,1,7538.67,2664,8274,-0.205284418250447,0
2023-07-28 10:58:36,7530.0,2823,6,7538.67,2664,8274,-0.2715051983312363,0
2023-07-28 11:00:10,7530.0,2829,6,7538.65,2654,8286,-0.2715051983312363,0
2023-07-28 11:00:10,7530.0,2829,6,7538.65,2655,8309,-0.2715051983312363,0
2023-07-28 11:00:10,7530.0,2829,6,7538.65,2665,8272,-0.2715051983312363,0
2023-07-28 11:00:10,7530.0,2829,6,7538.65,2665,8273,-0.2715051983312363,0
2023-07-28 11:00:22,7534.1,2830,1,7538.65,2665,8279,-0.21720415866498424,0
2023-07-28 11:00:22,7534.1,2830,1,7538.65,2665,8286,-0.21720415866498424,0
2023-07-28 11:00:22,7534.1,2830,1,7538.65,2683,8272,-0.21720415866498424,0
2023-07-28 11:00:22,7534.1,2830,1,7538.65,2667,8272,-0.21720415866498424,0
2023-07-28 11:00:22,7534.1,2830,1,7538.65,2666,8283,-0.21720415866498424,0
2023-07-28 11:00:22,7534.1,2830,1,7538.65,2666,8272,-0.21720415866498424,0
2023-07-28 11:00:22,7534.1,2830,1,7538.65,2666,8281,-0.21720415866498424,0
2023-07-28 11:00:22,7534.1,2830,1,7538.65,2666,8272,-0.21720415866498424,0
2023-07-28 11:00:22,7534.1,2830,1,7538.65,2667,8272,-0.21720415866498424,0
2023-07-28 11:00:22,7534.1,2830,1,7538.65,2675,8268,-0.21720415866498424,0
2023-07-28 11:00:22,7534.1,2830,1,7538.65,2687,8267,-0.21720415866498424,0
2023-07-28 11:00:22,7534.1,2830,1,7538.65,2673,8266,-0.21720415866498424,0
2023-07-28 11:00:22,7534.1,2830,1,7538.65,2673,8273,-0.21720415866498424,0
2023-07-28 11:00:22,7534.1,2830,1,7538.65,2673,8282,-0.21720415866498424,0
2023-07-28 11:00:22,7534.1,2830,1,7538.65,2696,8265,-0.21720415866498424,0
2023-07-28 11:00:22,7534.1,2830,1,7538.65,2700,8266,-0.21720415866498424,0
2023-07-28 11:00:22,7534.1,2830,1,7538.65,2673,8266,-0.21720415866498424,0
2023-07-28 11:00:22,7534.1,2830,1,7538.65,2681,8267,-0.21720415866498424,0
2023-07-28 11:00:22,7534.1,2830,1,7538.65,2680,8267,-0.21720415866498424,0
2023-07-28 11:00:22,7534.1,2830,1,7538.65,2673,8273,-0.21720415866498424,0
2023-07-28 11:00:22,7534.1,2830,1,7538.65,2673,8266,-0.21720415866498424,0
2023-07-28 11:00:22,7534.1,2830,1,7538.65,2673,8266,-0.21720415866498424,0
2023-07-28 11:00:22,7534.1,2830,1,7538.65,2688,8267,-0.21720415866498424,0
2023-07-28 11:00:22,7534.1,2830,1,7538.65,2668,8269,-0.21720415866498424,0
2023-07-28 11:00:22,7534.1,2830,1,7538.65,2668,8278,-0.21720415866498424,0
2023-07-28 11:00:22,7535.0,2830,9,7538.65,2668,8267,-0.205284418250447,0
2023-07-28 11:01:37,7535.0,2840,1,7538.64,2669,8259,-0.205284418250447,0
2023-07-28 11:01:37,7535.0,2840,1,7538.64,2669,8259,-0.205284418250447,0
2023-07-28 11:01:40,7535.0,2842,1,7538.64,2669,8256,-0.205284418250447,0
2023-07-28 11:01:40,7535.0,2842,1,7538.64,2677,8256,-0.205284418250447,0
2023-07-28 11:01:40,7535.0,2842,1,7538.64,2692,8257,-0.205284418250447,0
2023-07-28 11:01:40,7535.0,2842,1,7538.64,2667,8257,-0.205284418250447,0
2023-07-28 11:01:40,7535.0,2842,1,7538.64,2672,8256,-0.205284418250447,0
2023-07-28 11:01:40,7535.0,2842,1,7538.64,2672,8270,-0.205284418250447,0
2023-07-28 11:01:40,7535.0,2842,1,7538.64,2678,8279,-0.205284418250447,0
2023-07-28 11:01:40,7535.0,2842,1,7538.64,2677,8280,-0.205284418250447,0
2023-07-28 11:01:40,7535.0,2842,1,7538.64,2677,8258,-0.205284418250447,0
2023-07-28 11:01:40,7535.0,2842,1,7538.64,2677,8287,-0.205284418250447,0
2023-07-28 11:01:40,7535.0,2842,1,7538.64,2677,8286,-0.205284418250447,0
2023-07-28 11:01:40,7535.0,2842,1,7538.64,2677,8287,-0.205284418250447,0
2023-07-28 11:01:40,7535.0,2842,1,7538.64,2677,8289,-0.205284418250447,0
2023-07-28 11:01:40,7535.0,2842,1,7538.64,2677,8278,-0.205284418250447,0
2023-07-28 11:01:40,7535.0,2842,1,7538.64,2677,8285,-0.205284418250447,0
2023-07-28 11:01:40,7535.0,2842,1,7538.64,2677,8286,-0.205284418250447,0
2023-07-28 11:01:40,7535.0,2842,1,7538.64,2684,8257,-0.205284418250447,0
2023-07-28 11:01:40,7535.0,2842,1,7538.64,2677,8264,-0.205284418250447,0
2023-07-28 11:01:40,7535.0,2842,1,7538.64,2677,8257,-0.205284418250447,0
2023-07-28 11:01:40,7535.0,2842,1,7538.64,2677,8264,-0.205284418250447,0
2023-07-28 11:01:40,7535.0,2842,1,7538.64,2685,8257,-0.205284418250447,0
2023-07-28 11:01:40,7535.0,2842,1,7538.64,2677,8257,-0.205284418250447,0
2023-07-28 11:01:40,7535.0,2842,1,7538.64,2684,8258,-0.205284418250447,0
2023-07-28 11:01:40,7535.0,2842,1,7538.64,2691,8258,-0.205284418250447,0
2023-07-28 11:01:40,7535.0,2842,1,7538.64,2677,8258,-0.205284418250447,0
2023-07-28 11:01:40,7535.0,2842,1,7538.64,2677,8258,-0.205284418250447,0
2023-07-28 11:01:40,7535.0,2842,1,7538.64,2677,8261,-0.205284418250447,0
2023-07-28 11:01:40,7535.0,2842,1,7538.64,2677,8263,-0.205284418250447,0
2023-07-28 11:01:40,7535.0,2842,1,7538.64,2677,8265,-0.205284418250447,0
2023-07-28 11:01:40,7535.0,2842,1,7538.64,2677,8260,-0.205284418250447,0
2023-07-28 11:01:40,7535.0,2842,1,7538.64,2671,8258,-0.205284418250447,0
2023-07-28 11:01:40,7535.0,2842,1,7538.64,2682,8258,-0.205284418250447,0
2023-07-28 11:01:40,7535.0,2842,1,7538.64,2675,8267,-0.205284418250447,0
2023-07-28 11:01:40,7535.0,2842,1,7538.64,2675,8258,-0.205284418250447,0
2023-07-28 11:01:40,7535.0,2842,1,7538.64,2675,8258,-0.205284418250447,0
2023-07-28 11:01:40,7535.0,2842,1,7538.64,2675,8258,-0.205284418250447,0
2023-07-28 11:01:40,7535.0,2842,1,7538.64,2675,8257,-0.205284418250447,0
2023-07-28 11:01:40,7535.0,2842,1,7538.64,2675,8258,-0.205284418250447,0
2023-07-28 11:01:40,7535.0,2842,1,7538.64,2675,8265,-0.205284418250447,0
2023-07-28 11:01:40,7535.0,2842,1,7538.64,2675,8274,-0.205284418250447,0
2023-07-28 11:01:40,7535.0,2842,1,7538.64,2675,8267,-0.205284418250447,0
2023-07-28 11:01:40,7535.0,2842,1,7538.64,2675,8258,-0.205284418250447,0
2023-07-28 11:01:40,7535.0,2842,1,7538.64,2675,8258,-0.205284418250447,0
2023-07-28 11:01:40,7535.0,2842,1,7538.64,2675,8279,-0.205284418250447,0
2023-07-28 11:01:40,7535.0,2842,1,7538.64,2680,8266,-0.205284418250447,0
2023-07-28 11:01:40,7535.0,2842,1,7538.64,2680,8258,-0.205284418250447,0
2023-07-28 11:01:40,7535.0,2842,1,7538.64,2680,8266,-0.205284418250447,0
2023-07-28 11:01:40,7535.0,2842,1,7538.64,2686,8258,-0.205284418250447,0
2023-07-28 11:01:40,7535.0,2842,1,7538.64,2688,8258,-0.205284418250447,0
2023-07-28 11:01:40,7535.0,2842,1,7538.64,2691,8263,-0.205284418250447,0
2023-07-28 11:01:40,7535.0,2842,1,7538.64,2699,8256,-0.205284418250447,0
2023-07-28 11:01:40,7535.0,2842,1,7538.64,2691,8256,-0.205284418250447,0
2023-07-28 11:01:40,7535.0,2842,1,7538.64,2691,8264,-0.205284418250447,0
2023-07-28 11:01:40,7535.0,2842,1,7538.64,2691,8273,-0.205284418250447,0
2023-07-28 11:01:40,7535.0,2842,1,7538.64,2691,8271,-0.205284418250447,0
2023-07-28 11:01:40,7535.0,2842,1,7538.64,2691,8255,-0.205284418250447,0
2023-07-28 11:01:40,7535.0,2842,1,7538.64,2691,8276,-0.205284418250447,0
2023-07-28 11:01:40,7535.0,2842,1,7538.64,2691,8285,-0.205284418250447,0
2023-07-28 11:01:40,7535.0,2842,1,7538.64,2691,8262,-0.205284418250447,0
2023-07-28 11:01:40,7535.0,2842,1,7538.64,2686,8272,-0.205284418250447,0
2023-07-28 11:01:40,7530.0,2842,1,7538.64,2686,8255,-0.2715051983312363,0
2023-07-28 11:04:38,7530.0,2845,1,7538.63,2683,8276,-0.2715051983312363,0
2023-07-28 11:04:43,7534.4,2849,1,7538.62,2682,8255,-0.21323091186014653,0
2023-07-28 11:04:43,7534.4,2849,1,7538.62,2690,8255,-0.21323091186014653,0
2023-07-28 11:04:43,7534.4,2849,1,7538.62,2699,8255,-0.21323091186014653,0
2023-07-28 11:04:43,7534.4,2849,1,7538.62,2699,8255,-0.21323091186014653,0
2023-07-28 11:04:43,7534.4,2849,1,7538.62,2715,8255,-0.21323091186014653,0
2023-07-28 11:04:43,7534.4,2849,1,7538.62,2715,8256,-0.21323091186014653,0
2023-07-28 11:04:43,7534.4,2849,1,7538.62,2714,8256,-0.21323091186014653,0
2023-07-28 11:04:43,7530.0,2849,1,7538.62,2714,8256,-0.2715051983312363,0
2023-07-28 11:05:13,7530.0,2878,4,7538.53,2649,8258,-0.2715051983312363,0
2023-07-28 11:05:13,7530.0,2878,1,7538.53,2649,8258,-0.2715051983312363,0
2023-07-28 11:05:14,7530.0,2879,1,7538.53,2663,8254,-0.2715051983312363,0
2023-07-28 11:05:14,7534.95,2879,1,7538.53,2663,8254,-0.2059466260512573,0
2023-07-28 11:05:17,7534.95,2883,1,7538.53,2669,8252,-0.2059466260512573,0
2023-07-28 11:05:17,7530.65,2883,1,7538.53,2669,8252,-0.2628964969207385,0
2023-07-28 11:05:20,7530.65,2884,1,7538.52,2656,8254,-0.2628964969207385,0
2023-07-28 11:05:20,7530.65,2884,1,7538.52,2663,8254,-0.2628964969207385,0
2023-07-28 11:05:20,7530.65,2884,1,7538.52,2664,8254,-0.2628964969207385,0
2023-07-28 11:05:20,7530.65,2884,1,7538.52,2672,8254,-0.2628964969207385,0
2023-07-28 11:05:20,7530.65,2884,1,7538.52,2672,8254,-0.2628964969207385,0
2023-07-28 11:05:20,7530.65,2884,1,7538.52,2666,8254,-0.2628964969207385,0
2023-07-28 11:05:20,7530.65,2884,1,7538.52,2657,8265,-0.2628964969207385,0
2023-07-28 11:05:20,7530.65,2884,1,7538.52,2663,8256,-0.2628964969207385,0
2023-07-28 11:05:20,7530.65,2884,1,7538.52,2670,8256,-0.2628964969207385,0
2023-07-28 11:05:20,7530.65,2884,1,7538.52,2663,8257,-0.2628964969207385,0
2023-07-28 11:05:20,7530.65,2884,1,7538.52,2663,8266,-0.2628964969207385,0
2023-07-28 11:05:20,7530.65,2884,1,7538.52,2663,8289,-0.2628964969207385,0
2023-07-28 11:05:20,7530.65,2884,1,7538.52,2663,8300,-0.2628964969207385,0
2023-07-28 11:05:20,7530.65,2884,1,7538.52,2662,8310,-0.2628964969207385,0
2023-07-28 11:05:20,7530.65,2884,1,7538.52,2662,8269,-0.2628964969207385,0
2023-07-28 11:05:20,7530.65,2884,1,7538.52,2662,8269,-0.2628964969207385,0
2023-07-28 11:05:20,7530.65,2884,1,7538.52,2662,8278,-0.2628964969207385,0
2023-07-28 11:05:20,7530.65,2884,1,7538.52,2662,8269,-0.2628964969207385,0
2023-07-28 11:05:20,7530.65,2884,1,7538.52,2662,8269,-0.2628964969207385,0
2023-07-28 11:05:20,7530.65,2884,1,7538.52,2661,8278,-0.2628964969207385,0
2023-07-28 11:05:20,7535.0,2884,4,7538.52,2661,8278,-0.205284418250447,0
2023-07-28 11:06:22,7535.0,2889,4,7538.52,2662,8264,-0.205284418250447,0
2023-07-28 11:06:22,7535.0,2889,4,7538.52,2662,8264,-0.205284418250447,0
2023-07-28 11:06:22,7535.0,2889,4,7538.52,2670,8264,-0.205284418250447,0
2023-07-28 11:06:22,7535.0,2889,4,7538.52,2679,8264,-0.205284418250447,0
2023-07-28 11:06:22,7535.0,2889,4,7538.52,2685,8258,-0.205284418250447,0
2023-07-28 11:06:22,7535.0,2889,4,7538.52,2686,8258,-0.205284418250447,0
2023-07-28 11:06:22,7535.0,2889,1,7538.52,2686,8258,-0.205284418250447,0
2023-07-28 11:06:42,7535.0,2890,1,7538.52,2695,8253,-0.205284418250447,0
2023-07-28 11:06:42,7535.0,2890,1,7538.52,2694,8253,-0.205284418250447,0
2023-07-28 11:06:42,7535.0,2890,1,7538.52,2696,8253,-0.205284418250447,0
2023-07-28 11:06:42,7535.0,2890,1,7538.52,2661,8253,-0.205284418250447,0
2023-07-28 11:06:42,7535.0,2890,1,7538.52,2661,8251,-0.205284418250447,0
2023-07-28 11:06:42,7535.0,2890,1,7538.52,2679,8253,-0.205284418250447,0
2023-07-28 11:06:42,7535.0,2890,1,7538.52,2680,8253,-0.205284418250447,0
2023-07-28 11:06:42,7535.0,2890,1,7538.52,2678,8253,-0.205284418250447,0
2023-07-28 11:06:42,7535.0,2890,1,7538.52,2680,8253,-0.205284418250447,0
2023-07-28 11:06:42,7535.0,2890,1,7538.52,2687,8253,-0.205284418250447,0
2023-07-28 11:06:42,7535.0,2890,1,7538.52,2686,8253,-0.205284418250447,0
2023-07-28 11:06:42,7535.0,2890,1,7538.52,2685,8253,-0.205284418250447,0
2023-07-28 11:06:42,7535.65,2890,15,7538.52,2685,8253,-0.1966757168399492,0
2023-07-28 11:07:21,7535.65,2907,15,7538.5,2661,8249,-0.1966757168399492,0
2023-07-28 11:07:21,7535.65,2907,15,7538.5,2662,8272,-0.1966757168399492,0
2023-07-28 11:07:21,7535.65,2907,15,7538.5,2661,8272,-0.1966757168399492,0
2023-07-28 11:07:21,7535.65,2907,4,7538.5,2661,8272,-0.1966757168399492,0
2023-07-28 11:07:30,7535.65,2911,4,7538.5,2663,8268,-0.1966757168399492,0
2023-07-28 11:07:30,7535.65,2911,4,7538.5,2664,8267,-0.1966757168399492,0
2023-07-28 11:07:30,7535.65,2911,4,7538.5,2665,8230,-0.1966757168399492,0
2023-07-28 11:07:30,7535.65,2911,4,7538.5,2667,8246,-0.1966757168399492,0
2023-07-28 11:07:30,7535.65,2911,4,7538.5,2663,8261,-0.1966757168399492,0
2023-07-28 11:07:30,7535.65,2911,4,7538.5,2661,8269,-0.1966757168399492,0
2023-07-28 11:07:30,7535.65,2911,4,7538.5,2660,8270,-0.1966757168399492,0
2023-07-28 11:07:30,7535.65,2911,4,7538.5,2660,8274,-0.1966757168399492,0
2023-07-28 11:07:30,7535.65,2911,5,7538.5,2660,8274,-0.1966757168399492,0
2023-07-28 11:07:52,7535.65,2916,5,7538.49,2662,8267,-0.1966757168399492,0
2023-07-28 11:07:52,7535.65,2916,5,7538.49,2662,8225,-0.1966757168399492,0
2023-07-28 11:07:52,7535.65,2916,5,7538.49,2662,8234,-0.1966757168399492,0
2023-07-28 11:07:52,7535.65,2916,5,7538.49,2662,8248,-0.1966757168399492,0
2023-07-28 11:07:52,7535.65,2916,5,7538.49,2662,8255,-0.1966757168399492,0
2023-07-28 11:07:52,7535.65,2916,5,7538.49,2661,8262,-0.1966757168399492,0
2023-07-28 11:07:52,7535.65,2916,17,7538.49,2661,8262,-0.1966757168399492,0
2023-07-28 11:08:18,7540.0,2933,21,7538.47,2663,8217,-0.13906363816965764,0
2023-07-28 11:08:20,7540.0,3019,4,7538.44,2684,8157,-0.13906363816965764,0
2023-07-28 11:08:22,7540.0,3027,4,7538.44,2690,8146,-0.13906363816965764,0
2023-07-28 11:08:22,7540.0,3027,12,7538.44,2690,8146,-0.13906363816965764,0
2023-07-28 11:08:25,7543.0,3152,1,7538.5,2711,8117,-0.09933117012118403,0
2023-07-28 11:08:28,7543.0,3153,1,7538.51,2710,8143,-0.09933117012118403,0
2023-07-28 11:08:28,7549.05,3153,2,7538.51,2710,8143,-0.019204026223426502,0
2023-07-28 11:08:31,7549.05,3184,10,7538.58,2760,8099,-0.019204026223426502,0
2023-07-28 11:08:33,7549.05,3212,10,7538.67,2764,8093,-0.019204026223426502,0
2023-07-28 11:08:33,7549.0,3212,1,7538.67,2764,8093,-0.019866234024236807,0
2023-07-28 11:08:36,7549.0,3213,1,7538.68,2760,8070,-0.019866234024236807,0
2023-07-28 11:08:36,7550.0,3213,2,7538.68,2760,8070,-0.006622078008078935,0
2023-07-28 11:08:39,7550.0,3219,2,7538.7,2762,8059,-0.006622078008078935,0
2023-07-28 11:08:39,7550.0,3219,2,7538.7,2762,8065,-0.006622078008078935,0
2023-07-28 11:08:39,7550.0,3219,2,7538.7,2763,8074,-0.006622078008078935,0
2023-07-28 11:08:39,7550.0,3219,2,7538.7,2767,8061,-0.006622078008078935,0
2023-07-28 11:08:39,7550.0,3219,1,7538.7,2767,8061,-0.006622078008078935,0
2023-07-28 11:08:51,7550.0,3223,1,7538.71,2777,8066,-0.006622078008078935,0
2023-07-28 11:08:51,7550.0,3223,1,7538.71,2770,8075,-0.006622078008078935,0
2023-07-28 11:08:51,7550.0,3223,1,7538.71,2770,8075,-0.006622078008078935,0
2023-07-28 11:08:56,7550.0,3224,1,7538.71,2770,8063,-0.006622078008078935,0
2023-07-28 11:08:56,7550.0,3224,1,7538.71,2770,8063,-0.006622078008078935,0
2023-07-28 11:08:56,7550.0,3224,1,7538.71,2770,8063,-0.006622078008078935,0
2023-07-28 11:08:59,7545.75,3485,1,7538.35,2531,8078,-0.06290974107674989,0
2023-07-28 11:08:59,7543.7,3485,2,7538.35,2531,8078,-0.09006026090987593,0
2023-07-28 11:08:59,7545.7,3485,1,7538.35,2531,8078,-0.06357194887756018,0
2023-07-28 11:09:01,7545.7,3494,1,7538.37,2737,8100,-0.06357194887756018,0
2023-07-28 11:09:01,7545.7,3494,1,7538.37,2719,8095,-0.06357194887756018,0
2023-07-28 11:09:01,7545.7,3494,1,7538.37,2727,8107,-0.06357194887756018,0
2023-07-28 11:09:01,7545.7,3494,1,7538.37,2750,8108,-0.06357194887756018,0
2023-07-28 11:09:01,7545.7,3494,1,7538.37,2716,8134,-0.06357194887756018,0
2023-07-28 11:09:01,7545.7,3494,1,7538.37,2728,8115,-0.06357194887756018,0
2023-07-28 11:09:01,7545.7,3494,1,7538.37,2729,8141,-0.06357194887756018,0
2023-07-28 11:09:01,7545.7,3494,1,7538.37,2729,8140,-0.06357194887756018,0
2023-07-28 11:09:01,7545.7,3494,1,7538.37,2726,8140,-0.06357194887756018,0
2023-07-28 11:09:01,7545.7,3494,1,7538.37,2725,8140,-0.06357194887756018,0
2023-07-28 11:09:01,7545.7,3494,1,7538.37,2746,8113,-0.06357194887756018,0
2023-07-28 11:09:01,7545.7,3494,1,7538.37,2723,8114,-0.06357194887756018,0
2023-07-28 11:09:01,7545.7,3494,1,7538.37,2726,8119,-0.06357194887756018,0
2023-07-28 11:09:01,7545.7,3494,1,7538.37,2730,8120,-0.06357194887756018,0
2023-07-28 11:09:01,7545.7,3494,1,7538.37,2729,8110,-0.06357194887756018,0
2023-07-28 11:09:01,7545.7,3494,1,7538.37,2727,8113,-0.06357194887756018,0
2023-07-28 11:09:01,7545.7,3494,1,7538.37,2727,8113,-0.06357194887756018,0
2023-07-28 11:09:01,7545.7,3494,1,7538.37,2727,8114,-0.06357194887756018,0
2023-07-28 11:09:01,7542.5,3494,5,7538.37,2734,8114,-0.10595324812926296,0
2023-07-28 11:09:26,7542.5,3504,5,7538.38,2736,8098,-0.10595324812926296,0
2023-07-28 11:09:26,7542.5,3504,5,7538.38,2737,8112,-0.10595324812926296,0
2023-07-28 11:09:26,7542.5,3504,5,7538.38,2736,8098,-0.10595324812926296,0
2023-07-28 11:09:26,7542.5,3504,5,7538.38,2736,8112,-0.10595324812926296,0
2023-07-28 11:09:26,7546.0,3504,1,7538.38,2736,8112,-0.05959870207271042,0
2023-07-28 11:09:30,7546.0,3505,1,7538.38,2763,8077,-0.05959870207271042,0
2023-07-28 11:09:30,7546.0,3505,1,7538.38,2749,8095,-0.05959870207271042,0
2023-07-28 11:09:30,7546.0,3505,1,7538.38,2749,8098,-0.05959870207271042,0
2023-07-28 11:09:30,7546.0,3505,1,7538.38,2750,8083,-0.05959870207271042,0
2023-07-28 11:09:30,7546.0,3505,1,7538.38,2750,8090,-0.05959870207271042,0
2023-07-28 11:09:30,7546.0,3505,1,7538.38,2750,8083,-0.05959870207271042,0
2023-07-28 11:09:30,7546.0,3505,1,7538.38,2750,8099,-0.05959870207271042,0
2023-07-28 11:09:30,7546.0,3505,1,7538.38,2750,8109,-0.05959870207271042,0
2023-07-28 11:09:30,7546.0,3505,1,7538.38,2750,8125,-0.05959870207271042,0
2023-07-28 11:09:30,7546.0,3505,1,7538.38,2751,8124,-0.05959870207271042,0
2023-07-28 11:09:30,7546.0,3505,1,7538.38,2747,8140,-0.05959870207271042,0
2023-07-28 11:09:30,7546.0,3505,1,7538.38,2748,8141,-0.05959870207271042,0
2023-07-28 11:09:30,7546.0,3505,1,7538.38,2752,8140,-0.05959870207271042,0
2023-07-28 11:09:30,7546.0,3505,1,7538.38,2752,8140,-0.05959870207271042,0
2023-07-28 11:09:30,7546.0,3505,1,7538.38,2752,8140,-0.05959870207271042,0
2023-07-28 11:09:30,7546.0,3505,1,7538.38,2752,8100,-0.05959870207271042,0
2023-07-28 11:09:30,7546.0,3505,1,7538.38,2752,8107,-0.05959870207271042,0
2023-07-28 11:09:30,7546.0,3505,1,7538.38,2752,8107,-0.05959870207271042,0
2023-07-28 11:09:30,7546.0,3505,1,7538.38,2753,8067,-0.05959870207271042,0
2023-07-28 11:09:30,7546.0,3505,1,7538.38,2751,8074,-0.05959870207271042,0
2023-07-28 11:09:30,7546.0,3505,1,7538.38,2753,8067,-0.05959870207271042,0
2023-07-28 11:09:30,7546.0,3505,1,7538.38,2760,8067,-0.05959870207271042,0
2023-07-28 11:09:30,7546.0,3505,1,7538.38,2753,8067,-0.05959870207271042,0
2023-07-28 11:09:30,7546.0,3505,1,7538.38,2761,8099,-0.05959870207271042,0
2023-07-28 11:09:30,7546.0,3505,1,7538.38,2753,8115,-0.05959870207271042,0
2023-07-28 11:09:30,7546.0,3505,1,7538.38,2753,8124,-0.05959870207271042,0
2023-07-28 11:09:30,7546.0,3505,1,7538.38,2760,8099,-0.05959870207271042,0
2023-07-28 11:09:30,7546.0,3505,1,7538.38,2756,8100,-0.05959870207271042,0
2023-07-28 11:09:30,7546.0,3505,1,7538.38,2758,8101,-0.05959870207271042,0
2023-07-28 11:09:30,7546.0,3505,1,7538.38,2758,8113,-0.05959870207271042,0
2023-07-28 11:09:30,7546.0,3505,1,7538.38,2757,8129,-0.05959870207271042,0
2023-07-28 11:09:30,7546.0,3505,1,7538.38,2757,8138,-0.05959870207271042,0
2023-07-28 11:09:30,7546.0,3505,1,7538.38,2757,8106,-0.05959870207271042,0
2023-07-28 11:09:30,7546.0,3505,1,7538.38,2773,8106,-0.05959870207271042,0
2023-07-28 11:09:30,7543.6,3505,1,7538.38,2773,8106,-0.09138467651148449,0
2023-07-28 11:10:38,7543.6,3544,1,7538.45,2717,8125,-0.09138467651148449,0
2023-07-28 11:10:38,7543.6,3544,1,7538.45,2719,8122,-0.09138467651148449,0
2023-07-28 11:10:38,7543.6,3544,1,7538.45,2726,8125,-0.09138467651148449,0
2023-07-28 11:10:38,7543.6,3544,1,7538.45,2725,8125,-0.09138467651148449,0
2023-07-28 11:10:38,7543.6,3544,1,7538.45,2690,8120,-0.09138467651148449,0
2023-07-28 11:10:38,7543.6,3544,1,7538.45,2703,8121,-0.09138467651148449,0
2023-07-28 11:10:38,7543.6,3544,1,7538.45,2703,8121,-0.09138467651148449,0
2023-07-28 11:10:38,7543.6,3544,1,7538.45,2692,8111,-0.09138467651148449,0
2023-07-28 11:10:38,7543.6,3544,1,7538.45,2694,8118,-0.09138467651148449,0
2023-07-28 11:10:38,7543.6,3544,1,7538.45,2701,8123,-0.09138467651148449,0
2023-07-28 11:10:38,7545.0,3544,1,7538.45,2701,8123,-0.07284285808886828,0
2023-07-28 11:11:03,7545.0,3561,1,7538.48,2703,8118,-0.07284285808886828,0
2023-07-28 11:11:03,7545.0,3561,1,7538.48,2689,8127,-0.07284285808886828,0
2023-07-28 11:11:03,7545.0,3561,1,7538.48,2688,8124,-0.07284285808886828,0
2023-07-28 11:11:03,7545.0,3561,1,7538.48,2696,8124,-0.07284285808886828,0
2023-07-28 11:11:03,7545.0,3561,1,7538.48,2689,8129,-0.07284285808886828,0
2023-07-28 11:11:03,7545.0,3561,1,7538.48,2717,8128,-0.07284285808886828,0
2023-07-28 11:11:03,7545.0,3561,1,7538.48,2692,8147,-0.07284285808886828,0
2023-07-28 11:11:03,7539.05,3561,1,7538.48,2692,8147,-0.1516455863850052,0
2023-07-28 11:11:22,7539.05,3563,1,7538.48,2689,8125,-0.1516455863850052,0
2023-07-28 11:11:22,7539.05,3563,1,7538.48,2681,8129,-0.1516455863850052,0
2023-07-28 11:11:22,7539.05,3563,1,7538.48,2686,8129,-0.1516455863850052,0
2023-07-28 11:11:22,7539.05,3563,1,7538.48,2700,8129,-0.1516455863850052,0
2023-07-28 11:11:22,7539.05,3563,1,7538.48,2700,8130,-0.1516455863850052,0
2023-07-28 11:11:22,7539.05,3563,1,7538.48,2709,8130,-0.1516455863850052,0
2023-07-28 11:11:22,7539.05,3563,1,7538.48,2679,8130,-0.1516455863850052,0
2023-07-28 11:11:22,7539.05,3563,1,7538.48,2688,8144,-0.1516455863850052,0
2023-07-28 11:11:22,7539.05,3563,1,7538.48,2688,8144,-0.1516455863850052,0
2023-07-28 11:11:22,7539.05,3563,1,7538.48,2695,8144,-0.1516455863850052,0
2023-07-28 11:11:22,7539.05,3563,1,7538.48,2712,8144,-0.1516455863850052,0
2023-07-28 11:11:22,7543.85,3563,1,7538.48,2712,8144,-0.08807363750744501,0
2023-07-28 11:11:50,7543.85,3820,1,7539.08,2691,8087,-0.08807363750744501,0
2023-07-28 11:11:50,7543.85,3820,1,7539.08,2679,8094,-0.08807363750744501,0
2023-07-28 11:11:50,7543.85,3820,1,7539.08,2679,8096,-0.08807363750744501,0
2023-07-28 11:11:50,7543.85,3820,1,7539.08,2679,8087,-0.08807363750744501,0
2023-07-28 11:11:50,7543.85,3820,1,7539.08,2679,8094,-0.08807363750744501,0
2023-07-28 11:11:50,7543.85,3820,1,7539.08,2679,8087,-0.08807363750744501,0
2023-07-28 11:11:50,7543.85,3820,1,7539.08,2686,8087,-0.08807363750744501,0
2023-07-28 11:11:50,7543.85,3820,1,7539.08,2679,8087,-0.08807363750744501,0
2023-07-28 11:11:50,7543.85,3820,1,7539.08,2695,8087,-0.08807363750744501,0
2023-07-28 11:11:50,7543.85,3820,1,7539.08,2679,8085,-0.08807363750744501,0
2023-07-28 11:11:50,7543.85,3820,1,7539.08,2686,8089,-0.08807363750744501,0
2023-07-28 11:11:50,7543.85,3820,1,7539.08,2679,8089,-0.08807363750744501,0
2023-07-28 11:11:50,7543.85,3820,1,7539.08,2679,8089,-0.08807363750744501,0
2023-07-28 11:11:50,7543.85,3820,1,7539.08,2690,8089,-0.08807363750744501,0
2023-07-28 11:11:50,7543.85,3820,1,7539.08,2681,8099,-0.08807363750744501,0
2023-07-28 11:11:50,7543.85,3820,1,7539.08,2689,8099,-0.08807363750744501,0
2023-07-28 11:11:50,7543.85,3820,1,7539.08,2681,8112,-0.08807363750744501,0
2023-07-28 11:11:50,7543.85,3820,1,7539.08,2681,8108,-0.08807363750744501,0
2023-07-28 11:11:50,7542.85,3820,2,7539.08,2681,8108,-0.10131779352360289,0
2023-07-28 11:12:43,7542.85,3822,2,7539.08,2685,8098,-0.10131779352360289,0
2023-07-28 11:12:43,7542.85,3822,2,7539.08,2677,8097,-0.10131779352360289,0
2023-07-28 11:12:43,7542.85,3822,2,7539.08,2679,8102,-0.10131779352360289,0
2023-07-28 11:12:43,7542.85,3822,2,7539.08,2682,8120,-0.10131779352360289,0
2023-07-28 11:12:43,7542.85,3822,2,7539.08,2697,8100,-0.10131779352360289,0
2023-07-28 11:12:43,7542.85,3822,2,7539.08,2688,8100,-0.10131779352360289,0
2023-07-28 11:12:43,7542.85,3822,2,7539.08,2704,8112,-0.10131779352360289,0
2023-07-28 11:12:43,7542.85,3822,2,7539.08,2704,8104,-0.10131779352360289,0
2023-07-28 11:12:43,7540.0,3822,1,7539.08,2704,8104,-0.13906363816965764,0
2023-07-28 11:13:05,7540.0,3824,1,7539.08,2704,8094,-0.13906363816965764,0
2023-07-28 11:13:05,7540.0,3824,1,7539.08,2710,8094,-0.13906363816965764,0
2023-07-28 11:13:05,7540.0,3824,1,7539.08,2702,8090,-0.13906363816965764,0
2023-07-28 11:13:05,7540.0,3824,1,7539.08,2703,8109,-0.13906363816965764,0
2023-07-28 11:13:05,7540.0,3824,1,7539.08,2703,8115,-0.13906363816965764,0
2023-07-28 11:13:05,7540.0,3824,1,7539.08,2703,8124,-0.13906363816965764,0
2023-07-28 11:13:05,7540.0,3824,1,7539.08,2703,8120,-0.13906363816965764,0
2023-07-28 11:13:05,7540.0,3824,1,7539.08,2703,8128,-0.13906363816965764,0
2023-07-28 11:13:05,7540.0,3824,1,7539.08,2703,8088,-0.13906363816965764,0
2023-07-28 11:13:05,7540.0,3824,1,7539.08,2712,8090,-0.13906363816965764,0
2023-07-28 11:13:05,7540.0,3824,1,7539.08,2703,8095,-0.13906363816965764,0
2023-07-28 11:13:05,7540.0,3824,1,7539.08,2703,8103,-0.13906363816965764,0
2023-07-28 11:13:05,7540.0,3824,1,7539.08,2712,8089,-0.13906363816965764,0
2023-07-28 11:13:05,7540.0,3824,1,7539.08,2720,8089,-0.13906363816965764,0
2023-07-28 11:13:05,7540.0,3824,1,7539.08,2719,8097,-0.13906363816965764,0
2023-07-28 11:13:05,7540.0,3824,1,7539.08,2720,8096,-0.13906363816965764,0
2023-07-28 11:13:05,7540.0,3824,1,7539.08,2712,8098,-0.13906363816965764,0
2023-07-28 11:13:05,7540.0,3824,1,7539.08,2741,8098,-0.13906363816965764,0
2023-07-28 11:13:05,7540.0,3824,1,7539.08,2746,8098,-0.13906363816965764,0
2023-07-28 11:13:05,7540.0,3824,1,7539.08,2746,8091,-0.13906363816965764,0
2023-07-28 11:14:04,7540.0,3825,1,7539.08,2708,8093,-0.13906363816965764,0
2023-07-28 11:14:04,7540.0,3825,1,7539.08,2706,8108,-0.13906363816965764,0
2023-07-28 11:14:04,7540.0,3825,1,7539.08,2706,8108,-0.13906363816965764,0
2023-07-28 11:14:09,7540.0,3826,1,7539.08,2700,8095,-0.13906363816965764,0
2023-07-28 11:14:09,7540.0,3826,1,7539.08,2731,8096,-0.13906363816965764,0
2023-07-28 11:14:09,7540.0,3826,1,7539.08,2731,8095,-0.13906363816965764,0
2023-07-28 11:14:09,7540.0,3826,1,7539.08,2726,8098,-0.13906363816965764,0
2023-07-28 11:14:09,7540.0,3826,1,7539.08,2741,8098,-0.13906363816965764,0
2023-07-28 11:14:09,7540.0,3826,1,7539.08,2737,8099,-0.13906363816965764,0
2023-07-28 11:14:31,7544.95,3827,1,7539.09,2737,8099,-0.07350506588967859,0
2023-07-28 11:14:31,7544.95,3827,1,7539.09,2722,8100,-0.07350506588967859,0
2023-07-28 11:14:36,7539.05,3872,4,7539.09,2683,8106,-0.1516455863850052,0
2023-07-28 11:14:36,7539.05,3872,4,7539.09,2703,8115,-0.1516455863850052,0
2023-07-28 11:14:36,7539.05,3872,4,7539.09,2686,8124,-0.1516455863850052,0
2023-07-28 11:14:36,7539.05,3872,4,7539.09,2695,8125,-0.1516455863850052,0
2023-07-28 11:14:36,7539.05,3872,4,7539.09,2732,8119,-0.1516455863850052,0
2023-07-28 11:14:36,7539.05,3872,4,7539.09,2691,8122,-0.1516455863850052,0
2023-07-28 11:14:36,7539.05,3872,4,7539.09,2691,8121,-0.1516455863850052,0
2023-07-28 11:14:36,7539.05,3872,4,7539.09,2689,8120,-0.1516455863850052,0
2023-07-28 11:14:36,7539.05,3872,4,7539.09,2697,8123,-0.1516455863850052,0
2023-07-28 11:14:36,7530.1,3872,5,7539.09,2704,8123,-0.2701807827296157,0
2023-07-28 11:14:59,7530.1,3894,5,7539.05,2650,8438,-0.2701807827296157,0
2023-07-28 11:14:59,7529.95,3894,1,7539.05,2650,8438,-0.27216740613204665,0
2023-07-28 11:15:02,7529.95,3896,1,7539.04,2656,8436,-0.27216740613204665,0
2023-07-28 11:15:02,7529.95,3896,1,7539.04,2660,8429,-0.27216740613204665,0
2023-07-28 11:15:02,7529.95,3896,1,7539.04,2660,8429,-0.27216740613204665,0
2023-07-28 11:15:02,7529.95,3896,1,7539.04,2663,8438,-0.27216740613204665,0
2023-07-28 11:15:02,7529.95,3896,1,7539.04,2663,8442,-0.27216740613204665,0
2023-07-28 11:15:02,7529.95,3896,1,7539.04,2663,8471,-0.27216740613204665,0
2023-07-28 11:15:02,7529.95,3896,1,7539.04,2663,8474,-0.27216740613204665,0
2023-07-28 11:15:02,7529.95,3896,1,7539.04,2668,8463,-0.27216740613204665,0
2023-07-28 11:15:02,7529.95,3896,1,7539.04,2670,8441,-0.27216740613204665,0
2023-07-28 11:15:02,7529.95,3896,1,7539.04,2670,8440,-0.27216740613204665,0
2023-07-28 11:15:02,7529.95,3896,1,7539.04,2651,8426,-0.27216740613204665,0
2023-07-28 11:15:43,7524.6,3906,5,7539.01,2630,8489,-0.343023640818484,0
2023-07-28 11:15:43,7524.6,3906,5,7539.01,2631,8487,-0.343023640818484,0
2023-07-28 11:15:43,7524.6,3906,5,7539.01,2632,8494,-0.343023640818484,0
2023-07-28 11:15:43,7524.6,3906,5,7539.01,2622,8501,-0.343023640818484,0
2023-07-28 11:15:43,7524.6,3906,5,7539.01,2622,8500,-0.343023640818484,0
2023-07-28 11:15:43,7526.55,3906,1,7539.01,2622,8500,-0.3171975365869786,0
2023-07-28 11:15:56,7516.4,3936,1,7538.87,2537,8465,-0.4516257201509882,0
2023-07-28 11:15:56,7516.4,3936,1,7538.87,2621,8474,-0.4516257201509882,0
2023-07-28 11:15:56,7516.4,3936,1,7538.87,2616,8404,-0.4516257201509882,0
2023-07-28 11:15:56,7516.4,3936,1,7538.87,2618,8420,-0.4516257201509882,0
2023-07-28 11:15:56,7516.4,3936,1,7538.87,2630,8404,-0.4516257201509882,0
2023-07-28 11:15:56,7516.4,3936,1,7538.87,2630,8437,-0.4516257201509882,0
2023-07-28 11:15:56,7516.4,3936,1,7538.87,2637,8437,-0.4516257201509882,0
2023-07-28 11:15:56,7516.4,3936,1,7538.87,2646,8436,-0.4516257201509882,0
2023-07-28 11:15:56,7516.4,3936,1,7538.87,2646,8437,-0.4516257201509882,0
2023-07-28 11:15:56,7516.4,3936,1,7538.87,2656,8441,-0.4516257201509882,0
2023-07-28 11:15:56,7516.4,3936,1,7538.87,2656,8438,-0.4516257201509882,0
2023-07-28 11:15:56,7516.4,3936,1,7538.87,2619,8438,-0.4516257201509882,0
2023-07-28 11:15:56,7516.4,3936,1,7538.87,2620,8441,-0.4516257201509882,0
2023-07-28 11:15:56,7516.4,3936,1,7538.87,2615,8435,-0.4516257201509882,0
2023-07-28 11:15:56,7516.4,3936,1,7538.87,2642,8436,-0.4516257201509882,0
2023-07-28 11:15:56,7516.4,3936,1,7538.87,2643,8437,-0.4516257201509882,0
2023-07-28 11:15:56,7516.4,3936,1,7538.87,2616,8439,-0.4516257201509882,0
2023-07-28 11:15:56,7521.7,3936,1,7538.87,2616,8439,-0.3814316932653491,0
2023-07-28 11:16:39,7521.7,3937,1,7538.87,2616,8437,-0.3814316932653491,0
2023-07-28 11:16:39,7521.7,3937,1,7538.87,2630,8437,-0.3814316932653491,0
2023-07-28 11:16:39,7521.7,3937,1,7538.87,2621,8437,-0.3814316932653491,0
2023-07-28 11:16:39,7521.7,3937,1,7538.87,2637,8437,-0.3814316932653491,0
2023-07-28 11:16:39,7516.0,3937,1,7538.87,2637,8437,-0.4569233825574465,0
2023-07-28 11:16:50,7535.85,4291,1,7537.07,2642,7973,-0.19402688563670797,0
2023-07-28 11:16:53,7532.9,4297,1,7537.06,2645,8142,-0.23309714588438335,0
2023-07-28 11:16:53,7530.4,4297,5,7537.06,2645,8142,-0.266207535924778,0
2023-07-28 11:16:57,7530.4,4302,5,7537.05,2698,8140,-0.266207535924778,0
2023-07-28 11:16:57,7530.4,4302,5,7537.05,2711,8139,-0.266207535924778,0
2023-07-28 11:16:57,7530.4,4302,5,7537.05,2709,8152,-0.266207535924778,0
2023-07-28 11:16:57,7530.4,4302,5,7537.05,2692,8153,-0.266207535924778,0
2023-07-28 11:16:57,7530.4,4302,5,7537.05,2739,8147,-0.266207535924778,0
2023-07-28 11:16:57,7530.4,4302,5,7537.05,2740,8151,-0.266207535924778,0
2023-07-28 11:16:57,7530.4,4302,5,7537.05,2692,8151,-0.266207535924778,0
2023-07-28 11:16:57,7530.4,4302,5,7537.05,2703,8151,-0.266207535924778,0
2023-07-28 11:16:57,7529.5,4302,8,7537.05,2703,8151,-0.2781272763393153,0
2023-07-28 11:17:18,7529.5,4310,8,7537.04,2695,8131,-0.2781272763393153,0
2023-07-28 11:17:18,7529.5,4310,8,7537.04,2685,8131,-0.2781272763393153,0
2023-07-28 11:17:18,7529.5,4310,8,7537.04,2677,8130,-0.2781272763393153,0
2023-07-28 11:17:18,7529.5,4310,8,7537.04,2653,8131,-0.2781272763393153,0
2023-07-28 11:17:18,7529.5,4310,8,7537.04,2660,8131,-0.2781272763393153,0
2023-07-28 11:17:18,7529.5,4310,8,7537.04,2667,8131,-0.2781272763393153,0
2023-07-28 11:17:18,7529.5,4310,8,7537.04,2655,8156,-0.2781272763393153,0
2023-07-28 11:17:18,7529.5,4310,8,7537.04,2655,8132,-0.2781272763393153,0
2023-07-28 11:17:18,7529.5,4310,8,7537.04,2660,8132,-0.2781272763393153,0
2023-07-28 11:17:18,7530.0,4310,8,7537.04,2660,8132,-0.2715051983312363,0
2023-07-28 11:17:47,7530.0,4318,8,7537.03,2705,8110,-0.2715051983312363,0
2023-07-28 11:17:47,7530.0,4318,8,7537.03,2695,8116,-0.2715051983312363,0
2023-07-28 11:17:47,7530.0,4318,8,7537.03,2698,8115,-0.2715051983312363,0
2023-07-28 11:17:47,7530.0,4318,8,7537.03,2702,8110,-0.2715051983312363,0
2023-07-28 11:17:47,7530.0,4318,8,7537.03,2707,8107,-0.2715051983312363,0
2023-07-28 11:17:47,7530.0,4318,8,7537.03,2708,8109,-0.2715051983312363,0
2023-07-28 11:17:47,7530.0,4318,8,7537.03,2707,8109,-0.2715051983312363,0
2023-07-28 11:17:47,7530.0,4318,8,7537.03,2683,8107,-0.2715051983312363,0
2023-07-28 11:17:47,7530.0,4318,8,7537.03,2683,8122,-0.2715051983312363,0
2023-07-28 11:17:47,7530.0,4318,8,7537.03,2698,8112,-0.2715051983312363,0
2023-07-28 11:17:47,7530.0,4318,8,7537.03,2705,8112,-0.2715051983312363,0
2023-07-28 11:17:47,7530.0,4318,8,7537.03,2705,8112,-0.2715051983312363,0
2023-07-28 11:17:47,7530.0,4318,8,7537.03,2706,8114,-0.2715051983312363,0
2023-07-28 11:17:47,7530.0,4318,8,7537.03,2691,8115,-0.2715051983312363,0
2023-07-28 11:17:47,7533.25,4318,1,7537.03,2691,8115,-0.22846169127872326,0
2023-07-28 11:18:23,7533.25,4319,1,7537.02,2699,8115,-0.22846169127872326,0
2023-07-28 11:18:23,7533.25,4319,1,7537.02,2700,8114,-0.22846169127872326,0
2023-07-28 11:18:23,7533.25,4319,1,7537.02,2717,8113,-0.22846169127872326,0
2023-07-28 11:18:23,7533.25,4319,1,7537.02,2717,8113,-0.22846169127872326,0
2023-07-28 11:18:23,7533.25,4319,1,7537.02,2716,8111,-0.22846169127872326,0
2023-07-28 11:18:23,7533.25,4319,1,7537.02,2723,8110,-0.22846169127872326,0
2023-07-28 11:18:23,7533.25,4319,1,7537.02,2722,8124,-0.22846169127872326,0
2023-07-28 11:18:23,7533.25,4319,1,7537.02,2722,8132,-0.22846169127872326,0
2023-07-28 11:18:23,7533.25,4319,1,7537.02,2727,8128,-0.22846169127872326,0
2023-07-28 11:18:23,7533.25,4319,1,7537.02,2727,8130,-0.22846169127872326,0
2023-07-28 11:18:23,7533.25,4319,1,7537.02,2726,8131,-0.22846169127872326,0
2023-07-28 11:18:23,7533.25,4319,1,7537.02,2727,8131,-0.22846169127872326,0
2023-07-28 11:18:23,7533.25,4319,1,7537.02,2724,8122,-0.22846169127872326,0
2023-07-28 11:18:23,7533.25,4319,1,7537.02,2726,8122,-0.22846169127872326,0
2023-07-28 11:18:23,7533.25,4319,1,7537.02,2734,8122,-0.22846169127872326,0
2023-07-28 11:18:23,7533.25,4319,1,7537.02,2733,8122,-0.22846169127872326,0
2023-07-28 11:18:23,7533.25,4319,1,7537.02,2725,8128,-0.22846169127872326,0
2023-07-28 11:18:23,7533.25,4319,1,7537.02,2689,8128,-0.22846169127872326,0
2023-07-28 11:19:21,7533.25,4324,5,7537.02,2696,8128,-0.22846169127872326,0
2023-07-28 11:19:21,7533.25,4324,5,7537.02,2710,8121,-0.22846169127872326,0
2023-07-28 11:19:21,7533.25,4324,5,7537.02,2729,8122,-0.22846169127872326,0
2023-07-28 11:19:21,7533.25,4324,5,7537.02,2729,8122,-0.22846169127872326,0
2023-07-28 11:19:21,7537.0,4324,1,7537.02,2729,8122,-0.17879610621813125,0
2023-07-28 11:19:30,7537.0,4325,1,7537.02,2730,8121,-0.17879610621813125,0
2023-07-28 11:19:30,7537.0,4325,1,7537.02,2731,8122,-0.17879610621813125,0
2023-07-28 11:19:30,7537.0,4325,1,7537.02,2731,8122,-0.17879610621813125,0
2023-07-28 11:19:30,7537.0,4325,1,7537.02,2732,8121,-0.17879610621813125,0
2023-07-28 11:19:30,7537.0,4325,1,7537.02,2731,8121,-0.17879610621813125,0
2023-07-28 11:19:30,7537.0,4325,1,7537.02,2698,8121,-0.17879610621813125,0
2023-07-28 11:19:30,7537.0,4325,1,7537.02,2705,8121,-0.17879610621813125,0
2023-07-28 11:19:30,7537.0,4325,1,7537.02,2721,8121,-0.17879610621813125,0
2023-07-28 11:19:30,7537.0,4325,1,7537.02,2726,8124,-0.17879610621813125,0
2023-07-28 11:19:30,7537.0,4325,1,7537.02,2734,8124,-0.17879610621813125,0
2023-07-28 11:19:30,7537.0,4325,1,7537.02,2735,8123,-0.17879610621813125,0
2023-07-28 11:19:30,7533.5,4325,1,7537.02,2735,8123,-0.22515065227468378,0
2023-07-28 11:20:09,7533.5,4327,1,7537.02,2736,8131,-0.22515065227468378,0
2023-07-28 11:20:09,7533.5,4327,1,7537.02,2695,8145,-0.22515065227468378,0
2023-07-28 11:20:09,7533.5,4327,1,7537.02,2695,8130,-0.22515065227468378,0
2023-07-28 11:20:09,7533.5,4327,1,7537.02,2704,8130,-0.22515065227468378,0
2023-07-28 11:20:09,7533.5,4327,1,7537.02,2695,8130,-0.22515065227468378,0
2023-07-28 11:20:09,7533.5,4327,1,7537.02,2696,8126,-0.22515065227468378,0
2023-07-28 11:20:30,7537.0,4332,4,7537.02,2741,8124,-0.17879610621813125,0
2023-07-28 11:20:30,7537.0,4332,4,7537.02,2739,8126,-0.17879610621813125,0
2023-07-28 11:20:30,7537.0,4332,4,7537.02,2719,8125,-0.17879610621813125,0
2023-07-28 11:20:30,7537.0,4332,4,7537.02,2731,8131,-0.17879610621813125,0
2023-07-28 11:20:30,7537.0,4332,4,7537.02,2726,8122,-0.17879610621813125,0
2023-07-28 11:20:30,7537.0,4332,4,7537.02,2722,8127,-0.17879610621813125,0
2023-07-28 11:20:30,7537.0,4332,4,7537.02,2732,8127,-0.17879610621813125,0
2023-07-28 11:20:30,7537.0,4332,4,7537.02,2732,8123,-0.17879610621813125,0
2023-07-28 11:20:30,7537.0,4332,4,7537.02,2740,8125,-0.17879610621813125,0
2023-07-28 11:20:54,7539.4,4335,3,7537.02,2782,8119,-0.14701013177935718,0
2023-07-28 11:20:54,7539.4,4335,3,7537.02,2742,8129,-0.14701013177935718,0
2023-07-28 11:20:54,7539.4,4335,3,7537.02,2742,8136,-0.14701013177935718,0
2023-07-28 11:20:54,7539.4,4335,3,7537.02,2755,8137,-0.14701013177935718,0
2023-07-28 11:20:54,7539.4,4335,3,7537.02,2768,8136,-0.14701013177935718,0
2023-07-28 11:20:54,7539.4,4335,3,7537.02,2769,8143,-0.14701013177935718,0
2023-07-28 11:20:54,7546.3,4335,1,7537.02,2769,8143,-0.05562545526786065,0
2023-07-28 11:21:09,7546.3,4341,1,7537.03,2771,8139,-0.05562545526786065,0
2023-07-28 11:21:09,7546.3,4341,1,7537.03,2764,8120,-0.05562545526786065,0
2023-07-28 11:21:09,7546.3,4341,1,7537.03,2790,8116,-0.05562545526786065,0
2023-07-28 11:21:09,7546.3,4341,1,7537.03,2764,8115,-0.05562545526786065,0
2023-07-28 11:21:09,7546.3,4341,1,7537.03,2764,8122,-0.05562545526786065,0
2023-07-28 11:21:09,7546.3,4341,1,7537.03,2764,8114,-0.05562545526786065,0
2023-07-28 11:21:09,7546.3,4341,1,7537.03,2764,8125,-0.05562545526786065,0
2023-07-28 11:21:09,7540.0,4341,4,7537.03,2764,8125,-0.13906363816965764,0
2023-07-28 11:21:28,7540.0,4346,4,7537.03,2778,8108,-0.13906363816965764,0
2023-07-28 11:21:28,7540.0,4346,4,7537.03,2780,8129,-0.13906363816965764,0
2023-07-28 11:21:28,7540.0,4346,4,7537.03,2760,8121,-0.13906363816965764,0
2023-07-28 11:21:28,7540.0,4346,4,7537.03,2776,8123,-0.13906363816965764,0
2023-07-28 11:21:28,7540.0,4346,4,7537.03,2760,8130,-0.13906363816965764,0
2023-07-28 11:21:28,7546.75,4346,1,7537.03,2760,8130,-0.049665585060592016,0
2023-07-28 11:21:39,7546.75,4351,1,7537.05,2772,8106,-0.049665585060592016,0
2023-07-28 11:21:39,7546.75,4351,1,7537.05,2772,8113,-0.049665585060592016,0
2023-07-28 11:21:39,7546.75,4351,1,7537.05,2764,8105,-0.049665585060592016,0
2023-07-28 11:21:39,7546.75,4351,1,7537.05,2765,8121,-0.049665585060592016,0
2023-07-28 11:21:51,7542.1,4352,1,7537.05,2753,8123,-0.1112509105357213,0
2023-07-28 11:21:51,7542.1,4352,1,7537.05,2752,8122,-0.1112509105357213,0
2023-07-28 11:21:51,7542.1,4352,1,7537.05,2786,8106,-0.1112509105357213,0
2023-07-28 11:21:51,7542.1,4352,1,7537.05,2754,8105,-0.1112509105357213,0
2023-07-28 11:21:51,7542.1,4352,1,7537.05,2762,8107,-0.1112509105357213,0
2023-07-28 11:21:51,7542.1,4352,1,7537.05,2762,8117,-0.1112509105357213,0
2023-07-28 11:21:51,7542.1,4352,1,7537.05,2767,8117,-0.1112509105357213,0
2023-07-28 11:21:51,7548.25,4352,1,7537.05,2767,8117,-0.02979935103635521,0
2023-07-28 11:22:07,7548.25,4357,1,7537.06,2773,8092,-0.02979935103635521,0
2023-07-28 11:22:07,7548.25,4357,1,7537.06,2781,8090,-0.02979935103635521,0
2023-07-28 11:22:07,7548.25,4357,1,7537.06,2744,8089,-0.02979935103635521,0
2023-07-28 11:22:07,7548.25,4357,1,7537.06,2799,8087,-0.02979935103635521,0
2023-07-28 11:22:07,7545.05,4357,7,7537.06,2799,8087,-0.07218065028805798,0
2023-07-28 11:22:19,7545.05,4392,7,7537.13,2707,8115,-0.07218065028805798,0
2023-07-28 11:22:19,7546.85,4392,1,7537.13,2707,8115,-0.048341169458971406,0
2023-07-28 11:22:22,7546.85,4393,1,7537.13,2709,8133,-0.048341169458971406,0
2023-07-28 11:22:22,7546.85,4393,1,7537.13,2710,8108,-0.048341169458971406,0
2023-07-28 11:22:22,7546.85,4393,1,7537.13,2715,8113,-0.048341169458971406,0
2023-07-28 11:22:22,7546.85,4393,1,7537.13,2713,8130,-0.048341169458971406,0
2023-07-28 11:22:22,7546.85,4393,1,7537.13,2713,8115,-0.048341169458971406,0
2023-07-28 11:22:22,7546.85,4393,1,7537.13,2712,8139,-0.048341169458971406,0
2023-07-28 11:22:22,7546.85,4393,1,7537.13,2712,8115,-0.048341169458971406,0
2023-07-28 11:22:22,7539.4,4393,1,7537.13,2712,8115,-0.14701013177935718,0
2023-07-28 11:22:40,7539.4,4394,1,7537.13,2714,8126,-0.14701013177935718,0
2023-07-28 11:22:40,7539.4,4394,1,7537.13,2714,8127,-0.14701013177935718,0
2023-07-28 11:22:40,7538.75,4394,1,7537.13,2714,8127,-0.15561883318985498,0
2023-07-28 11:22:44,7538.75,4395,1,7537.13,2711,8124,-0.15561883318985498,0
2023-07-28 11:22:44,7546.15,4395,1,7537.13,2711,8124,-0.057612078670291555,0
2023-07-28 11:22:48,7546.15,4396,1,7537.13,2716,8124,-0.057612078670291555,0
2023-07-28 11:22:48,7546.15,4396,1,7537.13,2713,8134,-0.057612078670291555,0
2023-07-28 11:22:48,7546.15,4396,1,7537.13,2708,8136,-0.057612078670291555,0
2023-07-28 11:22:48,7546.15,4396,1,7537.13,2708,8159,-0.057612078670291555,0
2023-07-28 11:22:48,7546.15,4396,1,7537.13,2708,8166,-0.057612078670291555,0
2023-07-28 11:22:48,7546.15,4396,1,7537.13,2707,8175,-0.057612078670291555,0
2023-07-28 11:22:48,7546.15,4396,1,7537.13,2708,8176,-0.057612078670291555,0
2023-07-28 11:22:48,7546.15,4396,1,7537.13,2709,8176,-0.057612078670291555,0
2023-07-28 11:22:48,7546.15,4396,1,7537.13,2713,8167,-0.057612078670291555,0
2023-07-28 11:22:48,7546.15,4396,1,7537.13,2713,8168,-0.057612078670291555,0
2023-07-28 11:22:48,7546.15,4396,1,7537.13,2715,8168,-0.057612078670291555,0
2023-07-28 11:22:48,7546.15,4396,1,7537.13,2715,8168,-0.057612078670291555,0
2023-07-28 11:22:48,7546.15,4396,1,7537.13,2714,8170,-0.057612078670291555,0
2023-07-28 11:22:48,7546.15,4396,1,7537.13,2710,8130,-0.057612078670291555,0
2023-07-28 11:22:48,7546.15,4396,1,7537.13,2710,8144,-0.057612078670291555,0
2023-07-28 11:22:48,7546.15,4396,1,7537.13,2710,8148,-0.057612078670291555,0
2023-07-28 11:22:48,7546.15,4396,1,7537.13,2708,8128,-0.057612078670291555,0
2023-07-28 11:22:48,7546.15,4396,1,7537.13,2708,8413,-0.057612078670291555,0
2023-07-28 11:22:48,7546.15,4396,1,7537.13,2712,8421,-0.057612078670291555,0
2023-07-28 11:22:48,7546.15,4396,1,7537.13,2713,8397,-0.057612078670291555,0
2023-07-28 11:22:48,7546.15,4396,1,7537.13,2713,8397,-0.057612078670291555,0
2023-07-28 11:22:48,7546.15,4396,1,7537.13,2713,8404,-0.057612078670291555,0
2023-07-28 11:22:48,7546.15,4396,1,7537.13,2718,8433,-0.057612078670291555,0
2023-07-28 11:22:48,7546.15,4396,1,7537.13,2719,8452,-0.057612078670291555,0
2023-07-28 11:22:48,7546.15,4396,1,7537.13,2719,8438,-0.057612078670291555,0
2023-07-28 11:22:48,7546.15,4396,1,7537.13,2722,8454,-0.057612078670291555,0
2023-07-28 11:22:48,7546.15,4396,1,7537.13,2722,8414,-0.057612078670291555,0
2023-07-28 11:22:48,7546.15,4396,1,7537.13,2731,8412,-0.057612078670291555,0
2023-07-28 11:22:48,7546.15,4396,1,7537.13,2721,8412,-0.057612078670291555,0
2023-07-28 11:22:48,7546.15,4396,1,7537.13,2722,8435,-0.057612078670291555,0
2023-07-28 11:22:48,7546.15,4396,1,7537.13,2740,8412,-0.057612078670291555,0
2023-07-28 11:22:48,7546.15,4396,1,7537.13,2718,8410,-0.057612078670291555,0
2023-07-28 11:22:48,7546.15,4396,1,7537.13,2718,8426,-0.057612078670291555,0
2023-07-28 11:22:48,7546.15,4396,1,7537.13,2717,8433,-0.057612078670291555,0
2023-07-28 11:22:48,7546.15,4396,1,7537.13,2717,8410,-0.057612078670291555,0
2023-07-28 11:22:48,7546.15,4396,1,7537.13,2717,8419,-0.057612078670291555,0
2023-07-28 11:22:48,7546.15,4396,1,7537.13,2717,8410,-0.057612078670291555,0
2023-07-28 11:22:48,7546.15,4396,1,7537.13,2715,8410,-0.057612078670291555,0
2023-07-28 11:22:48,7546.15,4396,1,7537.13,2715,8410,-0.057612078670291555,0
2023-07-28 11:22:48,7546.15,4396,1,7537.13,2715,8410,-0.057612078670291555,0
2023-07-28 11:22:48,7546.15,4396,1,7537.13,2715,8417,-0.057612078670291555,0
2023-07-28 11:22:48,7546.15,4396,1,7537.13,2715,8424,-0.057612078670291555,0
2023-07-28 11:22:48,7546.0,4396,1,7537.13,2715,8424,-0.05959870207271042,0
2023-07-28 11:25:01,7546.0,4401,1,7537.14,2720,8382,-0.05959870207271042,0
2023-07-28 11:25:01,7546.0,4401,1,7537.14,2718,8401,-0.05959870207271042,0
2023-07-28 11:25:01,7546.0,4401,1,7537.14,2718,8425,-0.05959870207271042,0
2023-07-28 11:25:01,7546.0,4401,1,7537.14,2717,8385,-0.05959870207271042,0
2023-07-28 11:25:01,7546.0,4401,1,7537.14,2717,8395,-0.05959870207271042,0
2023-07-28 11:25:01,7546.0,4401,1,7537.14,2717,8384,-0.05959870207271042,0
2023-07-28 11:25:01,7546.0,4401,1,7537.14,2717,8400,-0.05959870207271042,0
2023-07-28 11:25:01,7546.0,4401,1,7537.14,2718,8408,-0.05959870207271042,0
2023-07-28 11:25:01,7546.0,4401,1,7537.14,2718,8417,-0.05959870207271042,0
2023-07-28 11:25:01,7546.0,4401,1,7537.14,2718,8424,-0.05959870207271042,0
2023-07-28 11:25:01,7546.45,4401,1,7537.14,2718,8424,-0.053638831865441786,0
2023-07-28 11:25:34,7546.45,4406,1,7537.15,2720,8421,-0.053638831865441786,0
2023-07-28 11:25:34,7546.3,4406,1,7537.15,2720,8421,-0.05562545526786065,0
2023-07-28 11:25:39,7546.3,4407,1,7537.15,2715,8417,-0.05562545526786065,0
2023-07-28 11:25:39,7541.45,4407,4,7537.15,2715,8417,-0.11985961194623114,0
2023-07-28 11:25:47,7541.0,4429,1,7537.18,2655,8414,-0.12581948215349978,0
2023-07-28 11:25:47,7541.0,4429,1,7537.18,2700,8423,-0.12581948215349978,0
2023-07-28 11:25:47,7541.0,4429,1,7537.18,2725,8386,-0.12581948215349978,0
2023-07-28 11:25:47,7541.0,4429,1,7537.18,2704,8386,-0.12581948215349978,0
2023-07-28 11:25:47,7541.0,4429,1,7537.18,2712,8386,-0.12581948215349978,0
2023-07-28 11:25:47,7541.0,4429,1,7537.18,2727,8386,-0.12581948215349978,0
2023-07-28 11:25:47,7541.0,4429,1,7537.18,2704,8400,-0.12581948215349978,0
2023-07-28 11:25:47,7541.0,4429,1,7537.18,2704,8395,-0.12581948215349978,0
2023-07-28 11:25:47,7541.0,4429,1,7537.18,2703,8406,-0.12581948215349978,0
2023-07-28 11:25:47,7541.0,4429,1,7537.18,2733,8397,-0.12581948215349978,0
2023-07-28 11:25:47,7541.0,4429,1,7537.18,2732,8398,-0.12581948215349978,0
2023-07-28 11:25:47,7541.0,4429,1,7537.18,2707,8407,-0.12581948215349978,0
2023-07-28 11:25:47,7541.0,4429,1,7537.18,2707,8398,-0.12581948215349978,0
2023-07-28 11:25:47,7541.0,4429,1,7537.18,2724,8398,-0.12581948215349978,0
2023-07-28 11:25:47,7541.0,4429,11,7537.18,2724,8398,-0.12581948215349978,0
2023-07-28 11:26:23,7541.0,4444,11,7537.19,2712,8401,-0.12581948215349978,0
2023-07-28 11:26:23,7541.0,4444,11,7537.19,2689,8407,-0.12581948215349978,0
2023-07-28 11:26:23,7541.0,4444,11,7537.19,2711,8407,-0.12581948215349978,0
2023-07-28 11:26:23,7541.0,4444,11,7537.19,2685,8407,-0.12581948215349978,0
2023-07-28 11:26:23,7541.0,4444,11,7537.19,2694,8407,-0.12581948215349978,0
2023-07-28 11:26:23,7541.0,4444,11,7537.19,2685,8407,-0.12581948215349978,0
2023-07-28 11:26:23,7541.0,4444,11,7537.19,2685,8407,-0.12581948215349978,0
2023-07-28 11:26:23,7541.0,4444,11,7537.19,2689,8417,-0.12581948215349978,0
2023-07-28 11:26:23,7541.0,4444,11,7537.19,2689,8426,-0.12581948215349978,0
2023-07-28 11:26:23,7541.0,4444,11,7537.19,2691,8422,-0.12581948215349978,0
2023-07-28 11:26:23,7541.0,4444,11,7537.19,2697,8442,-0.12581948215349978,0
2023-07-28 11:26:23,7541.0,4444,11,7537.19,2697,8408,-0.12581948215349978,0
2023-07-28 11:26:23,7541.0,4444,11,7537.19,2696,8416,-0.12581948215349978,0
2023-07-28 11:26:23,7541.0,4444,11,7537.19,2696,8424,-0.12581948215349978,0
2023-07-28 11:26:23,7541.0,4444,11,7537.19,2697,8410,-0.12581948215349978,0
2023-07-28 11:26:23,7541.0,4444,11,7537.19,2701,8401,-0.12581948215349978,0
2023-07-28 11:26:23,7541.0,4444,11,7537.19,2697,8408,-0.12581948215349978,0
2023-07-28 11:26:23,7541.0,4444,11,7537.19,2697,8406,-0.12581948215349978,0
2023-07-28 11:26:23,7541.0,4444,11,7537.19,2697,8413,-0.12581948215349978,0
2023-07-28 11:26:23,7541.0,4444,11,7537.19,2697,8398,-0.12581948215349978,0
2023-07-28 11:26:23,7541.0,4444,11,7537.19,2689,8411,-0.12581948215349978,0
2023-07-28 11:26:23,7541.0,4444,11,7537.19,2689,8394,-0.12581948215349978,0
2023-07-28 11:26:23,7541.0,4444,11,7537.19,2716,8392,-0.12581948215349978,0
2023-07-28 11:26:23,7541.0,4444,11,7537.19,2695,8392,-0.12581948215349978,0
2023-07-28 11:26:23,7541.0,4444,11,7537.19,2692,8407,-0.12581948215349978,0
2023-07-28 11:26:23,7541.0,4444,11,7537.19,2692,8392,-0.12581948215349978,0
2023-07-28 11:26:23,7541.0,4444,11,7537.19,2693,8408,-0.12581948215349978,0
2023-07-28 11:26:23,7541.0,4444,11,7537.19,2703,8403,-0.12581948215349978,0
2023-07-28 11:26:23,7541.0,4444,11,7537.19,2706,8403,-0.12581948215349978,0
2023-07-28 11:26:23,7541.0,4444,11,7537.19,2698,8398,-0.12581948215349978,0
2023-07-28 11:26:23,7541.0,4444,11,7537.19,2703,8394,-0.12581948215349978,0
2023-07-28 11:26:23,7541.0,4444,11,7537.19,2704,8402,-0.12581948215349978,0
2023-07-28 11:26:23,7541.0,4444,11,7537.19,2704,8418,-0.12581948215349978,0
2023-07-28 11:26:23,7541.0,4444,11,7537.19,2709,8418,-0.12581948215349978,0
2023-07-28 11:26:23,7541.0,4444,11,7537.19,2709,8425,-0.12581948215349978,0
2023-07-28 11:26:23,7541.0,4444,11,7537.19,2709,8394,-0.12581948215349978,0
2023-07-28 11:26:23,7541.0,4444,11,7537.19,2709,8395,-0.12581948215349978,0
2023-07-28 11:26:23,7541.0,4444,11,7537.19,2709,8408,-0.12581948215349978,0
2023-07-28 11:26:23,7541.0,4444,11,7537.19,2707,8399,-0.12581948215349978,0
2023-07-28 11:26:23,7541.0,4444,11,7537.19,2699,8397,-0.12581948215349978,0
2023-07-28 11:26:23,7545.65,4444,1,7537.19,2699,8397,-0.06423415667837049,0
2023-07-28 11:28:12,7545.65,4448,1,7537.19,2709,8392,-0.06423415667837049,0
2023-07-28 11:28:12,7545.65,4448,1,7537.19,2717,8379,-0.06423415667837049,0
2023-07-28 11:28:12,7545.65,4448,1,7537.19,2710,8381,-0.06423415667837049,0
2023-07-28 11:28:12,7545.65,4448,1,7537.19,2711,8386,-0.06423415667837049,0
2023-07-28 11:28:12,7545.65,4448,1,7537.19,2704,8395,-0.06423415667837049,0
2023-07-28 11:28:12,7541.55,4448,5,7537.19,2704,8395,-0.11853519634461053,0
2023-07-28 11:28:27,7541.55,4469,5,7537.22,2669,8392,-0.11853519634461053,0
2023-07-28 11:28:27,7541.55,4469,5,7537.22,2693,8402,-0.11853519634461053,0
2023-07-28 11:28:27,7541.55,4469,5,7537.22,2689,8399,-0.11853519634461053,0
2023-07-28 11:28:27,7541.55,4469,5,7537.22,2689,8400,-0.11853519634461053,0
2023-07-28 11:28:27,7541.55,4469,5,7537.22,2698,8399,-0.11853519634461053,0
2023-07-28 11:28:27,7541.55,4469,5,7537.22,2711,8526,-0.11853519634461053,0
2023-07-28 11:28:27,7541.55,4469,5,7537.22,2689,8530,-0.11853519634461053,0
2023-07-28 11:28:27,7541.55,4469,5,7537.22,2696,8530,-0.11853519634461053,0
2023-07-28 11:28:27,7541.55,4469,5,7537.22,2710,8530,-0.11853519634461053,0
2023-07-28 11:28:27,7541.55,4469,5,7537.22,2714,8530,-0.11853519634461053,0
2023-07-28 11:28:27,7541.55,4469,5,7537.22,2721,8530,-0.11853519634461053,0
2023-07-28 11:28:27,7535.0,4469,2,7537.22,2721,8530,-0.205284418250447,0
2023-07-28 11:28:57,7535.0,4479,2,7537.21,2709,8537,-0.205284418250447,0
2023-07-28 11:28:57,7535.0,4479,2,7537.21,2677,8536,-0.205284418250447,0
2023-07-28 11:28:57,7535.0,4479,2,7537.21,2672,8535,-0.205284418250447,0
2023-07-28 11:28:57,7535.0,4479,2,7537.21,2688,8534,-0.205284418250447,0
2023-07-28 11:28:57,7535.0,4479,2,7537.21,2682,8534,-0.205284418250447,0
2023-07-28 11:28:57,7535.0,4479,2,7537.21,2673,8534,-0.205284418250447,0
2023-07-28 11:28:57,7535.0,4479,2,7537.21,2690,8534,-0.205284418250447,0
2023-07-28 11:28:57,7535.0,4479,2,7537.21,2694,8535,-0.205284418250447,0
2023-07-28 11:28:57,7535.0,4479,2,7537.21,2677,8534,-0.205284418250447,0
2023-07-28 11:28:57,7535.0,4479,2,7537.21,2677,8543,-0.205284418250447,0
2023-07-28 11:28:57,7535.0,4479,2,7537.21,2693,8533,-0.205284418250447,0
2023-07-28 11:28:57,7535.0,4479,2,7537.21,2677,8533,-0.205284418250447,0
2023-07-28 11:28:57,7535.0,4479,2,7537.21,2677,8542,-0.205284418250447,0
2023-07-28 11:28:57,7535.0,4479,2,7537.21,2677,8550,-0.205284418250447,0
2023-07-28 11:28:57,7535.0,4479,2,7537.21,2677,8533,-0.205284418250447,0
2023-07-28 11:28:57,7535.0,4479,2,7537.21,2698,8533,-0.205284418250447,0
2023-07-28 11:28:57,7535.0,4479,2,7537.21,2711,8534,-0.205284418250447,0
2023-07-28 11:28:57,7535.0,4479,2,7537.21,2681,8533,-0.205284418250447,0
2023-07-28 11:28:57,7535.0,4479,2,7537.21,2689,8533,-0.205284418250447,0
2023-07-28 11:28:57,7535.0,4479,2,7537.21,2688,8533,-0.205284418250447,0
2023-07-28 11:28:57,7535.0,4479,2,7537.21,2704,8533,-0.205284418250447,0
2023-07-28 11:28:57,7535.0,4479,2,7537.21,2684,8531,-0.205284418250447,0
2023-07-28 11:28:57,7535.0,4479,2,7537.21,2702,8531,-0.205284418250447,0
2023-07-28 11:28:57,7535.0,4479,2,7537.21,2695,8533,-0.205284418250447,0
2023-07-28 11:28:57,7535.0,4479,2,7537.21,2695,8533,-0.205284418250447,0
2023-07-28 11:28:57,7535.0,4479,2,7537.21,2679,8533,-0.205284418250447,0
2023-07-28 11:28:57,7535.0,4479,2,7537.21,2677,8542,-0.205284418250447,0
2023-07-28 11:28:57,7535.0,4479,2,7537.21,2688,8533,-0.205284418250447,0
2023-07-28 11:28:57,7535.0,4479,2,7537.21,2703,8532,-0.205284418250447,0
2023-07-28 11:28:57,7535.0,4479,2,7537.21,2682,8531,-0.205284418250447,0
2023-07-28 11:28:57,7535.0,4479,2,7537.21,2694,8531,-0.205284418250447,0
2023-07-28 11:28:57,7535.0,4479,2,7537.21,2693,8531,-0.205284418250447,0
2023-07-28 11:28:57,7535.0,4479,2,7537.21,2699,8531,-0.205284418250447,0
2023-07-28 11:28:57,7535.0,4479,2,7537.21,2718,8531,-0.205284418250447,0
2023-07-28 11:28:57,7535.0,4479,2,7537.21,2715,8529,-0.205284418250447,0
2023-07-28 11:28:57,7535.0,4479,2,7537.21,2688,8530,-0.205284418250447,0
2023-07-28 11:28:57,7535.0,4479,2,7537.21,2687,8530,-0.205284418250447,0
2023-07-28 11:28:57,7535.0,4479,2,7537.21,2694,8529,-0.205284418250447,0
2023-07-28 11:28:57,7535.0,4479,2,7537.21,2678,8530,-0.205284418250447,0
2023-07-28 11:28:57,7535.0,4479,2,7537.21,2686,8530,-0.205284418250447,0
2023-07-28 11:28:57,7535.0,4479,2,7537.21,2696,8530,-0.205284418250447,0
2023-07-28 11:28:57,7535.0,4479,2,7537.21,2712,8530,-0.205284418250447,0
2023-07-28 11:28:57,7535.0,4479,2,7537.21,2679,8530,-0.205284418250447,0
2023-07-28 11:28:57,7535.0,4479,2,7537.21,2687,8530,-0.205284418250447,0
2023-07-28 11:28:57,7539.5,4479,1,7537.21,2687,8530,-0.14568571617773657,0
2023-07-28 11:31:05,7539.5,4484,1,7537.21,2681,8524,-0.14568571617773657,0
2023-07-28 11:31:05,7539.5,4484,1,7537.21,2685,8525,-0.14568571617773657,0
2023-07-28 11:31:05,7539.5,4484,1,7537.21,2694,8525,-0.14568571617773657,0
2023-07-28 11:31:05,7539.5,4484,1,7537.21,2687,8520,-0.14568571617773657,0
2023-07-28 11:31:05,7539.5,4484,1,7537.21,2687,8535,-0.14568571617773657,0
2023-07-28 11:31:05,7539.5,4484,1,7537.21,2687,8520,-0.14568571617773657,0
2023-07-28 11:31:05,7539.5,4484,1,7537.21,2696,8520,-0.14568571617773657,0
2023-07-28 11:31:05,7540.0,4484,1,7537.21,2696,8520,-0.13906363816965764,0
2023-07-28 11:31:22,7540.0,4485,1,7537.21,2692,8517,-0.13906363816965764,0
2023-07-28 11:31:22,7540.0,4485,1,7537.21,2712,8517,-0.13906363816965764,0
2023-07-28 11:31:22,7540.0,4485,1,7537.21,2729,8517,-0.13906363816965764,0
2023-07-28 11:31:22,7540.0,4485,1,7537.21,2733,8516,-0.13906363816965764,0
2023-07-28 11:31:22,7540.0,4485,1,7537.21,2724,8517,-0.13906363816965764,0
2023-07-28 11:31:22,7540.0,4485,1,7537.21,2724,8517,-0.13906363816965764,0
2023-07-28 11:31:22,7540.0,4485,1,7537.21,2731,8517,-0.13906363816965764,0
2023-07-28 11:31:43,7543.7,4492,1,7537.22,2725,8505,-0.09006026090987593,0
2023-07-28 11:31:43,7543.7,4492,1,7537.22,2725,8515,-0.09006026090987593,0
2023-07-28 11:31:43,7543.7,4492,1,7537.22,2737,8514,-0.09006026090987593,0
2023-07-28 11:31:43,7543.7,4492,1,7537.22,2700,8533,-0.09006026090987593,0
2023-07-28 11:31:43,7543.7,4492,1,7537.22,2700,8515,-0.09006026090987593,0
2023-07-28 11:31:43,7538.65,4492,1,7537.22,2700,8515,-0.1569432487914756,0
2023-07-28 11:31:56,7538.65,4493,1,7537.22,2691,8564,-0.1569432487914756,0
2023-07-28 11:31:56,7538.65,4493,1,7537.22,2688,8582,-0.1569432487914756,0
2023-07-28 11:31:56,7538.65,4493,1,7537.22,2688,8580,-0.1569432487914756,0
2023-07-28 11:32:03,7535.0,4542,49,7537.2,2711,8524,-0.205284418250447,0
2023-07-28 11:32:03,7535.0,4542,49,7537.2,2710,8513,-0.205284418250447,0
2023-07-28 11:32:03,7535.0,4542,49,7537.2,2725,8514,-0.205284418250447,0
2023-07-28 11:32:03,7535.0,4542,49,7537.2,2734,8514,-0.205284418250447,0
2023-07-28 11:32:03,7535.0,4542,49,7537.2,2710,8514,-0.205284418250447,0
2023-07-28 11:32:03,7535.0,4542,49,7537.2,2713,8514,-0.205284418250447,0
2023-07-28 11:32:03,7535.0,4542,49,7537.2,2734,8514,-0.205284418250447,0
2023-07-28 11:32:20,7545.7,4548,2,7537.21,2703,8511,-0.06357194887756018,0
2023-07-28 11:32:20,7545.7,4548,2,7537.21,2703,8507,-0.06357194887756018,0
2023-07-28 11:32:20,7545.7,4548,2,7537.21,2742,8507,-0.06357194887756018,0
2023-07-28 11:32:20,7547.8,4548,5,7537.21,2746,8505,-0.035759221243623844,0
2023-07-28 11:32:27,7547.8,4558,5,7537.23,2746,8518,-0.035759221243623844,0
2023-07-28 11:32:27,7547.8,4558,5,7537.23,2717,8516,-0.035759221243623844,0
2023-07-28 11:32:27,7547.8,4558,5,7537.23,2702,8521,-0.035759221243623844,0
2023-07-28 11:32:27,7547.8,4558,5,7537.23,2702,8514,-0.035759221243623844,0
2023-07-28 11:32:27,7547.8,4558,5,7537.23,2701,8514,-0.035759221243623844,0
2023-07-28 11:32:27,7547.8,4558,5,7537.23,2701,8529,-0.035759221243623844,0
2023-07-28 11:32:27,7547.8,4558,5,7537.23,2698,8558,-0.035759221243623844,0
2023-07-28 11:32:27,7547.8,4558,5,7537.23,2698,8517,-0.035759221243623844,0
2023-07-28 11:32:27,7547.8,4558,5,7537.23,2712,8518,-0.035759221243623844,0
2023-07-28 11:32:27,7547.8,4558,5,7537.23,2698,8518,-0.035759221243623844,0
2023-07-28 11:32:27,7547.8,4558,5,7537.23,2698,8525,-0.035759221243623844,0
2023-07-28 11:32:27,7547.8,4558,5,7537.23,2698,8527,-0.035759221243623844,0
2023-07-28 11:32:27,7547.8,4558,5,7537.23,2698,8518,-0.035759221243623844,0
2023-07-28 11:32:27,7547.8,4558,5,7537.23,2714,8521,-0.035759221243623844,0
2023-07-28 11:32:27,7547.95,4558,1,7537.23,2714,8521,-0.033772597841204975,0
2023-07-28 11:33:05,7547.95,4566,1,7537.25,2690,8509,-0.033772597841204975,0
2023-07-28 11:33:08,7547.95,4581,14,7537.29,2716,8490,-0.033772597841204975,0
2023-07-28 11:33:08,7547.95,4581,14,7537.29,2716,8492,-0.033772597841204975,0
2023-07-28 11:33:08,7541.25,4581,6,7537.29,2716,8492,-0.1225084431494603,0
2023-07-28 11:33:15,7541.25,4598,6,7537.3,2710,8513,-0.1225084431494603,0
2023-07-28 11:33:15,7541.25,4598,6,7537.3,2688,8513,-0.1225084431494603,0
2023-07-28 11:33:15,7541.25,4598,6,7537.3,2706,8513,-0.1225084431494603,0
2023-07-28 11:33:15,7541.25,4598,6,7537.3,2716,8516,-0.1225084431494603,0
2023-07-28 11:33:15,7541.25,4598,6,7537.3,2734,8516,-0.1225084431494603,0
2023-07-28 11:33:15,7541.25,4598,6,7537.3,2689,8516,-0.1225084431494603,0
2023-07-28 11:33:15,7541.25,4598,6,7537.3,2690,8516,-0.1225084431494603,0
2023-07-28 11:33:15,7541.25,4598,6,7537.3,2712,8516,-0.1225084431494603,0
2023-07-28 11:33:15,7541.25,4598,6,7537.3,2725,8516,-0.1225084431494603,0
2023-07-28 11:33:15,7541.25,4598,6,7537.3,2695,8517,-0.1225084431494603,0
2023-07-28 11:33:15,7541.25,4598,6,7537.3,2695,8517,-0.1225084431494603,0
2023-07-28 11:33:15,7541.25,4598,6,7537.3,2695,8525,-0.1225084431494603,0
2023-07-28 11:33:15,7541.25,4598,6,7537.3,2695,8517,-0.1225084431494603,0
2023-07-28 11:33:15,7541.25,4598,6,7537.3,2695,8526,-0.1225084431494603,0
2023-07-28 11:33:15,7541.25,4598,6,7537.3,2695,8542,-0.1225084431494603,0
2023-07-28 11:33:15,7541.25,4598,6,7537.3,2695,8517,-0.1225084431494603,0
2023-07-28 11:33:15,7541.25,4598,6,7537.3,2720,8515,-0.1225084431494603,0
2023-07-28 11:33:15,7541.25,4598,6,7537.3,2699,8515,-0.1225084431494603,0
2023-07-28 11:33:15,7541.25,4598,6,7537.3,2699,8515,-0.1225084431494603,0
2023-07-28 11:33:15,7541.25,4598,6,7537.3,2705,8516,-0.1225084431494603,0
2023-07-28 11:33:15,7541.25,4598,6,7537.3,2704,8515,-0.1225084431494603,0
2023-07-28 11:33:15,7541.25,4598,6,7537.3,2714,8517,-0.1225084431494603,0
2023-07-28 11:33:15,7541.25,4598,6,7537.3,2700,8517,-0.1225084431494603,0
2023-07-28 11:33:15,7541.25,4598,6,7537.3,2721,8517,-0.1225084431494603,0
2023-07-28 11:33:15,7541.25,4598,6,7537.3,2721,8517,-0.1225084431494603,0
2023-07-28 11:33:15,7541.25,4598,6,7537.3,2719,8517,-0.1225084431494603,0
2023-07-28 11:33:15,7541.25,4598,6,7537.3,2697,8525,-0.1225084431494603,0
2023-07-28 11:33:15,7541.25,4598,6,7537.3,2697,8517,-0.1225084431494603,0
2023-07-28 11:33:15,7541.25,4598,6,7537.3,2721,8515,-0.1225084431494603,0
2023-07-28 11:33:15,7541.25,4598,6,7537.3,2697,8515,-0.1225084431494603,0
2023-07-28 11:33:15,7541.25,4598,6,7537.3,2706,8515,-0.1225084431494603,0
2023-07-28 11:33:15,7541.25,4598,6,7537.3,2706,8515,-0.1225084431494603,0
2023-07-28 11:33:15,7541.25,4598,6,7537.3,2706,8516,-0.1225084431494603,0
2023-07-28 11:33:15,7541.25,4598,6,7537.3,2715,8516,-0.1225084431494603,0
2023-07-28 11:33:15,7541.25,4598,6,7537.3,2698,8516,-0.1225084431494603,0
2023-07-28 11:33:15,7541.25,4598,6,7537.3,2698,8524,-0.1225084431494603,0
2023-07-28 11:33:15,7541.25,4598,6,7537.3,2698,8518,-0.1225084431494603,0
2023-07-28 11:33:15,7541.25,4598,6,7537.3,2698,8516,-0.1225084431494603,0
2023-07-28 11:33:15,7541.25,4598,6,7537.3,2705,8518,-0.1225084431494603,0
2023-07-28 11:33:15,7541.25,4598,6,7537.3,2698,8518,-0.1225084431494603,0
2023-07-28 11:33:15,7541.25,4598,6,7537.3,2690,8518,-0.1225084431494603,0
2023-07-28 11:33:15,7541.25,4598,6,7537.3,2697,8532,-0.1225084431494603,0
2023-07-28 11:33:15,7537.15,4598,1,7537.3,2697,8532,-0.17680948281571238,0
2023-07-28 11:35:09,7537.15,4613,1,7537.3,2696,8519,-0.17680948281571238,0
2023-07-28 11:35:09,7537.15,4613,1,7537.3,2697,8520,-0.17680948281571238,0
2023-07-28 11:35:09,7544.2,4613,1,7537.3,2697,8520,-0.083438182901797,0
2023-07-28 11:35:14,7544.2,4617,1,7537.31,2691,8542,-0.083438182901797,0
2023-07-28 11:35:14,7544.2,4617,1,7537.31,2691,8544,-0.083438182901797,0
2023-07-28 11:35:14,7544.2,4617,1,7537.31,2691,8547,-0.083438182901797,0
2023-07-28 11:35:14,7544.2,4617,1,7537.31,2689,8547,-0.083438182901797,0
2023-07-28 11:35:14,7544.2,4617,1,7537.31,2691,8553,-0.083438182901797,0
2023-07-28 11:35:14,7544.2,4617,1,7537.31,2691,8559,-0.083438182901797,0
2023-07-28 11:35:14,7544.2,4617,1,7537.31,2698,8521,-0.083438182901797,0
2023-07-28 11:35:14,7544.2,4617,1,7537.31,2691,8517,-0.083438182901797,0
2023-07-28 11:35:14,7544.2,4617,1,7537.31,2687,8517,-0.083438182901797,0
2023-07-28 11:35:14,7544.2,4617,1,7537.31,2692,8531,-0.083438182901797,0
2023-07-28 11:35:14,7544.2,4617,1,7537.31,2695,8530,-0.083438182901797,0
2023-07-28 11:35:14,7544.2,4617,1,7537.31,2692,8538,-0.083438182901797,0
2023-07-28 11:35:14,7544.95,4617,1,7537.31,2692,8538,-0.07350506588967859,0
2023-07-28 11:35:54,7544.95,4628,1,7537.32,2698,8511,-0.07350506588967859,0
2023-07-28 11:35:54,7544.95,4628,1,7537.32,2697,8516,-0.07350506588967859,0
2023-07-28 11:35:54,7544.95,4628,1,7537.32,2709,8522,-0.07350506588967859,0
2023-07-28 11:35:54,7544.95,4628,1,7537.32,2716,8520,-0.07350506588967859,0
2023-07-28 11:35:54,7544.95,4628,1,7537.32,2696,8518,-0.07350506588967859,0
2023-07-28 11:35:54,7544.95,4628,1,7537.32,2696,8528,-0.07350506588967859,0
2023-07-28 11:35:54,7544.95,4628,1,7537.32,2696,8538,-0.07350506588967859,0
2023-07-28 11:35:54,7544.95,4628,1,7537.32,2708,8520,-0.07350506588967859,0
2023-07-28 11:35:54,7544.95,4628,1,7537.32,2693,8525,-0.07350506588967859,0
2023-07-28 11:35:54,7544.95,4628,1,7537.32,2691,8521,-0.07350506588967859,0
2023-07-28 11:35:54,7544.95,4628,1,7537.32,2685,8520,-0.07350506588967859,0
2023-07-28 11:35:54,7544.95,4628,1,7537.32,2702,8520,-0.07350506588967859,0
2023-07-28 11:35:54,7544.95,4628,1,7537.32,2691,8520,-0.07350506588967859,0
2023-07-28 11:35:54,7544.95,4628,1,7537.32,2691,8520,-0.07350506588967859,0
2023-07-28 11:35:54,7544.95,4628,1,7537.32,2706,8520,-0.07350506588967859,0
2023-07-28 11:35:54,7544.95,4628,1,7537.32,2705,8520,-0.07350506588967859,0
2023-07-28 11:35:54,7544.95,4628,1,7537.32,2686,8520,-0.07350506588967859,0
2023-07-28 11:35:54,7544.95,4628,1,7537.32,2687,8527,-0.07350506588967859,0
2023-07-28 11:35:54,7544.95,4628,1,7537.32,2688,8515,-0.07350506588967859,0
2023-07-28 11:35:54,7544.95,4628,1,7537.32,2688,8520,-0.07350506588967859,0
2023-07-28 11:35:54,7544.95,4628,1,7537.32,2688,8535,-0.07350506588967859,0
2023-07-28 11:35:54,7544.95,4628,1,7537.32,2688,8543,-0.07350506588967859,0
2023-07-28 11:35:54,7544.95,4628,1,7537.32,2688,8557,-0.07350506588967859,0
2023-07-28 11:35:54,7544.95,4628,1,7537.32,2688,8556,-0.07350506588967859,0
2023-07-28 11:35:54,7544.95,4628,1,7537.32,2687,8559,-0.07350506588967859,0
2023-07-28 11:35:54,7544.95,4628,1,7537.32,2689,8563,-0.07350506588967859,0
2023-07-28 11:35:54,7544.95,4628,1,7537.32,2689,8560,-0.07350506588967859,0
2023-07-28 11:35:54,7544.95,4628,1,7537.32,2689,8562,-0.07350506588967859,0
2023-07-28 11:35:54,7544.95,4628,1,7537.32,2689,8522,-0.07350506588967859,0
2023-07-28 11:35:54,7544.95,4628,1,7537.32,2686,8522,-0.07350506588967859,0
2023-07-28 11:35:54,7544.95,4628,1,7537.32,2688,8524,-0.07350506588967859,0
2023-07-28 11:35:54,7544.95,4628,1,7537.32,2686,8532,-0.07350506588967859,0
2023-07-28 11:35:54,7544.95,4628,1,7537.32,2686,8547,-0.07350506588967859,0
2023-07-28 11:35:54,7544.95,4628,1,7537.32,2682,8547,-0.07350506588967859,0
2023-07-28 11:35:54,7544.95,4628,1,7537.32,2686,8524,-0.07350506588967859,0
2023-07-28 11:35:54,7544.95,4628,1,7537.32,2685,8524,-0.07350506588967859,0
2023-07-28 11:35:54,7544.95,4628,1,7537.32,2686,8531,-0.07350506588967859,0
2023-07-28 11:35:54,7544.95,4628,1,7537.32,2685,8524,-0.07350506588967859,0
2023-07-28 11:35:54,7544.95,4628,1,7537.32,2686,8578,-0.07350506588967859,0
2023-07-28 11:35:54,7544.95,4628,1,7537.32,2685,8578,-0.07350506588967859,0
2023-07-28 11:35:54,7544.95,4628,1,7537.32,2685,8540,-0.07350506588967859,0
2023-07-28 11:35:54,7544.95,4628,1,7537.32,2712,8540,-0.07350506588967859,0
2023-07-28 11:35:54,7544.95,4628,1,7537.32,2712,8540,-0.07350506588967859,0
2023-07-28 11:35:54,7544.95,4628,1,7537.32,2687,8540,-0.07350506588967859,0
2023-07-28 11:35:54,7544.95,4628,1,7537.32,2688,8538,-0.07350506588967859,0
2023-07-28 11:35:54,7544.95,4628,1,7537.32,2688,8545,-0.07350506588967859,0
2023-07-28 11:35:54,7544.95,4628,1,7537.32,2688,8566,-0.07350506588967859,0
2023-07-28 11:35:54,7536.05,4628,1,7537.32,2698,8536,-0.19137805443347883,0
2023-07-28 11:35:54,7541.75,4628,1,7537.32,2698,8536,-0.11588636514138137,0
2023-07-28 11:38:13,7541.75,4630,1,7537.33,2721,8534,-0.11588636514138137,0
2023-07-28 11:38:13,7541.75,4630,1,7537.33,2683,8534,-0.11588636514138137,0
2023-07-28 11:38:13,7541.75,4630,1,7537.33,2696,8537,-0.11588636514138137,0
2023-07-28 11:38:13,7541.75,4630,1,7537.33,2703,8539,-0.11588636514138137,0
2023-07-28 11:38:13,7541.75,4630,1,7537.33,2703,8540,-0.11588636514138137,0
2023-07-28 11:38:13,7541.75,4630,1,7537.33,2703,8537,-0.11588636514138137,0
2023-07-28 11:38:13,7541.75,4630,1,7537.33,2681,8537,-0.11588636514138137,0
2023-07-28 11:38:13,7541.75,4630,1,7537.33,2689,8538,-0.11588636514138137,0
2023-07-28 11:38:13,7541.75,4630,1,7537.33,2688,8538,-0.11588636514138137,0
2023-07-28 11:38:13,7536.05,4630,5,7537.33,2688,8538,-0.19137805443347883,0
2023-07-28 11:38:37,7536.05,4635,5,7537.32,2653,8542,-0.19137805443347883,0
2023-07-28 11:38:37,7536.05,4635,5,7537.32,2663,8545,-0.19137805443347883,0
2023-07-28 11:38:37,7536.05,4635,5,7537.32,2684,8546,-0.19137805443347883,0
2023-07-28 11:38:37,7536.05,4635,5,7537.32,2666,8547,-0.19137805443347883,0
2023-07-28 11:38:37,7536.05,4635,5,7537.32,2668,8563,-0.19137805443347883,0
2023-07-28 11:38:37,7536.05,4635,5,7537.32,2668,8574,-0.19137805443347883,0
2023-07-28 11:38:37,7536.05,4635,5,7537.32,2668,8581,-0.19137805443347883,0
2023-07-28 11:38:37,7536.05,4635,5,7537.32,2668,8549,-0.19137805443347883,0
2023-07-28 11:38:37,7536.05,4635,5,7537.32,2668,8567,-0.19137805443347883,0
2023-07-28 11:38:37,7536.05,4635,5,7537.32,2668,8551,-0.19137805443347883,0
2023-07-28 11:38:37,7536.05,4635,5,7537.32,2668,8546,-0.19137805443347883,0
2023-07-28 11:38:37,7536.05,4635,5,7537.32,2676,8546,-0.19137805443347883,0
2023-07-28 11:38:37,7536.05,4635,5,7537.32,2668,8546,-0.19137805443347883,0
2023-07-28 11:38:37,7536.05,4635,5,7537.32,2676,8546,-0.19137805443347883,0
2023-07-28 11:38:37,7536.05,4635,5,7537.32,2684,8546,-0.19137805443347883,0
2023-07-28 11:38:37,7536.05,4635,5,7537.32,2700,8546,-0.19137805443347883,0
2023-07-28 11:38:37,7536.05,4635,5,7537.32,2707,8546,-0.19137805443347883,0
2023-07-28 11:38:37,7536.05,4635,5,7537.32,2706,8552,-0.19137805443347883,0
2023-07-28 11:38:37,7536.05,4635,5,7537.32,2704,8556,-0.19137805443347883,0
2023-07-28 11:38:37,7536.05,4635,5,7537.32,2702,8556,-0.19137805443347883,0
2023-07-28 11:38:37,7536.05,4635,5,7537.32,2675,8561,-0.19137805443347883,0
2023-07-28 11:38:37,7536.05,4635,5,7537.32,2666,8563,-0.19137805443347883,0
2023-07-28 11:38:37,7536.05,4635,5,7537.32,2662,8571,-0.19137805443347883,0
2023-07-28 11:38:37,7536.05,4635,5,7537.32,2704,8567,-0.19137805443347883,0
2023-07-28 11:38:37,7536.05,4635,5,7537.32,2666,8567,-0.19137805443347883,0
2023-07-28 11:38:37,7536.05,4635,5,7537.32,2680,8567,-0.19137805443347883,0
2023-07-28 11:38:37,7536.05,4635,5,7537.32,2674,8567,-0.19137805443347883,0
2023-07-28 11:38:37,7536.05,4635,5,7537.32,2679,8568,-0.19137805443347883,0
2023-07-28 11:38:37,7536.05,4635,5,7537.32,2698,8572,-0.19137805443347883,0
2023-07-28 11:38:37,7536.05,4635,5,7537.32,2703,8570,-0.19137805443347883,0
2023-07-28 11:38:37,7536.05,4635,5,7537.32,2701,8525,-0.19137805443347883,0
2023-07-28 11:38:37,7536.05,4635,5,7537.32,2708,8573,-0.19137805443347883,0
2023-07-28 11:38:37,7536.05,4635,5,7537.32,2677,8572,-0.19137805443347883,0
2023-07-28 11:38:37,7536.05,4635,5,7537.32,2686,8570,-0.19137805443347883,0
2023-07-28 11:38:37,7536.05,4635,5,7537.32,2693,8570,-0.19137805443347883,0
2023-07-28 11:38:37,7536.05,4635,5,7537.32,2699,8570,-0.19137805443347883,0
2023-07-28 11:38:37,7536.05,4635,5,7537.32,2707,8570,-0.19137805443347883,0
2023-07-28 11:38:37,7536.05,4635,5,7537.32,2708,8570,-0.19137805443347883,0
2023-07-28 11:38:37,7536.05,4635,5,7537.32,2708,8570,-0.19137805443347883,0
2023-07-28 11:38:37,7535.1,4635,1,7537.32,2708,8570,-0.20396000264882638,0
2023-07-28 11:40:31,7535.1,4636,1,7537.32,2718,8559,-0.20396000264882638,0
2023-07-28 11:40:31,7535.1,4636,1,7537.32,2713,8548,-0.20396000264882638,0
2023-07-28 11:40:31,7535.1,4636,1,7537.32,2677,8548,-0.20396000264882638,0
2023-07-28 11:40:31,7535.1,4636,1,7537.32,2677,8548,-0.20396000264882638,0
2023-07-28 11:40:31,7535.1,4636,1,7537.32,2677,8556,-0.20396000264882638,0
2023-07-28 11:40:31,7535.1,4636,1,7537.32,2677,8556,-0.20396000264882638,0
2023-07-28 11:40:31,7535.1,4636,1,7537.32,2677,8568,-0.20396000264882638,0
2023-07-28 11:40:31,7535.1,4636,1,7537.32,2698,8551,-0.20396000264882638,0
2023-07-28 11:40:31,7535.1,4636,1,7537.32,2715,8551,-0.20396000264882638,0
2023-07-28 11:40:31,7535.1,4636,1,7537.32,2683,8551,-0.20396000264882638,0
2023-07-28 11:40:31,7535.1,4636,1,7537.32,2685,8551,-0.20396000264882638,0
2023-07-28 11:40:31,7535.1,4636,1,7537.32,2666,8551,-0.20396000264882638,0
2023-07-28 11:40:31,7535.1,4636,1,7537.32,2678,8551,-0.20396000264882638,0
2023-07-28 11:40:31,7535.1,4636,1,7537.32,2699,8551,-0.20396000264882638,0
2023-07-28 11:40:31,7535.1,4636,1,7537.32,2715,8551,-0.20396000264882638,0
2023-07-28 11:40:31,7535.1,4636,1,7537.32,2678,8572,-0.20396000264882638,0
2023-07-28 11:40:31,7535.1,4636,1,7537.32,2676,8551,-0.20396000264882638,0
2023-07-28 11:40:31,7535.1,4636,1,7537.32,2694,8551,-0.20396000264882638,0
2023-07-28 11:40:31,7535.1,4636,1,7537.32,2692,8551,-0.20396000264882638,0
2023-07-28 11:40:31,7535.1,4636,1,7537.32,2691,8551,-0.20396000264882638,0
2023-07-28 11:40:31,7535.1,4636,1,7537.32,2685,8551,-0.20396000264882638,0
2023-07-28 11:40:31,7535.1,4636,1,7537.32,2703,8551,-0.20396000264882638,0
2023-07-28 11:40:31,7535.1,4636,1,7537.32,2674,8559,-0.20396000264882638,0
2023-07-28 11:40:31,7535.1,4636,1,7537.32,2673,8552,-0.20396000264882638,0
2023-07-28 11:40:31,7535.1,4636,1,7537.32,2687,8552,-0.20396000264882638,0
2023-07-28 11:40:31,7535.1,4636,1,7537.32,2673,8552,-0.20396000264882638,0
2023-07-28 11:40:31,7535.1,4636,1,7537.32,2662,8552,-0.20396000264882638,0
2023-07-28 11:40:31,7535.1,4636,1,7537.32,2679,8552,-0.20396000264882638,0
2023-07-28 11:40:31,7535.1,4636,1,7537.32,2709,8552,-0.20396000264882638,0
2023-07-28 11:40:31,7535.1,4636,1,7537.32,2672,8561,-0.20396000264882638,0
2023-07-28 11:40:31,7535.1,4636,1,7537.32,2672,8561,-0.20396000264882638,0
2023-07-28 11:42:09,7535.1,4637,1,7537.32,2672,8549,-0.20396000264882638,0
2023-07-28 11:42:09,7535.1,4637,1,7537.32,2672,8561,-0.20396000264882638,0
2023-07-28 11:42:09,7535.1,4637,1,7537.32,2672,8549,-0.20396000264882638,0
2023-07-28 11:42:09,7535.1,4637,1,7537.32,2672,8552,-0.20396000264882638,0
2023-07-28 11:42:09,7535.1,4637,1,7537.32,2672,8561,-0.20396000264882638,0
2023-07-28 11:42:09,7535.1,4637,1,7537.32,2679,8552,-0.20396000264882638,0
2023-07-28 11:42:09,7535.1,4637,1,7537.32,2672,8552,-0.20396000264882638,0
2023-07-28 11:42:09,7535.1,4637,1,7537.32,2672,8569,-0.20396000264882638,0
2023-07-28 11:42:09,7535.1,4637,1,7537.32,2672,8552,-0.20396000264882638,0
2023-07-28 11:42:09,7535.1,4637,1,7537.32,2672,8561,-0.20396000264882638,0
2023-07-28 11:42:09,7535.1,4637,1,7537.32,2672,8552,-0.20396000264882638,0
2023-07-28 11:42:09,7535.1,4637,1,7537.32,2672,8552,-0.20396000264882638,0
2023-07-28 11:42:09,7535.1,4637,1,7537.32,2697,8553,-0.20396000264882638,0
2023-07-28 11:42:09,7535.1,4637,1,7537.32,2713,8553,-0.20396000264882638,0
2023-07-28 11:42:09,7535.1,4637,1,7537.32,2713,8552,-0.20396000264882638,0
2023-07-28 11:42:09,7535.1,4637,1,7537.32,2672,8555,-0.20396000264882638,0
2023-07-28 11:42:09,7535.1,4637,1,7537.32,2677,8555,-0.20396000264882638,0
2023-07-28 11:42:09,7535.1,4637,1,7537.32,2708,8555,-0.20396000264882638,0
2023-07-28 11:42:09,7535.1,4637,1,7537.32,2712,8555,-0.20396000264882638,0
2023-07-28 11:42:09,7535.1,4637,1,7537.32,2714,8558,-0.20396000264882638,0
2023-07-28 11:42:09,7535.1,4637,1,7537.32,2712,8556,-0.20396000264882638,0
2023-07-28 11:42:09,7535.1,4637,1,7537.32,2713,8556,-0.20396000264882638,0
2023-07-28 11:42:09,7535.1,4637,1,7537.32,2710,8556,-0.20396000264882638,0
2023-07-28 11:42:09,7535.1,4637,1,7537.32,2711,8556,-0.20396000264882638,0
2023-07-28 11:42:09,7535.1,4637,1,7537.32,2711,8555,-0.20396000264882638,0
2023-07-28 11:42:09,7535.1,4637,1,7537.32,2711,8556,-0.20396000264882638,0
2023-07-28 11:42:09,7535.1,4637,1,7537.32,2711,8556,-0.20396000264882638,0
2023-07-28 11:42:09,7535.1,4637,1,7537.32,2713,8555,-0.20396000264882638,0
2023-07-28 11:42:09,7535.1,4637,1,7537.32,2712,8555,-0.20396000264882638,0
2023-07-28 11:42:09,7535.1,4637,1,7537.32,2712,8556,-0.20396000264882638,0
2023-07-28 11:42:09,7535.1,4637,1,7537.32,2714,8556,-0.20396000264882638,0
2023-07-28 11:42:09,7535.1,4637,1,7537.32,2672,8556,-0.20396000264882638,0
2023-07-28 11:42:09,7535.1,4637,1,7537.32,2672,8556,-0.20396000264882638,0
2023-07-28 11:42:09,7535.1,4637,1,7537.32,2672,8557,-0.20396000264882638,0
2023-07-28 11:42:09,7535.1,4637,1,7537.32,2679,8555,-0.20396000264882638,0
2023-07-28 11:42:09,7535.1,4637,1,7537.32,2665,8555,-0.20396000264882638,0
2023-07-28 11:42:09,7535.1,4637,1,7537.32,2674,8555,-0.20396000264882638,0
2023-07-28 11:42:09,7535.1,4637,1,7537.32,2665,8555,-0.20396000264882638,0
2023-07-28 11:42:09,7535.1,4637,1,7537.32,2689,8555,-0.20396000264882638,0
2023-07-28 11:42:09,7535.1,4637,1,7537.32,2688,8555,-0.20396000264882638,0
2023-07-28 11:42:09,7535.1,4637,1,7537.32,2697,8555,-0.20396000264882638,0
2023-07-28 11:42:09,7535.1,4637,1,7537.32,2698,8555,-0.20396000264882638,0
2023-07-28 11:42:09,7535.1,4637,1,7537.32,2707,8555,-0.20396000264882638,0
2023-07-28 11:42:09,7535.1,4637,1,7537.32,2697,8556,-0.20396000264882638,0
2023-07-28 11:42:09,7535.1,4637,1,7537.32,2698,8557,-0.20396000264882638,0
2023-07-28 11:42:09,7535.1,4637,1,7537.32,2691,8552,-0.20396000264882638,0
2023-07-28 11:42:09,7535.1,4637,1,7537.32,2656,8552,-0.20396000264882638,0
2023-07-28 11:42:09,7535.1,4637,1,7537.32,2665,8552,-0.20396000264882638,0
2023-07-28 11:42:09,7535.1,4637,1,7537.32,2673,8553,-0.20396000264882638,0
2023-07-28 11:42:09,7535.1,4637,1,7537.32,2653,8553,-0.20396000264882638,0
2023-07-28 11:42:09,7535.1,4637,1,7537.32,2654,8560,-0.20396000264882638,0
2023-07-28 11:42:09,7535.1,4637,1,7537.32,2686,8553,-0.20396000264882638,0
2023-07-28 11:42:09,7535.1,4637,1,7537.32,2685,8553,-0.20396000264882638,0
2023-07-28 11:42:09,7535.1,4637,1,7537.32,2683,8553,-0.20396000264882638,0
2023-07-28 11:42:09,7535.1,4637,1,7537.32,2692,8553,-0.20396000264882638,0
2023-07-28 11:42:09,7535.1,4637,1,7537.32,2651,8553,-0.20396000264882638,0
2023-07-28 11:42:09,7535.1,4637,1,7537.32,2656,8553,-0.20396000264882638,0
2023-07-28 11:42:09,7535.1,4637,1,7537.32,2660,8553,-0.20396000264882638,0
2023-07-28 11:42:09,7535.1,4637,1,7537.32,2677,8553,-0.20396000264882638,0
2023-07-28 11:42:09,7535.1,4637,1,7537.32,2675,8553,-0.20396000264882638,0
2023-07-28 11:42:09,7535.1,4637,1,7537.32,2650,8553,-0.20396000264882638,0
2023-07-28 11:42:09,7535.1,4637,1,7537.32,2651,8553,-0.20396000264882638,0
2023-07-28 11:42:09,7535.1,4637,1,7537.32,2668,8553,-0.20396000264882638,0
2023-07-28 11:42:09,7535.1,4637,1,7537.32,2690,8552,-0.20396000264882638,0
2023-07-28 11:42:09,7535.1,4637,1,7537.32,2651,8552,-0.20396000264882638,0
2023-07-28 11:42:09,7535.1,4637,1,7537.32,2652,8553,-0.20396000264882638,0
2023-07-28 11:42:09,7535.1,4637,1,7537.32,2651,8553,-0.20396000264882638,0
2023-07-28 11:42:09,7535.1,4637,1,7537.32,2651,8553,-0.20396000264882638,0
2023-07-28 11:42:09,7535.1,4637,1,7537.32,2650,8556,-0.20396000264882638,0
2023-07-28 11:42:09,7535.1,4637,1,7537.32,2651,8565,-0.20396000264882638,0
2023-07-28 11:42:09,7535.1,4637,1,7537.32,2651,8550,-0.20396000264882638,0
2023-07-28 11:42:09,7535.1,4637,1,7537.32,2673,8550,-0.20396000264882638,0
2023-07-28 11:42:09,7535.1,4637,1,7537.32,2681,8550,-0.20396000264882638,0
2023-07-28 11:42:09,7535.1,4637,1,7537.32,2651,8550,-0.20396000264882638,0
2023-07-28 11:42:09,7535.1,4637,1,7537.32,2657,8550,-0.20396000264882638,0
2023-07-28 11:42:09,7535.1,4637,1,7537.32,2658,8550,-0.20396000264882638,0
2023-07-28 11:42:09,7535.1,4637,1,7537.32,2658,8550,-0.20396000264882638,0
2023-07-28 11:42:09,7535.1,4637,1,7537.32,2675,8549,-0.20396000264882638,0
2023-07-28 11:42:09,7535.1,4637,1,7537.32,2675,8549,-0.20396000264882638,0
2023-07-28 11:42:09,7535.1,4637,1,7537.32,2675,8549,-0.20396000264882638,0
2023-07-28 11:42:09,7535.1,4637,1,7537.32,2675,8549,-0.20396000264882638,0
2023-07-28 11:42:09,7535.1,4637,1,7537.32,2674,8549,-0.20396000264882638,0
2023-07-28 11:42:09,7535.1,4637,1,7537.32,2651,8548,-0.20396000264882638,0
2023-07-28 11:42:09,7535.1,4637,1,7537.32,2651,8562,-0.20396000264882638,0
2023-07-28 11:42:09,7535.1,4637,1,7537.32,2651,8574,-0.20396000264882638,0
2023-07-28 11:42:09,7535.1,4637,1,7537.32,2651,8581,-0.20396000264882638,0
2023-07-28 11:42:09,7535.1,4637,1,7537.32,2659,8552,-0.20396000264882638,0
2023-07-28 11:42:09,7535.1,4637,1,7537.32,2666,8552,-0.20396000264882638,0
2023-07-28 11:42:09,7535.1,4637,1,7537.32,2673,8551,-0.20396000264882638,0
2023-07-28 11:42:09,7535.1,4637,1,7537.32,2647,8567,-0.20396000264882638,0
2023-07-28 11:42:09,7535.1,4637,1,7537.32,2658,8551,-0.20396000264882638,0
2023-07-28 11:42:09,7535.1,4637,1,7537.32,2651,8551,-0.20396000264882638,0
2023-07-28 11:42:09,7535.1,4637,1,7537.32,2658,8550,-0.20396000264882638,0
2023-07-28 11:42:09,7535.1,4637,1,7537.32,2651,8558,-0.20396000264882638,0
2023-07-28 11:42:09,7535.1,4637,1,7537.32,2651,8560,-0.20396000264882638,0
2023-07-28 11:42:09,7535.1,4637,1,7537.32,2651,8564,-0.20396000264882638,0
2023-07-28 11:42:09,7535.1,4637,1,7537.32,2651,8555,-0.20396000264882638,0
2023-07-28 11:42:09,7535.1,4637,1,7537.32,2652,8571,-0.20396000264882638,0
2023-07-28 11:42:09,7535.1,4637,1,7537.32,2651,8555,-0.20396000264882638,0
2023-07-28 11:42:09,7535.1,4637,1,7537.32,2651,8555,-0.20396000264882638,0
2023-07-28 11:42:09,7535.1,4637,1,7537.32,2651,8562,-0.20396000264882638,0
2023-07-28 11:42:09,7535.1,4637,1,7537.32,2658,8555,-0.20396000264882638,0
2023-07-28 11:42:09,7535.1,4637,1,7537.32,2659,8555,-0.20396000264882638,0
2023-07-28 11:46:59,7532.85,4638,1,7537.32,2658,8553,-0.23375935368518158,0
2023-07-28 11:46:59,7532.85,4638,1,7537.32,2655,8552,-0.23375935368518158,0
2023-07-28 11:46:59,7532.85,4638,1,7537.32,2672,8553,-0.23375935368518158,0
2023-07-28 11:46:59,7532.85,4638,1,7537.32,2675,8553,-0.23375935368518158,0
2023-07-28 11:46:59,7532.85,4638,1,7537.32,2672,8552,-0.23375935368518158,0
2023-07-28 11:46:59,7532.85,4638,1,7537.32,2651,8567,-0.23375935368518158,0
2023-07-28 11:46:59,7532.85,4638,1,7537.32,2680,8552,-0.23375935368518158,0
2023-07-28 11:46:59,7532.85,4638,1,7537.32,2655,8562,-0.23375935368518158,0
2023-07-28 11:46:59,7532.85,4638,1,7537.32,2655,8552,-0.23375935368518158,0
2023-07-28 11:46:59,7532.85,4638,1,7537.32,2655,8553,-0.23375935368518158,0
2023-07-28 11:46:59,7532.85,4638,1,7537.32,2663,8553,-0.23375935368518158,0
2023-07-28 11:46:59,7532.85,4638,1,7537.32,2662,8553,-0.23375935368518158,0
2023-07-28 11:46:59,7532.85,4638,1,7537.32,2680,8553,-0.23375935368518158,0
2023-07-28 11:46:59,7532.85,4638,1,7537.32,2682,8553,-0.23375935368518158,0
2023-07-28 11:46:59,7532.85,4638,1,7537.32,2695,8553,-0.23375935368518158,0
2023-07-28 11:46:59,7532.85,4638,1,7537.32,2694,8553,-0.23375935368518158,0
2023-07-28 11:46:59,7532.85,4638,1,7537.32,2695,8553,-0.23375935368518158,0
2023-07-28 11:46:59,7532.85,4638,1,7537.32,2689,8550,-0.23375935368518158,0
2023-07-28 11:46:59,7532.85,4638,1,7537.32,2689,8550,-0.23375935368518158,0
2023-07-28 11:46:59,7532.85,4638,1,7537.32,2689,8551,-0.23375935368518158,0
2023-07-28 11:46:59,7532.85,4638,1,7537.32,2689,8550,-0.23375935368518158,0
2023-07-28 11:46:59,7532.85,4638,1,7537.32,2691,8150,-0.23375935368518158,0
2023-07-28 11:46:59,7532.85,4638,1,7537.32,2691,8149,-0.23375935368518158,0
2023-07-28 11:46:59,7532.85,4638,1,7537.32,2689,8149,-0.23375935368518158,0
2023-07-28 11:46:59,7532.85,4638,1,7537.32,2687,8149,-0.23375935368518158,0
2023-07-28 11:46:59,7532.85,4638,1,7537.32,2645,8150,-0.23375935368518158,0
2023-07-28 11:46:59,7532.85,4638,1,7537.32,2661,8150,-0.23375935368518158,0
2023-07-28 11:46:59,7532.85,4638,1,7537.32,2668,8149,-0.23375935368518158,0
2023-07-28 11:46:59,7532.85,4638,1,7537.32,2685,8149,-0.23375935368518158,0
2023-07-28 11:46:59,7532.85,4638,1,7537.32,2685,8150,-0.23375935368518158,0
2023-07-28 11:46:59,7532.85,4638,1,7537.32,2687,8149,-0.23375935368518158,0
2023-07-28 11:46:59,7532.85,4638,1,7537.32,2647,8149,-0.23375935368518158,0
2023-07-28 11:46:59,7532.85,4638,1,7537.32,2649,8150,-0.23375935368518158,0
2023-07-28 11:46:59,7532.85,4638,1,7537.32,2662,8149,-0.23375935368518158,0
2023-07-28 11:46:59,7532.85,4638,1,7537.32,2662,8150,-0.23375935368518158,0
2023-07-28 11:46:59,7532.85,4638,1,7537.32,2647,8149,-0.23375935368518158,0
2023-07-28 11:46:59,7532.85,4638,1,7537.32,2654,8149,-0.23375935368518158,0
2023-07-28 11:46:59,7532.85,4638,1,7537.32,2655,8150,-0.23375935368518158,0
2023-07-28 11:46:59,7532.85,4638,1,7537.32,2647,8149,-0.23375935368518158,0
2023-07-28 11:46:59,7532.85,4638,1,7537.32,2662,8149,-0.23375935368518158,0
2023-07-28 11:46:59,7532.85,4638,1,7537.32,2647,8149,-0.23375935368518158,0
2023-07-28 11:46:59,7532.85,4638,1,7537.32,2647,8149,-0.23375935368518158,0
2023-07-28 11:46:59,7532.85,4638,1,7537.32,2647,8149,-0.23375935368518158,0
2023-07-28 11:46:59,7532.85,4638,1,7537.32,2655,8149,-0.23375935368518158,0
2023-07-28 11:46:59,7532.85,4638,1,7537.32,2642,8163,-0.23375935368518158,0
2023-07-28 11:46:59,7532.85,4638,1,7537.32,2652,8176,-0.23375935368518158,0
2023-07-28 11:46:59,7532.85,4638,1,7537.32,2652,8176,-0.23375935368518158,0
