2023-07-28 10:49:28,4881.05,59413,3,4857.24,32762,44798,0.6194599051741947,0
2023-07-28 10:49:28,4881.05,59413,3,4857.24,32740,44838,0.6194599051741947,0
2023-07-28 10:49:28,4878.85,59413,6,4857.24,32740,44838,0.5741084312512958,0
2023-07-28 10:49:31,4878.85,59483,6,4857.27,32708,44914,0.5741084312512958,0
2023-07-28 10:49:36,4880.0,59485,1,4857.27,32723,44868,0.5978148835291692,0
2023-07-28 10:49:36,4880.0,59502,13,4857.28,32708,44944,0.5978148835291692,0
2023-07-28 10:49:36,4880.0,59502,13,4857.28,32709,44957,0.5978148835291692,0
2023-07-28 10:49:36,4880.7,59502,1,4857.28,32709,44957,0.6122448979591799,0
2023-07-28 10:49:43,4880.7,59509,1,4857.28,32644,45050,0.6122448979591799,0
2023-07-28 10:49:43,4880.45,59509,1,4857.28,32644,45050,0.6070913213770319,0
2023-07-28 10:49:44,4880.45,59512,1,4857.28,32720,45065,0.6070913213770319,0
2023-07-28 10:49:44,4880.45,59512,1,4857.28,32706,45052,0.6070913213770319,0
2023-07-28 10:49:44,4880.65,59512,1,4857.28,32706,45052,0.6112141826427465,0
2023-07-28 10:49:50,4880.65,59514,1,4857.28,32706,45071,0.6112141826427465,0
2023-07-28 10:49:50,4880.65,59514,1,4857.28,32706,45071,0.6112141826427465,0
2023-07-28 10:49:52,4880.65,59516,1,4857.28,32718,44920,0.6112141826427465,0
2023-07-28 10:49:52,4880.75,59516,1,4857.28,32718,44920,0.6132756132756133,0
2023-07-28 10:49:52,4880.75,59516,1,4857.28,32718,44920,0.6132756132756133,0
2023-07-28 10:49:57,4880.85,59527,6,4857.29,32705,44978,0.61533704390848,0
2023-07-28 10:49:57,4880.75,59527,1,4857.29,32705,44978,0.6132756132756133,0
2023-07-28 10:49:57,4880.75,59527,4,4857.29,32705,44978,0.6132756132756133,0
2023-07-28 10:50:00,4880.85,59547,7,4857.3,32664,44980,0.61533704390848,0
2023-07-28 10:50:00,4880.85,59547,7,4857.3,32664,44980,0.61533704390848,0
2023-07-28 10:50:02,4880.0,59548,1,4857.3,32726,44982,0.5978148835291692,0
2023-07-28 10:50:02,4880.0,59548,1,4857.3,32727,44942,0.5978148835291692,0
2023-07-28 10:50:02,4880.0,59548,1,4857.3,32712,44957,0.5978148835291692,0
2023-07-28 10:50:02,4880.0,59548,1,4857.3,32736,44976,0.5978148835291692,0
2023-07-28 10:50:02,4880.0,59548,1,4857.3,32763,44908,0.5978148835291692,0
2023-07-28 10:50:02,4880.0,59548,1,4857.3,32748,44913,0.5978148835291692,0
2023-07-28 10:50:02,4880.6,59548,1,4857.3,32748,44913,0.610183467326332,0
2023-07-28 10:50:17,4880.6,59557,1,4857.3,32752,44908,0.610183467326332,0
2023-07-28 10:50:17,4880.6,59557,1,4857.3,32752,44908,0.610183467326332,0
2023-07-28 10:50:17,4880.6,59557,1,4857.3,32752,44908,0.610183467326332,0
2023-07-28 10:50:17,4880.6,59557,1,4857.3,32742,44901,0.610183467326332,0
2023-07-28 10:50:17,4880.75,59557,9,4857.3,32742,44901,0.6132756132756133,0
2023-07-28 10:50:17,4880.75,59557,9,4857.3,32742,44901,0.6132756132756133,0
2023-07-28 10:50:17,4880.75,59557,9,4857.3,32742,44901,0.6132756132756133,0
2023-07-28 10:50:17,4880.0,59557,1,4857.3,32742,44901,0.5978148835291692,0
2023-07-28 10:50:24,4880.0,59584,1,4857.31,32702,44998,0.5978148835291692,0
2023-07-28 10:50:24,4880.0,59584,1,4857.31,32702,44998,0.5978148835291692,0
2023-07-28 10:50:24,4880.0,59584,1,4857.31,32702,44998,0.5978148835291692,0
2023-07-28 10:50:27,4878.95,59620,11,4857.32,32701,44928,0.5761698618841439,0
2023-07-28 10:50:27,4880.0,59620,11,4857.32,32701,44928,0.5978148835291692,0
2023-07-28 10:50:28,4880.0,59691,11,4857.35,32764,44879,0.5978148835291692,0
2023-07-28 10:50:28,4880.0,59691,23,4857.35,32764,44879,0.5978148835291692,0
2023-07-28 10:50:28,4880.0,59691,6,4857.35,32764,44879,0.5978148835291692,0
2023-07-28 10:50:32,4880.0,59720,6,4857.36,32763,44881,0.5978148835291692,0
2023-07-28 10:50:32,4880.0,59720,17,4857.36,32763,44881,0.5978148835291692,0
2023-07-28 10:50:32,4880.0,59720,14,4857.36,32763,44881,0.5978148835291692,0
2023-07-28 10:50:32,4879.55,59720,2,4857.36,32763,44881,0.5885384456813065,0
2023-07-28 10:50:35,4879.55,59753,2,4857.37,32788,44855,0.5885384456813065,0
2023-07-28 10:50:35,4879.55,59753,1,4857.37,32788,44855,0.5885384456813065,0
2023-07-28 10:50:35,4880.15,59753,1,4857.37,32788,44855,0.6009070294784505,0
2023-07-28 10:50:38,4880.15,59771,1,4857.38,32683,44884,0.6009070294784505,0
2023-07-28 10:50:38,4880.15,59771,1,4857.38,32707,44844,0.6009070294784505,0
2023-07-28 10:50:38,4880.15,59771,1,4857.38,32708,44852,0.6009070294784505,0
2023-07-28 10:50:38,4880.75,59771,7,4857.38,32708,44874,0.6132756132756133,0
2023-07-28 10:50:38,4880.75,59771,1,4857.38,32708,44874,0.6132756132756133,0
2023-07-28 10:50:38,4880.75,59771,1,4857.38,32708,44874,0.6132756132756133,0
2023-07-28 10:50:49,4880.75,59784,1,4857.39,32720,44848,0.6132756132756133,0
2023-07-28 10:50:49,4880.8,59784,7,4857.39,32720,44848,0.6143063285920466,0
2023-07-28 10:50:49,4880.6,59784,1,4857.39,32720,44848,0.610183467326332,0
2023-07-28 10:50:51,4880.6,59804,1,4857.39,32726,44939,0.610183467326332,0
2023-07-28 10:50:51,4880.7,59804,6,4857.39,32726,44939,0.6122448979591799,0
2023-07-28 10:50:51,4880.65,59804,2,4857.39,32726,44939,0.6112141826427465,0
2023-07-28 10:50:58,4880.65,59814,2,4857.4,32741,44887,0.6112141826427465,0
2023-07-28 10:50:58,4880.65,59814,2,4857.4,32741,44887,0.6112141826427465,0
2023-07-28 10:50:58,4880.65,59814,2,4857.4,32742,44862,0.6112141826427465,0
2023-07-28 10:50:58,4880.8,59814,2,4857.4,32742,44862,0.6143063285920466,0
2023-07-28 10:51:04,4880.0,59841,19,4857.41,32669,44886,0.5978148835291692,0
2023-07-28 10:51:04,4880.0,59841,5,4857.41,32669,44886,0.5978148835291692,0
2023-07-28 10:51:04,4880.0,59841,10,4857.41,32669,44886,0.5978148835291692,0
2023-07-28 10:51:05,4880.0,59879,10,4857.42,32671,44884,0.5978148835291692,0
2023-07-28 10:51:05,4878.95,59879,3,4857.42,32671,44884,0.5761698618841439,0
2023-07-28 10:51:09,4878.95,59882,3,4857.42,32669,44901,0.5761698618841439,0
2023-07-28 10:51:09,4878.95,59882,3,4857.42,32691,44909,0.5761698618841439,0
2023-07-28 10:51:09,4879.55,59882,1,4857.42,32691,44909,0.5885384456813065,0
2023-07-28 10:51:13,4879.55,59883,1,4857.42,32673,44949,0.5885384456813065,0
2023-07-28 10:51:13,4880.0,59883,6,4857.42,32673,44949,0.5978148835291692,0
2023-07-28 10:51:17,4880.0,59889,6,4857.43,32692,44933,0.5978148835291692,0
2023-07-28 10:51:20,4879.8,59892,1,4857.43,32690,44579,0.5936920222634546,0
2023-07-28 10:51:20,4879.8,59892,1,4857.43,32706,44782,0.5936920222634546,0
2023-07-28 10:51:20,4879.95,59892,1,4857.43,32706,44782,0.5967841682127359,0
2023-07-28 10:51:24,4879.95,59893,1,4857.43,32730,44776,0.5967841682127359,0
2023-07-28 10:51:24,4880.0,59893,5,4857.43,32730,44776,0.5978148835291692,0
2023-07-28 10:51:27,4880.0,59899,5,4857.43,32677,44776,0.5978148835291692,0
2023-07-28 10:51:27,4880.0,59899,5,4857.43,32678,44780,0.5978148835291692,0
2023-07-28 10:51:27,4880.0,59899,193,4857.43,32678,44780,0.5978148835291692,0
2023-07-28 10:51:32,4879.75,60335,1,4857.59,32857,44643,0.5926613069470212,0
2023-07-28 10:51:35,4879.95,60431,4,4857.63,32731,44694,0.5967841682127359,0
2023-07-28 10:51:35,4879.95,60431,20,4857.63,32731,44694,0.5967841682127359,0
2023-07-28 10:51:40,4879.95,60455,3,4857.64,32750,44722,0.5967841682127359,0
2023-07-28 10:51:42,4880.0,60462,7,4857.64,32770,44687,0.5978148835291692,0
2023-07-28 10:51:42,4880.0,60462,20,4857.64,32770,44687,0.5978148835291692,0
2023-07-28 10:51:44,4880.0,60511,20,4857.66,32795,44636,0.5978148835291692,0
2023-07-28 10:51:44,4880.25,60511,1,4857.66,32795,44636,0.6029684601113172,0
2023-07-28 10:51:48,4880.25,60512,1,4857.66,32764,44730,0.6029684601113172,0
2023-07-28 10:51:48,4880.4,60512,1,4857.66,32764,44730,0.6060606060605985,0
2023-07-28 10:51:52,4880.4,60513,1,4857.66,32793,44747,0.6060606060605985,0
2023-07-28 10:51:52,4880.5,60513,1,4857.66,32793,44747,0.6081220366934653,0
2023-07-28 10:51:52,4880.45,60513,1,4857.66,32793,44747,0.6070913213770319,0
2023-07-28 10:51:56,4880.45,60543,1,4857.67,32809,44770,0.6070913213770319,0
2023-07-28 10:51:56,4880.5,60543,6,4857.67,32809,44770,0.6081220366934653,0
2023-07-28 10:51:59,4880.45,60564,2,4857.68,32781,45008,0.6070913213770319,0
2023-07-28 10:51:59,4880.45,60564,2,4857.68,32792,45009,0.6070913213770319,0
2023-07-28 10:51:59,4880.6,60564,1,4857.68,32792,45009,0.610183467326332,0
2023-07-28 10:52:02,4880.6,60565,1,4857.68,32782,44968,0.610183467326332,0
2023-07-28 10:52:02,4880.7,60565,27,4857.68,32782,44968,0.6122448979591799,0
2023-07-28 10:52:04,4880.7,60592,27,4857.69,32745,44825,0.6122448979591799,0
2023-07-28 10:52:04,4880.5,60592,9,4857.69,32745,44825,0.6081220366934653,0
2023-07-28 10:52:04,4880.45,60592,2,4857.69,32745,44825,0.6070913213770319,0
2023-07-28 10:52:09,4880.45,60611,1,4857.69,32761,44819,0.6070913213770319,0
2023-07-28 10:52:09,4880.5,60611,4,4857.69,32761,44819,0.6081220366934653,0
2023-07-28 10:52:09,4880.5,60611,8,4857.69,32761,44819,0.6081220366934653,0
2023-07-28 10:52:12,4880.5,60623,8,4857.7,32806,44769,0.6081220366934653,0
2023-07-28 10:52:12,4880.5,60623,5,4857.7,32806,44769,0.6081220366934653,0
2023-07-28 10:52:17,4880.5,60628,7,4857.7,32775,44799,0.6081220366934653,0
2023-07-28 10:52:17,4880.5,60628,4,4857.7,32775,44799,0.6081220366934653,0
2023-07-28 10:52:20,4880.5,60639,4,4857.71,32777,44788,0.6081220366934653,0
2023-07-28 10:52:22,4880.5,60640,1,4857.71,32793,44790,0.6081220366934653,0
2023-07-28 10:52:25,4880.45,60643,1,4857.71,32794,44813,0.6070913213770319,0
2023-07-28 10:52:25,4880.5,60643,6,4857.71,32794,44813,0.6081220366934653,0
2023-07-28 10:52:25,4880.45,60643,1,4857.71,32794,44813,0.6070913213770319,0
2023-07-28 10:52:28,4880.45,60680,1,4857.72,32751,44837,0.6070913213770319,0
2023-07-28 10:52:33,4880.0,60681,1,4857.72,32765,44885,0.5978148835291692,0
2023-07-28 10:52:33,4880.0,60681,1,4857.72,32765,44885,0.5978148835291692,0
2023-07-28 10:52:33,4880.0,60682,1,4857.72,32764,44885,0.5978148835291692,0
2023-07-28 10:52:33,4879.95,60682,1,4857.72,32764,44885,0.5967841682127359,0
2023-07-28 10:52:38,4879.95,60764,1,4857.75,32700,44921,0.5967841682127359,0
2023-07-28 10:52:38,4880.0,60764,7,4857.75,32700,44921,0.5978148835291692,0
2023-07-28 10:52:43,4880.0,60819,1,4857.77,32748,44882,0.5978148835291692,0
2023-07-28 10:52:43,4879.95,60819,1,4857.77,32748,44882,0.5967841682127359,0
2023-07-28 10:52:46,4879.95,60821,1,4857.77,32759,44902,0.5967841682127359,0
2023-07-28 10:52:48,4880.0,60829,8,4857.77,32764,45143,0.5978148835291692,0
2023-07-28 10:52:48,4880.0,60829,1,4857.77,32764,45143,0.5978148835291692,0
2023-07-28 10:52:48,4880.0,60829,6,4857.77,32764,45143,0.5978148835291692,0
2023-07-28 10:52:51,4880.0,60838,1,4857.78,32763,45112,0.5978148835291692,0
2023-07-28 10:52:54,4880.0,60849,11,4857.78,32763,45119,0.5978148835291692,0
2023-07-28 10:52:54,4880.0,60849,6,4857.78,32763,45119,0.5978148835291692,0
2023-07-28 10:52:54,4880.0,60849,1,4857.78,32763,45119,0.5978148835291692,0
2023-07-28 10:52:58,4880.0,60856,1,4857.78,32786,45112,0.5978148835291692,0
2023-07-28 10:53:02,4880.0,60860,2,4857.79,32789,45225,0.5978148835291692,0
2023-07-28 10:53:02,4878.3,60860,8,4857.79,32789,45225,0.5627705627705665,0
2023-07-28 10:53:04,4878.0,60927,5,4857.81,32713,45122,0.5565862708719852,0
2023-07-28 10:53:05,4878.0,60955,5,4857.82,32673,45317,0.5565862708719852,0
2023-07-28 10:53:05,4878.1,60955,2,4857.82,32673,45317,0.5586477015048519,0
2023-07-28 10:53:11,4878.1,60957,2,4857.82,32672,45355,0.5586477015048519,0
2023-07-28 10:53:11,4878.75,60957,1,4857.82,32672,45355,0.5720470006184292,0
2023-07-28 10:53:14,4878.75,60959,1,4857.82,32713,45331,0.5720470006184292,0
2023-07-28 10:53:14,4878.75,60959,1,4857.82,32731,45341,0.5720470006184292,0
2023-07-28 10:53:14,4878.75,60959,7,4857.82,32731,45341,0.5720470006184292,0
2023-07-28 10:53:17,4878.75,60966,7,4857.82,32730,45310,0.5720470006184292,0
2023-07-28 10:53:17,4878.75,60966,7,4857.82,32730,45310,0.5720470006184292,0
2023-07-28 10:53:17,4878.75,60966,7,4857.82,32731,45310,0.5720470006184292,0
2023-07-28 10:53:17,4878.75,60966,7,4857.82,32731,45310,0.5720470006184292,0
2023-07-28 10:53:17,4878.75,60966,7,4857.82,32731,45310,0.5720470006184292,0
2023-07-28 10:53:17,4878.75,60966,7,4857.82,32731,45310,0.5720470006184292,0
2023-07-28 10:53:17,4878.75,60966,1,4857.82,32731,45290,0.5720470006184292,0
2023-07-28 10:53:17,4878.75,60966,1,4857.82,32731,45290,0.5720470006184292,0
2023-07-28 10:53:17,4878.75,60966,13,4857.82,32731,45290,0.5720470006184292,0
2023-07-28 10:53:26,4878.75,60980,6,4857.83,32734,45277,0.5720470006184292,0
2023-07-28 10:53:26,4878.75,60980,1,4857.83,32734,45277,0.5720470006184292,0
2023-07-28 10:53:28,4878.75,61262,1,4857.92,32891,45100,0.5720470006184292,0
2023-07-28 10:53:30,4878.75,61309,1,4857.94,32875,45186,0.5720470006184292,0
2023-07-28 10:53:30,4878.75,61309,1,4857.94,32876,45220,0.5720470006184292,0
2023-07-28 10:53:30,4878.75,61309,1,4857.94,32825,45260,0.5720470006184292,0
2023-07-28 10:53:30,4879.25,61309,1,4857.94,32825,45260,0.5823541537827253,0
2023-07-28 10:53:40,4879.25,61368,8,4857.96,32743,45260,0.5823541537827253,0
2023-07-28 10:53:40,4877.9,61368,4,4857.96,32743,45260,0.5545248402391184,0
2023-07-28 10:53:40,4877.7,61368,5,4857.96,32743,45260,0.5504019789734038,0
2023-07-28 10:53:40,4877.7,61368,3,4857.96,32743,45260,0.5504019789734038,0
2023-07-28 10:53:43,4879.7,61502,1,4858.01,32706,45106,0.5916305916305878,0
2023-07-28 10:53:43,4877.7,61502,16,4858.01,32706,45106,0.5504019789734038,0
2023-07-28 10:53:43,4877.7,61528,16,4858.01,32688,45473,0.5504019789734038,0
2023-07-28 10:53:43,4877.7,61528,16,4858.01,32583,45245,0.5504019789734038,0
2023-07-28 10:53:43,4878.95,61528,5,4858.01,32583,45245,0.5761698618841439,0
2023-07-28 10:53:50,4878.95,61533,5,4858.02,32649,45160,0.5761698618841439,0
2023-07-28 10:53:50,4878.95,61533,5,4858.02,32692,45207,0.5761698618841439,0
2023-07-28 10:53:50,4878.95,61533,1,4858.02,32692,45207,0.5761698618841439,0
2023-07-28 10:53:57,4878.95,61539,5,4858.02,32703,45205,0.5761698618841439,0
2023-07-28 10:53:57,4878.95,61539,5,4858.02,32664,45312,0.5761698618841439,0
2023-07-28 10:53:57,4878.95,61539,1,4858.02,32664,45312,0.5761698618841439,0
2023-07-28 10:53:57,4878.5,61539,1,4858.02,32664,45312,0.5668934240362812,0
2023-07-28 10:54:03,4878.5,61581,1,4858.03,32197,45431,0.5668934240362812,0
2023-07-28 10:54:03,4878.5,61581,1,4858.03,32197,45431,0.5668934240362812,0
2023-07-28 10:54:05,4878.35,61582,6,4858.03,32270,45224,0.5638012780869999,0
2023-07-28 10:54:06,4878.35,61588,6,4858.03,32294,45200,0.5638012780869999,0
2023-07-28 10:54:06,4878.35,61588,6,4858.03,32295,45218,0.5638012780869999,0
2023-07-28 10:54:08,4878.5,61593,1,4858.04,32316,45213,0.5668934240362812,0
2023-07-28 10:54:09,4878.5,61594,1,4858.04,32352,45238,0.5668934240362812,0
2023-07-28 10:54:09,4878.5,61594,1,4858.04,32352,45238,0.5668934240362812,0
2023-07-28 10:54:09,4878.5,61595,1,4858.04,32345,45233,0.5668934240362812,0
2023-07-28 10:54:09,4878.5,61595,8,4858.04,32345,45235,0.5668934240362812,0
2023-07-28 10:54:12,4878.5,61603,8,4858.04,32345,45227,0.5668934240362812,0
2023-07-28 10:54:14,4878.45,61606,3,4858.04,32272,45249,0.5658627087198478,0
2023-07-28 10:54:14,4878.45,61606,3,4858.04,32277,45254,0.5658627087198478,0
2023-07-28 10:54:14,4878.45,61606,3,4858.04,32274,45231,0.5658627087198478,0
2023-07-28 10:54:14,4878.5,61606,2,4858.04,32263,45231,0.5668934240362812,0
2023-07-28 10:54:18,4878.5,61609,1,4858.04,32261,45290,0.5668934240362812,0
2023-07-28 10:54:18,4878.5,61609,1,4858.04,32262,45251,0.5668934240362812,0
2023-07-28 10:54:18,4878.5,61609,1,4858.04,32262,45293,0.5668934240362812,0
2023-07-28 10:54:18,4878.5,61609,1,4858.04,32262,45343,0.5668934240362812,0
2023-07-28 10:54:18,4878.5,61609,1,4858.04,32263,45342,0.5668934240362812,0
2023-07-28 10:54:18,4878.0,61609,1,4858.04,32263,45342,0.5565862708719852,0
2023-07-28 10:54:23,4878.0,61664,1,4858.06,32277,45163,0.5565862708719852,0
2023-07-28 10:54:24,4878.0,61665,1,4858.06,32324,45204,0.5565862708719852,0
2023-07-28 10:54:24,4877.3,61665,1,4858.06,32323,45211,0.5421562564419745,0
2023-07-28 10:54:26,4877.3,61666,1,4858.06,32284,45200,0.5421562564419745,0
2023-07-28 10:54:26,4877.3,61666,1,4858.06,32283,45199,0.5421562564419745,0
2023-07-28 10:54:26,4877.3,61666,1,4858.06,32320,45198,0.5421562564419745,0
2023-07-28 10:54:26,4877.3,61666,1,4858.06,32306,45213,0.5421562564419745,0
2023-07-28 10:54:26,4877.3,61666,1,4858.06,32306,45213,0.5421562564419745,0
2023-07-28 10:54:26,4877.3,61666,2,4858.06,32306,45213,0.5421562564419745,0
2023-07-28 10:54:31,4877.3,61681,1,4858.06,32328,45202,0.5421562564419745,0
2023-07-28 10:54:31,4877.3,61691,1,4858.07,32238,45220,0.5421562564419745,0
2023-07-28 10:54:31,4877.65,61691,1,4858.07,32285,45269,0.5493712636569704,0
2023-07-28 10:54:34,4877.0,61764,15,4858.09,32154,45396,0.5359719645433931,0
2023-07-28 10:54:34,4876.0,61764,7,4858.09,32154,45396,0.5153576582148011,0
2023-07-28 10:54:35,4876.0,61780,7,4858.09,32199,45335,0.5153576582148011,0
2023-07-28 10:54:35,4876.0,61780,7,4858.09,32199,45333,0.5153576582148011,0
2023-07-28 10:54:35,4876.0,61780,7,4858.09,32199,45361,0.5153576582148011,0
2023-07-28 10:54:35,4876.0,61780,7,4858.09,32199,45333,0.5153576582148011,0
2023-07-28 10:54:40,4877.0,61781,1,4858.1,32136,45296,0.5359719645433931,0
2023-07-28 10:54:40,4877.0,61781,1,4858.1,32141,45295,0.5359719645433931,0
2023-07-28 10:54:40,4877.0,61781,1,4858.1,32153,45360,0.5359719645433931,0
2023-07-28 10:54:40,4877.0,61781,1,4858.1,32153,45357,0.5359719645433931,0
2023-07-28 10:54:40,4877.0,61781,1,4858.1,32153,45357,0.5359719645433931,0
2023-07-28 10:54:40,4877.0,61781,1,4858.1,32153,45357,0.5359719645433931,0
2023-07-28 10:54:40,4877.0,61781,1,4858.1,32150,45357,0.5359719645433931,0
2023-07-28 10:54:47,4877.0,61788,1,4858.1,32149,45392,0.5359719645433931,0
2023-07-28 10:54:47,4876.95,61788,9,4858.1,32149,45392,0.5349412492269597,0
2023-07-28 10:54:48,4876.95,61808,9,4858.1,32131,45367,0.5349412492269597,0
2023-07-28 10:54:48,4876.95,61808,9,4858.1,32157,45336,0.5349412492269597,0
2023-07-28 10:54:48,4876.05,61808,2,4858.1,32157,45336,0.5163883735312345,0
2023-07-28 10:54:49,4876.05,61810,2,4858.1,32128,45338,0.5163883735312345,0
2023-07-28 10:54:49,4876.05,61810,2,4858.1,32128,45338,0.5163883735312345,0
2023-07-28 10:54:49,4876.05,61810,2,4858.1,32147,45334,0.5163883735312345,0
2023-07-28 10:54:49,4876.05,61810,2,4858.1,32169,45340,0.5163883735312345,0
2023-07-28 10:54:49,4876.05,61810,2,4858.1,32169,45290,0.5163883735312345,0
2023-07-28 10:54:49,4876.05,61810,2,4858.1,32172,45290,0.5163883735312345,0
2023-07-28 10:54:49,4876.05,61810,2,4858.1,32174,45290,0.5163883735312345,0
2023-07-28 10:54:49,4876.05,61810,2,4858.1,32149,45290,0.5163883735312345,0
2023-07-28 10:54:49,4876.05,61810,4,4858.1,32149,45290,0.5163883735312345,0
2023-07-28 10:54:49,4876.0,61810,32,4858.1,32149,45290,0.5153576582148011,0
2023-07-28 10:54:59,4875.1,61893,10,4858.13,32191,45233,0.4968047825190757,0
2023-07-28 10:55:00,4876.0,61994,13,4858.16,32334,45032,0.5153576582148011,0
2023-07-28 10:55:00,4876.0,61994,13,4858.16,32336,45253,0.5153576582148011,0
2023-07-28 10:55:00,4876.0,61994,13,4858.16,32363,45257,0.5153576582148011,0
2023-07-28 10:55:00,4876.0,61994,13,4858.16,32356,45257,0.5153576582148011,0
2023-07-28 10:55:00,4876.0,61994,13,4858.16,32359,45276,0.5153576582148011,0
2023-07-28 10:55:00,4876.0,61994,13,4858.16,32158,45300,0.5153576582148011,0
2023-07-28 10:55:00,4875.0,61994,16,4858.16,32158,45300,0.49474335188620905,0
2023-07-28 10:55:06,4875.0,62086,5,4858.18,32010,45329,0.49474335188620905,0
2023-07-28 10:55:07,4874.55,62138,1,4858.2,32283,45255,0.48546691403834635,0
2023-07-28 10:55:08,4875.0,62152,1,4858.2,32288,45269,0.49474335188620905,0
2023-07-28 10:55:08,4875.0,62152,1,4858.2,32338,45272,0.49474335188620905,0
2023-07-28 10:55:10,4874.6,62159,3,4858.2,32302,45258,0.4864976293547797,0
2023-07-28 10:55:10,4876.75,62159,5,4858.2,32340,45245,0.5308183879612451,0
2023-07-28 10:55:12,4876.75,62220,5,4858.22,32539,45179,0.5308183879612451,0
2023-07-28 10:55:12,4874.8,62220,9,4858.22,32539,45179,0.49062049062049434,0
2023-07-28 10:55:13,4876.95,62255,19,4858.23,32721,45172,0.5349412492269597,0
2023-07-28 10:55:14,4875.4,62275,1,4858.23,32661,45184,0.5029890744176383,0
2023-07-28 10:55:14,4875.4,62275,1,4858.23,32666,45208,0.5029890744176383,0
2023-07-28 10:55:14,4875.4,62275,1,4858.23,32667,45214,0.5029890744176383,0
2023-07-28 10:55:14,4875.4,62275,1,4858.23,32689,45168,0.5029890744176383,0
2023-07-28 10:55:14,4875.4,62275,1,4858.23,32640,45182,0.5029890744176383,0
2023-07-28 10:55:14,4876.6,62275,11,4858.23,32651,45149,0.5277262420119638,0
2023-07-28 10:55:20,4876.6,62286,11,4858.24,32647,45144,0.5277262420119638,0
2023-07-28 10:55:20,4876.6,62286,11,4858.24,32628,45201,0.5277262420119638,0
2023-07-28 10:55:20,4876.6,62286,11,4858.24,32632,45202,0.5277262420119638,0
2023-07-28 10:55:20,4876.6,62286,11,4858.24,32632,45202,0.5277262420119638,0
2023-07-28 10:55:20,4876.6,62286,11,4858.24,32634,45202,0.5277262420119638,0
2023-07-28 10:55:20,4876.6,62286,11,4858.24,32674,45105,0.5277262420119638,0
2023-07-28 10:55:26,4875.4,62287,1,4858.24,32642,45175,0.5029890744176383,0
2023-07-28 10:55:26,4875.4,62287,1,4858.24,32665,45175,0.5029890744176383,0
2023-07-28 10:55:26,4875.4,62287,1,4858.24,32680,45097,0.5029890744176383,0
2023-07-28 10:55:26,4875.4,62287,1,4858.24,32680,45097,0.5029890744176383,0
2023-07-28 10:55:26,4875.4,62287,1,4858.24,32680,45097,0.5029890744176383,0
2023-07-28 10:55:26,4875.4,62287,1,4858.24,32647,45081,0.5029890744176383,0
2023-07-28 10:55:32,4876.95,62294,6,4858.24,32599,45128,0.5349412492269597,0
2023-07-28 10:55:32,4876.95,62294,6,4858.24,32583,45139,0.5349412492269597,0
2023-07-28 10:55:35,4875.4,62297,2,4858.24,32618,45122,0.5029890744176383,0
2023-07-28 10:55:35,4875.4,62300,2,4858.24,32568,45160,0.5029890744176383,0
2023-07-28 10:55:35,4875.4,62300,2,4858.24,32585,45173,0.5029890744176383,0
2023-07-28 10:55:35,4875.4,62300,2,4858.24,32583,45173,0.5029890744176383,0
2023-07-28 10:55:35,4875.4,62300,2,4858.24,32583,45173,0.5029890744176383,0
2023-07-28 10:55:35,4875.4,62300,2,4858.24,32564,45173,0.5029890744176383,0
2023-07-28 10:55:35,4875.4,62300,2,4858.24,32565,45168,0.5029890744176383,0
2023-07-28 10:55:35,4875.4,62300,2,4858.24,32541,45188,0.5029890744176383,0
2023-07-28 10:55:44,4875.95,62400,40,4858.27,32603,45128,0.5143269428983677,0
2023-07-28 10:55:44,4875.85,62400,4,4858.27,32598,45095,0.5122655122655198,0
2023-07-28 10:55:46,4875.85,62415,4,4858.27,32602,45071,0.5122655122655198,0
2023-07-28 10:55:47,4875.85,62424,2,4858.28,32590,45059,0.5122655122655198,0
2023-07-28 10:55:47,4875.85,62424,2,4858.28,32605,45046,0.5122655122655198,0
2023-07-28 10:55:47,4875.85,62424,2,4858.28,32609,45039,0.5122655122655198,0
2023-07-28 10:55:47,4875.85,62424,2,4858.28,32630,45018,0.5122655122655198,0
2023-07-28 10:55:47,4875.85,62424,2,4858.28,32658,45037,0.5122655122655198,0
2023-07-28 10:55:47,4875.85,62424,2,4858.28,32658,45037,0.5122655122655198,0
2023-07-28 10:55:47,4875.85,62424,2,4858.28,32690,45007,0.5122655122655198,0
2023-07-28 10:55:47,4875.85,62424,2,4858.28,32690,45027,0.5122655122655198,0
2023-07-28 10:55:47,4875.85,62424,2,4858.28,32693,45011,0.5122655122655198,0
2023-07-28 10:55:57,4875.95,62427,3,4858.28,32692,45050,0.5143269428983677,0
2023-07-28 10:55:57,4875.95,62433,3,4858.28,32744,45052,0.5143269428983677,0
2023-07-28 10:55:57,4875.95,62433,1,4858.28,32744,45052,0.5143269428983677,0
2023-07-28 10:55:58,4875.95,62434,1,4858.28,32721,45069,0.5143269428983677,0
2023-07-28 10:55:58,4875.95,62434,1,4858.28,32735,45084,0.5143269428983677,0
2023-07-28 10:55:58,4875.95,62434,1,4858.28,32710,45078,0.5143269428983677,0
2023-07-28 10:55:58,4875.95,62434,1,4858.28,32693,45084,0.5143269428983677,0
2023-07-28 10:55:58,4875.9,62434,1,4858.28,32708,45090,0.5132962275819344,0
2023-07-28 10:56:05,4875.95,62444,7,4858.28,32687,45077,0.5143269428983677,0
2023-07-28 10:56:05,4875.95,62444,7,4858.28,32688,45077,0.5143269428983677,0
2023-07-28 10:56:05,4875.95,62444,7,4858.28,32688,45077,0.5143269428983677,0
2023-07-28 10:56:05,4875.95,62444,7,4858.28,32688,45077,0.5143269428983677,0
2023-07-28 10:56:05,4875.95,62444,7,4858.28,32688,45096,0.5143269428983677,0
2023-07-28 10:56:05,4875.95,62444,7,4858.28,32688,45096,0.5143269428983677,0
2023-07-28 10:56:05,4875.95,62444,7,4858.28,32688,45077,0.5143269428983677,0
2023-07-28 10:56:05,4875.95,62444,7,4858.28,32678,45077,0.5143269428983677,0
2023-07-28 10:56:12,4875.9,62452,10,4858.28,32680,45069,0.5132962275819344,0
2023-07-28 10:56:13,4875.9,62462,10,4858.29,32672,45069,0.5132962275819344,0
2023-07-28 10:56:13,4875.9,62462,10,4858.29,32673,45069,0.5132962275819344,0
2023-07-28 10:56:15,4875.95,62464,2,4858.29,32664,45068,0.5143269428983677,0
2023-07-28 10:56:15,4875.95,62464,2,4858.29,32673,45068,0.5143269428983677,0
2023-07-28 10:56:15,4875.95,62464,2,4858.29,32683,45068,0.5143269428983677,0
2023-07-28 10:56:15,4875.95,62464,2,4858.29,32684,45068,0.5143269428983677,0
2023-07-28 10:56:15,4875.95,62464,2,4858.29,32680,45068,0.5143269428983677,0
2023-07-28 10:56:15,4875.95,62464,2,4858.29,32688,45068,0.5143269428983677,0
2023-07-28 10:56:15,4875.9,62464,5,4858.29,32652,45070,0.5132962275819344,0
2023-07-28 10:56:15,4875.9,62464,5,4858.29,32652,45070,0.5132962275819344,0
2023-07-28 10:56:22,4875.95,62469,1,4858.29,32635,45070,0.5143269428983677,0
2023-07-28 10:56:23,4875.95,62470,1,4858.29,32653,45061,0.5143269428983677,0
2023-07-28 10:56:23,4875.95,62470,2,4858.29,32653,45061,0.5143269428983677,0
2023-07-28 10:56:24,4875.95,62472,2,4858.29,32713,45137,0.5143269428983677,0
2023-07-28 10:56:24,4875.95,62472,2,4858.29,32713,45135,0.5143269428983677,0
2023-07-28 10:56:24,4875.95,62472,2,4858.29,32713,45135,0.5143269428983677,0
2023-07-28 10:56:24,4875.95,62472,2,4858.29,32713,45135,0.5143269428983677,0
2023-07-28 10:56:24,4875.95,62472,2,4858.29,32713,45161,0.5143269428983677,0
2023-07-28 10:56:27,4875.95,62478,6,4858.29,32691,45092,0.5143269428983677,0
2023-07-28 10:56:27,4875.9,62478,5,4858.29,32691,45092,0.5132962275819344,0
2023-07-28 10:56:28,4875.9,62521,5,4858.3,32673,45183,0.5132962275819344,0
2023-07-28 10:56:28,4875.9,62521,5,4858.3,32672,45196,0.5132962275819344,0
2023-07-28 10:56:28,4875.9,62521,5,4858.3,32672,45194,0.5132962275819344,0
2023-07-28 10:56:31,4875.9,62522,1,4858.3,32671,45191,0.5132962275819344,0
2023-07-28 10:56:31,4875.9,62522,1,4858.3,32672,45191,0.5132962275819344,0
2023-07-28 10:56:31,4875.95,62522,1,4858.3,32672,45191,0.5143269428983677,0
2023-07-28 10:56:33,4875.95,62523,1,4858.3,32671,45190,0.5143269428983677,0
2023-07-28 10:56:33,4875.95,62523,1,4858.3,32684,45155,0.5143269428983677,0
2023-07-28 10:56:33,4875.95,62523,1,4858.3,32733,45198,0.5143269428983677,0
2023-07-28 10:56:33,4875.95,62523,1,4858.3,32733,45190,0.5143269428983677,0
2023-07-28 10:56:33,4875.95,62523,1,4858.3,32733,45208,0.5143269428983677,0
2023-07-28 10:56:33,4875.95,62523,1,4858.3,32733,45208,0.5143269428983677,0
2023-07-28 10:56:38,4875.95,62524,1,4858.3,32733,45208,0.5143269428983677,0
2023-07-28 10:56:38,4875.95,62524,6,4858.3,32733,45208,0.5143269428983677,0
2023-07-28 10:56:39,4875.95,62530,6,4858.31,32718,45216,0.5143269428983677,0
2023-07-28 10:56:39,4875.95,62530,6,4858.31,32718,45222,0.5143269428983677,0
2023-07-28 10:56:39,4875.9,62530,1,4858.31,32694,45222,0.5132962275819344,0
2023-07-28 10:56:42,4875.0,62539,2,4858.31,32691,45214,0.49474335188620905,0
2023-07-28 10:56:42,4875.0,62551,2,4858.31,32633,45251,0.49474335188620905,0
2023-07-28 10:56:42,4875.0,62551,2,4858.31,32654,45250,0.49474335188620905,0
2023-07-28 10:56:42,4875.0,62551,2,4858.31,32654,45250,0.49474335188620905,0
2023-07-28 10:56:42,4875.0,62551,2,4858.31,32672,45244,0.49474335188620905,0
2023-07-28 10:56:42,4875.0,62551,2,4858.31,32672,45244,0.49474335188620905,0
2023-07-28 10:56:42,4875.0,62551,2,4858.31,32672,45227,0.49474335188620905,0
2023-07-28 10:56:42,4875.0,62551,2,4858.31,32608,45245,0.49474335188620905,0
2023-07-28 10:56:42,4875.0,62551,2,4858.31,32612,45245,0.49474335188620905,0
2023-07-28 10:56:42,4875.0,62551,2,4858.31,32612,45245,0.49474335188620905,0
2023-07-28 10:56:42,4875.0,62551,2,4858.31,32596,45165,0.49474335188620905,0
2023-07-28 10:56:42,4875.95,62551,1,4858.31,32596,45165,0.5143269428983677,0
2023-07-28 10:56:53,4875.95,62552,1,4858.31,32595,45164,0.5143269428983677,0
2023-07-28 10:56:53,4875.95,62552,2,4858.31,32595,45164,0.5143269428983677,0
2023-07-28 10:56:54,4875.95,62554,2,4858.31,32596,45152,0.5143269428983677,0
2023-07-28 10:56:54,4875.95,62554,2,4858.31,32596,45153,0.5143269428983677,0
2023-07-28 10:56:54,4875.95,62554,2,4858.31,32610,45117,0.5143269428983677,0
2023-07-28 10:56:54,4875.95,62554,2,4858.31,32585,45104,0.5143269428983677,0
2023-07-28 10:56:54,4875.95,62554,2,4858.31,32585,45104,0.5143269428983677,0
2023-07-28 10:56:54,4875.95,62554,2,4858.31,32585,45102,0.5143269428983677,0
2023-07-28 10:57:00,4875.3,62556,1,4858.31,32465,45286,0.5009276437847904,0
2023-07-28 10:57:00,4875.0,62556,6,4858.31,32466,45211,0.49474335188620905,0
2023-07-28 10:57:02,4873.5,62599,9,4858.32,32451,45180,0.46382189239332094,0
2023-07-28 10:57:03,4873.5,62608,9,4858.33,32387,45207,0.46382189239332094,0
2023-07-28 10:57:05,4873.0,62620,5,4858.33,32419,45202,0.45351473922902497,0
2023-07-28 10:57:05,4873.0,62620,1,4858.33,32419,45202,0.45351473922902497,0
2023-07-28 10:57:05,4872.75,62621,1,4858.33,32420,45097,0.4483611626468769,0
2023-07-28 10:57:06,4872.75,62622,1,4858.33,32871,45097,0.4483611626468769,0
2023-07-28 10:57:06,4872.75,62622,1,4858.33,32883,45089,0.4483611626468769,0
2023-07-28 10:57:09,4872.45,62643,1,4858.34,32859,45134,0.4421768707482956,0
2023-07-28 10:57:09,4872.45,62647,1,4858.34,32841,45146,0.4421768707482956,0
2023-07-28 10:57:09,4872.45,62647,1,4858.34,32812,45184,0.4421768707482956,0
2023-07-28 10:57:09,4872.45,62647,1,4858.34,32811,45184,0.4421768707482956,0
2023-07-28 10:57:14,4872.0,62747,29,4858.36,32613,45175,0.4329004329004329,0
2023-07-28 10:57:14,4872.0,62776,29,4858.36,32610,45175,0.4329004329004329,0
2023-07-28 10:57:14,4872.0,62776,29,4858.36,32603,45168,0.4329004329004329,0
2023-07-28 10:57:14,4872.0,62776,1,4858.36,32603,45168,0.4329004329004329,0
2023-07-28 10:57:17,4872.0,62788,5,4858.37,32599,45225,0.4329004329004329,0
2023-07-28 10:57:17,4870.2,62788,10,4858.37,32599,45225,0.39579468150896346,0
2023-07-28 10:57:17,4870.2,62838,10,4858.38,32328,45130,0.39579468150896346,0
2023-07-28 10:57:17,4870.2,62838,14,4858.38,32328,45130,0.39579468150896346,0
2023-07-28 10:57:18,4870.2,62856,14,4858.38,32871,44789,0.39579468150896346,0
2023-07-28 10:57:18,4870.2,62856,14,4858.38,32883,45100,0.39579468150896346,0
2023-07-28 10:57:18,4870.2,62856,14,4858.38,32839,45171,0.39579468150896346,0
2023-07-28 10:57:18,4870.2,62856,14,4858.38,32851,45075,0.39579468150896346,0
2023-07-28 10:57:18,4870.2,62856,14,4858.38,32905,45092,0.39579468150896346,0
2023-07-28 10:57:18,4870.2,62856,14,4858.38,32901,45087,0.39579468150896346,0
2023-07-28 10:57:18,4870.2,62856,14,4858.38,32901,45087,0.39579468150896346,0
2023-07-28 10:57:27,4873.1,62906,14,4858.39,32943,44987,0.45557616986189164,0
2023-07-28 10:57:27,4873.1,62906,14,4858.39,33060,44988,0.45557616986189164,0
2023-07-28 10:57:27,4873.1,62906,14,4858.39,33099,45126,0.45557616986189164,0
2023-07-28 10:57:27,4873.1,62906,14,4858.39,33099,45115,0.45557616986189164,0
2023-07-28 10:57:27,4873.1,62906,14,4858.39,33111,45179,0.45557616986189164,0
2023-07-28 10:57:27,4874.25,62906,4,4858.39,33111,45179,0.479282622139765,0
2023-07-28 10:57:32,4874.25,62912,4,4858.39,33150,45117,0.479282622139765,0
2023-07-28 10:57:32,4874.25,62912,4,4858.39,33154,45132,0.479282622139765,0
2023-07-28 10:57:32,4874.25,62912,4,4858.39,33140,45193,0.479282622139765,0
2023-07-28 10:57:32,4874.25,62912,4,4858.39,33120,45195,0.479282622139765,0
2023-07-28 10:57:32,4874.25,62912,4,4858.39,33059,45203,0.479282622139765,0
2023-07-28 10:57:32,4874.25,62912,4,4858.39,33019,45191,0.479282622139765,0
2023-07-28 10:57:32,4874.25,62912,4,4858.39,33057,45177,0.479282622139765,0
2023-07-28 10:57:38,4873.9,62914,2,4858.39,33052,45122,0.4720676149247503,0
2023-07-28 10:57:38,4873.9,62914,2,4858.39,33059,45117,0.4720676149247503,0
2023-07-28 10:57:38,4873.9,62914,2,4858.39,33056,45094,0.4720676149247503,0
2023-07-28 10:57:42,4874.55,62934,18,4858.4,33051,45066,0.48546691403834635,0
2023-07-28 10:57:42,4874.55,62934,18,4858.4,32899,45138,0.48546691403834635,0
2023-07-28 10:57:42,4874.55,62934,18,4858.4,32905,45146,0.48546691403834635,0
2023-07-28 10:57:45,4873.9,62935,2,4858.4,32909,45198,0.4720676149247503,0
2023-07-28 10:57:45,4873.9,62950,2,4858.4,32949,45249,0.4720676149247503,0
2023-07-28 10:57:45,4873.9,62950,1,4858.4,32949,45249,0.4720676149247503,0
2023-07-28 10:57:46,4873.9,62952,1,4858.4,32929,45185,0.4720676149247503,0
2023-07-28 10:57:49,4874.2,62956,1,4858.4,32952,45200,0.47825190682333163,0
2023-07-28 10:57:49,4874.2,62956,1,4858.4,32963,45174,0.47825190682333163,0
2023-07-28 10:57:49,4874.2,62956,2,4858.4,32963,45174,0.47825190682333163,0
2023-07-28 10:57:50,4874.2,62965,2,4858.41,32980,45204,0.47825190682333163,0
2023-07-28 10:57:52,4871.45,62985,1,4858.41,32849,45299,0.4215625644197035,0
2023-07-28 10:57:52,4871.45,62985,1,4858.41,33014,45252,0.4215625644197035,0
2023-07-28 10:57:52,4874.15,62985,1,4858.41,33014,45252,0.4772211915068983,0
2023-07-28 10:57:53,4874.15,62986,1,4858.41,33062,45197,0.4772211915068983,0
2023-07-28 10:57:53,4874.15,62986,1,4858.41,33117,45196,0.4772211915068983,0
2023-07-28 10:57:53,4874.15,62986,1,4858.41,33112,45190,0.4772211915068983,0
2023-07-28 10:57:53,4871.8,62986,1,4858.41,33112,45190,0.42877757163471825,0
2023-07-28 10:57:57,4870.7,63087,1,4858.43,32955,45279,0.4061018346732595,0
2023-07-28 10:57:58,4870.7,63113,1,4858.44,33070,45210,0.4061018346732595,0
2023-07-28 10:57:58,4870.7,63113,1,4858.44,33127,45246,0.4061018346732595,0
2023-07-28 10:57:58,4870.7,63113,1,4858.44,33130,45168,0.4061018346732595,0
2023-07-28 10:57:58,4870.7,63113,1,4858.44,33109,45439,0.4061018346732595,0
2023-07-28 10:57:58,4870.85,63113,5,4858.44,33109,45439,0.40919398062255957,0
2023-07-28 10:58:02,4870.85,63163,2,4858.45,33133,45314,0.40919398062255957,0
2023-07-28 10:58:03,4870.95,63169,2,4858.45,33196,45234,0.4112554112554075,0
2023-07-28 10:58:04,4870.95,63179,2,4858.45,33111,45277,0.4112554112554075,0
2023-07-28 10:58:04,4870.95,63179,2,4858.45,33146,45280,0.4112554112554075,0
2023-07-28 10:58:04,4870.95,63179,2,4858.45,33146,45280,0.4112554112554075,0
2023-07-28 10:58:04,4870.95,63179,2,4858.45,33146,45280,0.4112554112554075,0
2023-07-28 10:58:04,4870.95,63179,2,4858.45,33120,45280,0.4112554112554075,0
2023-07-28 10:58:04,4871.25,63179,2,4858.45,33151,45280,0.4174397031539889,0
2023-07-28 10:58:10,4872.9,63190,1,4858.45,33103,45186,0.45145330859615823,0
2023-07-28 10:58:10,4872.9,63190,1,4858.45,33108,45115,0.45145330859615823,0
2023-07-28 10:58:12,4871.25,63198,7,4858.45,33146,44544,0.4174397031539889,0
2023-07-28 10:58:12,4871.25,63198,7,4858.45,33130,45010,0.4174397031539889,0
2023-07-28 10:58:14,4871.25,63199,1,4858.45,33129,44992,0.4174397031539889,0
2023-07-28 10:58:15,4871.25,63200,1,4858.45,33144,45035,0.4174397031539889,0
2023-07-28 10:58:15,4871.25,63200,1,4858.45,33144,45041,0.4174397031539889,0
2023-07-28 10:58:15,4871.25,63200,1,4858.45,33144,45041,0.4174397031539889,0
2023-07-28 10:58:17,4871.25,63201,9,4858.46,33144,45019,0.4174397031539889,0
2023-07-28 10:58:18,4871.25,63212,9,4858.46,33222,44960,0.4174397031539889,0
2023-07-28 10:58:18,4871.25,63212,9,4858.46,33213,44954,0.4174397031539889,0
2023-07-28 10:58:18,4871.25,63212,9,4858.46,33153,44965,0.4174397031539889,0
2023-07-28 10:58:18,4871.25,63212,9,4858.46,33112,44965,0.4174397031539889,0
2023-07-28 10:58:18,4871.25,63212,9,4858.46,33112,44916,0.4174397031539889,0
2023-07-28 10:58:18,4871.25,63212,9,4858.46,33183,44923,0.4174397031539889,0
2023-07-28 10:58:18,4871.25,63212,9,4858.46,33160,44922,0.4174397031539889,0
2023-07-28 10:58:18,4871.25,63212,9,4858.46,33142,44962,0.4174397031539889,0
2023-07-28 10:58:18,4871.25,63212,9,4858.46,33152,44906,0.4174397031539889,0
2023-07-28 10:58:18,4871.25,63212,9,4858.46,33152,44907,0.4174397031539889,0
2023-07-28 10:58:18,4871.25,63212,9,4858.46,33167,44908,0.4174397031539889,0
2023-07-28 10:58:31,4873.1,63218,3,4858.46,33135,44911,0.45557616986189164,0
2023-07-28 10:58:32,4872.8,63228,1,4858.46,33142,44870,0.44939187796331026,0
2023-07-28 10:58:32,4872.8,63228,3,4858.46,33142,44870,0.44939187796331026,0
2023-07-28 10:58:33,4872.8,63236,3,4858.46,33100,44897,0.44939187796331026,0
2023-07-28 10:58:33,4872.8,63236,3,4858.46,33101,44899,0.44939187796331026,0
2023-07-28 10:58:33,4872.8,63236,3,4858.46,33090,44897,0.44939187796331026,0
2023-07-28 10:58:36,4873.3,63273,6,4858.47,33265,44777,0.4596990311276063,0
2023-07-28 10:58:36,4873.3,63273,6,4858.47,33246,44797,0.4596990311276063,0
2023-07-28 10:58:38,4873.3,63276,3,4858.47,33243,44815,0.4596990311276063,0
2023-07-28 10:58:38,4873.3,63276,3,4858.47,33268,44826,0.4596990311276063,0
2023-07-28 10:58:38,4873.3,63276,3,4858.47,33268,44823,0.4596990311276063,0
2023-07-28 10:58:38,4873.3,63276,3,4858.47,33268,44823,0.4596990311276063,0
2023-07-28 10:58:42,4873.45,63283,7,4858.47,33227,44825,0.4627911770768876,0
2023-07-28 10:58:42,4873.45,63283,1,4858.47,33233,44831,0.4627911770768876,0
2023-07-28 10:58:44,4873.3,63328,43,4858.48,33186,44831,0.4596990311276063,0
2023-07-28 10:58:44,4873.3,63328,43,4858.48,33160,44824,0.4596990311276063,0
2023-07-28 10:58:46,4873.3,63358,1,4858.49,33175,44851,0.4596990311276063,0
2023-07-28 10:58:46,4872.7,63358,15,4858.49,33175,44851,0.4473304473304436,0
2023-07-28 10:58:48,4872.7,63378,15,4858.5,33052,44887,0.4473304473304436,0
2023-07-28 10:58:48,4872.7,63378,15,4858.5,33053,44893,0.4473304473304436,0
2023-07-28 10:58:48,4872.7,63378,15,4858.5,33071,44899,0.4473304473304436,0
2023-07-28 10:58:48,4872.7,63378,15,4858.5,33093,45026,0.4473304473304436,0
2023-07-28 10:58:52,4872.7,63380,2,4858.5,33097,45070,0.4473304473304436,0
2023-07-28 10:58:53,4872.7,63382,2,4858.5,33102,45066,0.4473304473304436,0
2023-07-28 10:58:53,4872.7,63382,2,4858.5,33102,45059,0.4473304473304436,0
2023-07-28 10:58:53,4872.7,63382,2,4858.5,32942,45059,0.4473304473304436,0
2023-07-28 10:58:53,4872.7,63382,2,4858.5,32942,45059,0.4473304473304436,0
2023-07-28 10:58:53,4872.7,63382,2,4858.5,32935,45059,0.4473304473304436,0
2023-07-28 10:58:59,4872.7,63383,1,4858.5,32935,45062,0.4473304473304436,0
2023-07-28 10:58:59,4872.7,63383,1,4858.5,32936,45043,0.4473304473304436,0
2023-07-28 10:59:02,4872.7,63384,1,4858.5,32959,45041,0.4473304473304436,0
2023-07-28 10:59:02,4872.7,63384,4,4858.5,32959,45041,0.4473304473304436,0
2023-07-28 10:59:02,4872.7,63390,4,4858.5,33000,45065,0.4473304473304436,0
2023-07-28 10:59:02,4872.7,63390,4,4858.5,33000,45064,0.4473304473304436,0
2023-07-28 10:59:02,4872.7,63390,1,4858.5,33000,45064,0.4473304473304436,0
2023-07-28 10:59:05,4872.7,63391,1,4858.5,33000,45076,0.4473304473304436,0
2023-07-28 10:59:05,4872.7,63391,1,4858.5,32978,45101,0.4473304473304436,0
2023-07-28 10:59:05,4872.7,63391,1,4858.5,32978,45106,0.4473304473304436,0
2023-07-28 10:59:05,4872.7,63391,1,4858.5,32978,45106,0.4473304473304436,0
2023-07-28 10:59:05,4872.7,63391,1,4858.5,32978,45101,0.4473304473304436,0
2023-07-28 10:59:05,4872.7,63391,1,4858.5,32976,45101,0.4473304473304436,0
2023-07-28 10:59:05,4872.7,63391,7,4858.5,32976,45101,0.4473304473304436,0
2023-07-28 10:59:12,4872.7,63399,1,4858.5,32986,45088,0.4473304473304436,0
2023-07-28 10:59:12,4872.7,63399,1,4858.5,32986,45088,0.4473304473304436,0
2023-07-28 10:59:14,4872.7,63401,1,4858.5,32988,45089,0.4473304473304436,0
2023-07-28 10:59:14,4872.7,63401,1,4858.5,32988,45087,0.4473304473304436,0
2023-07-28 10:59:14,4872.7,63401,1,4858.5,33053,45054,0.4473304473304436,0
2023-07-28 10:59:14,4872.7,63401,1,4858.5,33053,45050,0.4473304473304436,0
2023-07-28 10:59:18,4872.7,63404,3,4858.5,33048,45080,0.4473304473304436,0
2023-07-28 10:59:18,4872.7,63404,3,4858.5,33204,45055,0.4473304473304436,0
2023-07-28 10:59:18,4872.7,63404,3,4858.5,33204,45055,0.4473304473304436,0
2023-07-28 10:59:18,4872.7,63404,3,4858.5,33204,45056,0.4473304473304436,0
2023-07-28 10:59:18,4872.7,63404,3,4858.5,33204,45056,0.4473304473304436,0
2023-07-28 10:59:18,4872.7,63404,3,4858.5,33195,45056,0.4473304473304436,0
2023-07-28 10:59:18,4872.7,63404,1,4858.5,33195,45056,0.4473304473304436,0
2023-07-28 10:59:24,4872.7,63406,1,4858.5,33186,45055,0.4473304473304436,0
2023-07-28 10:59:25,4872.7,63407,1,4858.5,33190,45054,0.4473304473304436,0
2023-07-28 10:59:25,4872.7,63407,1,4858.5,33190,45054,0.4473304473304436,0
2023-07-28 10:59:25,4872.7,63407,1,4858.5,33181,45054,0.4473304473304436,0
2023-07-28 10:59:25,4872.7,63407,1,4858.5,33181,45054,0.4473304473304436,0
2023-07-28 10:59:27,4872.7,63408,1,4858.5,33203,45103,0.4473304473304436,0
2023-07-28 10:59:27,4872.7,63408,1,4858.5,33203,45120,0.4473304473304436,0
2023-07-28 10:59:27,4872.7,63408,1,4858.5,33203,45120,0.4473304473304436,0
2023-07-28 10:59:27,4872.7,63408,1,4858.5,33203,45120,0.4473304473304436,0
2023-07-28 10:59:27,4872.7,63408,1,4858.5,33203,45120,0.4473304473304436,0
2023-07-28 10:59:27,4873.45,63408,5,4858.5,33203,45120,0.4627911770768876,0
2023-07-28 10:59:32,4873.45,63413,5,4858.5,33202,45107,0.4627911770768876,0
2023-07-28 10:59:32,4871.0,63413,13,4858.5,33203,45107,0.4122861265718409,0
2023-07-28 10:59:34,4871.0,63457,13,4858.51,33119,45020,0.4122861265718409,0
2023-07-28 10:59:34,4873.4,63457,7,4858.51,33119,45020,0.46176046176045427,0
2023-07-28 10:59:36,4873.4,63465,1,4858.51,33147,45003,0.46176046176045427,0
2023-07-28 10:59:36,4873.4,63465,1,4858.51,33132,45015,0.46176046176045427,0
2023-07-28 10:59:36,4873.4,63465,1,4858.51,33135,45004,0.46176046176045427,0
2023-07-28 10:59:36,4873.4,63465,1,4858.51,33095,45292,0.46176046176045427,0
2023-07-28 10:59:36,4873.4,63465,1,4858.51,33105,45293,0.46176046176045427,0
2023-07-28 10:59:36,4871.6,63465,3,4858.51,33115,45286,0.4246547103690036,0
2023-07-28 10:59:42,4871.6,63468,3,4858.52,33098,45327,0.4246547103690036,0
2023-07-28 10:59:42,4871.6,63468,3,4858.52,33123,45327,0.4246547103690036,0
2023-07-28 10:59:42,4871.6,63468,3,4858.52,33099,45469,0.4246547103690036,0
2023-07-28 10:59:42,4871.6,63468,3,4858.52,33120,45470,0.4246547103690036,0
2023-07-28 10:59:42,4871.6,63468,3,4858.52,33119,45429,0.4246547103690036,0
2023-07-28 10:59:42,4872.65,63468,1,4858.52,33119,45429,0.44629973201401024,0
2023-07-28 10:59:47,4872.65,63471,1,4858.52,33149,45464,0.44629973201401024,0
2023-07-28 10:59:47,4873.4,63471,1,4858.52,33152,45464,0.46176046176045427,0
2023-07-28 10:59:49,4873.4,63472,1,4858.52,33193,45388,0.46176046176045427,0
2023-07-28 10:59:49,4873.4,63472,1,4858.52,33184,45516,0.46176046176045427,0
2023-07-28 10:59:49,4872.4,63472,1,4858.52,33184,45516,0.4411461554318622,0
2023-07-28 10:59:52,4872.4,63486,1,4858.52,33136,45783,0.4411461554318622,0
2023-07-28 10:59:52,4872.65,63486,1,4858.52,33136,45783,0.44629973201401024,0
2023-07-28 10:59:53,4872.65,63487,1,4858.52,33069,45562,0.44629973201401024,0
2023-07-28 10:59:53,4872.65,63487,1,4858.52,33069,45575,0.44629973201401024,0
2023-07-28 10:59:53,4872.65,63487,1,4858.52,33117,45593,0.44629973201401024,0
2023-07-28 10:59:53,4872.65,63487,1,4858.52,33117,45591,0.44629973201401024,0
2023-07-28 10:59:57,4872.7,63493,1,4858.52,33091,45844,0.4473304473304436,0
2023-07-28 10:59:57,4873.15,63493,2,4858.52,33091,45844,0.4566068851783063,0
2023-07-28 10:59:58,4873.15,63495,2,4858.52,33092,45613,0.4566068851783063,0
2023-07-28 10:59:58,4873.2,63495,1,4858.52,33092,45613,0.4576376004947396,0
2023-07-28 10:59:59,4873.2,63496,1,4858.52,33092,45628,0.4576376004947396,0
2023-07-28 11:00:01,4873.2,63497,1,4858.52,33074,45633,0.4576376004947396,0
2023-07-28 11:00:01,4873.2,63497,1,4858.52,33123,45550,0.4576376004947396,0
2023-07-28 11:00:01,4873.2,63497,1,4858.52,33112,45528,0.4576376004947396,0
2023-07-28 11:00:01,4873.2,63497,1,4858.52,33112,45528,0.4576376004947396,0
2023-07-28 11:00:05,4871.0,63510,1,4858.52,33103,45590,0.4122861265718409,0
2023-07-28 11:00:05,4873.15,63510,1,4858.52,33103,45590,0.4566068851783063,0
2023-07-28 11:00:05,4873.15,63511,1,4858.52,33147,45613,0.4566068851783063,0
2023-07-28 11:00:05,4873.0,63511,2,4858.52,33147,45613,0.45351473922902497,0
2023-07-28 11:00:05,4871.0,63511,2,4858.52,33147,45613,0.4122861265718409,0
2023-07-28 11:00:10,4870.0,63521,2,4858.53,33086,45714,0.3916718202432488,0
2023-07-28 11:00:10,4871.0,63521,3,4858.53,33086,45714,0.4122861265718409,0
2023-07-28 11:00:12,4871.0,63543,3,4858.53,33192,45676,0.4122861265718409,0
2023-07-28 11:00:12,4871.0,63543,1,4858.53,33192,45676,0.4122861265718409,0
2023-07-28 11:00:14,4871.0,63548,1,4858.53,33236,45661,0.4122861265718409,0
2023-07-28 11:00:14,4871.0,63548,5,4858.53,33236,45661,0.4122861265718409,0
2023-07-28 11:00:17,4870.2,63557,1,4858.53,33293,45603,0.39579468150896346,0
2023-07-28 11:00:17,4871.0,63557,2,4858.53,33293,45603,0.4122861265718409,0
2023-07-28 11:00:19,4871.0,63564,2,4858.54,33242,45606,0.4122861265718409,0
2023-07-28 11:00:19,4871.0,63564,2,4858.54,33241,45608,0.4122861265718409,0
2023-07-28 11:00:19,4871.35,63564,4,4858.54,33241,45608,0.41950113378685555,0
2023-07-28 11:00:24,4871.35,63568,4,4858.54,33188,45675,0.41950113378685555,0
2023-07-28 11:00:24,4871.0,63568,1,4858.54,33188,45675,0.4122861265718409,0
2023-07-28 11:00:27,4871.0,63570,1,4858.54,33205,45624,0.4122861265718409,0
2023-07-28 11:00:27,4871.0,63570,1,4858.54,33205,45624,0.4122861265718409,0
2023-07-28 11:00:27,4871.0,63570,5,4858.54,33205,45624,0.4122861265718409,0
2023-07-28 11:00:32,4871.0,63579,5,4858.54,33220,45483,0.4122861265718409,0
2023-07-28 11:00:32,4872.55,63579,10,4858.54,33193,45506,0.44423830138116227,0
2023-07-28 11:00:37,4872.55,63679,10,4858.56,33194,45454,0.44423830138116227,0
2023-07-28 11:00:37,4872.45,63679,1,4858.56,33194,45454,0.4421768707482956,0
2023-07-28 11:00:37,4872.45,63679,5,4858.56,33194,45454,0.4421768707482956,0
2023-07-28 11:00:40,4872.4,63689,1,4858.56,33159,45689,0.4411461554318622,0
2023-07-28 11:00:40,4872.55,63689,2,4858.56,33159,45689,0.44423830138116227,0
2023-07-28 11:00:43,4872.55,63708,1,4858.57,33195,45412,0.44423830138116227,0
2023-07-28 11:00:45,4872.55,63709,1,4858.57,33197,45430,0.44423830138116227,0
2023-07-28 11:00:50,4872.5,63749,10,4858.57,33193,45490,0.44320758606472893,0
2023-07-28 11:00:50,4872.5,63749,2,4858.57,33193,45490,0.44320758606472893,0
2023-07-28 11:00:50,4872.5,63749,3,4858.57,33193,45490,0.44320758606472893,0
2023-07-28 11:00:52,4872.5,63754,3,4858.58,33202,45475,0.44320758606472893,0
2023-07-28 11:00:52,4872.5,63754,3,4858.58,33228,45478,0.44320758606472893,0
2023-07-28 11:00:52,4872.5,63754,3,4858.58,33229,45477,0.44320758606472893,0
2023-07-28 11:00:52,4872.5,63754,1,4858.58,33238,45456,0.44320758606472893,0
2023-07-28 11:00:52,4872.5,63754,6,4858.58,33238,45456,0.44320758606472893,0
2023-07-28 11:01:03,4872.5,63762,1,4858.58,33232,45469,0.44320758606472893,0
2023-07-28 11:01:03,4872.5,63762,2,4858.58,33232,45469,0.44320758606472893,0
2023-07-28 11:01:06,4872.45,63771,3,4858.58,33144,45527,0.4421768707482956,0
2023-07-28 11:01:06,4872.5,63771,1,4858.58,33144,45527,0.44320758606472893,0
2023-07-28 11:01:06,4872.5,63772,1,4858.58,33226,45470,0.44320758606472893,0
2023-07-28 11:01:06,4872.5,63772,1,4858.58,33239,45470,0.44320758606472893,0
2023-07-28 11:01:06,4872.5,63772,1,4858.58,33278,45473,0.44320758606472893,0
2023-07-28 11:01:06,4872.5,63772,1,4858.58,33278,45473,0.44320758606472893,0
2023-07-28 11:01:16,4872.5,63773,1,4858.58,33257,45459,0.44320758606472893,0
2023-07-28 11:01:16,4872.5,63773,7,4858.58,33257,45459,0.44320758606472893,0
2023-07-28 11:01:17,4872.5,63780,7,4858.58,32267,45452,0.44320758606472893,0
2023-07-28 11:01:17,4872.5,63780,7,4858.58,33539,45449,0.44320758606472893,0
2023-07-28 11:01:17,4872.5,63780,1,4858.58,33539,45449,0.44320758606472893,0
2023-07-28 11:01:22,4872.5,63781,1,4858.58,33539,45446,0.44320758606472893,0
2023-07-28 11:01:22,4872.5,63781,1,4858.58,33521,45445,0.44320758606472893,0
2023-07-28 11:01:22,4872.5,63781,6,4858.58,33521,45445,0.44320758606472893,0
2023-07-28 11:01:27,4872.5,63787,6,4858.58,33522,45440,0.44320758606472893,0
2023-07-28 11:01:27,4872.5,63787,1,4858.58,33522,45440,0.44320758606472893,0
2023-07-28 11:01:30,4872.5,63788,1,4858.58,33534,45381,0.44320758606472893,0
2023-07-28 11:01:30,4872.5,63788,1,4858.58,33534,45381,0.44320758606472893,0
2023-07-28 11:01:30,4872.5,63788,37,4858.58,33534,45381,0.44320758606472893,0
2023-07-28 11:01:30,4872.5,63788,1,4858.58,33534,45381,0.44320758606472893,0
2023-07-28 11:01:35,4872.5,63940,1,4858.62,33537,45405,0.44320758606472893,0
2023-07-28 11:01:35,4872.45,63940,7,4858.62,33537,45405,0.4421768707482956,0
2023-07-28 11:01:39,4872.45,63982,3,4858.63,33502,45492,0.4421768707482956,0
2023-07-28 11:01:39,4872.45,63982,7,4858.63,33502,45492,0.4421768707482956,0
2023-07-28 11:01:39,4872.45,63982,1,4858.63,33502,45492,0.4421768707482956,0
2023-07-28 11:01:41,4872.5,64051,5,4858.64,33493,45485,0.44320758606472893,0
2023-07-28 11:01:41,4872.5,64051,6,4858.64,33493,45485,0.44320758606472893,0
2023-07-28 11:01:43,4872.45,64075,9,4858.64,33661,45406,0.4421768707482956,0
2023-07-28 11:01:43,4872.5,64075,3,4858.64,33661,45406,0.44320758606472893,0
2023-07-28 11:01:46,4871.65,64095,1,4858.65,33603,45463,0.4256854256854182,0
2023-07-28 11:01:46,4872.5,64095,2,4858.65,33603,45463,0.44320758606472893,0
2023-07-28 11:01:47,4872.5,64104,2,4858.65,33624,45454,0.44320758606472893,0
2023-07-28 11:01:47,4872.5,64104,1,4858.65,33624,45454,0.44320758606472893,0
2023-07-28 11:01:50,4872.1,64105,10,4858.65,33626,45432,0.43496186353329963,0
2023-07-28 11:01:50,4872.5,64105,1,4858.65,33626,45432,0.44320758606472893,0
2023-07-28 11:01:54,4872.25,64116,1,4858.65,33611,45631,0.4380540094825809,0
2023-07-28 11:01:54,4870.0,64116,208,4858.65,33611,45631,0.3916718202432488,0
2023-07-28 11:01:55,4870.0,64383,37,4858.7,33348,45354,0.3916718202432488,0
2023-07-28 11:01:55,4871.1,64383,5,4858.7,33348,45354,0.41434755720470756,0
2023-07-28 11:01:58,4872.2,64487,2,4858.72,33289,45369,0.43702329416614755,0
2023-07-28 11:01:58,4872.2,64487,9,4858.72,33289,45369,0.43702329416614755,0
2023-07-28 11:01:58,4871.1,64487,7,4858.72,33289,45369,0.41434755720470756,0
2023-07-28 11:02:03,4872.2,64600,6,4858.74,33335,45393,0.43702329416614755,0
2023-07-28 11:02:03,4872.2,64621,1,4858.75,33347,45370,0.43702329416614755,0
2023-07-28 11:02:06,4872.2,64633,1,4858.75,33382,45434,0.43702329416614755,0
2023-07-28 11:02:11,4872.2,64641,3,4858.75,33376,45426,0.43702329416614755,0
2023-07-28 11:02:11,4871.1,64641,1,4858.75,33376,45426,0.41434755720470756,0
2023-07-28 11:02:11,4872.25,64641,11,4858.75,33376,45426,0.4380540094825809,0
2023-07-28 11:02:13,4872.25,64658,11,4858.75,33331,45484,0.4380540094825809,0
2023-07-28 11:02:13,4872.45,64658,4,4858.75,33331,45484,0.4421768707482956,0
2023-07-28 11:02:17,4872.45,64666,4,4858.76,33308,45465,0.4421768707482956,0
2023-07-28 11:02:17,4871.75,64666,7,4858.76,33308,45465,0.4277468563182849,0
2023-07-28 11:02:21,4871.75,64709,2,4858.76,33106,45602,0.4277468563182849,0
2023-07-28 11:02:21,4871.75,64709,2,4858.76,33106,45602,0.4277468563182849,0
2023-07-28 11:02:21,4871.75,64709,2,4858.76,33106,45602,0.4277468563182849,0
2023-07-28 11:02:21,4871.45,64709,1,4858.76,33106,45602,0.4215625644197035,0
2023-07-28 11:02:21,4871.45,64709,1,4858.76,33106,45602,0.4215625644197035,0
2023-07-28 11:02:21,4871.45,64709,1,4858.76,33106,45602,0.4215625644197035,0
2023-07-28 11:02:21,4871.45,64709,1,4858.76,33106,45602,0.4215625644197035,0
2023-07-28 11:02:21,4871.45,64709,1,4858.76,33106,45602,0.4215625644197035,0
2023-07-28 11:02:23,4871.45,64716,1,4858.77,33113,45582,0.4215625644197035,0
2023-07-28 11:02:23,4871.45,64716,1,4858.77,33113,45582,0.4215625644197035,0
2023-07-28 11:02:23,4871.35,64716,1,4858.77,33113,45582,0.41950113378685555,0
2023-07-28 11:02:28,4871.35,64717,1,4858.77,33134,45583,0.41950113378685555,0
2023-07-28 11:02:28,4871.35,64717,1,4858.77,33144,45586,0.41950113378685555,0
2023-07-28 11:02:28,4871.75,64717,5,4858.77,33144,45586,0.4277468563182849,0
2023-07-28 11:02:28,4871.7,64717,3,4858.77,33144,45586,0.4267161410018515,0
2023-07-28 11:02:34,4871.7,64725,3,4858.77,33143,45578,0.4267161410018515,0
2023-07-28 11:02:34,4871.7,64725,1,4858.77,33143,45578,0.4267161410018515,0
2023-07-28 11:02:36,4871.7,64726,1,4858.77,33144,45568,0.4267161410018515,0
2023-07-28 11:02:36,4871.7,64726,1,4858.77,33144,45568,0.4267161410018515,0
2023-07-28 11:02:36,4871.7,64726,9,4858.77,33144,45568,0.4267161410018515,0
2023-07-28 11:02:41,4871.7,64735,7,4858.77,33135,45559,0.4267161410018515,0
2023-07-28 11:02:41,4871.75,64735,10,4858.77,33135,45559,0.4277468563182849,0
2023-07-28 11:02:43,4871.75,64752,10,4858.77,33136,45550,0.4277468563182849,0
2023-07-28 11:02:43,4871.75,64752,2,4858.77,33136,45550,0.4277468563182849,0
2023-07-28 11:02:47,4871.75,64758,4,4858.77,33138,45565,0.4277468563182849,0
2023-07-28 11:02:47,4871.75,64758,4,4858.77,33143,45567,0.4277468563182849,0
2023-07-28 11:02:47,4871.65,64758,2,4858.77,33143,45567,0.4256854256854182,0
2023-07-28 11:02:51,4871.65,64784,2,4858.78,33060,45617,0.4256854256854182,0
2023-07-28 11:02:51,4871.65,64784,2,4858.78,33061,45595,0.4256854256854182,0
2023-07-28 11:02:51,4871.75,64784,4,4858.78,33061,45595,0.4277468563182849,0
2023-07-28 11:02:56,4871.75,64788,4,4858.78,33060,45580,0.4277468563182849,0
2023-07-28 11:02:56,4871.75,64788,4,4858.78,33070,45578,0.4277468563182849,0
2023-07-28 11:02:56,4871.4,64788,3,4858.78,33070,45578,0.4205318491032702,0
2023-07-28 11:02:56,4871.4,64788,2,4858.78,33070,45578,0.4205318491032702,0
2023-07-28 11:02:56,4870.95,64788,1,4858.78,33070,45578,0.4112554112554075,0
2023-07-28 11:03:02,4870.95,64813,1,4858.79,33009,45738,0.4112554112554075,0
2023-07-28 11:03:02,4870.95,64813,1,4858.79,33044,45709,0.4112554112554075,0
2023-07-28 11:03:02,4871.6,64813,2,4858.79,33044,45709,0.4246547103690036,0
2023-07-28 11:03:09,4871.6,64825,3,4858.79,33066,45738,0.4246547103690036,0
2023-07-28 11:03:09,4871.6,64825,1,4858.79,33066,45738,0.4246547103690036,0
2023-07-28 11:03:11,4871.6,64826,1,4858.79,33069,45737,0.4246547103690036,0
2023-07-28 11:03:11,4871.6,64826,1,4858.79,33054,45739,0.4246547103690036,0
2023-07-28 11:03:17,4871.6,64833,6,4858.79,33023,45730,0.4246547103690036,0
2023-07-28 11:03:17,4871.6,64833,6,4858.79,33053,45702,0.4246547103690036,0
2023-07-28 11:03:17,4871.5,64833,1,4858.79,33053,45702,0.42259327973613686,0
2023-07-28 11:03:20,4871.5,64834,1,4858.79,33022,45767,0.42259327973613686,0
2023-07-28 11:03:20,4871.5,64834,1,4858.79,33022,45757,0.42259327973613686,0
2023-07-28 11:03:20,4871.5,64834,3,4858.79,33022,45757,0.42259327973613686,0
2023-07-28 11:03:30,4871.5,64837,3,4858.79,33045,45748,0.42259327973613686,0
2023-07-28 11:03:30,4870.95,64837,4,4858.79,33045,45748,0.4112554112554075,0
2023-07-28 11:03:32,4870.4,64849,11,4858.79,32900,45763,0.3999175427746781,0
2023-07-28 11:03:34,4869.25,64861,13,4858.79,32959,45740,0.3762110904968048,0
2023-07-28 11:03:36,4869.25,64878,13,4858.8,32912,45768,0.3762110904968048,0
2023-07-28 11:03:36,4870.75,64878,5,4858.8,32912,45768,0.40713254998969284,0
2023-07-28 11:03:40,4870.75,64891,5,4858.8,32904,45797,0.40713254998969284,0
2023-07-28 11:03:40,4870.75,64891,5,4858.8,32913,45763,0.40713254998969284,0
2023-07-28 11:03:40,4870.75,64891,5,4858.8,32937,45703,0.40713254998969284,0
2023-07-28 11:03:40,4870.5,64891,7,4858.8,32937,45703,0.40197897340754485,0
2023-07-28 11:03:47,4870.5,64898,1,4858.8,32956,45696,0.40197897340754485,0
2023-07-28 11:03:50,4869.1,64902,3,4858.8,32943,45750,0.3731189445475235,0
2023-07-28 11:03:50,4869.05,64902,2,4858.8,32943,45750,0.37208822923109014,0
2023-07-28 11:03:50,4870.5,64902,3,4858.8,32943,45750,0.40197897340754485,0
2023-07-28 11:03:52,4869.05,64907,5,4858.8,32979,45757,0.37208822923109014,0
2023-07-28 11:03:53,4869.05,64919,5,4858.8,32977,45811,0.37208822923109014,0
2023-07-28 11:03:53,4870.5,64919,2,4858.8,32977,45811,0.40197897340754485,0
2023-07-28 11:03:57,4870.5,64921,2,4858.8,33017,45809,0.40197897340754485,0
2023-07-28 11:03:57,4870.5,64921,2,4858.8,33053,45711,0.40197897340754485,0
2023-07-28 11:04:02,4870.5,64927,5,4858.81,33022,45705,0.40197897340754485,0
2023-07-28 11:04:02,4870.5,64927,5,4858.81,33064,45710,0.40197897340754485,0
2023-07-28 11:04:02,4870.5,64927,1,4858.81,33064,45710,0.40197897340754485,0
2023-07-28 11:04:07,4870.5,64928,1,4858.81,33070,45710,0.40197897340754485,0
2023-07-28 11:04:10,4870.5,64929,1,4858.81,33075,45733,0.40197897340754485,0
2023-07-28 11:04:10,4870.5,64929,8,4858.81,33075,45733,0.40197897340754485,0
2023-07-28 11:04:12,4870.5,64937,8,4858.81,33658,45731,0.40197897340754485,0
2023-07-28 11:04:12,4870.5,64937,8,4858.81,33783,45760,0.40197897340754485,0
2023-07-28 11:04:12,4870.45,64937,1,4858.81,33783,45760,0.4009482580911115,0
2023-07-28 11:04:17,4870.45,64938,1,4858.81,33685,45779,0.4009482580911115,0
2023-07-28 11:04:17,4870.5,64938,1,4858.81,33685,45779,0.40197897340754485,0
2023-07-28 11:04:20,4870.5,64939,1,4858.81,33682,45778,0.40197897340754485,0
2023-07-28 11:04:20,4870.5,64939,1,4858.81,33682,45778,0.40197897340754485,0
2023-07-28 11:04:23,4870.5,64941,1,4858.81,33680,45776,0.40197897340754485,0
2023-07-28 11:04:23,4870.5,64941,1,4858.81,33680,45776,0.40197897340754485,0
2023-07-28 11:04:24,4870.5,64942,3,4858.81,33679,45787,0.40197897340754485,0
2023-07-28 11:04:24,4870.5,64942,6,4858.81,33679,45787,0.40197897340754485,0
2023-07-28 11:04:27,4870.5,64951,6,4858.81,33702,45777,0.40197897340754485,0
2023-07-28 11:04:27,4870.5,64951,1,4858.81,33702,45777,0.40197897340754485,0
2023-07-28 11:04:29,4870.5,64952,1,4858.81,33706,45759,0.40197897340754485,0
2023-07-28 11:04:29,4870.5,64952,1,4858.81,33706,45759,0.40197897340754485,0
2023-07-28 11:04:32,4870.45,64957,1,4858.81,33637,45667,0.4009482580911115,0
2023-07-28 11:04:32,4870.45,64957,1,4858.81,33661,45676,0.4009482580911115,0
2023-07-28 11:04:32,4870.45,64957,1,4858.81,33644,45715,0.4009482580911115,0
2023-07-28 11:04:32,4869.0,64957,20,4858.81,33644,45715,0.37105751391465674,0
2023-07-28 11:04:39,4869.0,64983,20,4858.82,33587,45709,0.37105751391465674,0
2023-07-28 11:04:39,4869.9,64983,1,4858.82,33587,45709,0.38961038961038214,0
2023-07-28 11:04:42,4869.9,64988,1,4858.82,33600,45748,0.38961038961038214,0
2023-07-28 11:04:42,4869.9,64988,1,4858.82,33601,45751,0.38961038961038214,0
2023-07-28 11:04:47,4869.9,64995,7,4858.82,33602,45725,0.38961038961038214,0
2023-07-28 11:04:51,4869.7,64996,1,4858.82,33688,45689,0.38548752834466743,0
2023-07-28 11:04:51,4869.05,64996,3,4858.82,33688,45689,0.37208822923109014,0
2023-07-28 11:04:52,4869.05,65007,3,4858.82,33648,45629,0.37208822923109014,0
2023-07-28 11:04:52,4869.05,65007,3,4858.82,33650,45629,0.37208822923109014,0
2023-07-28 11:04:52,4869.05,65007,3,4858.82,33649,45651,0.37208822923109014,0
2023-07-28 11:04:52,4869.9,65007,1,4858.82,33649,45651,0.38961038961038214,0
2023-07-28 11:05:00,4869.9,65009,1,4858.82,33671,45648,0.38961038961038214,0
2023-07-28 11:05:00,4870.45,65009,2,4858.82,33671,45648,0.4009482580911115,0
2023-07-28 11:05:02,4870.45,65017,2,4858.82,33672,45587,0.4009482580911115,0
2023-07-28 11:05:02,4870.45,65017,1,4858.82,33672,45587,0.4009482580911115,0
2023-07-28 11:05:04,4870.45,65018,1,4858.82,33654,45593,0.4009482580911115,0
2023-07-28 11:05:04,4870.45,65018,1,4858.82,33637,45603,0.4009482580911115,0
2023-07-28 11:05:04,4870.45,65018,1,4858.82,33637,45605,0.4009482580911115,0
2023-07-28 11:05:04,4870.3,65018,6,4858.82,33637,45605,0.3978561121418302,0
2023-07-28 11:05:12,4870.3,65025,6,4858.82,33663,45577,0.3978561121418302,0
2023-07-28 11:05:12,4869.9,65025,3,4858.82,33654,45614,0.38961038961038214,0
2023-07-28 11:05:15,4869.9,65039,3,4858.82,33636,45620,0.38961038961038214,0
2023-07-28 11:05:15,4870.3,65039,3,4858.82,33636,45620,0.3978561121418302,0
2023-07-28 11:05:22,4870.3,65042,3,4858.83,33617,45624,0.3978561121418302,0
2023-07-28 11:05:22,4870.3,65042,3,4858.83,33617,45624,0.3978561121418302,0
2023-07-28 11:05:22,4869.9,65042,3,4858.83,33617,45624,0.38961038961038214,0
2023-07-28 11:05:22,4869.9,65042,3,4858.83,33617,45624,0.38961038961038214,0
2023-07-28 11:05:24,4869.9,65046,3,4858.83,33609,45636,0.38961038961038214,0
2023-07-28 11:05:24,4869.9,65046,3,4858.83,33609,45636,0.38961038961038214,0
2023-07-28 11:05:24,4869.9,65046,3,4858.83,33609,45636,0.38961038961038214,0
2023-07-28 11:05:24,4869.9,65046,3,4858.83,33609,45636,0.38961038961038214,0
2023-07-28 11:05:24,4869.9,65046,3,4858.83,33609,45636,0.38961038961038214,0
2023-07-28 11:05:24,4869.9,65046,3,4858.83,33611,45632,0.38961038961038214,0
2023-07-28 11:05:24,4869.65,65046,1,4858.83,33611,45632,0.3844568130282341,0
2023-07-28 11:05:30,4870.0,65048,1,4858.83,33615,45592,0.3916718202432488,0
2023-07-28 11:05:30,4870.0,65048,5,4858.83,33615,45592,0.3916718202432488,0
2023-07-28 11:05:33,4870.0,65054,1,4858.83,33615,45626,0.3916718202432488,0
2023-07-28 11:05:33,4870.0,65054,1,4858.83,33616,45571,0.3916718202432488,0
2023-07-28 11:05:33,4870.0,65054,1,4858.83,33640,45613,0.3916718202432488,0
2023-07-28 11:05:33,4870.0,65054,1,4858.83,33618,45615,0.3916718202432488,0
2023-07-28 11:05:33,4869.95,65054,1,4858.83,33618,45615,0.3906411049268155,0
2023-07-28 11:05:33,4870.0,65054,7,4858.83,33618,45615,0.3916718202432488,0
2023-07-28 11:05:42,4870.0,65062,7,4858.83,33617,45608,0.3916718202432488,0
2023-07-28 11:05:42,4870.0,65062,1,4858.83,33617,45608,0.3916718202432488,0
2023-07-28 11:05:44,4870.0,65063,1,4858.83,33627,45608,0.3916718202432488,0
2023-07-28 11:05:44,4870.0,65063,1,4858.83,33627,45602,0.3916718202432488,0
2023-07-28 11:05:44,4870.0,65063,2,4858.83,33627,45602,0.3916718202432488,0
2023-07-28 11:05:50,4870.0,65065,2,4858.83,33627,45601,0.3916718202432488,0
2023-07-28 11:05:50,4869.95,65065,1,4858.83,33627,45601,0.3906411049268155,0
2023-07-28 11:05:54,4870.0,65068,1,4858.83,33621,45616,0.3916718202432488,0
2023-07-28 11:05:54,4869.95,65068,1,4858.83,33621,45616,0.3906411049268155,0
2023-07-28 11:05:56,4870.0,65070,4,4858.83,33617,45637,0.3916718202432488,0
2023-07-28 11:05:57,4870.0,65076,4,4858.83,33617,45594,0.3916718202432488,0
2023-07-28 11:05:57,4869.9,65076,1,4858.83,33639,45595,0.38961038961038214,0
2023-07-28 11:05:57,4869.85,65076,4,4858.83,33639,45595,0.3885796742939675,0
2023-07-28 11:06:03,4869.85,65091,4,4858.83,33663,45673,0.3885796742939675,0
2023-07-28 11:06:03,4869.0,65091,2,4858.83,33663,45673,0.37105751391465674,0
2023-07-28 11:06:03,4869.0,65091,3,4858.83,33663,45673,0.37105751391465674,0
2023-07-28 11:06:03,4869.0,65091,5,4858.83,33663,45673,0.37105751391465674,0
2023-07-28 11:06:08,4869.0,65129,5,4858.84,33677,45708,0.37105751391465674,0
2023-07-28 11:06:08,4869.0,65129,10,4858.84,33705,45689,0.37105751391465674,0
2023-07-28 11:06:08,4869.8,65129,7,4858.84,33705,45689,0.38754895897753416,0
2023-07-28 11:06:13,4869.8,65146,7,4858.84,33694,45661,0.38754895897753416,0
2023-07-28 11:06:13,4869.8,65146,2,4858.84,33694,45661,0.38754895897753416,0
2023-07-28 11:06:15,4869.8,65148,2,4858.84,33675,45686,0.38754895897753416,0
2023-07-28 11:06:15,4869.8,65148,7,4858.84,33675,45686,0.38754895897753416,0
2023-07-28 11:06:17,4869.8,65156,7,4858.84,33652,45710,0.38754895897753416,0
2023-07-28 11:06:17,4869.8,65156,1,4858.84,33652,45710,0.38754895897753416,0
2023-07-28 11:06:23,4869.8,65159,1,4858.84,33676,45651,0.38754895897753416,0
2023-07-28 11:06:27,4869.8,65171,6,4858.85,33675,45661,0.38754895897753416,0
2023-07-28 11:06:27,4869.8,65171,1,4858.85,33675,45661,0.38754895897753416,0
2023-07-28 11:06:30,4869.8,65174,2,4858.85,33674,45675,0.38754895897753416,0
2023-07-28 11:06:30,4869.8,65174,2,4858.85,33674,45675,0.38754895897753416,0
2023-07-28 11:06:30,4869.8,65177,2,4858.85,33673,45666,0.38754895897753416,0
2023-07-28 11:06:30,4869.8,65177,1,4858.85,33673,45666,0.38754895897753416,0
2023-07-28 11:06:35,4869.8,65181,2,4858.85,33673,45663,0.38754895897753416,0
2023-07-28 11:06:35,4869.8,65181,1,4858.85,33673,45663,0.38754895897753416,0
2023-07-28 11:06:36,4869.0,65182,2,4858.85,33714,45662,0.37105751391465674,0
2023-07-28 11:06:37,4869.0,65189,2,4858.85,33722,45682,0.37105751391465674,0
2023-07-28 11:06:37,4869.0,65189,1,4858.85,33722,45682,0.37105751391465674,0
2023-07-28 11:06:42,4869.75,65190,1,4858.85,33680,45723,0.3865182436611008,0
2023-07-28 11:06:43,4869.75,65191,1,4858.85,33726,45661,0.3865182436611008,0
2023-07-28 11:06:43,4869.7,65191,7,4858.85,33726,45661,0.38548752834466743,0
2023-07-28 11:06:43,4869.0,65191,14,4858.85,33726,45661,0.37105751391465674,0
2023-07-28 11:06:43,4865.55,65191,1,4858.85,33726,45661,0.29993815708101795,0
2023-07-28 11:06:43,4868.4,65191,2,4858.85,33726,45661,0.35868893011749403,0
2023-07-28 11:06:43,4867.25,65191,9,4858.85,33726,45661,0.3349824778396207,0
2023-07-28 11:06:51,4868.55,66142,5,4858.98,33175,45866,0.3617810760667941,0
2023-07-28 11:06:51,4868.8,66142,1,4858.98,33175,45866,0.3669346526489421,0
2023-07-28 11:06:55,4869.0,66928,65,4859.08,32055,45456,0.37105751391465674,0
2023-07-28 11:06:55,4866.85,66928,8,4859.08,32055,45456,0.3267367553081914,0
2023-07-28 11:06:56,4866.85,67089,8,4859.1,33317,45560,0.3267367553081914,0
2023-07-28 11:06:56,4869.0,67089,45,4859.1,33317,45560,0.37105751391465674,0
2023-07-28 11:07:00,4869.0,67134,45,4859.1,33273,45570,0.37105751391465674,0
2023-07-28 11:07:00,4868.95,67134,25,4859.1,33273,45570,0.3700267985982234,0
2023-07-28 11:07:00,4869.65,67134,6,4859.1,33273,45570,0.3844568130282341,0
2023-07-28 11:07:04,4869.8,67206,5,4859.12,33334,45529,0.38754895897753416,0
2023-07-28 11:07:04,4869.3,67206,10,4859.12,33334,45529,0.37724180581323813,0
2023-07-28 11:07:04,4869.3,67216,10,4859.12,33331,45654,0.37724180581323813,0
2023-07-28 11:07:07,4869.9,67227,10,4859.12,33334,45660,0.38961038961038214,0
2023-07-28 11:07:07,4869.9,67227,10,4859.12,33325,45640,0.38961038961038214,0
2023-07-28 11:07:09,4870.0,67269,4,4859.13,33349,45641,0.3916718202432488,0
2023-07-28 11:07:09,4869.95,67269,12,4859.13,33349,45641,0.3906411049268155,0
2023-07-28 11:07:11,4870.3,67283,2,4859.13,33325,45671,0.3978561121418302,0
2023-07-28 11:07:11,4870.3,67283,2,4859.13,32076,45671,0.3978561121418302,0
2023-07-28 11:07:11,4870.45,67283,1,4859.13,32076,45671,0.4009482580911115,0
2023-07-28 11:07:11,4870.45,67285,3,4859.13,33307,45669,0.4009482580911115,0
2023-07-28 11:07:13,4870.5,67323,1,4859.13,33162,45700,0.40197897340754485,0
2023-07-28 11:07:13,4870.5,67323,1,4859.13,33233,45710,0.40197897340754485,0
2023-07-28 11:07:13,4870.5,67323,16,4859.13,33247,45693,0.40197897340754485,0
2023-07-28 11:07:16,4870.5,67339,16,4859.14,33253,45678,0.40197897340754485,0
2023-07-28 11:07:17,4870.6,67346,7,4859.14,33249,45728,0.4040404040404115,0
2023-07-28 11:07:17,4870.6,67346,1,4859.14,33209,45711,0.4040404040404115,0
2023-07-28 11:07:19,4870.6,67351,1,4859.14,33230,45699,0.4040404040404115,0
2023-07-28 11:07:20,4870.65,67354,3,4859.14,33266,45694,0.40507111935682616,0
2023-07-28 11:07:20,4871.6,67354,8,4859.14,33266,45694,0.4246547103690036,0
2023-07-28 11:07:21,4871.75,67701,2,4859.2,33518,44990,0.4277468563182849,0
2023-07-28 11:07:22,4871.75,67829,2,4859.22,33393,45152,0.4277468563182849,0
2023-07-28 11:07:22,4871.75,67829,12,4859.22,33393,45152,0.4277468563182849,0
2023-07-28 11:07:23,4871.75,67854,12,4859.23,33388,45492,0.4277468563182849,0
2023-07-28 11:07:23,4872.0,67854,3,4859.23,33388,45492,0.4329004329004329,0
2023-07-28 11:07:24,4872.0,67858,3,4859.23,33382,45504,0.4329004329004329,0
2023-07-28 11:07:25,4872.0,67861,3,4859.23,33425,45501,0.4329004329004329,0
2023-07-28 11:07:25,4872.0,67861,3,4859.23,33412,45518,0.4329004329004329,0
2023-07-28 11:07:25,4872.0,67861,6,4859.23,33412,45518,0.4329004329004329,0
2023-07-28 11:07:27,4872.0,67867,6,4859.23,33426,45485,0.4329004329004329,0
2023-07-28 11:07:27,4872.0,67867,6,4859.23,33424,45536,0.4329004329004329,0
2023-07-28 11:07:27,4872.0,67867,6,4859.23,33383,45541,0.4329004329004329,0
2023-07-28 11:07:27,4872.0,67867,6,4859.23,33383,45543,0.4329004329004329,0
2023-07-28 11:07:32,4872.35,67868,1,4859.23,33383,45499,0.4401154401154476,0
2023-07-28 11:07:32,4872.35,67868,2,4859.23,33383,45499,0.4401154401154476,0
2023-07-28 11:07:32,4872.35,67868,2,4859.23,33383,45499,0.4401154401154476,0
2023-07-28 11:07:34,4872.6,67931,2,4859.24,33399,45449,0.4452690166975956,0
2023-07-28 11:07:34,4872.6,67931,2,4859.24,33399,45449,0.4452690166975956,0
2023-07-28 11:07:35,4872.6,67935,4,4859.24,33401,45413,0.4452690166975956,0
2023-07-28 11:07:35,4872.6,67935,4,4859.24,33401,45413,0.4452690166975956,0
2023-07-28 11:07:35,4872.6,67935,1,4859.24,33410,45294,0.4452690166975956,0
2023-07-28 11:07:37,4873.45,68181,2,4859.29,33367,45134,0.4627911770768876,0
2023-07-28 11:07:37,4873.45,68181,2,4859.29,33227,45406,0.4627911770768876,0
2023-07-28 11:07:41,4874.85,68182,1,4859.29,33389,45348,0.49165120593692774,0
2023-07-28 11:07:41,4874.85,68182,1,4859.29,33408,45408,0.49165120593692774,0
2023-07-28 11:07:41,4875.5,68182,26,4859.29,33408,45408,0.5050505050505051,0
2023-07-28 11:07:43,4874.95,68287,18,4859.32,33328,45496,0.49371263656977565,0
2023-07-28 11:07:43,4875.5,68340,3,4859.33,33411,45665,0.5050505050505051,0
2023-07-28 11:07:44,4875.4,68365,1,4859.33,33386,45418,0.5029890744176383,0
2023-07-28 11:07:44,4875.4,68365,1,4859.33,33386,45418,0.5029890744176383,0
2023-07-28 11:07:45,4875.75,68417,28,4859.35,33359,45609,0.5102040816326531,0
2023-07-28 11:07:46,4875.75,68426,8,4859.35,33393,45600,0.5102040816326531,0
2023-07-28 11:07:46,4875.7,68426,1,4859.35,33393,45600,0.5091733663162197,0
2023-07-28 11:07:47,4875.75,68427,37,4859.35,33408,45612,0.5102040816326531,0
2023-07-28 11:07:48,4875.7,68474,1,4859.36,32150,45565,0.5091733663162197,0
2023-07-28 11:07:49,4875.75,68507,22,4859.37,33414,45557,0.5102040816326531,0
2023-07-28 11:07:49,4875.75,68507,22,4859.37,33425,45563,0.5102040816326531,0
2023-07-28 11:07:49,4875.7,68507,1,4859.37,33425,45563,0.5091733663162197,0
2023-07-28 11:07:51,4875.75,68511,1,4859.37,33438,45543,0.5102040816326531,0
2023-07-28 11:07:51,4875.75,68511,1,4859.37,33438,45537,0.5102040816326531,0
2023-07-28 11:07:53,4875.75,68582,4,4859.39,33392,45525,0.5102040816326531,0
2023-07-28 11:07:53,4875.75,68582,5,4859.39,33392,45525,0.5102040816326531,0
2023-07-28 11:07:54,4875.75,68607,20,4859.39,33389,45522,0.5102040816326531,0
2023-07-28 11:07:56,4875.7,68615,1,4859.39,33391,45477,0.5091733663162197,0
2023-07-28 11:07:56,4875.75,68625,2,4859.4,33424,45462,0.5102040816326531,0
2023-07-28 11:07:58,4875.7,68632,1,4859.4,33425,45470,0.5091733663162197,0
2023-07-28 11:07:58,4875.7,68632,1,4859.4,33417,45464,0.5091733663162197,0
2023-07-28 11:08:00,4875.7,68660,1,4859.4,33390,45466,0.5091733663162197,0
2023-07-28 11:08:00,4875.7,68660,1,4859.4,33390,45466,0.5091733663162197,0
2023-07-28 11:08:00,4875.7,68660,1,4859.4,33364,45498,0.5091733663162197,0
2023-07-28 11:08:01,4875.75,68668,8,4859.41,33355,45488,0.5102040816326531,0
2023-07-28 11:08:01,4875.75,68668,8,4859.41,33356,45489,0.5102040816326531,0
2023-07-28 11:08:01,4875.75,68668,8,4859.41,33356,45489,0.5102040816326531,0
2023-07-28 11:08:01,4875.75,68668,11,4859.41,33356,45489,0.5102040816326531,0
2023-07-28 11:08:04,4875.75,68684,2,4859.41,33353,45455,0.5102040816326531,0
2023-07-28 11:08:05,4875.75,68688,2,4859.41,33363,45461,0.5102040816326531,0
2023-07-28 11:08:05,4875.75,68688,2,4859.41,33363,45461,0.5102040816326531,0
2023-07-28 11:08:06,4875.7,68784,3,4859.43,33569,44406,0.5091733663162197,0
2023-07-28 11:08:07,4875.7,68868,3,4859.45,33400,45277,0.5091733663162197,0
2023-07-28 11:08:07,4875.65,68868,10,4859.45,33400,45277,0.5081426509997864,0
2023-07-28 11:08:08,4875.65,68895,1,4859.46,33416,45276,0.5081426509997864,0
2023-07-28 11:08:08,4875.65,68895,1,4859.46,33411,45279,0.5081426509997864,0
2023-07-28 11:08:08,4875.65,68895,1,4859.46,33450,45276,0.5081426509997864,0
2023-07-28 11:08:08,4875.65,68895,1,4859.46,33463,45275,0.5081426509997864,0
2023-07-28 11:08:12,4875.7,68903,8,4859.46,33467,45267,0.5091733663162197,0
2023-07-28 11:08:12,4875.7,68903,8,4859.46,33468,45278,0.5091733663162197,0
2023-07-28 11:08:15,4876.65,68935,5,4859.47,33513,45242,0.5287569573283784,0
2023-07-28 11:08:15,4876.65,68935,5,4859.47,33513,45242,0.5287569573283784,0
2023-07-28 11:08:15,4876.65,68935,5,4859.47,33563,45233,0.5287569573283784,0
2023-07-28 11:08:15,4876.7,68935,18,4859.47,33563,45233,0.5297876726448117,0
2023-07-28 11:08:17,4876.7,68957,18,4859.48,33443,45142,0.5297876726448117,0
2023-07-28 11:08:17,4877.0,68957,2,4859.48,33443,45142,0.5359719645433931,0
2023-07-28 11:08:20,4877.0,69155,2,4859.53,33349,44988,0.5359719645433931,0
2023-07-28 11:08:20,4877.0,69155,2,4859.53,33084,45299,0.5359719645433931,0
2023-07-28 11:08:22,4876.7,69168,1,4859.53,33275,45321,0.5297876726448117,0
2023-07-28 11:08:22,4876.7,69168,1,4859.53,33275,45321,0.5297876726448117,0
2023-07-28 11:08:22,4876.7,69168,1,4859.53,33290,45335,0.5297876726448117,0
2023-07-28 11:08:22,4876.7,69168,1,4859.53,33290,45335,0.5297876726448117,0
2023-07-28 11:08:24,4877.45,69179,1,4859.53,32733,45357,0.5452484023912558,0
2023-07-28 11:08:24,4877.0,69179,1,4859.53,32733,45357,0.5359719645433931,0
2023-07-28 11:08:26,4877.0,69180,1,4859.53,33309,45351,0.5359719645433931,0
2023-07-28 11:08:26,4877.5,69194,1,4859.54,33316,45116,0.5462791177076891,0
2023-07-28 11:08:26,4877.5,69194,1,4859.54,33308,45116,0.5462791177076891,0
2023-07-28 11:08:26,4878.9,69194,9,4859.54,33308,45116,0.5751391465677105,0
2023-07-28 11:08:26,4878.9,69194,9,4859.54,33308,45116,0.5751391465677105,0
2023-07-28 11:08:27,4878.9,69203,9,4859.54,32977,45438,0.5751391465677105,0
2023-07-28 11:08:27,4878.9,69203,9,4859.54,33264,45442,0.5751391465677105,0
2023-07-28 11:08:30,4878.25,69205,1,4859.54,33255,45429,0.5617398474541332,0
2023-07-28 11:08:30,4878.6,69205,1,4859.54,33320,45403,0.5689548546691479,0
2023-07-28 11:08:32,4878.9,69231,5,4859.55,33268,45406,0.5751391465677105,0
2023-07-28 11:08:33,4878.2,69239,6,4859.55,33275,45431,0.5607091321376998,0
2023-07-28 11:08:33,4878.85,69239,5,4859.55,33263,45433,0.5741084312512958,0
2023-07-28 11:08:34,4878.85,69252,5,4859.55,33285,45422,0.5741084312512958,0
2023-07-28 11:08:35,4878.2,69264,1,4859.55,33281,45444,0.5607091321376998,0
2023-07-28 11:08:35,4878.9,69264,1,4859.55,33281,45444,0.5751391465677105,0
2023-07-28 11:08:36,4878.9,69266,1,4859.56,33320,45468,0.5751391465677105,0
2023-07-28 11:08:38,4878.85,69270,1,4859.56,33370,45408,0.5741084312512958,0
2023-07-28 11:08:39,4878.85,69274,1,4859.56,33366,45445,0.5741084312512958,0
2023-07-28 11:08:39,4878.55,69274,1,4859.56,33334,45454,0.5679241393527146,0
2023-07-28 11:08:41,4878.55,69291,1,4859.56,33245,45563,0.5679241393527146,0
2023-07-28 11:08:41,4878.2,69291,1,4859.56,33245,45563,0.5607091321376998,0
2023-07-28 11:08:42,4878.2,69294,1,4859.56,33300,45568,0.5607091321376998,0
2023-07-28 11:08:42,4878.2,69294,1,4859.56,33301,45560,0.5607091321376998,0
2023-07-28 11:08:45,4877.15,69299,1,4859.56,33269,45528,0.5390641104926744,0
2023-07-28 11:08:45,4877.15,69299,1,4859.56,33268,45533,0.5390641104926744,0
2023-07-28 11:08:45,4877.15,69299,1,4859.56,33268,45533,0.5390641104926744,0
2023-07-28 11:08:47,4878.35,69312,5,4859.57,33251,45559,0.5638012780869999,0
2023-07-28 11:08:47,4878.35,69312,5,4859.57,33251,45559,0.5638012780869999,0
2023-07-28 11:08:49,4877.75,69314,1,4859.57,33196,45505,0.5514326942898371,0
2023-07-28 11:08:49,4877.75,69314,1,4859.57,33220,45597,0.5514326942898371,0
2023-07-28 11:08:49,4877.75,69314,1,4859.57,33354,45512,0.5514326942898371,0
2023-07-28 11:08:49,4877.75,69314,1,4859.57,33353,45536,0.5514326942898371,0
2023-07-28 11:08:49,4877.75,69314,1,4859.57,33379,45536,0.5514326942898371,0
2023-07-28 11:08:49,4877.75,69314,1,4859.57,33387,45526,0.5514326942898371,0
2023-07-28 11:08:49,4877.75,69314,1,4859.57,33300,45549,0.5514326942898371,0
2023-07-28 11:08:49,4877.75,69314,1,4859.57,33300,45580,0.5514326942898371,0
2023-07-28 11:08:49,4877.75,69314,1,4859.57,33300,45580,0.5514326942898371,0
2023-07-28 11:08:49,4877.75,69314,1,4859.57,33320,45580,0.5514326942898371,0
2023-07-28 11:08:49,4877.75,69314,1,4859.57,33326,45574,0.5514326942898371,0
2023-07-28 11:08:49,4877.75,69314,1,4859.57,33312,45598,0.5514326942898371,0
2023-07-28 11:08:49,4877.75,69314,1,4859.57,33305,45565,0.5514326942898371,0
2023-07-28 11:08:49,4877.15,69314,5,4859.57,33305,45565,0.5390641104926744,0
2023-07-28 11:09:02,4877.15,69320,5,4859.57,33314,45564,0.5390641104926744,0
2023-07-28 11:09:02,4877.15,69320,5,4859.57,33315,45564,0.5390641104926744,0
2023-07-28 11:09:02,4877.15,69320,1,4859.57,33315,45556,0.5390641104926744,0
2023-07-28 11:09:05,4877.15,69321,1,4859.57,33296,45547,0.5390641104926744,0
2023-07-28 11:09:05,4877.15,69321,1,4859.57,33313,45563,0.5390641104926744,0
2023-07-28 11:09:05,4877.15,69321,1,4859.57,33341,45563,0.5390641104926744,0
2023-07-28 11:09:05,4877.15,69321,1,4859.57,33297,45574,0.5390641104926744,0
2023-07-28 11:09:05,4877.15,69321,1,4859.57,33270,45576,0.5390641104926744,0
2023-07-28 11:09:11,4876.85,69347,2,4859.58,33227,45629,0.5328798185941118,0
2023-07-28 11:09:12,4875.65,69371,13,4859.58,33199,45676,0.5081426509997864,0
2023-07-28 11:09:13,4876.35,69389,1,4859.59,33206,45638,0.5225726654298158,0
2023-07-28 11:09:13,4877.0,69389,5,4859.59,33213,45607,0.5359719645433931,0
2023-07-28 11:09:14,4877.0,69394,5,4859.59,33243,45588,0.5359719645433931,0
2023-07-28 11:09:14,4877.0,69394,5,4859.59,33234,45624,0.5359719645433931,0
2023-07-28 11:09:16,4876.35,69397,1,4859.59,33247,45681,0.5225726654298158,0
2023-07-28 11:09:16,4877.0,69397,6,4859.59,33247,45681,0.5359719645433931,0
2023-07-28 11:09:17,4877.0,69403,6,4859.59,33257,45618,0.5359719645433931,0
2023-07-28 11:09:17,4877.0,69403,6,4859.59,33258,45618,0.5359719645433931,0
2023-07-28 11:09:20,4877.0,69425,1,4859.59,33276,45582,0.5359719645433931,0
2023-07-28 11:09:20,4877.0,69425,1,4859.59,33276,45582,0.5359719645433931,0
2023-07-28 11:09:20,4877.0,69425,1,4859.59,33251,45624,0.5359719645433931,0
2023-07-28 11:09:22,4875.65,69444,1,4859.6,33230,45700,0.5081426509997864,0
2023-07-28 11:09:22,4875.1,69444,5,4859.6,33230,45700,0.4968047825190757,0
2023-07-28 11:09:23,4875.1,69527,15,4859.62,31565,45764,0.4968047825190757,0
2023-07-28 11:09:23,4874.7,69527,31,4859.62,31565,45764,0.48855905998762766,0
2023-07-28 11:09:24,4875.95,69565,3,4859.63,33013,45678,0.5143269428983677,0
2023-07-28 11:09:26,4876.95,69693,15,4859.66,33128,45617,0.5349412492269597,0
2023-07-28 11:09:26,4874.7,69693,10,4859.66,33128,45617,0.48855905998762766,0
2023-07-28 11:09:27,4875.8,69726,1,4859.66,33233,45632,0.5112347969490865,0
2023-07-28 11:09:27,4877.0,69726,2,4859.66,33212,45652,0.5359719645433931,0
2023-07-28 11:09:29,4874.85,69753,2,4859.67,33262,45593,0.49165120593692774,0
2023-07-28 11:09:29,4875.8,69753,1,4859.67,33262,45593,0.5112347969490865,0
2023-07-28 11:09:30,4875.8,69764,1,4859.67,33215,45594,0.5112347969490865,0
2023-07-28 11:09:30,4875.8,69764,1,4859.67,33236,45595,0.5112347969490865,0
2023-07-28 11:09:30,4875.8,69764,1,4859.67,33236,45595,0.5112347969490865,0
2023-07-28 11:09:30,4876.4,69764,2,4859.67,33236,45595,0.5236033807462304,0
2023-07-28 11:09:34,4876.4,69766,2,4859.67,33296,45574,0.5236033807462304,0
2023-07-28 11:09:34,4877.0,69766,2,4859.67,33296,45574,0.5359719645433931,0
2023-07-28 11:09:35,4876.7,69768,1,4859.67,33285,45593,0.5297876726448117,0
2023-07-28 11:09:36,4876.7,69769,1,4859.67,33244,45553,0.5297876726448117,0
2023-07-28 11:09:36,4876.85,69769,2,4859.67,33245,45556,0.5328798185941118,0
2023-07-28 11:09:38,4876.85,69772,2,4859.68,33207,45552,0.5328798185941118,0
2023-07-28 11:09:40,4876.9,69785,1,4859.68,33213,45547,0.5339105339105265,0
2023-07-28 11:09:40,4876.9,69785,1,4859.68,33213,45547,0.5339105339105265,0
2023-07-28 11:09:40,4876.9,69785,1,4859.68,33200,45594,0.5339105339105265,0
2023-07-28 11:09:40,4877.0,69785,1,4859.68,33200,45594,0.5359719645433931,0
2023-07-28 11:09:42,4877.0,69795,1,4859.68,33236,45553,0.5359719645433931,0
2023-07-28 11:09:42,4877.0,69795,1,4859.68,33236,45553,0.5359719645433931,0
2023-07-28 11:09:44,4877.05,69797,2,4859.68,33205,45537,0.5370026798598264,0
2023-07-28 11:09:44,4877.15,69797,4,4859.68,33205,45537,0.5390641104926744,0
2023-07-28 11:09:45,4877.15,69801,4,4859.68,33238,45542,0.5390641104926744,0
2023-07-28 11:09:46,4877.15,69808,2,4859.68,31985,45499,0.5390641104926744,0
2023-07-28 11:09:48,4877.1,69810,1,4859.68,33227,45586,0.5380333951762598,0
2023-07-28 11:09:48,4877.1,69810,1,4859.68,33227,45584,0.5380333951762598,0
2023-07-28 11:09:51,4877.15,69813,1,4859.69,33227,45525,0.5390641104926744,0
2023-07-28 11:09:51,4877.15,69813,1,4859.69,33227,45525,0.5390641104926744,0
2023-07-28 11:09:51,4877.15,69813,1,4859.69,33229,45531,0.5390641104926744,0
2023-07-28 11:09:52,4877.05,69816,1,4859.69,33229,45559,0.5370026798598264,0
2023-07-28 11:09:52,4878.0,69816,16,4859.69,33225,45566,0.5565862708719852,0
2023-07-28 11:09:54,4877.1,69866,1,4859.7,33267,45525,0.5380333951762598,0
2023-07-28 11:09:55,4877.1,69871,1,4859.7,33248,45607,0.5380333951762598,0
2023-07-28 11:09:55,4877.1,69871,1,4859.7,33246,45348,0.5380333951762598,0
2023-07-28 11:09:57,4877.7,69873,1,4859.7,33163,45217,0.5504019789734038,0
2023-07-28 11:09:57,4878.4,69873,4,4859.7,33163,45217,0.5648319934034145,0
2023-07-28 11:09:59,4877.45,69881,1,4859.7,33169,45226,0.5452484023912558,0
2023-07-28 11:09:59,4877.45,69881,1,4859.7,33169,45226,0.5452484023912558,0
2023-07-28 11:09:59,4877.45,69881,1,4859.7,33138,45295,0.5452484023912558,0
2023-07-28 11:10:01,4877.45,69884,1,4859.7,33137,45317,0.5452484023912558,0
2023-07-28 11:10:01,4878.5,69884,3,4859.7,33137,45317,0.5668934240362812,0
2023-07-28 11:10:02,4878.5,69887,3,4859.7,33126,45306,0.5668934240362812,0
2023-07-28 11:10:02,4877.8,69887,1,4859.7,33126,45306,0.5524634096062705,0
2023-07-28 11:10:03,4877.8,69888,1,4859.71,33184,45388,0.5524634096062705,0
2023-07-28 11:10:04,4877.8,69889,1,4859.71,33304,45696,0.5524634096062705,0
2023-07-28 11:10:04,4877.1,69889,1,4859.71,33279,45683,0.5380333951762598,0
2023-07-28 11:10:06,4877.1,69897,1,4859.71,33244,45483,0.5380333951762598,0
2023-07-28 11:10:06,4877.1,69897,1,4859.71,33232,45768,0.5380333951762598,0
2023-07-28 11:10:06,4875.15,69897,1,4859.71,33232,45768,0.49783549783549036,0
2023-07-28 11:10:08,4875.15,69900,1,4859.71,33196,45474,0.49783549783549036,0
2023-07-28 11:10:08,4875.15,69900,1,4859.71,33260,45481,0.49783549783549036,0
2023-07-28 11:10:08,4875.15,69900,1,4859.71,33268,45544,0.49783549783549036,0
2023-07-28 11:10:08,4875.15,69900,1,4859.71,33268,45539,0.49783549783549036,0
2023-07-28 11:10:08,4875.15,69900,1,4859.71,33239,45519,0.49783549783549036,0
2023-07-28 11:10:08,4876.05,69900,1,4859.71,33351,45425,0.5163883735312345,0
2023-07-28 11:10:13,4876.05,69902,1,4859.71,33317,45458,0.5163883735312345,0
2023-07-28 11:10:13,4874.85,69902,3,4859.71,33317,45458,0.49165120593692774,0
2023-07-28 11:10:15,4874.85,69912,3,4859.71,33191,45497,0.49165120593692774,0
2023-07-28 11:10:15,4876.6,69912,1,4859.71,33191,45497,0.5277262420119638,0
2023-07-28 11:10:16,4874.7,69918,3,4859.71,33237,45486,0.48855905998762766,0
2023-07-28 11:10:16,4876.6,69918,2,4859.71,33237,45486,0.5277262420119638,0
2023-07-28 11:10:18,4876.6,69920,2,4859.71,33261,45444,0.5277262420119638,0
2023-07-28 11:10:18,4876.6,69920,2,4859.71,33288,45458,0.5277262420119638,0
2023-07-28 11:10:18,4876.6,69920,2,4859.71,33258,45458,0.5277262420119638,0
2023-07-28 11:10:18,4876.6,69920,2,4859.71,33223,45437,0.5277262420119638,0
2023-07-28 11:10:18,4876.6,69920,2,4859.71,33249,45420,0.5277262420119638,0
2023-07-28 11:10:25,4875.5,69941,20,4859.72,33142,45468,0.5050505050505051,0
2023-07-28 11:10:25,4875.5,69941,20,4859.72,33184,45485,0.5050505050505051,0
2023-07-28 11:10:27,4875.1,69942,1,4859.72,33111,45582,0.4968047825190757,0
2023-07-28 11:10:27,4875.1,69942,1,4859.72,33155,45563,0.4968047825190757,0
2023-07-28 11:10:27,4875.5,69942,3,4859.72,33155,45563,0.5050505050505051,0
2023-07-28 11:10:29,4875.35,69946,1,4859.72,33172,45537,0.5019583591012238,0
2023-07-28 11:10:29,4875.15,69946,1,4859.72,33172,45537,0.49783549783549036,0
2023-07-28 11:10:31,4875.5,69948,3,4859.72,33100,45516,0.5050505050505051,0
2023-07-28 11:10:32,4875.5,69953,3,4859.72,33124,45498,0.5050505050505051,0
2023-07-28 11:10:32,4875.5,69953,3,4859.72,33247,45399,0.5050505050505051,0
2023-07-28 11:10:32,4875.5,69953,3,4859.72,33260,45398,0.5050505050505051,0
2023-07-28 11:10:32,4875.5,69953,1,4859.72,33260,45398,0.5050505050505051,0
2023-07-28 11:10:36,4875.1,69965,1,4859.72,33165,45444,0.4968047825190757,0
2023-07-28 11:10:37,4875.2,69988,5,4859.73,33220,45460,0.4988662131519237,0
2023-07-28 11:10:38,4875.2,69993,5,4859.73,33308,45400,0.4988662131519237,0
2023-07-28 11:10:38,4875.2,69993,5,4859.73,33332,45403,0.4988662131519237,0
2023-07-28 11:10:42,4875.5,69998,5,4859.73,33367,45372,0.5050505050505051,0
2023-07-28 11:10:42,4875.5,69998,5,4859.73,33307,45336,0.5050505050505051,0
2023-07-28 11:10:42,4875.5,69998,5,4859.73,33226,45380,0.5050505050505051,0
2023-07-28 11:10:42,4875.5,69998,5,4859.73,33177,45523,0.5050505050505051,0
2023-07-28 11:10:42,4875.5,69998,5,4859.73,33198,45523,0.5050505050505051,0
2023-07-28 11:10:47,4875.5,70005,2,4859.73,33199,45497,0.5050505050505051,0
2023-07-28 11:10:47,4875.5,70005,2,4859.73,33316,45368,0.5050505050505051,0
2023-07-28 11:10:47,4875.5,70005,2,4859.73,33225,45524,0.5050505050505051,0
2023-07-28 11:10:47,4875.5,70005,2,4859.73,33204,45539,0.5050505050505051,0
2023-07-28 11:10:47,4875.5,70005,2,4859.73,33204,45539,0.5050505050505051,0
2023-07-28 11:10:47,4874.6,70005,1,4859.73,33204,45539,0.4864976293547797,0
2023-07-28 11:10:53,4874.6,70006,1,4859.73,33316,45541,0.4864976293547797,0
2023-07-28 11:10:53,4874.85,70006,1,4859.73,33316,45541,0.49165120593692774,0
2023-07-28 11:10:54,4874.85,70007,1,4859.73,33143,45526,0.49165120593692774,0
2023-07-28 11:10:54,4874.85,70007,1,4859.73,33143,45526,0.49165120593692774,0
2023-07-28 11:10:54,4874.85,70007,1,4859.73,33143,45526,0.49165120593692774,0
2023-07-28 11:10:54,4874.85,70007,1,4859.73,33148,45526,0.49165120593692774,0
2023-07-28 11:10:54,4874.85,70007,1,4859.73,33179,45523,0.49165120593692774,0
2023-07-28 11:10:54,4874.85,70007,1,4859.73,33179,45523,0.49165120593692774,0
2023-07-28 11:10:54,4874.85,70007,1,4859.73,33179,45550,0.49165120593692774,0
2023-07-28 11:10:54,4874.85,70007,1,4859.73,33176,45523,0.49165120593692774,0
2023-07-28 11:11:02,4874.85,70013,6,4859.73,33175,45501,0.49165120593692774,0
2023-07-28 11:11:02,4874.85,70013,6,4859.73,33178,45519,0.49165120593692774,0
2023-07-28 11:11:05,4874.85,70015,1,4859.73,33184,45518,0.49165120593692774,0
2023-07-28 11:11:05,4874.85,70015,1,4859.73,33180,45518,0.49165120593692774,0
2023-07-28 11:11:05,4874.85,70016,1,4859.73,33198,45518,0.49165120593692774,0
2023-07-28 11:11:05,4874.85,70016,1,4859.73,33179,45539,0.49165120593692774,0
2023-07-28 11:11:05,4874.85,70016,1,4859.73,33179,45519,0.49165120593692774,0
2023-07-28 11:11:05,4874.85,70016,1,4859.73,33179,45502,0.49165120593692774,0
2023-07-28 11:11:05,4874.85,70016,1,4859.73,33202,45502,0.49165120593692774,0
2023-07-28 11:11:05,4874.85,70016,1,4859.73,33203,45753,0.49165120593692774,0
2023-07-28 11:11:12,4872.1,70116,22,4859.75,33236,45666,0.43496186353329963,0
2023-07-28 11:11:12,4872.1,70145,1,4859.76,33234,45699,0.43496186353329963,0
2023-07-28 11:11:12,4872.1,70145,1,4859.76,33252,45699,0.43496186353329963,0
2023-07-28 11:11:12,4872.1,70145,1,4859.76,33245,45699,0.43496186353329963,0
2023-07-28 11:11:16,4874.75,70163,18,4859.76,33323,45632,0.489589775304061,0
2023-07-28 11:11:16,4874.75,70163,18,4859.76,33370,45604,0.489589775304061,0
2023-07-28 11:11:16,4874.75,70163,18,4859.76,33384,45605,0.489589775304061,0
2023-07-28 11:11:16,4874.75,70163,18,4859.76,33281,45605,0.489589775304061,0
2023-07-28 11:11:16,4874.75,70163,18,4859.76,33298,45605,0.489589775304061,0
2023-07-28 11:11:16,4874.75,70163,18,4859.76,33253,45599,0.489589775304061,0
2023-07-28 11:11:16,4873.55,70163,1,4859.76,33253,45599,0.46485260770975434,0
2023-07-28 11:11:21,4873.55,70164,1,4859.76,33279,45611,0.46485260770975434,0
2023-07-28 11:11:23,4873.55,70185,1,4859.77,32797,44938,0.46485260770975434,0
2023-07-28 11:11:23,4871.05,70198,3,4859.77,32576,45304,0.4133168418882742,0
2023-07-28 11:11:23,4871.05,70198,3,4859.77,32576,45304,0.4133168418882742,0
2023-07-28 11:11:23,4873.0,70198,5,4859.77,32576,45304,0.45351473922902497,0
2023-07-28 11:11:25,4873.0,70203,5,4859.77,32849,45345,0.45351473922902497,0
2023-07-28 11:11:26,4873.0,70204,1,4859.77,32828,45353,0.45351473922902497,0
2023-07-28 11:11:26,4872.05,70204,1,4859.77,32828,45353,0.43393114821686624,0
2023-07-28 11:11:26,4872.05,70204,1,4859.77,32828,45353,0.43393114821686624,0
2023-07-28 11:11:27,4872.05,70205,1,4859.77,32833,45332,0.43393114821686624,0
2023-07-28 11:11:27,4872.05,70205,1,4859.77,32833,45332,0.43393114821686624,0
2023-07-28 11:11:27,4872.05,70205,1,4859.77,32833,45335,0.43393114821686624,0
2023-07-28 11:11:31,4872.6,70206,1,4859.77,32833,45331,0.4452690166975956,0
2023-07-28 11:11:31,4872.6,70206,1,4859.77,32840,45331,0.4452690166975956,0
2023-07-28 11:11:32,4873.0,70211,5,4859.77,32838,45320,0.45351473922902497,0
2023-07-28 11:11:32,4873.0,70211,5,4859.77,32852,45327,0.45351473922902497,0
2023-07-28 11:11:32,4873.0,70211,5,4859.77,32864,45327,0.45351473922902497,0
2023-07-28 11:11:36,4873.0,70212,1,4859.77,32845,45290,0.45351473922902497,0
2023-07-28 11:11:38,4872.8,70217,1,4859.77,32888,45311,0.44939187796331026,0
2023-07-28 11:11:38,4872.8,70217,1,4859.77,32861,45326,0.44939187796331026,0
2023-07-28 11:11:38,4872.8,70217,1,4859.77,32861,45326,0.44939187796331026,0
2023-07-28 11:11:38,4872.8,70217,1,4859.77,32852,45291,0.44939187796331026,0
2023-07-28 11:11:38,4872.8,70217,1,4859.77,32859,45287,0.44939187796331026,0
2023-07-28 11:11:38,4872.9,70217,1,4859.77,32859,45287,0.45145330859615823,0
2023-07-28 11:11:42,4872.9,70219,1,4859.77,32882,45290,0.45145330859615823,0
2023-07-28 11:11:42,4872.95,70219,1,4859.77,32885,45305,0.45248402391259157,0
2023-07-28 11:11:44,4872.95,70221,1,4859.77,32894,45383,0.45248402391259157,0
2023-07-28 11:11:44,4872.95,70221,1,4859.77,32894,45383,0.45248402391259157,0
2023-07-28 11:11:44,4872.95,70221,1,4859.77,32894,45518,0.45248402391259157,0
2023-07-28 11:11:44,4873.0,70221,1,4859.77,32894,45518,0.45351473922902497,0
2023-07-28 11:11:47,4873.0,70226,2,4859.77,32906,45591,0.45351473922902497,0
2023-07-28 11:11:47,4870.0,70226,4,4859.77,32927,45586,0.3916718202432488,0
2023-07-28 11:11:49,4870.0,70375,4,4859.8,33198,45691,0.3916718202432488,0
2023-07-28 11:11:49,4870.25,70375,16,4859.8,33198,45691,0.3968253968253968,0
2023-07-28 11:11:49,4870.25,70410,16,4859.8,33221,45719,0.3968253968253968,0
2023-07-28 11:11:49,4873.0,70410,9,4859.8,33221,45719,0.45351473922902497,0
2023-07-28 11:11:51,4873.0,70420,9,4859.8,33321,45594,0.45351473922902497,0
2023-07-28 11:11:52,4871.5,70428,2,4859.81,33400,45523,0.42259327973613686,0
2023-07-28 11:11:53,4871.5,70438,2,4859.81,33284,45559,0.42259327973613686,0
2023-07-28 11:11:54,4874.0,70445,7,4859.81,33377,45471,0.474129045557617,0
2023-07-28 11:11:54,4874.0,70445,7,4859.81,33370,45813,0.474129045557617,0
2023-07-28 11:11:54,4873.1,70445,1,4859.81,33333,45803,0.45557616986189164,0
2023-07-28 11:11:57,4873.1,70446,1,4859.81,33335,45725,0.45557616986189164,0
2023-07-28 11:11:57,4873.1,70446,1,4859.81,33361,45739,0.45557616986189164,0
2023-07-28 11:11:57,4873.1,70446,1,4859.81,32127,45745,0.45557616986189164,0
2023-07-28 11:11:57,4873.1,70446,1,4859.81,33358,45753,0.45557616986189164,0
2023-07-28 11:12:02,4874.0,70452,6,4859.81,33339,45773,0.474129045557617,0
2023-07-28 11:12:02,4873.8,70452,1,4859.81,33339,45773,0.47000618429190233,0
2023-07-28 11:12:03,4873.9,70453,1,4859.81,33280,45747,0.4720676149247503,0
2023-07-28 11:12:04,4873.9,70455,1,4859.81,33284,45748,0.4720676149247503,0
2023-07-28 11:12:04,4873.9,70455,1,4859.81,33285,45748,0.4720676149247503,0
2023-07-28 11:12:04,4874.0,70455,1,4859.81,33285,45748,0.474129045557617,0
2023-07-28 11:12:06,4874.0,70456,1,4859.81,33279,45737,0.474129045557617,0
2023-07-28 11:12:06,4874.0,70456,1,4859.81,33287,45756,0.474129045557617,0
2023-07-28 11:12:06,4874.0,70456,1,4859.81,33291,45736,0.474129045557617,0
2023-07-28 11:12:11,4874.0,70463,7,4859.81,33292,45730,0.474129045557617,0
2023-07-28 11:12:12,4874.0,70471,1,4859.81,33333,45715,0.474129045557617,0
2023-07-28 11:12:13,4874.0,70492,1,4859.82,33292,45706,0.474129045557617,0
2023-07-28 11:12:14,4872.5,70529,3,4859.82,32837,45833,0.44320758606472893,0
2023-07-28 11:12:14,4873.15,70529,4,4859.82,32837,45833,0.4566068851783063,0
2023-07-28 11:12:16,4871.2,70686,1,4859.86,32890,45817,0.41640898783755553,0
2023-07-28 11:12:17,4873.75,70722,4,4859.86,32916,45869,0.468975468975469,0
2023-07-28 11:12:17,4873.75,70722,4,4859.86,32913,45929,0.468975468975469,0
2023-07-28 11:12:17,4874.05,70722,5,4859.86,32913,45929,0.4751597608740503,0
2023-07-28 11:12:19,4874.05,70738,5,4859.86,32981,45827,0.4751597608740503,0
2023-07-28 11:12:20,4874.0,70755,5,4859.87,33017,45804,0.474129045557617,0
2023-07-28 11:12:20,4874.0,70755,5,4859.87,32958,45877,0.474129045557617,0
2023-07-28 11:12:20,4874.0,70755,5,4859.87,32961,45864,0.474129045557617,0
2023-07-28 11:12:24,4874.0,70756,1,4859.87,33021,45815,0.474129045557617,0
2023-07-28 11:12:24,4874.0,70756,1,4859.87,32982,45886,0.474129045557617,0
2023-07-28 11:12:24,4874.65,70756,2,4859.87,33004,45840,0.4875283446711943,0
2023-07-28 11:12:26,4874.65,70758,2,4859.87,33054,45792,0.4875283446711943,0
2023-07-28 11:12:26,4874.65,70758,2,4859.87,33106,45721,0.4875283446711943,0
2023-07-28 11:12:26,4874.65,70758,2,4859.87,33056,45777,0.4875283446711943,0
2023-07-28 11:12:30,4874.45,70759,1,4859.87,33031,45742,0.4834054834054797,0
2023-07-28 11:12:30,4874.45,70759,1,4859.87,32836,45735,0.4834054834054797,0
2023-07-28 11:12:30,4874.6,70759,1,4859.87,32836,45735,0.4864976293547797,0
2023-07-28 11:12:31,4874.75,70760,4,4859.87,32837,45839,0.489589775304061,0
2023-07-28 11:12:33,4874.75,70767,1,4859.87,32852,45852,0.489589775304061,0
2023-07-28 11:12:33,4874.75,70767,1,4859.87,32904,45818,0.489589775304061,0
2023-07-28 11:12:33,4874.25,70767,1,4859.87,32904,45818,0.479282622139765,0
2023-07-28 11:12:35,4874.25,70777,1,4859.87,32853,45851,0.479282622139765,0
2023-07-28 11:12:35,4874.25,70777,1,4859.87,32931,45948,0.479282622139765,0
2023-07-28 11:12:35,4874.5,70777,1,4859.87,32799,45951,0.484436198721913,0
2023-07-28 11:12:38,4874.25,70805,1,4859.88,32749,46161,0.479282622139765,0
2023-07-28 11:12:38,4870.95,70805,1,4859.88,32749,46161,0.4112554112554075,0
2023-07-28 11:12:38,4870.95,70818,1,4859.88,32755,45998,0.4112554112554075,0
2023-07-28 11:12:38,4870.95,70818,1,4859.88,32754,45997,0.4112554112554075,0
2023-07-28 11:12:38,4870.95,70818,1,4859.88,32758,45997,0.4112554112554075,0
2023-07-28 11:12:38,4870.95,70818,1,4859.88,32846,45859,0.4112554112554075,0
2023-07-28 11:12:38,4870.95,70818,1,4859.88,32828,45872,0.4112554112554075,0
2023-07-28 11:12:38,4870.95,70818,1,4859.88,32830,45869,0.4112554112554075,0
2023-07-28 11:12:38,4870.95,70818,1,4859.88,32830,45869,0.4112554112554075,0
2023-07-28 11:12:47,4872.8,70819,1,4859.88,32843,45870,0.44939187796331026,0
2023-07-28 11:12:47,4873.2,70819,2,4859.88,32843,45870,0.4576376004947396,0
2023-07-28 11:12:48,4874.25,70831,6,4859.88,31567,45750,0.479282622139765,0
2023-07-28 11:12:48,4874.25,70831,6,4859.88,32832,45828,0.479282622139765,0
2023-07-28 11:12:48,4874.7,70831,1,4859.88,32832,45828,0.48855905998762766,0
2023-07-28 11:12:50,4874.7,70833,1,4859.88,32884,45782,0.48855905998762766,0
2023-07-28 11:12:50,4874.3,70833,1,4859.88,32884,45782,0.48031333745619836,0
2023-07-28 11:12:51,4874.3,70835,1,4859.88,32925,45766,0.48031333745619836,0
2023-07-28 11:12:52,4874.75,70836,1,4859.88,32906,45743,0.489589775304061,0
2023-07-28 11:12:52,4873.9,70836,1,4859.88,32906,45743,0.4720676149247503,0
2023-07-28 11:12:53,4873.9,70839,1,4859.88,32879,45903,0.4720676149247503,0
2023-07-28 11:12:53,4873.9,70839,1,4859.88,32880,45856,0.4720676149247503,0
2023-07-28 11:12:53,4873.9,70839,1,4859.88,32891,45882,0.4720676149247503,0
2023-07-28 11:12:53,4874.6,70839,1,4859.88,32891,45882,0.4864976293547797,0
2023-07-28 11:12:53,4873.5,70839,1,4859.88,32891,45882,0.46382189239332094,0
2023-07-28 11:12:57,4873.5,70852,1,4859.89,32880,45880,0.46382189239332094,0
2023-07-28 11:12:59,4874.6,70854,2,4859.89,32901,45878,0.4864976293547797,0
2023-07-28 11:12:59,4873.45,70854,1,4859.89,32892,45813,0.4627911770768876,0
2023-07-28 11:13:01,4873.45,70857,1,4859.89,32873,45870,0.4627911770768876,0
2023-07-28 11:13:01,4873.2,70857,2,4859.89,32873,45870,0.4576376004947396,0
2023-07-28 11:13:02,4873.2,70859,2,4859.89,32809,46168,0.4576376004947396,0
2023-07-28 11:13:04,4872.95,70892,33,4859.89,32796,45947,0.45248402391259157,0
2023-07-28 11:13:04,4870.55,70905,12,4859.9,32969,45893,0.4030096887239782,0
2023-07-28 11:13:06,4871.4,70915,1,4859.9,32912,46012,0.4205318491032702,0
2023-07-28 11:13:07,4872.9,70924,3,4859.9,32955,46027,0.45145330859615823,0
2023-07-28 11:13:07,4872.9,70924,3,4859.9,32955,46027,0.45145330859615823,0
2023-07-28 11:13:08,4872.9,70925,1,4859.9,32959,46024,0.45145330859615823,0
2023-07-28 11:13:08,4872.9,70925,1,4859.9,32959,46024,0.45145330859615823,0
2023-07-28 11:13:08,4872.9,70925,1,4859.9,32940,46023,0.45145330859615823,0
2023-07-28 11:13:08,4872.9,70925,1,4859.9,32964,46023,0.45145330859615823,0
2023-07-28 11:13:08,4872.9,70925,1,4859.9,33001,46016,0.45145330859615823,0
2023-07-28 11:13:12,4871.15,70932,5,4859.9,32980,45980,0.41537827252112214,0
2023-07-28 11:13:12,4871.15,70932,5,4859.9,32992,45959,0.41537827252112214,0
2023-07-28 11:13:12,4871.15,70932,5,4859.9,32994,45949,0.41537827252112214,0
2023-07-28 11:13:12,4871.15,70932,5,4859.9,32994,45939,0.41537827252112214,0
2023-07-28 11:13:17,4870.35,70942,5,4859.9,32904,46044,0.39888682745826354,0
2023-07-28 11:13:17,4872.7,70953,1,4859.9,32938,45869,0.4473304473304436,0
2023-07-28 11:13:17,4872.7,70953,1,4859.9,32930,45865,0.4473304473304436,0
2023-07-28 11:13:17,4872.1,70953,2,4859.9,32930,45865,0.43496186353329963,0
2023-07-28 11:13:19,4872.1,70955,1,4859.9,32982,45904,0.43496186353329963,0
2023-07-28 11:13:21,4870.55,70962,6,4859.91,32888,46035,0.4030096887239782,0
2023-07-28 11:13:21,4870.55,70962,6,4859.91,32955,45459,0.4030096887239782,0
2023-07-28 11:13:21,4870.55,70962,6,4859.91,32953,45689,0.4030096887239782,0
2023-07-28 11:13:21,4870.55,70962,6,4859.91,32953,45689,0.4030096887239782,0
2023-07-28 11:13:21,4870.55,70962,6,4859.91,33007,45652,0.4030096887239782,0
2023-07-28 11:13:21,4870.55,70962,6,4859.91,33004,45657,0.4030096887239782,0
2023-07-28 11:13:27,4872.6,70963,1,4859.91,33056,45509,0.4452690166975956,0
2023-07-28 11:13:28,4870.45,70981,1,4859.91,32884,45646,0.4009482580911115,0
