2023-07-28 10:49:29,1575.85,1083872,5,1591.14,166767,242060,-2.3969527112817843,0
2023-07-28 10:49:29,1575.85,1083872,5,1591.14,166545,241557,-2.3969527112817843,0
2023-07-28 10:49:29,1574.8,1083872,7,1591.14,166767,242060,-2.461986311975473,0
2023-07-28 10:49:31,1575.65,1084376,1,1591.13,166192,241043,-2.409340063794857,0
2023-07-28 10:49:32,1575.05,1084385,1,1591.13,166297,241327,-2.446502121334118,0
2023-07-28 10:49:34,1575.05,1084421,2,1591.13,166350,241386,-2.446502121334118,0
2023-07-28 10:49:34,1575.35,1084421,2,1591.13,166350,241386,-2.4279210925644947,0
2023-07-28 10:49:35,1575.35,1084450,3,1591.13,166222,241323,-2.4279210925644947,0
2023-07-28 10:49:37,1575.4,1084852,4,1591.13,166039,241251,-2.424824254436212,0
2023-07-28 10:49:37,1575.4,1084852,4,1591.13,166039,241251,-2.424824254436212,0
2023-07-28 10:49:39,1575.2,1084899,6,1591.13,165866,241672,-2.4372116069492993,0
2023-07-28 10:49:39,1575.2,1084899,6,1591.13,165866,241672,-2.4372116069492993,0
2023-07-28 10:49:40,1575.25,1084919,1,1591.13,165919,241663,-2.434114768821031,0
2023-07-28 10:49:41,1575.2,1084921,1,1591.13,165903,241679,-2.4372116069492993,0
2023-07-28 10:49:43,1575.4,1085336,241,1591.12,165878,240829,-2.424824254436212,0
2023-07-28 10:49:43,1575.25,1085336,1,1591.12,165878,240829,-2.434114768821031,0
2023-07-28 10:49:43,1575.25,1085369,1,1591.12,165909,241496,-2.434114768821031,0
2023-07-28 10:49:44,1574.5,1085874,57,1591.11,166312,240329,-2.4805673407450963,0
2023-07-28 10:49:45,1575.25,1085993,1,1591.11,166561,240873,-2.434114768821031,0
2023-07-28 10:49:47,1575.25,1086058,32,1591.11,166472,240811,-2.434114768821031,0
2023-07-28 10:49:47,1575.25,1086058,10,1591.11,166472,240811,-2.434114768821031,0
2023-07-28 10:49:47,1575.45,1086134,3,1591.11,166801,241078,-2.421727416307944,0
2023-07-28 10:49:49,1575.35,1086160,15,1591.11,166986,238979,-2.4279210925644947,0
2023-07-28 10:49:49,1575.45,1086175,19,1591.11,167038,241474,-2.421727416307944,0
2023-07-28 10:49:51,1575.45,1086194,19,1591.11,167543,241511,-2.421727416307944,0
2023-07-28 10:49:51,1575.45,1086194,19,1591.11,167545,241583,-2.421727416307944,0
2023-07-28 10:49:51,1575.45,1086194,50,1591.11,167545,241583,-2.421727416307944,0
2023-07-28 10:49:53,1575.45,1086244,50,1591.11,167505,241889,-2.421727416307944,0
2023-07-28 10:49:53,1575.45,1086244,50,1591.11,167534,242148,-2.421727416307944,0
2023-07-28 10:49:56,1575.65,1086403,7,1591.1,167475,241882,-2.409340063794857,0
2023-07-28 10:49:56,1575.65,1086403,7,1591.1,167475,241882,-2.409340063794857,0
2023-07-28 10:49:57,1575.05,1086584,41,1591.1,166885,238947,-2.446502121334118,0
2023-07-28 10:49:58,1575.25,1086585,1,1591.1,166962,242104,-2.434114768821031,0
2023-07-28 10:49:59,1575.25,1086655,21,1591.1,166976,241758,-2.434114768821031,0
2023-07-28 10:49:59,1575.65,1086655,2,1591.1,166976,241758,-2.409340063794857,0
2023-07-28 10:50:01,1575.45,1086714,8,1591.1,167127,242136,-2.421727416307944,0
2023-07-28 10:50:01,1575.05,1086714,109,1591.1,167127,242136,-2.446502121334118,0
2023-07-28 10:50:02,1575.1,1086981,3,1591.1,166950,242192,-2.4434052832058497,0
2023-07-28 10:50:02,1575.65,1086981,1,1591.1,166950,242192,-2.409340063794857,0
2023-07-28 10:50:03,1575.65,1087037,1,1591.1,166947,242168,-2.409340063794857,0
2023-07-28 10:50:03,1575.45,1087037,10,1591.1,166947,242168,-2.421727416307944,0
2023-07-28 10:50:05,1575.45,1087062,2,1591.1,166971,242800,-2.421727416307944,0
2023-07-28 10:50:05,1575.45,1087062,15,1591.1,166971,242800,-2.421727416307944,0
2023-07-28 10:50:06,1574.85,1088300,125,1591.08,165308,243042,-2.4588894738472047,0
2023-07-28 10:50:07,1574.8,1088487,4,1591.07,166477,242519,-2.461986311975473,0
2023-07-28 10:50:08,1574.8,1088607,10,1591.07,166509,242607,-2.461986311975473,0
2023-07-28 10:50:10,1575.05,1088730,6,1591.07,166959,242702,-2.446502121334118,0
2023-07-28 10:50:11,1575.05,1088733,2,1591.07,166825,242640,-2.446502121334118,0
2023-07-28 10:50:11,1574.3,1088733,6,1591.07,166825,242640,-2.4929546932581834,0
2023-07-28 10:50:12,1574.85,1088771,25,1591.07,166827,242628,-2.4588894738472047,0
2023-07-28 10:50:12,1574.8,1088771,5,1591.07,166827,242628,-2.461986311975473,0
2023-07-28 10:50:13,1574.7,1088801,9,1591.07,166676,243328,-2.4681799882320097,0
2023-07-28 10:50:14,1574.7,1088814,1,1591.07,166737,243214,-2.4681799882320097,0
2023-07-28 10:50:14,1575.05,1088814,13,1591.07,166737,243214,-2.446502121334118,0
2023-07-28 10:50:15,1574.7,1090549,4,1591.04,166735,242430,-2.4681799882320097,0
2023-07-28 10:50:16,1574.7,1090556,3,1591.04,166755,242595,-2.4681799882320097,0
2023-07-28 10:50:16,1574.7,1090556,3,1591.04,166755,242595,-2.4681799882320097,0
2023-07-28 10:50:17,1574.65,1090587,6,1591.04,166650,242583,-2.4712768263602776,0
2023-07-28 10:50:18,1574.65,1090941,91,1591.04,166546,242526,-2.4712768263602776,0
2023-07-28 10:50:19,1574.5,1090985,10,1591.04,166621,242477,-2.4805673407450963,0
2023-07-28 10:50:20,1574.05,1090990,5,1591.04,166758,242640,-2.508438883899539,0
2023-07-28 10:50:20,1574.05,1090990,5,1591.04,166749,242652,-2.508438883899539,0
2023-07-28 10:50:22,1574.5,1091218,5,1591.03,167032,243030,-2.4805673407450963,0
2023-07-28 10:50:22,1574.5,1091218,5,1591.03,167032,243030,-2.4805673407450963,0
2023-07-28 10:50:22,1574.5,1091218,4,1591.03,167032,243030,-2.4805673407450963,0
2023-07-28 10:50:22,1574.5,1091231,4,1591.03,167065,243017,-2.4805673407450963,0
2023-07-28 10:50:24,1574.5,1091233,1,1591.03,167143,243015,-2.4805673407450963,0
2023-07-28 10:50:24,1574.5,1091233,1,1591.03,167143,243015,-2.4805673407450963,0
2023-07-28 10:50:25,1574.3,1091279,32,1591.03,167203,243011,-2.4929546932581834,0
2023-07-28 10:50:26,1574.5,1091280,1,1591.03,167234,242837,-2.4805673407450963,0
2023-07-28 10:50:26,1574.65,1091280,75,1591.03,167234,242837,-2.4712768263602776,0
2023-07-28 10:50:26,1574.5,1091280,5,1591.03,167234,242837,-2.4805673407450963,0
2023-07-28 10:50:28,1574.65,1091636,34,1591.03,167212,242588,-2.4712768263602776,0
2023-07-28 10:50:29,1574.5,1091694,1,1591.03,167148,242489,-2.4805673407450963,0
2023-07-28 10:50:30,1574.35,1091705,2,1591.03,167247,242702,-2.489857855129915,0
2023-07-28 10:50:30,1574.35,1091705,2,1591.03,167511,242712,-2.489857855129915,0
2023-07-28 10:50:30,1574.65,1091705,5,1591.03,167511,242712,-2.4712768263602776,0
2023-07-28 10:50:32,1574.7,1091725,3,1591.02,167484,242872,-2.4681799882320097,0
2023-07-28 10:50:33,1574.3,1091765,27,1591.02,167444,242871,-2.4929546932581834,0
2023-07-28 10:50:33,1574.7,1091765,8,1591.02,167444,242871,-2.4681799882320097,0
2023-07-28 10:50:34,1574.7,1091794,1,1591.02,167508,242867,-2.4681799882320097,0
2023-07-28 10:50:34,1574.7,1091848,1,1591.02,167548,242878,-2.4681799882320097,0
2023-07-28 10:50:34,1574.2,1091848,1,1591.02,167540,242910,-2.49914836951472,0
2023-07-28 10:50:37,1574.2,1092244,100,1591.02,167712,242653,-2.49914836951472,0
2023-07-28 10:50:37,1574.7,1092436,4,1591.01,167856,242857,-2.4681799882320097,0
2023-07-28 10:50:37,1574.7,1092436,71,1591.01,167856,242857,-2.4681799882320097,0
2023-07-28 10:50:38,1574.7,1092902,71,1591.01,167538,243164,-2.4681799882320097,0
2023-07-28 10:50:38,1574.7,1092902,150,1591.01,167538,243164,-2.4681799882320097,0
2023-07-28 10:50:40,1574.5,1093081,29,1591.0,167796,242682,-2.4805673407450963,0
2023-07-28 10:50:40,1574.7,1093487,7,1591.0,168094,243050,-2.4681799882320097,0
2023-07-28 10:50:40,1574.7,1093487,7,1591.0,167943,243034,-2.4681799882320097,0
2023-07-28 10:50:43,1574.7,1093587,100,1591.0,168029,242936,-2.4681799882320097,0
2023-07-28 10:50:43,1574.7,1093601,14,1591.0,167988,243009,-2.4681799882320097,0
2023-07-28 10:50:43,1574.7,1093601,10,1591.0,167988,243009,-2.4681799882320097,0
2023-07-28 10:50:45,1574.9,1094405,13,1590.98,168593,241077,-2.4557926357189226,0
2023-07-28 10:50:45,1575.0,1094405,249,1590.98,168593,241077,-2.4495989594623864,0
2023-07-28 10:50:46,1575.0,1094707,30,1590.98,168260,241163,-2.4495989594623864,0
2023-07-28 10:50:46,1575.0,1094707,30,1590.98,168260,241163,-2.4495989594623864,0
2023-07-28 10:50:47,1575.45,1094899,58,1590.98,168008,241133,-2.421727416307944,0
2023-07-28 10:50:48,1575.6,1095149,250,1590.97,168176,241405,-2.4124369019231393,0
2023-07-28 10:50:48,1575.0,1095149,6,1590.97,168176,241405,-2.4495989594623864,0
2023-07-28 10:50:49,1575.6,1095180,15,1590.97,168329,241380,-2.4124369019231393,0
2023-07-28 10:50:49,1575.6,1095180,15,1590.97,168329,241380,-2.4124369019231393,0
2023-07-28 10:50:50,1575.6,1095280,100,1590.97,168200,241253,-2.4124369019231393,0
2023-07-28 10:50:51,1575.6,1095320,1,1590.97,168467,241180,-2.4124369019231393,0
2023-07-28 10:50:52,1575.6,1095321,1,1590.97,168480,241318,-2.4124369019231393,0
2023-07-28 10:50:52,1575.6,1095321,1,1590.97,168579,241300,-2.4124369019231393,0
2023-07-28 10:50:52,1575.35,1095321,10,1590.97,168579,241300,-2.4279210925644947,0
2023-07-28 10:50:55,1575.6,1095525,2,1590.97,168684,241537,-2.4124369019231393,0
2023-07-28 10:50:56,1575.6,1095808,271,1590.96,168662,241310,-2.4124369019231393,0
2023-07-28 10:50:56,1575.6,1095808,1,1590.96,168662,241310,-2.4124369019231393,0
2023-07-28 10:50:57,1575.6,1095835,20,1590.96,168737,241366,-2.4124369019231393,0
2023-07-28 10:50:57,1575.6,1095835,20,1590.96,168737,241366,-2.4124369019231393,0
2023-07-28 10:50:58,1575.6,1095840,5,1590.96,168787,241361,-2.4124369019231393,0
2023-07-28 10:50:58,1575.6,1095840,27,1590.96,168787,241361,-2.4124369019231393,0
2023-07-28 10:50:58,1575.6,1096110,27,1590.96,167704,241348,-2.4124369019231393,0
2023-07-28 10:50:58,1575.6,1096110,27,1590.96,168925,241991,-2.4124369019231393,0
2023-07-28 10:51:01,1575.6,1096172,45,1590.96,168996,241659,-2.4124369019231393,0
2023-07-28 10:51:01,1575.6,1096172,5,1590.96,168996,241659,-2.4124369019231393,0
2023-07-28 10:51:02,1575.6,1096404,150,1590.96,169207,241673,-2.4124369019231393,0
2023-07-28 10:51:03,1575.6,1096406,1,1590.96,169152,241818,-2.4124369019231393,0
2023-07-28 10:51:05,1575.6,1096555,30,1590.95,169194,241777,-2.4124369019231393,0
2023-07-28 10:51:06,1575.0,1096558,3,1590.95,169296,242554,-2.4495989594623864,0
2023-07-28 10:51:06,1574.7,1096558,200,1590.95,169296,242554,-2.4681799882320097,0
2023-07-28 10:51:07,1574.8,1098544,4,1590.92,165318,242477,-2.461986311975473,0
2023-07-28 10:51:08,1574.85,1098550,1,1590.92,167569,242474,-2.4588894738472047,0
2023-07-28 10:51:08,1574.8,1098550,10,1590.92,167569,242474,-2.461986311975473,0
2023-07-28 10:51:09,1574.75,1098567,1,1590.92,167396,242550,-2.4650831501037413,0
2023-07-28 10:51:09,1574.7,1098567,2,1590.92,167396,242550,-2.4681799882320097,0
2023-07-28 10:51:09,1574.7,1098569,2,1590.92,167553,242798,-2.4681799882320097,0
2023-07-28 10:51:09,1574.7,1098569,2,1590.92,167638,242767,-2.4681799882320097,0
2023-07-28 10:51:09,1574.05,1098569,27,1590.92,167638,242767,-2.508438883899539,0
2023-07-28 10:51:12,1574.55,1098598,5,1590.92,167589,242951,-2.4774705026168284,0
2023-07-28 10:51:13,1574.15,1098801,100,1590.92,167613,243577,-2.502245207642988,0
2023-07-28 10:51:14,1574.5,1099112,1,1590.92,167607,243275,-2.4805673407450963,0
2023-07-28 10:51:15,1574.5,1099118,1,1590.92,167705,243297,-2.4805673407450963,0
2023-07-28 10:51:15,1574.5,1099118,1,1590.92,167731,243300,-2.4805673407450963,0
2023-07-28 10:51:15,1574.5,1099118,5,1590.92,167731,243300,-2.4805673407450963,0
2023-07-28 10:51:17,1574.5,1099123,10,1590.92,167794,243550,-2.4805673407450963,0
2023-07-28 10:51:19,1574.5,1099167,30,1590.91,168024,243470,-2.4805673407450963,0
2023-07-28 10:51:19,1574.5,1099167,1,1590.91,168024,243470,-2.4805673407450963,0
2023-07-28 10:51:20,1574.5,1099369,91,1590.91,168412,238165,-2.4805673407450963,0
2023-07-28 10:51:20,1574.5,1099369,91,1590.91,168412,238166,-2.4805673407450963,0
2023-07-28 10:51:22,1574.3,1099373,3,1590.91,168342,243393,-2.4929546932581834,0
2023-07-28 10:51:22,1574.3,1099373,5,1590.91,168342,243393,-2.4929546932581834,0
2023-07-28 10:51:23,1574.3,1099381,3,1590.91,168686,242897,-2.4929546932581834,0
2023-07-28 10:51:24,1574.3,1099389,5,1590.91,168978,242889,-2.4929546932581834,0
2023-07-28 10:51:24,1574.3,1099389,5,1590.91,168978,242889,-2.4929546932581834,0
2023-07-28 10:51:25,1574.3,1099392,3,1590.91,168993,243034,-2.4929546932581834,0
2023-07-28 10:51:26,1574.4,1099501,79,1590.91,169069,242246,-2.486761017001633,0
2023-07-28 10:51:27,1574.5,1099521,6,1590.91,169112,242284,-2.4805673407450963,0
2023-07-28 10:51:27,1574.55,1099521,62,1590.91,169112,242284,-2.4774705026168284,0
2023-07-28 10:51:28,1574.55,1099618,17,1590.91,169210,241710,-2.4774705026168284,0
2023-07-28 10:51:28,1574.55,1099618,17,1590.91,169236,242213,-2.4774705026168284,0
2023-07-28 10:51:30,1574.5,1099628,10,1590.91,169683,242210,-2.4805673407450963,0
2023-07-28 10:51:31,1574.5,1099631,3,1590.91,169724,242198,-2.4805673407450963,0
2023-07-28 10:51:31,1574.55,1099631,8,1590.91,169724,242198,-2.4774705026168284,0
2023-07-28 10:51:33,1574.55,1099723,1,1590.91,170435,242303,-2.4774705026168284,0
2023-07-28 10:51:33,1574.55,1099723,1,1590.91,170473,242303,-2.4774705026168284,0
2023-07-28 10:51:33,1574.55,1099723,10,1590.91,170473,242303,-2.4774705026168284,0
2023-07-28 10:51:35,1574.55,1100302,44,1590.9,170543,242478,-2.4774705026168284,0
2023-07-28 10:51:36,1575.0,1100364,12,1590.9,170587,242502,-2.4495989594623864,0
2023-07-28 10:51:37,1574.95,1100487,1,1590.9,170180,243168,-2.4526957975906543,0
2023-07-28 10:51:37,1574.95,1100487,4,1590.9,170180,243168,-2.4526957975906543,0
2023-07-28 10:51:37,1574.95,1100487,2,1590.9,170180,243168,-2.4526957975906543,0
2023-07-28 10:51:39,1574.95,1100493,2,1590.9,170261,242690,-2.4526957975906543,0
2023-07-28 10:51:41,1574.95,1100537,7,1590.89,170299,242640,-2.4526957975906543,0
2023-07-28 10:51:41,1574.95,1100537,7,1590.89,170299,242640,-2.4526957975906543,0
2023-07-28 10:51:41,1575.1,1100537,2,1590.89,170301,242615,-2.4434052832058497,0
2023-07-28 10:51:43,1575.1,1100539,2,1590.89,170524,242512,-2.4434052832058497,0
2023-07-28 10:51:43,1575.3,1100539,1,1590.89,170524,242512,-2.4310179306927626,0
2023-07-28 10:51:43,1575.3,1100639,1,1590.89,170601,243018,-2.4310179306927626,0
2023-07-28 10:51:45,1574.95,1100663,16,1590.89,170638,243016,-2.4526957975906543,0
2023-07-28 10:51:45,1574.95,1100663,16,1590.89,170638,243016,-2.4526957975906543,0
2023-07-28 10:51:45,1575.3,1100663,1,1590.89,170618,243016,-2.4310179306927626,0
2023-07-28 10:51:47,1574.95,1100699,16,1590.89,170419,243224,-2.4526957975906543,0
2023-07-28 10:51:47,1575.3,1100705,1,1590.89,170388,242592,-2.4310179306927626,0
2023-07-28 10:51:47,1575.0,1100705,43,1590.89,170388,242592,-2.4495989594623864,0
2023-07-28 10:51:49,1575.0,1100847,3,1590.89,170700,241823,-2.4495989594623864,0
2023-07-28 10:51:49,1575.0,1100847,3,1590.89,170700,241823,-2.4495989594623864,0
2023-07-28 10:51:50,1575.3,1100948,38,1590.89,170621,242860,-2.4310179306927626,0
2023-07-28 10:51:52,1575.25,1100974,7,1590.89,170715,242796,-2.434114768821031,0
2023-07-28 10:51:52,1575.25,1100974,7,1590.89,170831,242860,-2.434114768821031,0
2023-07-28 10:51:52,1575.0,1100974,9,1590.89,170831,242860,-2.4495989594623864,0
2023-07-28 10:51:52,1575.0,1100974,6,1590.89,170831,242860,-2.4495989594623864,0
2023-07-28 10:51:55,1575.0,1100990,6,1590.89,170499,242446,-2.4495989594623864,0
2023-07-28 10:51:55,1575.0,1100990,6,1590.89,170657,242468,-2.4495989594623864,0
2023-07-28 10:51:57,1575.3,1101006,16,1590.89,170754,241424,-2.4310179306927626,0
2023-07-28 10:51:58,1575.3,1101090,3,1590.89,171775,242289,-2.4310179306927626,0
2023-07-28 10:51:58,1575.7,1101090,1,1590.89,171775,242289,-2.406243225666589,0
2023-07-28 10:52:00,1575.15,1101300,3,1590.88,171491,241924,-2.4403084450775676,0
2023-07-28 10:52:00,1575.15,1101300,3,1590.88,171491,241924,-2.4403084450775676,0
2023-07-28 10:52:01,1575.3,1101310,10,1590.88,171480,242210,-2.4310179306927626,0
2023-07-28 10:52:01,1575.3,1101310,10,1590.88,171480,242210,-2.4310179306927626,0
2023-07-28 10:52:02,1575.75,1101410,62,1590.88,171593,242288,-2.4031463875383205,0
2023-07-28 10:52:03,1575.7,1101421,11,1590.88,171779,241744,-2.406243225666589,0
2023-07-28 10:52:04,1575.8,1101452,11,1590.88,171402,242168,-2.400049549410052,0
2023-07-28 10:52:05,1575.8,1101603,1,1590.88,171377,242262,-2.400049549410052,0
2023-07-28 10:52:05,1575.8,1101603,1,1590.88,171221,242777,-2.400049549410052,0
2023-07-28 10:52:07,1575.75,1101725,6,1590.88,171170,242809,-2.4031463875383205,0
2023-07-28 10:52:07,1575.75,1101730,5,1590.88,171225,242824,-2.4031463875383205,0
2023-07-28 10:52:07,1575.8,1101730,47,1590.88,171225,242824,-2.400049549410052,0
2023-07-28 10:52:09,1575.8,1101884,1,1590.88,171321,242670,-2.400049549410052,0
2023-07-28 10:52:09,1575.8,1101884,30,1590.88,171321,242670,-2.400049549410052,0
2023-07-28 10:52:10,1575.8,1102017,5,1590.87,171365,242103,-2.400049549410052,0
2023-07-28 10:52:11,1575.8,1102065,5,1590.87,171350,242581,-2.400049549410052,0
2023-07-28 10:52:13,1575.8,1102068,3,1590.87,171297,242061,-2.400049549410052,0
2023-07-28 10:52:14,1575.85,1102168,99,1590.87,171277,241961,-2.3969527112817843,0
2023-07-28 10:52:14,1575.7,1102168,1,1590.87,171277,241961,-2.406243225666589,0
2023-07-28 10:52:15,1575.5,1102219,21,1590.87,170899,241978,-2.418630578179676,0
2023-07-28 10:52:16,1575.85,1102226,7,1590.87,170880,241979,-2.3969527112817843,0
2023-07-28 10:52:16,1575.85,1102226,7,1590.87,170880,241979,-2.3969527112817843,0
2023-07-28 10:52:16,1575.85,1102226,1,1590.87,170880,241979,-2.3969527112817843,0
2023-07-28 10:52:17,1575.8,1102227,1,1590.87,171401,242602,-2.400049549410052,0
2023-07-28 10:52:19,1576.0,1102730,2,1590.86,171674,242652,-2.3876621968969656,0
2023-07-28 10:52:19,1576.0,1102730,2,1590.86,171678,243344,-2.3876621968969656,0
2023-07-28 10:52:19,1576.0,1102730,2,1590.86,171678,243490,-2.3876621968969656,0
2023-07-28 10:52:19,1575.85,1102730,13,1590.86,171678,243490,-2.3969527112817843,0
2023-07-28 10:52:19,1575.85,1102730,100,1590.86,171678,243490,-2.3969527112817843,0
2023-07-28 10:52:23,1575.85,1103173,250,1590.86,171678,243071,-2.3969527112817843,0
2023-07-28 10:52:23,1575.85,1103173,250,1590.86,171703,243071,-2.3969527112817843,0
2023-07-28 10:52:25,1575.35,1105195,2,1590.83,171218,243123,-2.4279210925644947,0
2023-07-28 10:52:26,1575.35,1105227,5,1590.83,171458,242782,-2.4279210925644947,0
2023-07-28 10:52:26,1575.35,1105227,20,1590.83,171458,242782,-2.4279210925644947,0
2023-07-28 10:52:27,1575.35,1105397,150,1590.83,171464,242625,-2.4279210925644947,0
2023-07-28 10:52:27,1575.35,1105397,100,1590.83,171464,242625,-2.4279210925644947,0
2023-07-28 10:52:28,1575.35,1105532,100,1590.82,171399,242561,-2.4279210925644947,0
2023-07-28 10:52:28,1575.35,1105532,12,1590.82,171399,242561,-2.4279210925644947,0
2023-07-28 10:52:29,1575.35,1105559,5,1590.82,171536,242534,-2.4279210925644947,0
2023-07-28 10:52:29,1575.35,1105559,53,1590.82,171536,242534,-2.4279210925644947,0
2023-07-28 10:52:30,1575.35,1105802,10,1590.82,171767,241716,-2.4279210925644947,0
2023-07-28 10:52:31,1575.85,1106257,7,1590.81,171944,241984,-2.3969527112817843,0
2023-07-28 10:52:31,1575.85,1106257,7,1590.81,171850,242011,-2.3969527112817843,0
2023-07-28 10:52:33,1575.75,1106334,76,1590.81,171893,242982,-2.4031463875383205,0
2023-07-28 10:52:33,1575.25,1106334,9,1590.81,171893,242982,-2.434114768821031,0
2023-07-28 10:52:34,1575.65,1106357,13,1590.81,171947,244034,-2.409340063794857,0
2023-07-28 10:52:34,1575.65,1106357,13,1590.81,171947,244034,-2.409340063794857,0
2023-07-28 10:52:34,1575.65,1106357,13,1590.81,171967,244034,-2.409340063794857,0
2023-07-28 10:52:34,1575.65,1106357,13,1590.81,171910,244034,-2.409340063794857,0
2023-07-28 10:52:34,1575.65,1106357,1,1590.81,171910,244034,-2.409340063794857,0
2023-07-28 10:52:37,1575.35,1106508,15,1590.81,171961,243906,-2.4279210925644947,0
2023-07-28 10:52:37,1575.35,1106508,15,1590.81,171961,243906,-2.4279210925644947,0
2023-07-28 10:52:37,1575.65,1106508,1,1590.81,171975,243993,-2.409340063794857,0
2023-07-28 10:52:40,1575.65,1106513,4,1590.81,172100,244031,-2.409340063794857,0
2023-07-28 10:52:40,1575.45,1106513,4,1590.81,172037,243595,-2.421727416307944,0
2023-07-28 10:52:42,1575.0,1106805,19,1590.81,171775,243003,-2.4495989594623864,0
2023-07-28 10:52:42,1575.0,1106805,19,1590.81,171775,243003,-2.4495989594623864,0
2023-07-28 10:52:43,1575.5,1106841,1,1590.81,171702,242926,-2.418630578179676,0
2023-07-28 10:52:43,1575.5,1106841,10,1590.81,171702,242926,-2.418630578179676,0
2023-07-28 10:52:43,1575.45,1106851,1,1590.81,171689,243473,-2.421727416307944,0
2023-07-28 10:52:44,1574.5,1106852,37,1590.81,171666,243693,-2.4805673407450963,0
2023-07-28 10:52:46,1574.8,1107433,5,1590.8,171133,242471,-2.461986311975473,0
2023-07-28 10:52:47,1574.8,1107600,43,1590.8,171239,243684,-2.461986311975473,0
2023-07-28 10:52:48,1574.8,1107615,15,1590.8,171240,243084,-2.461986311975473,0
2023-07-28 10:52:49,1574.8,1107653,5,1590.79,171266,243568,-2.461986311975473,0
2023-07-28 10:52:50,1574.8,1107659,3,1590.79,171308,243062,-2.461986311975473,0
2023-07-28 10:52:52,1574.5,1107675,10,1590.79,171298,243066,-2.4805673407450963,0
2023-07-28 10:52:52,1574.9,1107675,2,1590.79,171298,243066,-2.4557926357189226,0
2023-07-28 10:52:52,1574.9,1107675,100,1590.79,171298,243066,-2.4557926357189226,0
2023-07-28 10:52:54,1574.9,1107790,38,1590.79,171357,243015,-2.4557926357189226,0
2023-07-28 10:52:54,1574.9,1107828,38,1590.79,171407,243133,-2.4557926357189226,0
2023-07-28 10:52:56,1574.5,1107902,22,1590.79,171426,243069,-2.4805673407450963,0
2023-07-28 10:52:57,1574.9,1108122,10,1590.79,171390,242989,-2.4557926357189226,0
2023-07-28 10:52:58,1574.55,1108142,18,1590.79,171411,242622,-2.4774705026168284,0
2023-07-28 10:52:58,1575.05,1108142,456,1590.79,171411,242622,-2.446502121334118,0
2023-07-28 10:52:59,1574.95,1108652,10,1590.78,171946,242434,-2.4526957975906543,0
2023-07-28 10:53:00,1575.5,1108822,30,1590.78,171027,244174,-2.418630578179676,0
2023-07-28 10:53:00,1574.9,1108822,2,1590.78,171027,244174,-2.4557926357189226,0
2023-07-28 10:53:02,1574.9,1108824,2,1590.78,171108,244236,-2.4557926357189226,0
2023-07-28 10:53:02,1574.9,1108824,2,1590.78,171101,244324,-2.4557926357189226,0
2023-07-28 10:53:02,1575.25,1108824,15,1590.78,171101,244324,-2.434114768821031,0
2023-07-28 10:53:04,1575.25,1108847,1,1590.78,171271,244791,-2.434114768821031,0
2023-07-28 10:53:04,1574.8,1108847,1,1590.78,171271,244791,-2.461986311975473,0
2023-07-28 10:53:04,1575.05,1108856,10,1590.78,171505,244415,-2.446502121334118,0
2023-07-28 10:53:05,1575.05,1108866,10,1590.78,171442,244390,-2.446502121334118,0
2023-07-28 10:53:05,1575.1,1108866,31,1590.78,171442,244390,-2.4434052832058497,0
2023-07-28 10:53:07,1575.1,1108992,31,1590.78,171398,244095,-2.4434052832058497,0
2023-07-28 10:53:07,1574.9,1108992,10,1590.78,171398,244095,-2.4557926357189226,0
2023-07-28 10:53:08,1575.0,1109034,5,1590.77,171432,244310,-2.4495989594623864,0
2023-07-28 10:53:09,1575.25,1109139,24,1590.77,171632,243945,-2.434114768821031,0
2023-07-28 10:53:09,1575.25,1109139,5,1590.77,171632,243945,-2.434114768821031,0
2023-07-28 10:53:10,1575.3,1109223,28,1590.77,171866,238972,-2.4310179306927626,0
2023-07-28 10:53:10,1575.3,1109223,28,1590.77,171866,238972,-2.4310179306927626,0
2023-07-28 10:53:10,1575.3,1109223,1,1590.77,171702,244273,-2.4310179306927626,0
2023-07-28 10:53:12,1575.35,1109349,25,1590.77,171746,244151,-2.4279210925644947,0
2023-07-28 10:53:12,1575.35,1109349,25,1590.77,171746,244151,-2.4279210925644947,0
2023-07-28 10:53:12,1575.35,1109349,25,1590.77,171962,244160,-2.4279210925644947,0
2023-07-28 10:53:12,1575.35,1109349,25,1590.77,172225,244259,-2.4279210925644947,0
2023-07-28 10:53:12,1575.4,1109349,2,1590.77,172225,244259,-2.424824254436212,0
2023-07-28 10:53:15,1575.25,1109370,1,1590.77,172387,243695,-2.434114768821031,0
2023-07-28 10:53:16,1575.25,1109371,1,1590.77,172366,243614,-2.434114768821031,0
2023-07-28 10:53:17,1575.4,1109440,38,1590.77,172293,243639,-2.424824254436212,0
2023-07-28 10:53:18,1575.4,1109528,2,1590.77,172004,243883,-2.424824254436212,0
2023-07-28 10:53:18,1575.4,1109528,1,1590.77,172004,243883,-2.424824254436212,0
2023-07-28 10:53:20,1575.4,1109531,1,1590.77,172309,244406,-2.424824254436212,0
2023-07-28 10:53:21,1575.4,1109553,12,1590.77,172282,244403,-2.424824254436212,0
2023-07-28 10:53:21,1575.4,1109553,12,1590.77,172282,244403,-2.424824254436212,0
2023-07-28 10:53:22,1575.4,1109560,1,1590.77,172764,243629,-2.424824254436212,0
2023-07-28 10:53:22,1575.4,1109560,1,1590.77,172764,243629,-2.424824254436212,0
2023-07-28 10:53:23,1575.4,1109660,100,1590.77,172639,243585,-2.424824254436212,0
2023-07-28 10:53:24,1575.4,1110022,5,1590.76,172387,243408,-2.424824254436212,0
2023-07-28 10:53:24,1575.5,1110022,3,1590.76,172387,243408,-2.418630578179676,0
2023-07-28 10:53:24,1575.5,1110140,3,1590.76,169982,243682,-2.418630578179676,0
2023-07-28 10:53:24,1575.5,1110140,3,1590.76,169982,243682,-2.418630578179676,0
2023-07-28 10:53:24,1575.5,1110140,15,1590.76,169982,243682,-2.418630578179676,0
2023-07-28 10:53:24,1575.3,1110140,10,1590.76,169982,243682,-2.4310179306927626,0
2023-07-28 10:53:27,1575.1,1110178,2,1590.76,169665,243753,-2.4434052832058497,0
2023-07-28 10:53:29,1575.0,1110938,1,1590.75,169056,244055,-2.4495989594623864,0
2023-07-28 10:53:29,1574.95,1110978,1,1590.75,169090,244024,-2.4526957975906543,0
2023-07-28 10:53:30,1575.0,1111005,9,1590.75,169245,243911,-2.4495989594623864,0
2023-07-28 10:53:30,1575.0,1111005,3,1590.75,169245,243911,-2.4495989594623864,0
2023-07-28 10:53:31,1575.0,1111010,2,1590.75,169241,244053,-2.4495989594623864,0
2023-07-28 10:53:31,1574.8,1111010,1,1590.75,169241,244053,-2.461986311975473,0
2023-07-28 10:53:32,1574.95,1111192,1,1590.74,170159,244588,-2.4526957975906543,0
2023-07-28 10:53:33,1574.35,1111627,6,1590.74,170178,243622,-2.489857855129915,0
2023-07-28 10:53:33,1574.8,1111627,1,1590.74,170178,243622,-2.461986311975473,0
2023-07-28 10:53:34,1574.35,1111639,2,1590.74,170300,243961,-2.489857855129915,0
2023-07-28 10:53:34,1574.8,1111639,2,1590.74,170300,243961,-2.461986311975473,0
2023-07-28 10:53:34,1574.8,1111641,2,1590.74,170309,243472,-2.461986311975473,0
2023-07-28 10:53:34,1574.8,1111641,5,1590.74,170309,243472,-2.461986311975473,0
2023-07-28 10:53:36,1574.8,1111651,5,1590.74,170453,243513,-2.461986311975473,0
2023-07-28 10:53:37,1574.1,1112404,14,1590.73,169215,244751,-2.5053420457712705,0
2023-07-28 10:53:37,1574.1,1112404,14,1590.73,169316,244477,-2.5053420457712705,0
2023-07-28 10:53:37,1574.35,1112404,5,1590.73,169316,244477,-2.489857855129915,0
2023-07-28 10:53:39,1574.35,1112409,5,1590.73,169154,244725,-2.489857855129915,0
2023-07-28 10:53:39,1573.05,1112409,32,1590.73,169154,244725,-2.570375646464959,0
2023-07-28 10:53:40,1573.45,1116463,4,1590.66,166442,244754,-2.5456009414387855,0
2023-07-28 10:53:41,1573.45,1116512,1,1590.66,167293,245033,-2.5456009414387855,0
2023-07-28 10:53:42,1573.45,1116597,1,1590.66,167500,244417,-2.5456009414387855,0
2023-07-28 10:53:44,1573.45,1116672,60,1590.66,167485,244425,-2.5456009414387855,0
2023-07-28 10:53:45,1573.05,1116868,185,1590.66,167499,244314,-2.570375646464959,0
2023-07-28 10:53:45,1573.45,1116873,5,1590.66,167502,244314,-2.5456009414387855,0
2023-07-28 10:53:45,1573.45,1116873,5,1590.66,167512,244314,-2.5456009414387855,0
2023-07-28 10:53:45,1573.45,1116873,1,1590.66,167512,244314,-2.5456009414387855,0
2023-07-28 10:53:45,1573.45,1116873,3,1590.66,167512,244314,-2.5456009414387855,0
2023-07-28 10:53:48,1573.45,1116954,3,1590.66,167668,244356,-2.5456009414387855,0
2023-07-28 10:53:49,1573.45,1116956,2,1590.66,167669,244428,-2.5456009414387855,0
2023-07-28 10:53:49,1573.45,1116956,2,1590.66,167669,244428,-2.5456009414387855,0
2023-07-28 10:53:50,1573.45,1116959,1,1590.66,167802,244303,-2.5456009414387855,0
2023-07-28 10:53:51,1573.0,1117369,25,1590.65,167716,244354,-2.5734724845932275,0
2023-07-28 10:53:51,1573.0,1117369,25,1590.65,167716,244354,-2.5734724845932275,0
2023-07-28 10:53:53,1573.45,1117589,7,1590.65,167678,244355,-2.5456009414387855,0
2023-07-28 10:53:53,1573.45,1117589,25,1590.65,167678,244355,-2.5456009414387855,0
2023-07-28 10:53:53,1573.45,1117614,25,1590.65,167683,244876,-2.5456009414387855,0
2023-07-28 10:53:53,1573.5,1117614,18,1590.65,167683,244876,-2.542504103310517,0
2023-07-28 10:53:55,1573.5,1117666,2,1590.65,167671,244324,-2.542504103310517,0
2023-07-28 10:53:55,1573.05,1117666,5,1590.65,167671,244324,-2.570375646464959,0
2023-07-28 10:53:55,1573.05,1117675,5,1590.65,167793,244764,-2.570375646464959,0
2023-07-28 10:53:57,1573.1,1117685,10,1590.64,167808,244771,-2.5672788083366913,0
2023-07-28 10:53:57,1573.5,1117685,1,1590.64,167808,244771,-2.542504103310517,0
2023-07-28 10:53:58,1573.5,1117719,1,1590.64,167553,244703,-2.542504103310517,0
2023-07-28 10:53:58,1573.5,1117719,1,1590.64,167553,244703,-2.542504103310517,0
2023-07-28 10:53:59,1573.5,1117907,24,1590.64,167659,244914,-2.542504103310517,0
2023-07-28 10:54:00,1573.75,1117909,2,1590.64,167922,245183,-2.527019912669162,0
2023-07-28 10:54:00,1573.75,1117909,1,1590.64,167922,245183,-2.527019912669162,0
2023-07-28 10:54:01,1573.75,1117910,1,1590.64,167938,245162,-2.527019912669162,0
2023-07-28 10:54:01,1573.45,1117910,5,1590.64,167938,245162,-2.5456009414387855,0
2023-07-28 10:54:02,1573.45,1117915,6,1590.64,168090,245207,-2.5456009414387855,0
2023-07-28 10:54:04,1573.45,1117977,10,1590.64,167950,245223,-2.5456009414387855,0
2023-07-28 10:54:04,1573.45,1117977,1,1590.64,167950,245223,-2.5456009414387855,0
2023-07-28 10:54:05,1573.75,1117988,1,1590.64,168079,244809,-2.527019912669162,0
2023-07-28 10:54:05,1573.0,1118488,86,1590.63,167686,244489,-2.5734724845932275,0
2023-07-28 10:54:05,1573.6,1118488,26,1590.63,167686,244489,-2.536310427053981,0
2023-07-28 10:54:07,1573.5,1118621,10,1590.63,167890,244754,-2.542504103310517,0
2023-07-28 10:54:08,1573.45,1118636,2,1590.63,168109,244766,-2.5456009414387855,0
2023-07-28 10:54:08,1573.45,1118636,2,1590.63,168109,244766,-2.5456009414387855,0
2023-07-28 10:54:08,1573.45,1118636,2,1590.63,168097,244906,-2.5456009414387855,0
2023-07-28 10:54:08,1573.45,1118636,2,1590.63,168097,244906,-2.5456009414387855,0
2023-07-28 10:54:10,1573.7,1118935,2,1590.63,168225,243284,-2.53011675079743,0
2023-07-28 10:54:10,1573.7,1118935,2,1590.63,168225,243284,-2.53011675079743,0
2023-07-28 10:54:10,1573.45,1118935,1,1590.63,168238,243911,-2.5456009414387855,0
2023-07-28 10:54:12,1573.6,1118948,3,1590.63,168203,243871,-2.536310427053981,0
2023-07-28 10:54:13,1573.6,1118953,5,1590.63,168222,243789,-2.536310427053981,0
2023-07-28 10:54:13,1573.6,1118953,5,1590.63,167728,244203,-2.536310427053981,0
2023-07-28 10:54:15,1573.6,1118956,1,1590.63,170239,244197,-2.536310427053981,0
2023-07-28 10:54:16,1573.6,1118961,5,1590.63,170241,242934,-2.536310427053981,0
2023-07-28 10:54:16,1573.6,1118961,5,1590.63,170241,242934,-2.536310427053981,0
2023-07-28 10:54:16,1573.6,1118961,5,1590.63,170303,244274,-2.536310427053981,0
2023-07-28 10:54:18,1573.6,1119094,40,1590.62,170408,244080,-2.536310427053981,0
2023-07-28 10:54:20,1573.6,1119227,1,1590.62,170081,243866,-2.536310427053981,0
2023-07-28 10:54:20,1573.4,1119232,5,1590.62,170360,244270,-2.548697779567054,0
2023-07-28 10:54:21,1573.4,1119242,9,1590.62,170360,244260,-2.548697779567054,0
2023-07-28 10:54:21,1573.4,1119242,9,1590.62,170360,244260,-2.548697779567054,0
2023-07-28 10:54:22,1573.4,1119262,20,1590.62,170376,244240,-2.548697779567054,0
2023-07-28 10:54:22,1573.4,1119262,125,1590.62,170376,244240,-2.548697779567054,0
2023-07-28 10:54:23,1573.4,1119388,1,1590.62,170412,244513,-2.548697779567054,0
2023-07-28 10:54:25,1573.4,1119391,3,1590.62,170382,244641,-2.548697779567054,0
2023-07-28 10:54:26,1573.4,1119406,5,1590.62,170389,244624,-2.548697779567054,0
2023-07-28 10:54:26,1573.4,1119427,10,1590.62,170384,244769,-2.548697779567054,0
2023-07-28 10:54:27,1573.3,1119652,1,1590.61,170190,244965,-2.554891455823604,0
2023-07-28 10:54:28,1573.3,1119683,30,1590.61,170240,244907,-2.554891455823604,0
2023-07-28 10:54:28,1573.3,1119683,30,1590.61,170240,244907,-2.554891455823604,0
2023-07-28 10:54:29,1573.3,1119743,10,1590.61,170242,244695,-2.554891455823604,0
2023-07-28 10:54:30,1573.1,1119783,30,1590.61,167889,244223,-2.5672788083366913,0
2023-07-28 10:54:31,1573.3,1119954,7,1590.61,170552,244019,-2.554891455823604,0
2023-07-28 10:54:32,1573.1,1119989,27,1590.61,170560,244008,-2.5672788083366913,0
2023-07-28 10:54:32,1573.1,1119989,27,1590.61,170570,243994,-2.5672788083366913,0
2023-07-28 10:54:32,1573.3,1119989,2,1590.61,170570,243994,-2.554891455823604,0
2023-07-28 10:54:34,1573.3,1119992,1,1590.61,170647,243991,-2.554891455823604,0
2023-07-28 10:54:34,1573.3,1119992,1,1590.61,171164,243991,-2.554891455823604,0
2023-07-28 10:54:34,1573.3,1119992,10,1590.61,171164,243991,-2.554891455823604,0
2023-07-28 10:54:37,1573.3,1120066,10,1590.61,171236,244429,-2.554891455823604,0
2023-07-28 10:54:38,1573.3,1120081,2,1590.61,171429,244839,-2.554891455823604,0
2023-07-28 10:54:38,1573.25,1120081,11,1590.61,171429,244839,-2.5579882939518725,0
2023-07-28 10:54:39,1573.1,1120453,1,1590.6,171362,244875,-2.5672788083366913,0
2023-07-28 10:54:39,1573.3,1120453,30,1590.6,171362,244875,-2.554891455823604,0
2023-07-28 10:54:40,1573.3,1120493,10,1590.6,171397,244835,-2.554891455823604,0
2023-07-28 10:54:41,1573.4,1120644,1,1590.6,171454,245081,-2.548697779567054,0
2023-07-28 10:54:42,1573.4,1120652,2,1590.6,171537,245079,-2.548697779567054,0
2023-07-28 10:54:43,1573.45,1121169,1,1590.59,164956,243461,-2.5456009414387855,0
2023-07-28 10:54:43,1573.45,1121169,1,1590.59,164956,243461,-2.5456009414387855,0
2023-07-28 10:54:44,1573.0,1122173,1,1590.58,169930,244653,-2.5734724845932275,0
2023-07-28 10:54:45,1573.4,1122175,1,1590.58,169965,244418,-2.548697779567054,0
2023-07-28 10:54:45,1573.35,1122175,1,1590.58,169965,244418,-2.551794617695336,0
2023-07-28 10:54:45,1573.35,1122176,1,1590.58,169975,244407,-2.551794617695336,0
2023-07-28 10:54:45,1573.35,1122176,10,1590.58,169975,244407,-2.551794617695336,0
2023-07-28 10:54:47,1573.35,1122191,5,1590.58,169994,244476,-2.551794617695336,0
2023-07-28 10:54:48,1573.35,1122194,3,1590.58,170009,244392,-2.551794617695336,0
2023-07-28 10:54:48,1573.35,1122194,2,1590.58,170029,244393,-2.551794617695336,0
2023-07-28 10:54:50,1573.0,1122201,273,1590.57,170033,244354,-2.5734724845932275,0
2023-07-28 10:54:51,1573.0,1122701,273,1590.57,169571,244366,-2.5734724845932275,0
2023-07-28 10:54:51,1573.05,1122701,28,1590.57,169571,244366,-2.570375646464959,0
2023-07-28 10:54:52,1573.3,1122742,12,1590.57,169648,244907,-2.554891455823604,0
2023-07-28 10:54:52,1573.3,1122742,1,1590.57,169648,244907,-2.554891455823604,0
2023-07-28 10:54:53,1573.2,1122787,1,1590.57,169533,245625,-2.5610851320801404,0
2023-07-28 10:54:54,1573.3,1122789,2,1590.57,169533,245644,-2.554891455823604,0
2023-07-28 10:54:55,1573.3,1122886,40,1590.56,169588,245578,-2.554891455823604,0
2023-07-28 10:54:55,1573.3,1122886,106,1590.56,169588,245578,-2.554891455823604,0
2023-07-28 10:54:56,1573.0,1123118,1,1590.56,169854,245231,-2.5734724845932275,0
2023-07-28 10:54:57,1573.1,1123148,10,1590.56,169845,242637,-2.5672788083366913,0
2023-07-28 10:54:57,1573.1,1123148,10,1590.56,169845,242637,-2.5672788083366913,0
2023-07-28 10:54:57,1573.1,1123148,1,1590.56,169845,242637,-2.5672788083366913,0
2023-07-28 10:54:59,1573.1,1123777,1,1590.55,170172,244961,-2.5672788083366913,0
2023-07-28 10:54:59,1573.1,1123777,1,1590.55,170172,244961,-2.5672788083366913,0
2023-07-28 10:55:00,1573.1,1123778,1,1590.55,170150,246214,-2.5672788083366913,0
2023-07-28 10:55:00,1573.35,1123778,2,1590.55,170150,246214,-2.551794617695336,0
2023-07-28 10:55:02,1573.35,1123818,1,1590.55,170460,245532,-2.551794617695336,0
2023-07-28 10:55:02,1573.35,1123818,1,1590.55,170460,245532,-2.551794617695336,0
2023-07-28 10:55:03,1573.35,1123819,1,1590.55,170624,246398,-2.551794617695336,0
2023-07-28 10:55:04,1573.3,1123844,25,1590.55,170620,245913,-2.554891455823604,0
2023-07-28 10:55:04,1573.3,1123844,25,1590.55,170620,245913,-2.554891455823604,0
2023-07-28 10:55:05,1573.35,1124910,50,1590.53,169604,245502,-2.551794617695336,0
2023-07-28 10:55:06,1573.0,1124961,7,1590.53,170481,246401,-2.5734724845932275,0
2023-07-28 10:55:06,1572.1,1124961,475,1590.53,170481,246401,-2.6292155709021117,0
2023-07-28 10:55:08,1572.8,1128642,1,1590.47,166302,245977,-2.5858598371063146,0
2023-07-28 10:55:09,1572.8,1128654,10,1590.47,166436,248152,-2.5858598371063146,0
2023-07-28 10:55:10,1572.6,1129182,5,1590.46,165960,248219,-2.5982471896194013,0
2023-07-28 10:55:12,1572.1,1129236,24,1590.46,166001,248895,-2.6292155709021117,0
2023-07-28 10:55:12,1572.1,1129237,1,1590.46,165946,249506,-2.6292155709021117,0
2023-07-28 10:55:14,1572.1,1129738,500,1590.46,165472,248489,-2.6292155709021117,0
2023-07-28 10:55:15,1572.5,1129753,4,1590.46,165960,250251,-2.604440865875938,0
2023-07-28 10:55:16,1572.5,1130149,4,1590.45,165671,250289,-2.604440865875938,0
2023-07-28 10:55:17,1571.0,1136631,18,1590.34,158242,251798,-2.697346009724069,0
2023-07-28 10:55:18,1571.15,1136843,2,1590.34,158699,251157,-2.6880554953392504,0
2023-07-28 10:55:19,1571.7,1137041,4,1590.34,159419,252511,-2.6539902759282716,0
2023-07-28 10:55:20,1571.75,1137251,1,1590.33,159934,252131,-2.6508934378000033,0
2023-07-28 10:55:21,1571.25,1137465,11,1590.33,159354,251844,-2.6818618190827137,0
2023-07-28 10:55:21,1571.75,1137465,2,1590.33,159328,251974,-2.6508934378000033,0
2023-07-28 10:55:22,1571.35,1137729,13,1590.32,159360,252506,-2.6756681428261775,0
2023-07-28 10:55:22,1571.75,1137729,10,1590.32,159360,252506,-2.6508934378000033,0
2023-07-28 10:55:23,1571.3,1137751,1,1590.32,159458,252598,-2.6787649809544454,0
2023-07-28 10:55:24,1571.75,1137788,11,1590.32,159413,253253,-2.6508934378000033,0
2023-07-28 10:55:24,1571.35,1137788,5,1590.32,159413,253253,-2.6756681428261775,0
2023-07-28 10:55:25,1571.25,1137803,1,1590.32,159401,254041,-2.6818618190827137,0
2023-07-28 10:55:25,1571.25,1137803,1,1590.32,159401,254041,-2.6818618190827137,0
2023-07-28 10:55:26,1571.6,1137812,5,1590.32,159707,253751,-2.660183952184822,0
2023-07-28 10:55:27,1571.75,1138048,10,1590.32,160006,253810,-2.6508934378000033,0
2023-07-28 10:55:29,1571.75,1138049,1,1590.32,159994,254001,-2.6508934378000033,0
2023-07-28 10:55:29,1571.3,1138149,4,1590.32,159894,253588,-2.6787649809544454,0
2023-07-28 10:55:31,1571.75,1138162,3,1590.32,159260,254142,-2.6508934378000033,0
2023-07-28 10:55:32,1571.75,1138841,1,1590.31,159376,253950,-2.6508934378000033,0
2023-07-28 10:55:32,1571.75,1138841,1,1590.31,159376,253950,-2.6508934378000033,0
2023-07-28 10:55:32,1571.75,1138841,100,1590.31,159891,254128,-2.6508934378000033,0
2023-07-28 10:55:34,1571.75,1138996,50,1590.3,159980,253996,-2.6508934378000033,0
2023-07-28 10:55:34,1571.95,1138996,2,1590.3,159980,253996,-2.6385060852869167,0
2023-07-28 10:55:35,1571.95,1140525,2,1590.28,159760,253674,-2.6385060852869167,0
2023-07-28 10:55:35,1571.65,1140525,8,1590.28,154436,252536,-2.65708711405654,0
2023-07-28 10:55:37,1571.95,1140996,2,1590.27,160117,252457,-2.6385060852869167,0
2023-07-28 10:55:38,1571.6,1141080,31,1590.27,160052,252686,-2.660183952184822,0
2023-07-28 10:55:40,1571.95,1141397,17,1590.27,160400,252721,-2.6385060852869167,0
2023-07-28 10:55:40,1571.95,1141398,1,1590.27,160512,252722,-2.6385060852869167,0
2023-07-28 10:55:42,1571.9,1141502,1,1590.26,160437,252606,-2.6416029234151845,0
2023-07-28 10:55:42,1571.95,1141502,4,1590.26,160437,252606,-2.6385060852869167,0
2023-07-28 10:55:42,1571.95,1141606,4,1590.26,160473,252728,-2.6385060852869167,0
2023-07-28 10:55:43,1571.75,1141616,10,1590.26,160491,252700,-2.6508934378000033,0
2023-07-28 10:55:43,1571.95,1141616,28,1590.26,160491,252700,-2.6385060852869167,0
2023-07-28 10:55:44,1571.95,1141656,28,1590.26,158492,252682,-2.6385060852869167,0
2023-07-28 10:55:45,1571.75,1141716,17,1590.26,161006,252608,-2.6508934378000033,0
2023-07-28 10:55:46,1571.75,1141733,17,1590.26,160881,252446,-2.6508934378000033,0
2023-07-28 10:55:47,1572.0,1142734,6,1590.24,160297,252285,-2.6354092471586483,0
2023-07-28 10:55:48,1572.0,1142745,5,1590.24,161046,252275,-2.6354092471586483,0
2023-07-28 10:55:48,1572.0,1142745,25,1590.24,161046,252275,-2.6354092471586483,0
2023-07-28 10:55:49,1572.0,1142798,3,1590.24,161580,252301,-2.6354092471586483,0
2023-07-28 10:55:49,1572.0,1142798,100,1590.24,161580,252301,-2.6354092471586483,0
2023-07-28 10:55:50,1571.95,1142999,1,1590.24,161467,252247,-2.6385060852869167,0
2023-07-28 10:55:51,1571.75,1143087,1,1590.24,158226,252346,-2.6508934378000033,0
2023-07-28 10:55:52,1571.4,1143118,27,1590.24,160516,252628,-2.672571304697895,0
2023-07-28 10:55:52,1571.4,1143118,27,1590.24,161053,252272,-2.672571304697895,0
2023-07-28 10:55:52,1571.95,1143118,14,1590.24,161053,252272,-2.6385060852869167,0
2023-07-28 10:55:54,1571.95,1143138,14,1590.24,161782,252251,-2.6385060852869167,0
2023-07-28 10:55:55,1572.0,1143424,5,1590.23,162395,252415,-2.6354092471586483,0
2023-07-28 10:55:55,1572.0,1143424,1,1590.23,162395,252415,-2.6354092471586483,0
2023-07-28 10:55:55,1572.0,1143424,50,1590.23,162395,252415,-2.6354092471586483,0
2023-07-28 10:55:57,1572.0,1143480,50,1590.23,162286,252284,-2.6354092471586483,0
2023-07-28 10:55:59,1572.0,1143532,50,1590.23,162233,252419,-2.6354092471586483,0
2023-07-28 10:55:59,1572.0,1143532,50,1590.23,162233,252419,-2.6354092471586483,0
2023-07-28 10:56:00,1572.0,1143542,10,1590.23,163156,252609,-2.6354092471586483,0
2023-07-28 10:56:00,1572.0,1143542,1,1590.23,163156,252609,-2.6354092471586483,0
2023-07-28 10:56:01,1572.0,1143943,26,1590.22,163515,252820,-2.6354092471586483,0
2023-07-28 10:56:02,1572.0,1143985,21,1590.22,163712,252836,-2.6354092471586483,0
2023-07-28 10:56:03,1571.95,1143997,10,1590.22,163697,252885,-2.6385060852869167,0
2023-07-28 10:56:03,1571.95,1143997,10,1590.22,163697,252885,-2.6385060852869167,0
2023-07-28 10:56:04,1572.0,1144007,4,1590.22,163677,252875,-2.6354092471586483,0
2023-07-28 10:56:04,1571.95,1144007,5,1590.22,163677,252875,-2.6385060852869167,0
2023-07-28 10:56:05,1572.0,1144014,3,1590.22,164284,252873,-2.6354092471586483,0
2023-07-28 10:56:06,1572.0,1144150,1,1590.22,163736,253212,-2.6354092471586483,0
2023-07-28 10:56:07,1572.0,1144348,11,1590.22,163909,252908,-2.6354092471586483,0
2023-07-28 10:56:07,1572.0,1144348,11,1590.22,163909,252908,-2.6354092471586483,0
2023-07-28 10:56:08,1572.1,1144443,89,1590.22,165532,252176,-2.6292155709021117,0
2023-07-28 10:56:08,1572.65,1144443,34,1590.22,165529,252229,-2.595150351491119,0
2023-07-28 10:56:09,1573.1,1144492,61,1590.22,167118,252136,-2.5672788083366913,0
2023-07-28 10:56:11,1572.5,1144555,1,1590.21,167228,252103,-2.604440865875938,0
2023-07-28 10:56:11,1572.7,1144555,17,1590.21,167228,252103,-2.592053513362851,0
2023-07-28 10:56:12,1572.7,1145056,17,1590.21,167470,252250,-2.592053513362851,0
2023-07-28 10:56:14,1573.3,1145074,10,1590.21,167888,252354,-2.554891455823604,0
2023-07-28 10:56:14,1573.3,1145074,10,1590.21,167891,252355,-2.554891455823604,0
2023-07-28 10:56:15,1573.3,1145076,2,1590.21,167891,252353,-2.554891455823604,0
2023-07-28 10:56:16,1573.3,1145086,10,1590.21,167907,252271,-2.554891455823604,0
2023-07-28 10:56:16,1573.3,1145086,10,1590.21,167907,252271,-2.554891455823604,0
2023-07-28 10:56:16,1572.8,1145086,40,1590.21,168437,252239,-2.5858598371063146,0
2023-07-28 10:56:17,1572.8,1145136,40,1590.21,165668,252368,-2.5858598371063146,0
2023-07-28 10:56:17,1572.8,1145136,40,1590.21,168092,252179,-2.5858598371063146,0
2023-07-28 10:56:17,1573.35,1145136,125,1590.21,168092,252179,-2.551794617695336,0
2023-07-28 10:56:20,1573.35,1145261,125,1590.2,168186,252520,-2.551794617695336,0
2023-07-28 10:56:21,1573.6,1145391,31,1590.2,168468,251879,-2.536310427053981,0
2023-07-28 10:56:21,1573.6,1145391,31,1590.2,168468,251879,-2.536310427053981,0
2023-07-28 10:56:22,1573.95,1145701,11,1590.2,168523,252308,-2.514632560156075,0
2023-07-28 10:56:22,1573.95,1145701,11,1590.2,168523,252308,-2.514632560156075,0
2023-07-28 10:56:22,1573.95,1145701,11,1590.2,168610,252467,-2.514632560156075,0
2023-07-28 10:56:25,1573.95,1145847,16,1590.2,168873,252508,-2.514632560156075,0
2023-07-28 10:56:25,1573.95,1145847,16,1590.2,168873,252508,-2.514632560156075,0
2023-07-28 10:56:26,1573.4,1145916,2,1590.19,168946,252356,-2.548697779567054,0
2023-07-28 10:56:26,1573.4,1145916,2,1590.19,168915,252509,-2.548697779567054,0
2023-07-28 10:56:27,1573.4,1145931,11,1590.19,168600,253024,-2.548697779567054,0
2023-07-28 10:56:27,1573.4,1145931,11,1590.19,168600,253024,-2.548697779567054,0
2023-07-28 10:56:28,1573.95,1146107,20,1590.19,168712,253106,-2.514632560156075,0
2023-07-28 10:56:29,1573.85,1146409,2,1590.19,168819,253366,-2.5208262364126255,0
2023-07-28 10:56:30,1573.85,1146440,16,1590.19,169013,253221,-2.5208262364126255,0
2023-07-28 10:56:31,1573.9,1146473,10,1590.19,169038,252905,-2.5177293982843434,0
2023-07-28 10:56:33,1573.85,1146499,2,1590.19,169012,253134,-2.5208262364126255,0
2023-07-28 10:56:33,1574.0,1146531,2,1590.19,169279,252960,-2.5115357220278067,0
2023-07-28 10:56:34,1574.0,1146581,50,1590.19,168923,252515,-2.5115357220278067,0
2023-07-28 10:56:36,1574.0,1146682,1,1590.18,168514,252892,-2.5115357220278067,0
2023-07-28 10:56:36,1574.0,1146692,10,1590.18,168502,253035,-2.5115357220278067,0
2023-07-28 10:56:38,1573.25,1146838,6,1590.18,168617,253326,-2.5579882939518725,0
2023-07-28 10:56:38,1573.8,1146879,19,1590.18,168602,253382,-2.523923074540894,0
2023-07-28 10:56:38,1573.75,1146879,3,1590.18,168602,253473,-2.527019912669162,0
2023-07-28 10:56:40,1573.8,1146910,1,1590.18,168607,253446,-2.523923074540894,0
2023-07-28 10:56:40,1573.8,1146910,1,1590.18,168607,253446,-2.523923074540894,0
2023-07-28 10:56:42,1573.4,1146952,1,1590.18,167149,253246,-2.548697779567054,0
2023-07-28 10:56:42,1573.4,1146952,1,1590.18,167149,253246,-2.548697779567054,0
2023-07-28 10:56:43,1573.75,1147071,5,1590.18,168343,253205,-2.527019912669162,0
2023-07-28 10:56:43,1573.75,1147071,5,1590.18,168343,253205,-2.527019912669162,0
2023-07-28 10:56:44,1574.0,1147076,5,1590.18,168778,252924,-2.5115357220278067,0
2023-07-28 10:56:45,1573.85,1147077,1,1590.18,168925,252932,-2.5208262364126255,0
2023-07-28 10:56:45,1573.85,1147077,5,1590.18,168987,252962,-2.5208262364126255,0
2023-07-28 10:56:45,1573.85,1147077,1,1590.18,168987,252962,-2.5208262364126255,0
2023-07-28 10:56:48,1574.25,1147238,7,1590.18,168931,252950,-2.4960515313864517,0
2023-07-28 10:56:48,1574.0,1147238,60,1590.18,168931,252950,-2.5115357220278067,0
2023-07-28 10:56:48,1574.0,1147328,60,1590.17,168959,253004,-2.5115357220278067,0
2023-07-28 10:56:50,1574.5,1147828,4,1590.17,169312,252715,-2.4805673407450963,0
2023-07-28 10:56:51,1573.85,1147872,17,1590.17,169562,252984,-2.5208262364126255,0
2023-07-28 10:56:51,1573.85,1147922,17,1590.17,169396,253145,-2.5208262364126255,0
2023-07-28 10:56:52,1573.8,1147942,9,1590.17,169408,253330,-2.523923074540894,0
2023-07-28 10:56:52,1573.8,1147942,9,1590.17,169275,253347,-2.523923074540894,0
2023-07-28 10:56:52,1573.8,1147942,9,1590.17,168977,253627,-2.523923074540894,0
2023-07-28 10:56:52,1573.85,1147942,10,1590.17,168977,253627,-2.5208262364126255,0
2023-07-28 10:56:52,1574.25,1147942,1,1590.17,168977,253627,-2.4960515313864517,0
2023-07-28 10:56:52,1574.35,1147942,1,1590.17,168977,253627,-2.489857855129915,0
2023-07-28 10:56:56,1574.35,1147973,1,1590.17,169004,253746,-2.489857855129915,0
2023-07-28 10:56:56,1574.25,1147973,1,1590.17,169004,253746,-2.4960515313864517,0
2023-07-28 10:56:56,1574.25,1147973,2,1590.17,169004,253746,-2.4960515313864517,0
2023-07-28 10:57:00,1574.25,1147978,10,1590.17,168976,253887,-2.4960515313864517,0
2023-07-28 10:57:01,1574.25,1148028,10,1590.16,168920,254091,-2.4960515313864517,0
2023-07-28 10:57:02,1573.8,1148031,2,1590.16,169070,254353,-2.523923074540894,0
2023-07-28 10:57:03,1573.75,1148081,50,1590.16,168980,254123,-2.527019912669162,0
2023-07-28 10:57:03,1573.8,1148081,5,1590.16,168980,254123,-2.523923074540894,0
2023-07-28 10:57:04,1574.25,1148280,14,1590.16,169170,254470,-2.4960515313864517,0
2023-07-28 10:57:04,1573.75,1148280,114,1590.16,169170,254470,-2.527019912669162,0
2023-07-28 10:57:05,1574.05,1148396,1,1590.16,169056,254439,-2.508438883899539,0
2023-07-28 10:57:06,1574.05,1148406,1,1590.16,169056,253858,-2.508438883899539,0
2023-07-28 10:57:07,1573.75,1148608,46,1590.16,168987,255133,-2.527019912669162,0
2023-07-28 10:57:09,1573.7,1149858,3,1590.14,167931,254696,-2.53011675079743,0
2023-07-28 10:57:09,1573.65,1150009,1,1590.14,167936,254181,-2.5332135889256984,0
2023-07-28 10:57:09,1573.65,1150009,1,1590.14,167946,254913,-2.5332135889256984,0
2023-07-28 10:57:09,1573.25,1150009,10,1590.14,167946,254913,-2.5579882939518725,0
2023-07-28 10:57:11,1573.25,1150120,10,1590.13,167834,254003,-2.5579882939518725,0
2023-07-28 10:57:11,1573.6,1150120,14,1590.13,167834,254003,-2.536310427053981,0
2023-07-28 10:57:13,1573.6,1150171,14,1590.13,167676,255012,-2.536310427053981,0
2023-07-28 10:57:13,1573.55,1150171,3,1590.13,167676,255012,-2.539407265182249,0
2023-07-28 10:57:13,1573.55,1150171,3,1590.13,167676,255012,-2.539407265182249,0
2023-07-28 10:57:14,1573.55,1150177,3,1590.13,167541,255475,-2.539407265182249,0
2023-07-28 10:57:14,1573.0,1150177,2,1590.13,167541,255475,-2.5734724845932275,0
2023-07-28 10:57:16,1573.45,1150181,2,1590.13,168266,254456,-2.5456009414387855,0
2023-07-28 10:57:16,1573.45,1150181,2,1590.13,168266,254456,-2.5456009414387855,0
2023-07-28 10:57:17,1573.45,1150187,4,1590.13,168286,254507,-2.5456009414387855,0
2023-07-28 10:57:18,1573.45,1150210,1,1590.13,168223,254592,-2.5456009414387855,0
2023-07-28 10:57:19,1573.45,1150230,15,1590.13,168263,254514,-2.5456009414387855,0
2023-07-28 10:57:19,1573.45,1150230,15,1590.13,168263,254514,-2.5456009414387855,0
2023-07-28 10:57:20,1572.7,1154234,3,1590.07,166049,254709,-2.592053513362851,0
2023-07-28 10:57:22,1572.15,1154423,20,1590.07,165868,254573,-2.6261187327738296,0
2023-07-28 10:57:23,1572.7,1154585,36,1590.07,165397,254080,-2.592053513362851,0
2023-07-28 10:57:23,1572.1,1154645,7,1590.06,165295,254120,-2.6292155709021117,0
2023-07-28 10:57:24,1571.5,1155665,68,1590.05,164851,254729,-2.6663776284413587,0
2023-07-28 10:57:25,1572.55,1155667,1,1590.05,165040,254226,-2.6013440277476696,0
2023-07-28 10:57:25,1572.55,1155667,1,1590.05,165040,254226,-2.6013440277476696,0
2023-07-28 10:57:26,1572.6,1155777,10,1590.05,162798,254030,-2.5982471896194013,0
2023-07-28 10:57:28,1572.8,1155849,1,1590.05,165564,254456,-2.5858598371063146,0
2023-07-28 10:57:28,1572.2,1155852,2,1590.05,166817,253921,-2.6230218946455612,0
2023-07-28 10:57:28,1572.7,1155852,2,1590.05,166817,253921,-2.592053513362851,0
2023-07-28 10:57:28,1572.7,1155854,2,1590.05,166806,254097,-2.592053513362851,0
2023-07-28 10:57:28,1572.65,1155854,1,1590.05,166806,254097,-2.595150351491119,0
2023-07-28 10:57:30,1572.6,1155887,20,1590.05,166766,254131,-2.5982471896194013,0
2023-07-28 10:57:30,1572.6,1155887,20,1590.05,166776,254130,-2.5982471896194013,0
2023-07-28 10:57:30,1572.7,1155887,11,1590.05,166784,254073,-2.592053513362851,0
2023-07-28 10:57:33,1572.2,1155913,1,1590.04,166800,254199,-2.6230218946455612,0
2023-07-28 10:57:33,1572.2,1155913,1,1590.04,166732,254225,-2.6230218946455612,0
2023-07-28 10:57:33,1572.2,1155913,1,1590.04,167228,254220,-2.6230218946455612,0
2023-07-28 10:57:33,1572.7,1155913,2,1590.04,167228,254220,-2.592053513362851,0
2023-07-28 10:57:37,1572.85,1156046,6,1590.04,168113,253768,-2.5827629989780463,0
2023-07-28 10:57:37,1572.85,1156046,6,1590.04,168132,253807,-2.5827629989780463,0
2023-07-28 10:57:38,1573.7,1156056,8,1590.04,168372,253679,-2.53011675079743,0
2023-07-28 10:57:40,1573.65,1156106,1,1590.04,167811,254356,-2.5332135889256984,0
2023-07-28 10:57:40,1573.7,1156107,8,1590.04,167815,255249,-2.53011675079743,0
2023-07-28 10:57:42,1573.7,1156130,8,1590.04,168136,254964,-2.53011675079743,0
2023-07-28 10:57:42,1573.7,1156130,8,1590.04,168141,254947,-2.53011675079743,0
2023-07-28 10:57:42,1573.7,1156130,8,1590.04,168152,254947,-2.53011675079743,0
2023-07-28 10:57:42,1573.9,1156130,37,1590.04,168110,254868,-2.5177293982843434,0
2023-07-28 10:57:45,1573.9,1156280,37,1590.04,168127,254871,-2.5177293982843434,0
2023-07-28 10:57:47,1574.0,1156368,25,1590.04,168600,254082,-2.5115357220278067,0
2023-07-28 10:57:47,1574.0,1156368,25,1590.04,168575,254343,-2.5115357220278067,0
2023-07-28 10:57:47,1574.0,1156368,25,1590.04,168447,254335,-2.5115357220278067,0
2023-07-28 10:57:47,1574.0,1156368,25,1590.04,168447,255529,-2.5115357220278067,0
2023-07-28 10:57:50,1574.1,1156378,1,1590.04,168414,255622,-2.5053420457712705,0
2023-07-28 10:57:51,1574.1,1156404,10,1590.04,168253,255621,-2.5053420457712705,0
2023-07-28 10:57:51,1574.1,1156404,10,1590.04,168253,255621,-2.5053420457712705,0
2023-07-28 10:57:52,1574.0,1156585,5,1590.04,168266,255495,-2.5115357220278067,0
2023-07-28 10:57:52,1574.0,1156585,5,1590.04,168266,255495,-2.5115357220278067,0
2023-07-28 10:57:53,1574.0,1156589,3,1590.04,168289,255576,-2.5115357220278067,0
2023-07-28 10:57:54,1574.0,1156600,1,1590.04,168446,255565,-2.5115357220278067,0
2023-07-28 10:57:55,1574.0,1156611,6,1590.04,168508,255083,-2.5115357220278067,0
2023-07-28 10:57:57,1574.0,1156751,47,1590.03,168458,255019,-2.5115357220278067,0
2023-07-28 10:57:58,1574.0,1156799,1,1590.03,168585,254941,-2.5115357220278067,0
2023-07-28 10:57:58,1574.0,1156799,1,1590.03,168522,254969,-2.5115357220278067,0
2023-07-28 10:57:58,1574.0,1156799,1,1590.03,168557,254969,-2.5115357220278067,0
2023-07-28 10:57:58,1574.0,1156799,2,1590.03,168557,254969,-2.5115357220278067,0
2023-07-28 10:58:01,1574.0,1156847,1,1590.03,168667,254824,-2.5115357220278067,0
2023-07-28 10:58:01,1574.0,1156847,1,1590.03,168667,254824,-2.5115357220278067,0
2023-07-28 10:58:02,1573.9,1156852,4,1590.03,168620,254836,-2.5177293982843434,0
2023-07-28 10:58:03,1574.0,1156873,20,1590.03,168707,254848,-2.5115357220278067,0
2023-07-28 10:58:04,1574.0,1156920,5,1590.03,168698,254869,-2.5115357220278067,0
2023-07-28 10:58:04,1574.0,1156920,5,1590.03,168698,254869,-2.5115357220278067,0
2023-07-28 10:58:05,1574.0,1156987,12,1590.03,168649,254868,-2.5115357220278067,0
2023-07-28 10:58:07,1574.3,1157120,32,1590.03,168725,254699,-2.4929546932581834,0
2023-07-28 10:58:07,1574.3,1157170,50,1590.03,168928,254749,-2.4929546932581834,0
2023-07-28 10:58:07,1574.3,1157170,10,1590.03,168928,254749,-2.4929546932581834,0
2023-07-28 10:58:09,1574.3,1157183,10,1590.03,168952,254736,-2.4929546932581834,0
2023-07-28 10:58:09,1574.3,1157183,10,1590.03,168953,254736,-2.4929546932581834,0
2023-07-28 10:58:09,1574.3,1157183,2,1590.03,168953,254736,-2.4929546932581834,0
2023-07-28 10:58:10,1574.3,1157192,7,1590.03,168762,254706,-2.4929546932581834,0
2023-07-28 10:58:12,1574.0,1157219,27,1590.03,168814,254732,-2.5115357220278067,0
2023-07-28 10:58:13,1574.0,1157330,1,1590.03,168843,254623,-2.5115357220278067,0
2023-07-28 10:58:14,1574.3,1157341,10,1590.02,168846,254593,-2.4929546932581834,0
2023-07-28 10:58:15,1573.8,1157376,2,1590.02,168777,254615,-2.523923074540894,0
2023-07-28 10:58:15,1574.25,1157383,1,1590.02,168788,254609,-2.4960515313864517,0
2023-07-28 10:58:16,1574.25,1157385,2,1590.02,168795,254606,-2.4960515313864517,0
2023-07-28 10:58:18,1574.25,1157429,9,1590.02,168795,254562,-2.4960515313864517,0
2023-07-28 10:58:18,1574.25,1157429,9,1590.02,168793,254649,-2.4960515313864517,0
2023-07-28 10:58:18,1574.25,1157429,9,1590.02,168834,254649,-2.4960515313864517,0
2023-07-28 10:58:18,1574.25,1157429,9,1590.02,168850,254659,-2.4960515313864517,0
2023-07-28 10:58:18,1574.0,1157429,25,1590.02,168850,254659,-2.5115357220278067,0
2023-07-28 10:58:22,1574.0,1157456,25,1590.02,168874,254694,-2.5115357220278067,0
2023-07-28 10:58:23,1574.0,1157459,2,1590.02,169089,254693,-2.5115357220278067,0
2023-07-28 10:58:23,1574.25,1157459,3,1590.02,169089,254693,-2.4960515313864517,0
2023-07-28 10:58:25,1574.0,1157501,3,1590.02,168940,254805,-2.5115357220278067,0
2023-07-28 10:58:25,1574.25,1157501,33,1590.02,168940,254805,-2.4960515313864517,0
2023-07-28 10:58:26,1574.25,1157777,10,1590.02,169088,254111,-2.4960515313864517,0
2023-07-28 10:58:26,1574.25,1157787,10,1590.02,169097,254154,-2.4960515313864517,0
2023-07-28 10:58:26,1574.25,1157787,11,1590.02,169101,254197,-2.4960515313864517,0
2023-07-28 10:58:28,1574.25,1157837,11,1590.02,168627,254272,-2.4960515313864517,0
2023-07-28 10:58:28,1573.6,1157837,8,1590.02,168627,254272,-2.536310427053981,0
2023-07-28 10:58:29,1573.6,1157847,8,1590.02,168887,254309,-2.536310427053981,0
2023-07-28 10:58:29,1574.25,1157847,3,1590.02,168887,254309,-2.4960515313864517,0
2023-07-28 10:58:31,1574.25,1157851,3,1590.02,168902,254369,-2.4960515313864517,0
2023-07-28 10:58:32,1574.0,1157875,24,1590.02,168874,254420,-2.5115357220278067,0
2023-07-28 10:58:32,1574.2,1157875,10,1590.02,168874,254420,-2.49914836951472,0
2023-07-28 10:58:33,1574.2,1157893,8,1590.02,168829,254770,-2.49914836951472,0
2023-07-28 10:58:33,1574.2,1157893,8,1590.02,168829,254771,-2.49914836951472,0
2023-07-28 10:58:36,1574.2,1157916,13,1590.02,168823,254757,-2.49914836951472,0
2023-07-28 10:58:37,1574.0,1158131,200,1590.01,168623,254742,-2.5115357220278067,0
2023-07-28 10:58:37,1574.25,1159737,3,1589.99,169668,252570,-2.4960515313864517,0
2023-07-28 10:58:39,1574.7,1159792,10,1589.99,169782,252365,-2.4681799882320097,0
2023-07-28 10:58:39,1574.8,1159793,1,1589.99,169732,252913,-2.461986311975473,0
2023-07-28 10:58:39,1574.8,1159793,1,1589.99,169860,253014,-2.461986311975473,0
2023-07-28 10:58:39,1574.8,1159793,6,1589.99,169860,253014,-2.461986311975473,0
2023-07-28 10:58:42,1574.8,1159802,3,1589.99,170095,253047,-2.461986311975473,0
2023-07-28 10:58:43,1574.85,1159813,1,1589.99,168210,253036,-2.4588894738472047,0
2023-07-28 10:58:43,1575.0,1159873,18,1589.99,170418,253062,-2.4495989594623864,0
2023-07-28 10:58:44,1574.8,1159883,9,1589.99,170326,253128,-2.461986311975473,0
2023-07-28 10:58:44,1575.35,1159883,15,1589.99,170326,253128,-2.4279210925644947,0
2023-07-28 10:58:46,1575.35,1160100,15,1589.99,170323,253212,-2.4279210925644947,0
2023-07-28 10:58:47,1575.4,1160109,8,1589.99,170402,253188,-2.424824254436212,0
2023-07-28 10:58:47,1575.4,1160109,8,1589.99,170402,253196,-2.424824254436212,0
2023-07-28 10:58:49,1575.4,1160114,8,1589.99,170483,253191,-2.424824254436212,0
2023-07-28 10:58:49,1575.4,1160124,8,1589.99,170523,253214,-2.424824254436212,0
2023-07-28 10:58:49,1575.3,1160124,2,1589.99,170523,253214,-2.4310179306927626,0
2023-07-28 10:58:51,1575.35,1160152,10,1589.99,170244,253300,-2.4279210925644947,0
2023-07-28 10:58:51,1575.2,1160152,1,1589.99,170244,253300,-2.4372116069492993,0
2023-07-28 10:58:52,1575.0,1160179,26,1589.99,169955,252762,-2.4495989594623864,0
2023-07-28 10:58:52,1575.3,1160179,1,1589.99,169955,252762,-2.4310179306927626,0
2023-07-28 10:58:53,1575.55,1160180,1,1589.99,169931,253144,-2.4155337400514076,0
2023-07-28 10:58:54,1575.55,1160270,1,1589.99,170591,253056,-2.4155337400514076,0
2023-07-28 10:58:54,1575.3,1160270,1,1589.99,170591,253056,-2.4310179306927626,0
2023-07-28 10:58:55,1575.3,1160345,50,1589.98,170151,253685,-2.4310179306927626,0
2023-07-28 10:58:56,1575.55,1160348,3,1589.98,170370,252467,-2.4155337400514076,0
2023-07-28 10:58:58,1575.55,1160560,10,1589.98,170493,253168,-2.4155337400514076,0
2023-07-28 10:58:59,1575.35,1160562,1,1589.98,170487,253171,-2.4279210925644947,0
2023-07-28 10:58:59,1575.35,1160562,15,1589.98,170487,253171,-2.4279210925644947,0
2023-07-28 10:59:00,1575.55,1160579,2,1589.98,170474,253165,-2.4155337400514076,0
2023-07-28 10:59:01,1575.55,1160644,5,1589.98,170349,253787,-2.4155337400514076,0
2023-07-28 10:59:01,1575.35,1160644,6,1589.98,170349,253787,-2.4279210925644947,0
2023-07-28 10:59:02,1575.0,1160908,2,1589.98,170101,253579,-2.4495989594623864,0
2023-07-28 10:59:02,1575.0,1160908,2,1589.98,170101,253579,-2.4495989594623864,0
2023-07-28 10:59:04,1575.1,1160910,2,1589.98,170268,253071,-2.4434052832058497,0
2023-07-28 10:59:04,1575.0,1160910,10,1589.98,170268,253071,-2.4495989594623864,0
2023-07-28 10:59:05,1575.0,1160930,10,1589.98,170267,253080,-2.4495989594623864,0
2023-07-28 10:59:05,1575.1,1160930,4,1589.98,170267,253080,-2.4434052832058497,0
2023-07-28 10:59:05,1575.3,1160930,22,1589.98,170267,253080,-2.4310179306927626,0
2023-07-28 10:59:05,1575.2,1160930,1,1589.98,170267,253080,-2.4372116069492993,0
2023-07-28 10:59:08,1574.8,1161098,3,1589.97,169868,253751,-2.461986311975473,0
2023-07-28 10:59:08,1575.25,1161098,9,1589.97,169868,253751,-2.434114768821031,0
2023-07-28 10:59:08,1575.1,1161098,3,1589.97,169868,253751,-2.4434052832058497,0
2023-07-28 10:59:10,1575.25,1161272,10,1589.97,170040,253901,-2.434114768821031,0
2023-07-28 10:59:10,1575.0,1161272,1,1589.97,170040,253901,-2.4495989594623864,0
2023-07-28 10:59:10,1575.0,1161272,5,1589.97,170040,253901,-2.4495989594623864,0
2023-07-28 10:59:13,1574.7,1161315,2,1589.97,169780,253979,-2.4681799882320097,0
2023-07-28 10:59:13,1574.7,1161315,2,1589.97,169780,253979,-2.4681799882320097,0
2023-07-28 10:59:16,1574.6,1161373,7,1589.97,169583,254160,-2.47437366448856,0
2023-07-28 10:59:16,1574.3,1161373,1,1589.97,169583,254160,-2.4929546932581834,0
2023-07-28 10:59:18,1574.3,1161379,1,1589.97,169718,254482,-2.4929546932581834,0
2023-07-28 10:59:18,1574.2,1161379,12,1589.97,169718,254482,-2.49914836951472,0
2023-07-28 10:59:18,1574.6,1161379,2,1589.97,169718,254482,-2.47437366448856,0
2023-07-28 10:59:21,1574.6,1161419,2,1589.97,170091,254674,-2.47437366448856,0
2023-07-28 10:59:21,1574.2,1161419,13,1589.97,170091,254674,-2.49914836951472,0
2023-07-28 10:59:21,1574.5,1161419,1,1589.97,170091,254674,-2.4805673407450963,0
2023-07-28 10:59:21,1574.45,1161419,3,1589.97,170091,254674,-2.4836641788733647,0
2023-07-28 10:59:24,1574.45,1161459,5,1589.97,170111,254884,-2.4836641788733647,0
2023-07-28 10:59:24,1574.0,1161459,1,1589.97,170111,254884,-2.5115357220278067,0
2023-07-28 10:59:24,1574.0,1161459,1,1589.97,170111,254884,-2.5115357220278067,0
2023-07-28 10:59:24,1574.0,1161459,50,1589.97,170111,254884,-2.5115357220278067,0
2023-07-28 10:59:25,1574.0,1161871,50,1589.96,169656,254492,-2.5115357220278067,0
2023-07-28 10:59:25,1574.0,1161871,31,1589.96,169656,254492,-2.5115357220278067,0
2023-07-28 10:59:25,1574.4,1161871,3,1589.96,169656,254492,-2.486761017001633,0
2023-07-28 10:59:25,1574.0,1161871,8,1589.96,169656,254492,-2.5115357220278067,0
2023-07-28 10:59:29,1574.0,1162075,10,1589.96,169660,255077,-2.5115357220278067,0
2023-07-28 10:59:29,1574.0,1162075,1,1589.96,169660,255077,-2.5115357220278067,0
2023-07-28 10:59:32,1574.25,1162091,4,1589.96,169961,255321,-2.4960515313864517,0
2023-07-28 10:59:32,1574.0,1162091,25,1589.96,169961,255321,-2.5115357220278067,0
2023-07-28 10:59:32,1574.0,1162341,25,1589.96,169022,255124,-2.5115357220278067,0
2023-07-28 10:59:32,1574.6,1162341,1,1589.96,169022,255124,-2.47437366448856,0
2023-07-28 10:59:36,1574.6,1162444,1,1589.96,169273,255074,-2.47437366448856,0
2023-07-28 10:59:36,1574.6,1162444,32,1589.96,169273,255074,-2.47437366448856,0
2023-07-28 10:59:36,1574.6,1162444,2,1589.96,169273,255074,-2.47437366448856,0
2023-07-28 10:59:38,1574.6,1162572,2,1589.96,169485,254986,-2.47437366448856,0
2023-07-28 10:59:38,1574.5,1162572,15,1589.96,169485,254986,-2.4805673407450963,0
2023-07-28 10:59:38,1574.5,1162572,1,1589.96,169485,254986,-2.4805673407450963,0
2023-07-28 10:59:41,1574.5,1162598,5,1589.95,169469,254687,-2.4805673407450963,0
2023-07-28 10:59:41,1574.5,1162598,15,1589.95,169469,254687,-2.4805673407450963,0
2023-07-28 10:59:43,1574.75,1162890,1,1589.95,170504,254352,-2.4650831501037413,0
2023-07-28 10:59:43,1575.0,1162890,10,1589.95,170504,254352,-2.4495989594623864,0
2023-07-28 10:59:43,1574.65,1162890,14,1589.95,170504,254352,-2.4712768263602776,0
2023-07-28 10:59:47,1574.65,1162922,1,1589.95,170408,254278,-2.4712768263602776,0
2023-07-28 10:59:49,1575.0,1162923,1,1589.95,170185,254210,-2.4495989594623864,0
2023-07-28 10:59:49,1574.3,1162923,18,1589.95,170185,254210,-2.4929546932581834,0
2023-07-28 10:59:52,1574.3,1162983,18,1589.95,169892,254308,-2.4929546932581834,0
2023-07-28 10:59:52,1574.65,1162983,99,1589.95,169892,254308,-2.4712768263602776,0
2023-07-28 10:59:52,1574.65,1162983,3,1589.95,169892,254308,-2.4712768263602776,0
2023-07-28 10:59:55,1574.65,1163153,15,1589.95,170015,254276,-2.4712768263602776,0
2023-07-28 10:59:55,1574.65,1163153,1,1589.95,170015,254276,-2.4712768263602776,0
2023-07-28 10:59:55,1575.0,1163153,21,1589.95,170015,254276,-2.4495989594623864,0
2023-07-28 10:59:57,1575.0,1163411,2,1589.94,170246,254066,-2.4495989594623864,0
2023-07-28 10:59:57,1575.3,1163411,1,1589.94,170246,254066,-2.4310179306927626,0
2023-07-28 10:59:57,1575.0,1163411,10,1589.94,170246,254066,-2.4495989594623864,0
2023-07-28 11:00:00,1575.3,1163902,5,1589.94,171186,253766,-2.4310179306927626,0
2023-07-28 11:00:00,1575.5,1163902,5,1589.94,171186,253766,-2.418630578179676,0
2023-07-28 11:00:00,1575.65,1163902,1,1589.94,171186,253766,-2.409340063794857,0
2023-07-28 11:00:03,1575.65,1164143,1,1589.93,171092,253848,-2.409340063794857,0
2023-07-28 11:00:03,1575.05,1164143,5,1589.93,171092,253848,-2.446502121334118,0
2023-07-28 11:00:03,1575.6,1164143,6,1589.93,171092,253848,-2.4124369019231393,0
2023-07-28 11:00:05,1575.6,1164331,9,1589.93,171163,254341,-2.4124369019231393,0
2023-07-28 11:00:05,1575.75,1164331,8,1589.93,171163,254341,-2.4031463875383205,0
2023-07-28 11:00:07,1575.6,1164529,9,1589.93,171186,254640,-2.4124369019231393,0
2023-07-28 11:00:08,1575.7,1164566,2,1589.93,171479,254473,-2.406243225666589,0
2023-07-28 11:00:09,1575.3,1164579,4,1589.93,170901,253825,-2.4310179306927626,0
2023-07-28 11:00:09,1575.15,1164579,1,1589.93,170901,253825,-2.4403084450775676,0
2023-07-28 11:00:10,1574.95,1164749,2,1589.93,170732,254276,-2.4526957975906543,0
2023-07-28 11:00:10,1575.0,1164749,5,1589.93,170732,254276,-2.4495989594623864,0
2023-07-28 11:00:11,1575.0,1164754,1,1589.93,170692,254349,-2.4495989594623864,0
2023-07-28 11:00:11,1574.95,1164754,10,1589.93,170692,254349,-2.4526957975906543,0
2023-07-28 11:00:12,1574.95,1164770,10,1589.93,170961,254292,-2.4526957975906543,0
2023-07-28 11:00:14,1574.8,1164781,1,1589.93,170812,254461,-2.461986311975473,0
2023-07-28 11:00:14,1574.9,1164812,2,1589.93,170892,254291,-2.4557926357189226,0
2023-07-28 11:00:15,1574.9,1164815,3,1589.93,170892,254288,-2.4557926357189226,0
2023-07-28 11:00:16,1574.75,1164816,1,1589.93,171003,255374,-2.4650831501037413,0
2023-07-28 11:00:17,1574.75,1164821,5,1589.93,170940,254770,-2.4650831501037413,0
2023-07-28 11:00:17,1574.75,1164821,6,1589.93,170940,254770,-2.4650831501037413,0
2023-07-28 11:00:20,1574.75,1164882,2,1589.93,170943,254784,-2.4650831501037413,0
2023-07-28 11:00:20,1574.75,1165066,3,1589.92,170412,255162,-2.4650831501037413,0
2023-07-28 11:00:20,1574.05,1165066,6,1589.92,170412,255162,-2.508438883899539,0
2023-07-28 11:00:22,1574.45,1165202,16,1589.92,170133,254247,-2.4836641788733647,0
2023-07-28 11:00:22,1574.45,1165202,16,1589.92,170133,254247,-2.4836641788733647,0
2023-07-28 11:00:23,1574.85,1166775,1,1589.9,170671,254849,-2.4588894738472047,0
2023-07-28 11:00:24,1574.85,1166895,9,1589.9,170759,254876,-2.4588894738472047,0
2023-07-28 11:00:26,1574.85,1166927,1,1589.9,171005,254901,-2.4588894738472047,0
2023-07-28 11:00:27,1574.85,1166931,2,1589.9,171034,254924,-2.4588894738472047,0
2023-07-28 11:00:27,1574.45,1166933,1,1589.9,170754,255050,-2.4836641788733647,0
2023-07-28 11:00:28,1574.15,1166943,10,1589.9,170848,255020,-2.502245207642988,0
2023-07-28 11:00:29,1574.75,1166945,1,1589.9,170961,254368,-2.4650831501037413,0
2023-07-28 11:00:30,1574.25,1166953,2,1589.9,171150,254761,-2.4960515313864517,0
2023-07-28 11:00:32,1574.25,1166981,2,1589.9,171127,254865,-2.4960515313864517,0
2023-07-28 11:00:32,1574.25,1166981,2,1589.9,171091,254861,-2.4960515313864517,0
2023-07-28 11:00:32,1574.8,1166981,12,1589.9,171091,254861,-2.461986311975473,0
2023-07-28 11:00:34,1574.8,1167003,1,1589.9,171308,254938,-2.461986311975473,0
2023-07-28 11:00:34,1574.8,1167013,1,1589.9,171333,254914,-2.461986311975473,0
2023-07-28 11:00:35,1574.8,1167146,20,1589.9,171496,254941,-2.461986311975473,0
2023-07-28 11:00:37,1574.8,1167267,61,1589.89,171587,254897,-2.461986311975473,0
2023-07-28 11:00:37,1574.75,1167339,2,1589.89,171710,255347,-2.4650831501037413,0
2023-07-28 11:00:39,1574.75,1167365,5,1589.89,171757,254670,-2.4650831501037413,0
2023-07-28 11:00:39,1574.8,1167367,1,1589.89,171817,254846,-2.461986311975473,0
2023-07-28 11:00:39,1574.8,1167367,1,1589.89,171819,254923,-2.461986311975473,0
2023-07-28 11:00:39,1574.35,1167367,8,1589.89,171819,255003,-2.489857855129915,0
2023-07-28 11:00:42,1574.8,1167392,2,1589.89,171569,255024,-2.461986311975473,0
2023-07-28 11:00:42,1574.95,1167392,55,1589.89,171569,255024,-2.4526957975906543,0
2023-07-28 11:00:44,1574.75,1167501,7,1589.89,171628,255470,-2.4650831501037413,0
2023-07-28 11:00:46,1574.75,1167533,3,1589.89,171634,255410,-2.4650831501037413,0
2023-07-28 11:00:47,1574.5,1167589,18,1589.89,171614,255379,-2.4805673407450963,0
2023-07-28 11:00:47,1574.75,1167593,4,1589.89,171651,255375,-2.4650831501037413,0
2023-07-28 11:00:49,1574.75,1167724,5,1589.89,171544,255249,-2.4650831501037413,0
2023-07-28 11:00:50,1574.75,1167745,2,1589.89,171614,254740,-2.4650831501037413,0
2023-07-28 11:00:50,1574.75,1167747,1,1589.89,171607,254808,-2.4650831501037413,0
2023-07-28 11:00:52,1574.9,1167757,1,1589.89,171818,254870,-2.4557926357189226,0
2023-07-28 11:00:53,1574.9,1167762,3,1589.89,171840,254877,-2.4557926357189226,0
2023-07-28 11:00:54,1574.9,1167772,1,1589.89,171840,254896,-2.4557926357189226,0
2023-07-28 11:00:55,1575.6,1167773,31,1589.89,172007,255396,-2.4124369019231393,0
2023-07-28 11:00:56,1575.4,1169829,10,1589.86,169589,252233,-2.424824254436212,0
2023-07-28 11:00:58,1575.25,1169935,20,1589.86,172077,254080,-2.434114768821031,0
2023-07-28 11:00:59,1575.65,1169949,1,1589.86,171981,254069,-2.409340063794857,0
2023-07-28 11:00:59,1575.6,1169949,9,1589.86,171981,254069,-2.4124369019231393,0
2023-07-28 11:01:00,1575.6,1169958,9,1589.86,172130,253999,-2.4124369019231393,0
2023-07-28 11:01:01,1575.7,1170073,15,1589.86,172288,253993,-2.406243225666589,0
2023-07-28 11:01:02,1575.1,1170100,26,1589.86,172207,254239,-2.4434052832058497,0
2023-07-28 11:01:02,1575.1,1170100,26,1589.86,172486,254000,-2.4434052832058497,0
2023-07-28 11:01:02,1575.45,1170100,10,1589.86,172423,254495,-2.421727416307944,0
2023-07-28 11:01:04,1575.45,1170111,10,1589.86,172507,254404,-2.421727416307944,0
2023-07-28 11:01:04,1575.25,1170111,6,1589.86,172507,254404,-2.434114768821031,0
2023-07-28 11:01:04,1575.0,1170111,5,1589.86,172507,254404,-2.4495989594623864,0
2023-07-28 11:01:04,1575.55,1170111,26,1589.86,172507,254404,-2.4155337400514076,0
2023-07-28 11:01:07,1575.55,1170264,27,1589.86,172017,254095,-2.4155337400514076,0
2023-07-28 11:01:07,1575.6,1170264,10,1589.86,172017,254095,-2.4124369019231393,0
2023-07-28 11:01:08,1575.6,1170328,3,1589.86,172170,253442,-2.4124369019231393,0
2023-07-28 11:01:08,1575.5,1170328,1,1589.86,172170,253442,-2.418630578179676,0
2023-07-28 11:01:11,1575.5,1170331,1,1589.86,172258,252635,-2.418630578179676,0
2023-07-28 11:01:12,1575.5,1170332,1,1589.86,172633,252570,-2.418630578179676,0
2023-07-28 11:01:13,1575.5,1170334,2,1589.86,172558,252430,-2.418630578179676,0
2023-07-28 11:01:13,1575.5,1170334,2,1589.86,172831,248513,-2.418630578179676,0
2023-07-28 11:01:13,1575.5,1170334,2,1589.86,172831,248513,-2.418630578179676,0
2023-07-28 11:01:13,1575.5,1170334,4,1589.86,172831,248513,-2.418630578179676,0
2023-07-28 11:01:16,1575.5,1170351,6,1589.86,172676,251734,-2.418630578179676,0
2023-07-28 11:01:18,1575.45,1170361,10,1589.86,172667,251974,-2.421727416307944,0
2023-07-28 11:01:19,1575.8,1170928,3,1589.85,177586,252007,-2.400049549410052,0
2023-07-28 11:01:20,1575.85,1170974,4,1589.85,177501,251922,-2.3969527112817843,0
2023-07-28 11:01:20,1575.85,1170974,4,1589.85,177502,251922,-2.3969527112817843,0
2023-07-28 11:01:20,1575.75,1170974,43,1589.85,177502,251922,-2.4031463875383205,0
2023-07-28 11:01:23,1575.5,1171028,1,1589.85,177388,253338,-2.418630578179676,0
2023-07-28 11:01:23,1575.85,1171028,1,1589.85,177388,253338,-2.3969527112817843,0
2023-07-28 11:01:24,1575.85,1171034,1,1589.85,177551,253674,-2.3969527112817843,0
2023-07-28 11:01:24,1575.45,1171034,2,1589.85,177551,253674,-2.421727416307944,0
2023-07-28 11:01:25,1575.75,1171795,27,1589.84,177095,253030,-2.4031463875383205,0
2023-07-28 11:01:26,1575.0,1171846,15,1589.84,177050,253052,-2.4495989594623864,0
2023-07-28 11:01:28,1575.65,1171857,3,1589.84,177073,253293,-2.409340063794857,0
2023-07-28 11:01:28,1575.65,1171859,2,1589.84,177173,252971,-2.409340063794857,0
2023-07-28 11:01:30,1575.65,1171964,5,1589.84,177259,252766,-2.409340063794857,0
2023-07-28 11:01:30,1575.75,1171964,2,1589.84,177259,252766,-2.4031463875383205,0
2023-07-28 11:01:31,1575.75,1171966,2,1589.84,177409,252547,-2.4031463875383205,0
2023-07-28 11:01:32,1575.75,1172234,2,1589.83,177412,253074,-2.4031463875383205,0
2023-07-28 11:01:33,1575.75,1172237,1,1589.83,177465,253254,-2.4031463875383205,0
2023-07-28 11:01:33,1575.75,1172237,4,1589.83,177465,253254,-2.4031463875383205,0
2023-07-28 11:01:35,1575.45,1172241,2,1589.83,177768,253329,-2.421727416307944,0
2023-07-28 11:01:36,1575.85,1175546,13,1589.79,176569,252796,-2.3969527112817843,0
2023-07-28 11:01:36,1575.85,1175546,20,1589.79,176569,252796,-2.3969527112817843,0
2023-07-28 11:01:37,1575.85,1175684,20,1589.79,177464,252925,-2.3969527112817843,0
2023-07-28 11:01:38,1575.5,1175689,2,1589.79,177361,253078,-2.418630578179676,0
2023-07-28 11:01:38,1575.5,1175689,2,1589.79,177361,253078,-2.418630578179676,0
2023-07-28 11:01:40,1575.45,1175709,3,1589.79,177413,253085,-2.421727416307944,0
2023-07-28 11:01:41,1575.5,1175969,20,1589.79,178016,252219,-2.418630578179676,0
2023-07-28 11:01:42,1575.45,1175993,24,1589.79,177640,252810,-2.421727416307944,0
2023-07-28 11:01:42,1575.45,1175993,24,1589.79,177715,252692,-2.421727416307944,0
2023-07-28 11:01:44,1575.7,1176023,13,1589.79,177714,252741,-2.406243225666589,0
2023-07-28 11:01:44,1575.7,1176023,13,1589.79,177676,252758,-2.406243225666589,0
2023-07-28 11:01:44,1575.7,1176023,13,1589.79,177688,252832,-2.406243225666589,0
2023-07-28 11:01:46,1575.65,1176024,1,1589.79,177663,252876,-2.409340063794857,0
2023-07-28 11:01:46,1575.6,1176024,10,1589.79,177663,252876,-2.4124369019231393,0
2023-07-28 11:01:48,1575.6,1176054,10,1589.79,177645,252883,-2.4124369019231393,0
2023-07-28 11:01:49,1575.55,1176117,1,1589.79,177129,252984,-2.4155337400514076,0
2023-07-28 11:01:49,1575.5,1176117,5,1589.79,177129,252984,-2.418630578179676,0
2023-07-28 11:01:50,1575.55,1176152,5,1589.79,177228,253008,-2.4155337400514076,0
2023-07-28 11:01:51,1575.5,1176208,34,1589.78,177533,253209,-2.418630578179676,0
2023-07-28 11:01:52,1575.6,1176324,39,1589.78,177727,252579,-2.4124369019231393,0
2023-07-28 11:01:53,1575.65,1176327,3,1589.78,177654,252625,-2.409340063794857,0
2023-07-28 11:01:54,1575.65,1176363,1,1589.78,177567,252747,-2.409340063794857,0
2023-07-28 11:01:54,1575.6,1176363,2,1589.78,177567,252747,-2.4124369019231393,0
2023-07-28 11:01:55,1575.6,1176376,2,1589.78,177674,252940,-2.4124369019231393,0
2023-07-28 11:01:56,1575.55,1176377,1,1589.78,177980,252856,-2.4155337400514076,0
2023-07-28 11:01:58,1575.6,1176448,20,1589.78,178066,252844,-2.4124369019231393,0
2023-07-28 11:01:59,1575.55,1176459,10,1589.78,177917,252932,-2.4155337400514076,0
2023-07-28 11:01:59,1575.6,1176459,32,1589.78,178040,252937,-2.4124369019231393,0
2023-07-28 11:01:59,1575.55,1176459,5,1589.78,178040,252937,-2.4155337400514076,0
2023-07-28 11:02:02,1575.55,1176522,5,1589.78,178037,252881,-2.4155337400514076,0
2023-07-28 11:02:03,1575.6,1176527,2,1589.78,178044,252892,-2.4124369019231393,0
2023-07-28 11:02:03,1575.6,1176527,2,1589.78,178044,252892,-2.4124369019231393,0
2023-07-28 11:02:04,1575.55,1176528,1,1589.78,177747,252799,-2.4155337400514076,0
2023-07-28 11:02:05,1575.6,1176578,34,1589.78,178130,252987,-2.4124369019231393,0
2023-07-28 11:02:05,1575.6,1176578,34,1589.78,178146,252929,-2.4124369019231393,0
2023-07-28 11:02:05,1575.55,1176578,16,1589.78,178146,252929,-2.4155337400514076,0
2023-07-28 11:02:06,1575.55,1176594,16,1589.78,178082,253003,-2.4155337400514076,0
2023-07-28 11:02:06,1575.55,1176594,16,1589.78,177613,253086,-2.4155337400514076,0
2023-07-28 11:02:06,1575.6,1176594,1,1589.78,177613,253086,-2.4124369019231393,0
2023-07-28 11:02:09,1575.55,1176634,2,1589.78,177608,253113,-2.4155337400514076,0
2023-07-28 11:02:09,1575.55,1176634,2,1589.78,177608,253113,-2.4155337400514076,0
2023-07-28 11:02:10,1575.6,1176644,10,1589.78,177552,253103,-2.4124369019231393,0
2023-07-28 11:02:10,1575.6,1176644,5,1589.78,177552,253103,-2.4124369019231393,0
2023-07-28 11:02:11,1575.6,1176660,5,1589.78,177552,253087,-2.4124369019231393,0
2023-07-28 11:02:12,1575.65,1176743,7,1589.78,177713,253056,-2.409340063794857,0
2023-07-28 11:02:12,1575.6,1176743,1,1589.78,177713,253056,-2.4124369019231393,0
2023-07-28 11:02:13,1575.7,1176806,16,1589.78,177872,252920,-2.406243225666589,0
2023-07-28 11:02:13,1575.7,1176806,16,1589.78,177872,252920,-2.406243225666589,0
2023-07-28 11:02:13,1576.0,1176806,15,1589.78,177880,252920,-2.3876621968969656,0
2023-07-28 11:02:13,1575.85,1176806,1,1589.78,177880,252920,-2.3969527112817843,0
2023-07-28 11:02:16,1575.85,1176892,1,1589.78,176258,252633,-2.3969527112817843,0
2023-07-28 11:02:16,1575.85,1176892,1,1589.78,173468,252632,-2.3969527112817843,0
2023-07-28 11:02:16,1575.85,1176892,1,1589.78,173738,252666,-2.3969527112817843,0
2023-07-28 11:02:19,1576.6,1177371,120,1589.77,174034,252297,-2.3505001393577185,0
2023-07-28 11:02:20,1576.6,1177399,1,1589.77,174079,252601,-2.3505001393577185,0
2023-07-28 11:02:20,1576.55,1177399,2,1589.77,174079,252601,-2.353596977485987,0
2023-07-28 11:02:21,1576.6,1177433,1,1589.77,174740,252434,-2.3505001393577185,0
2023-07-28 11:02:21,1576.6,1177433,1,1589.77,174740,252434,-2.3505001393577185,0
2023-07-28 11:02:22,1576.6,1177594,27,1589.77,174794,252276,-2.3505001393577185,0
2023-07-28 11:02:22,1576.65,1177594,16,1589.77,174794,252276,-2.3474033012294364,0
2023-07-28 11:02:23,1576.65,1177639,16,1589.77,174378,252177,-2.3474033012294364,0
2023-07-28 11:02:24,1576.9,1177783,3,1589.77,174384,251966,-2.331919110588081,0
2023-07-28 11:02:24,1576.9,1177783,3,1589.77,174384,251966,-2.331919110588081,0
2023-07-28 11:02:26,1576.85,1177784,1,1589.77,174393,251965,-2.3350159487163635,0
2023-07-28 11:02:27,1576.8,1177788,1,1589.77,174334,252050,-2.338112786844632,0
2023-07-28 11:02:27,1576.8,1177788,1,1589.77,174334,252050,-2.338112786844632,0
2023-07-28 11:02:28,1576.7,1177850,3,1589.77,174344,251903,-2.344306463101168,0
2023-07-28 11:02:30,1576.6,1177881,1,1589.77,174396,251899,-2.3505001393577185,0
2023-07-28 11:02:30,1576.6,1177881,1,1589.77,174580,251837,-2.3505001393577185,0
2023-07-28 11:02:32,1576.6,1177958,50,1589.76,174344,251928,-2.3505001393577185,0
2023-07-28 11:02:33,1576.2,1177993,21,1589.76,174428,252296,-2.3752748443838785,0
2023-07-28 11:02:34,1576.6,1178130,1,1589.76,174820,252085,-2.3505001393577185,0
2023-07-28 11:02:34,1576.15,1178150,20,1589.76,174425,252408,-2.378371682512147,0
2023-07-28 11:02:34,1576.5,1178150,5,1589.76,174425,252408,-2.356693815614255,0
2023-07-28 11:02:36,1576.5,1178162,5,1589.76,175071,252157,-2.356693815614255,0
2023-07-28 11:02:37,1576.9,1178394,15,1589.76,174977,251573,-2.331919110588081,0
2023-07-28 11:02:38,1577.25,1178690,5,1589.76,175366,250905,-2.3102412436901893,0
2023-07-28 11:02:38,1577.25,1178690,5,1589.76,175366,250905,-2.3102412436901893,0
2023-07-28 11:02:38,1577.25,1178690,5,1589.76,175305,251565,-2.3102412436901893,0
2023-07-28 11:02:40,1577.25,1178691,1,1589.76,175257,251574,-2.3102412436901893,0
2023-07-28 11:02:41,1577.35,1178718,16,1589.76,175362,250725,-2.304047567433653,0
2023-07-28 11:02:42,1577.45,1178789,1,1589.76,175356,251540,-2.2978538911771027,0
2023-07-28 11:02:42,1577.6,1178912,35,1589.75,175318,250189,-2.288563376792298,0
2023-07-28 11:02:42,1577.6,1178912,35,1589.75,175762,251399,-2.288563376792298,0
2023-07-28 11:02:45,1577.4,1178916,2,1589.75,175867,251397,-2.300950729305371,0
2023-07-28 11:02:46,1578.1,1181045,32,1589.73,175475,248064,-2.2575949955095878,0
2023-07-28 11:02:47,1578.0,1184010,2914,1589.7,174933,250427,-2.263788671766124,0
2023-07-28 11:02:47,1578.0,1184010,11,1589.7,174933,250427,-2.263788671766124,0
2023-07-28 11:02:48,1578.0,1184038,11,1589.7,175093,250499,-2.263788671766124,0
2023-07-28 11:02:48,1578.0,1184592,95,1589.7,175133,250637,-2.263788671766124,0
2023-07-28 11:02:48,1577.25,1184592,5,1589.7,175133,250637,-2.3102412436901893,0
2023-07-28 11:02:51,1578.0,1186704,85,1589.68,175104,250611,-2.263788671766124,0
2023-07-28 11:02:51,1577.25,1186704,2,1589.68,175104,250611,-2.3102412436901893,0
2023-07-28 11:02:52,1577.2,1186739,3,1589.68,171487,250791,-2.3133380818184577,0
2023-07-28 11:02:53,1577.25,1186760,9,1589.68,174988,250688,-2.3102412436901893,0
2023-07-28 11:02:54,1577.25,1186766,2,1589.68,175023,250666,-2.3102412436901893,0
2023-07-28 11:02:54,1577.2,1186766,4,1589.68,175023,250666,-2.3133380818184577,0
2023-07-28 11:02:56,1577.2,1186813,6,1589.68,175233,250672,-2.3133380818184577,0
2023-07-28 11:02:56,1577.65,1186853,12,1589.67,175304,250868,-2.2854665386640156,0
2023-07-28 11:02:56,1577.65,1186853,12,1589.67,175314,250958,-2.2854665386640156,0
2023-07-28 11:02:56,1577.65,1186853,8,1589.67,175314,250958,-2.2854665386640156,0
2023-07-28 11:02:59,1577.65,1187012,18,1589.67,175380,250904,-2.2854665386640156,0
2023-07-28 11:02:59,1577.65,1187092,18,1589.67,175983,250061,-2.2854665386640156,0
2023-07-28 11:03:00,1577.35,1187192,100,1589.67,175890,250748,-2.304047567433653,0
2023-07-28 11:03:02,1578.05,1188029,24,1589.66,175790,251413,-2.2606918336378556,0
2023-07-28 11:03:03,1578.0,1188091,25,1589.66,175792,251362,-2.263788671766124,0
2023-07-28 11:03:03,1578.1,1188091,1,1589.66,175792,251362,-2.2575949955095878,0
2023-07-28 11:03:04,1578.1,1188096,1,1589.66,175910,251282,-2.2575949955095878,0
2023-07-28 11:03:04,1578.1,1188096,63,1589.66,175910,251282,-2.2575949955095878,0
2023-07-28 11:03:06,1578.3,1188414,26,1589.66,171733,250454,-2.2452076429965007,0
2023-07-28 11:03:06,1578.35,1188414,1,1589.66,171733,250454,-2.2421108048682323,0
2023-07-28 11:03:06,1578.35,1188565,1,1589.66,174984,250881,-2.2421108048682323,0
2023-07-28 11:03:06,1578.35,1188565,100,1589.66,174984,250881,-2.2421108048682323,0
2023-07-28 11:03:08,1578.35,1188742,10,1589.66,175765,250787,-2.2421108048682323,0
2023-07-28 11:03:08,1578.35,1188742,20,1589.66,175765,250787,-2.2421108048682323,0
2023-07-28 11:03:09,1578.35,1189358,15,1589.65,175750,249612,-2.2421108048682323,0
2023-07-28 11:03:09,1578.35,1189358,15,1589.65,175750,249612,-2.2421108048682323,0
2023-07-28 11:03:10,1578.0,1189929,270,1589.64,175913,249751,-2.263788671766124,0
2023-07-28 11:03:12,1578.0,1190051,24,1589.64,175881,249621,-2.263788671766124,0
2023-07-28 11:03:13,1578.35,1190101,44,1589.64,175769,249632,-2.2421108048682323,0
2023-07-28 11:03:14,1578.35,1190163,20,1589.64,175962,251333,-2.2421108048682323,0
2023-07-28 11:03:14,1578.35,1190163,1,1589.64,175962,251333,-2.2421108048682323,0
2023-07-28 11:03:14,1578.35,1190290,1,1589.64,176600,250720,-2.2421108048682323,0
2023-07-28 11:03:16,1578.35,1190300,7,1589.64,176855,250935,-2.2421108048682323,0
2023-07-28 11:03:16,1578.35,1190320,16,1589.64,176850,250918,-2.2421108048682323,0
2023-07-28 11:03:16,1578.1,1190320,1,1589.64,176850,250918,-2.2575949955095878,0
2023-07-28 11:03:18,1578.35,1190371,20,1589.64,176938,250877,-2.2421108048682323,0
2023-07-28 11:03:19,1578.35,1190439,3,1589.64,174331,250471,-2.2421108048682323,0
2023-07-28 11:03:19,1578.35,1190439,3,1589.64,175317,250318,-2.2421108048682323,0
2023-07-28 11:03:19,1578.35,1190439,3,1589.64,176555,250477,-2.2421108048682323,0
2023-07-28 11:03:22,1578.2,1190494,43,1589.64,176703,249718,-2.251401319253037,0
2023-07-28 11:03:22,1578.85,1190494,8,1589.64,176703,249718,-2.211142423585522,0
2023-07-28 11:03:23,1578.85,1190522,12,1589.64,177032,250385,-2.211142423585522,0
2023-07-28 11:03:25,1578.9,1190554,1,1589.64,176915,250675,-2.20804558545724,0
2023-07-28 11:03:26,1578.9,1190564,10,1589.64,177032,250811,-2.20804558545724,0
2023-07-28 11:03:26,1578.9,1190564,5,1589.64,177032,250811,-2.20804558545724,0
2023-07-28 11:03:27,1578.9,1190709,6,1589.64,176991,250643,-2.20804558545724,0
2023-07-28 11:03:29,1578.9,1190725,6,1589.64,174539,250515,-2.20804558545724,0
2023-07-28 11:03:29,1578.4,1190727,2,1589.64,176709,250624,-2.2390139667399502,0
2023-07-28 11:03:29,1578.4,1190727,2,1589.64,177032,250567,-2.2390139667399502,0
2023-07-28 11:03:29,1579.0,1190727,13,1589.64,177032,250567,-2.201851909200703,0
2023-07-28 11:03:32,1579.0,1190786,1,1589.64,176969,250448,-2.201851909200703,0
2023-07-28 11:03:32,1579.0,1190786,50,1589.64,176969,250448,-2.201851909200703,0
2023-07-28 11:03:33,1579.0,1190846,10,1589.64,177600,250448,-2.201851909200703,0
2023-07-28 11:03:34,1579.4,1192075,4,1589.63,178285,248408,-2.1770772041745294,0
2023-07-28 11:03:35,1579.6,1192528,11,1589.62,178101,249583,-2.1646898516614566,0
2023-07-28 11:03:35,1579.6,1192528,1,1589.62,178101,249583,-2.1646898516614566,0
2023-07-28 11:03:36,1579.6,1192568,2,1589.62,178032,249802,-2.1646898516614566,0
2023-07-28 11:03:36,1579.6,1192568,3,1589.62,178032,249802,-2.1646898516614566,0
2023-07-28 11:03:37,1579.25,1192709,20,1589.62,178181,250016,-2.186367718559348,0
2023-07-28 11:03:37,1579.25,1192709,2,1589.62,178181,250016,-2.186367718559348,0
2023-07-28 11:03:38,1579.25,1192745,3,1589.62,177649,249848,-2.186367718559348,0
2023-07-28 11:03:39,1578.9,1192898,51,1589.62,177454,249668,-2.20804558545724,0
2023-07-28 11:03:39,1578.9,1192898,51,1589.62,177454,249668,-2.20804558545724,0
2023-07-28 11:03:39,1578.9,1192898,51,1589.62,177422,249668,-2.20804558545724,0
2023-07-28 11:03:41,1576.2,1199874,15,1589.55,173384,247582,-2.3752748443838785,0
2023-07-28 11:03:43,1577.2,1199910,2,1589.55,168965,250764,-2.3133380818184577,0
2023-07-28 11:03:43,1577.2,1199910,2,1589.55,168965,250764,-2.3133380818184577,0
2023-07-28 11:03:44,1577.2,1199911,1,1589.55,173810,250564,-2.3133380818184577,0
2023-07-28 11:03:45,1577.2,1199941,27,1589.55,173831,250589,-2.3133380818184577,0
2023-07-28 11:03:46,1577.15,1199961,20,1589.55,173803,250516,-2.316434919946726,0
2023-07-28 11:03:46,1576.45,1199961,13,1589.55,173803,250516,-2.3597906537425235,0
2023-07-28 11:03:47,1576.95,1200077,14,1589.55,174320,250555,-2.328822272459813,0
2023-07-28 11:03:49,1577.15,1200819,2,1589.54,174673,250255,-2.316434919946726,0
2023-07-28 11:03:49,1577.15,1200856,1,1589.54,174700,250342,-2.316434919946726,0
2023-07-28 11:03:49,1577.15,1200856,2,1589.54,174700,250342,-2.316434919946726,0
2023-07-28 11:03:51,1577.15,1200893,3,1589.54,174242,250471,-2.316434919946726,0
2023-07-28 11:03:52,1576.9,1200906,1,1589.54,174254,250528,-2.331919110588081,0
2023-07-28 11:03:52,1576.9,1200906,1,1589.54,174254,250528,-2.331919110588081,0
2023-07-28 11:03:52,1576.9,1200906,1,1589.54,174116,250384,-2.331919110588081,0
2023-07-28 11:03:54,1577.85,1205912,12,1589.49,174805,249628,-2.2730791861509427,0
2023-07-28 11:03:55,1577.15,1205939,2,1589.49,174425,249962,-2.316434919946726,0
2023-07-28 11:03:55,1577.15,1205939,2,1589.49,174425,249962,-2.316434919946726,0
2023-07-28 11:03:55,1577.7,1205939,28,1589.49,174426,250182,-2.2823697005357473,0
2023-07-28 11:03:57,1577.0,1206020,3,1589.49,174508,250201,-2.3257254343315448,0
2023-07-28 11:03:58,1577.7,1206023,2,1589.49,174510,250178,-2.2823697005357473,0
2023-07-28 11:03:58,1577.7,1206042,9,1589.49,174512,251674,-2.2823697005357473,0
2023-07-28 11:03:58,1577.7,1206042,5,1589.49,174512,251674,-2.2823697005357473,0
2023-07-28 11:03:58,1577.7,1206042,5,1589.49,174512,251674,-2.2823697005357473,0
2023-07-28 11:04:00,1577.7,1206052,5,1589.49,174439,252029,-2.2823697005357473,0
2023-07-28 11:04:00,1577.0,1206052,15,1589.49,174439,252029,-2.3257254343315448,0
2023-07-28 11:04:02,1576.9,1206079,4,1589.49,174551,252111,-2.331919110588081,0
2023-07-28 11:04:02,1576.9,1206087,4,1589.49,174653,252261,-2.331919110588081,0
2023-07-28 11:04:03,1577.5,1206088,1,1589.49,174524,249838,-2.2947570530488344,0
2023-07-28 11:04:05,1577.0,1217605,10,1589.37,173331,244139,-2.3257254343315448,0
2023-07-28 11:04:06,1577.25,1217655,2,1589.37,174210,247110,-2.3102412436901893,0
2023-07-28 11:04:06,1577.25,1217655,26,1589.37,174210,247110,-2.3102412436901893,0
2023-07-28 11:04:07,1577.2,1217783,3,1589.37,174161,247413,-2.3133380818184577,0
2023-07-28 11:04:07,1577.25,1217783,7,1589.37,174161,247413,-2.3102412436901893,0
2023-07-28 11:04:07,1577.25,1217783,7,1589.37,174161,247413,-2.3102412436901893,0
2023-07-28 11:04:09,1577.45,1217841,3,1589.37,174603,246765,-2.2978538911771027,0
2023-07-28 11:04:10,1577.0,1218096,1,1589.37,173799,247038,-2.3257254343315448,0
2023-07-28 11:04:11,1576.45,1218205,2,1589.37,174183,247120,-2.3597906537425235,0
2023-07-28 11:04:11,1576.9,1218205,30,1589.37,174183,247120,-2.331919110588081,0
2023-07-28 11:04:11,1576.9,1218351,30,1589.37,174076,246938,-2.331919110588081,0
2023-07-28 11:04:13,1576.9,1218367,9,1589.37,174144,247030,-2.331919110588081,0
2023-07-28 11:04:13,1576.9,1218367,3,1589.37,174144,247030,-2.331919110588081,0
2023-07-28 11:04:14,1576.9,1218372,3,1589.37,174184,246942,-2.331919110588081,0
2023-07-28 11:04:15,1576.25,1218405,6,1589.37,174009,247125,-2.37217800625561,0
2023-07-28 11:04:15,1576.95,1218405,17,1589.37,174009,247125,-2.328822272459813,0
2023-07-28 11:04:16,1577.2,1218548,10,1589.37,173559,246857,-2.3133380818184577,0
2023-07-28 11:04:16,1577.2,1218548,10,1589.37,173559,246857,-2.3133380818184577,0
2023-07-28 11:04:16,1577.2,1218548,10,1589.37,173578,246860,-2.3133380818184577,0
2023-07-28 11:04:16,1577.2,1218548,4,1589.37,173578,246860,-2.3133380818184577,0
2023-07-28 11:04:17,1576.4,1218558,14,1589.37,173586,246866,-2.3628874918707914,0
2023-07-28 11:04:19,1576.4,1218628,9,1589.36,173694,246693,-2.3628874918707914,0
2023-07-28 11:04:20,1576.9,1220216,1,1589.35,171425,246421,-2.331919110588081,0
2023-07-28 11:04:20,1576.9,1220216,1,1589.35,173981,246453,-2.331919110588081,0
2023-07-28 11:04:20,1576.9,1220216,1,1589.35,173762,247469,-2.331919110588081,0
2023-07-28 11:04:20,1576.6,1220216,2,1589.35,173762,247469,-2.3505001393577185,0
2023-07-28 11:04:23,1576.6,1220219,1,1589.35,174508,246793,-2.3505001393577185,0
2023-07-28 11:04:23,1576.6,1220222,3,1589.35,174486,246857,-2.3505001393577185,0
2023-07-28 11:04:25,1576.6,1220226,3,1589.35,174594,246895,-2.3505001393577185,0
2023-07-28 11:04:25,1576.1,1220346,45,1589.35,174242,246946,-2.381468520640429,0
2023-07-28 11:04:27,1576.1,1220360,1,1589.35,174362,244073,-2.381468520640429,0
2023-07-28 11:04:28,1576.1,1220386,1,1589.35,174014,247403,-2.381468520640429,0
2023-07-28 11:04:29,1576.1,1220400,10,1589.35,173964,247244,-2.381468520640429,0
2023-07-28 11:04:30,1576.1,1220601,1,1589.34,173988,247219,-2.381468520640429,0
2023-07-28 11:04:30,1576.1,1220601,1,1589.34,173988,247219,-2.381468520640429,0
2023-07-28 11:04:31,1575.7,1220836,17,1589.34,172389,247922,-2.406243225666589,0
2023-07-28 11:04:31,1575.65,1220836,3,1589.34,172389,247922,-2.409340063794857,0
2023-07-28 11:04:32,1576.0,1220883,3,1589.34,173806,247756,-2.3876621968969656,0
2023-07-28 11:04:33,1576.0,1220884,1,1589.34,173815,247687,-2.3876621968969656,0
2023-07-28 11:04:34,1576.0,1220895,2,1589.34,173941,247679,-2.3876621968969656,0
2023-07-28 11:04:34,1576.0,1220895,2,1589.34,173941,247679,-2.3876621968969656,0
2023-07-28 11:04:35,1576.0,1221099,200,1589.34,173967,247531,-2.3876621968969656,0
2023-07-28 11:04:35,1576.0,1221099,2,1589.34,173967,247531,-2.3876621968969656,0
2023-07-28 11:04:36,1576.0,1221131,2,1589.34,174133,247620,-2.3876621968969656,0
2023-07-28 11:04:38,1576.0,1221271,9,1589.34,173760,247621,-2.3876621968969656,0
2023-07-28 11:04:39,1576.0,1221278,2,1589.34,173809,247592,-2.3876621968969656,0
2023-07-28 11:04:40,1576.7,1221412,1,1589.34,174442,247289,-2.344306463101168,0
2023-07-28 11:04:40,1575.2,1221412,14,1589.34,174442,247289,-2.4372116069492993,0
2023-07-28 11:04:41,1576.15,1222079,20,1589.33,173474,248127,-2.378371682512147,0
2023-07-28 11:04:41,1575.85,1222079,17,1589.33,173474,248127,-2.3969527112817843,0
2023-07-28 11:04:43,1575.75,1222108,1,1589.33,173490,247982,-2.4031463875383205,0
2023-07-28 11:04:43,1575.75,1222108,1,1589.33,173490,247982,-2.4031463875383205,0
2023-07-28 11:04:43,1575.6,1222108,2,1589.33,173490,247982,-2.4124369019231393,0
2023-07-28 11:04:44,1576.05,1222151,10,1589.33,173941,247901,-2.3845653587686972,0
2023-07-28 11:04:45,1576.05,1222154,3,1589.33,173961,247926,-2.3845653587686972,0
2023-07-28 11:04:45,1576.0,1222154,10,1589.33,173961,247926,-2.3876621968969656,0
2023-07-28 11:04:46,1575.1,1222166,2,1589.33,173997,248640,-2.4434052832058497,0
2023-07-28 11:04:46,1575.8,1222166,4,1589.33,173997,248640,-2.400049549410052,0
2023-07-28 11:04:47,1575.15,1222276,8,1589.33,174181,248084,-2.4403084450775676,0
2023-07-28 11:04:47,1575.15,1222276,8,1589.33,174181,248084,-2.4403084450775676,0
2023-07-28 11:04:48,1575.05,1222296,7,1589.33,174177,248550,-2.446502121334118,0
2023-07-28 11:04:48,1575.05,1222496,7,1589.32,174195,247976,-2.446502121334118,0
2023-07-28 11:04:50,1575.8,1222516,16,1589.32,174350,248120,-2.400049549410052,0
2023-07-28 11:04:50,1575.15,1222516,4,1589.32,174332,248120,-2.4403084450775676,0
2023-07-28 11:04:52,1575.15,1222542,21,1589.32,174314,248240,-2.4403084450775676,0
2023-07-28 11:04:53,1575.85,1222572,10,1589.32,174432,248812,-2.3969527112817843,0
2023-07-28 11:04:53,1575.85,1222575,3,1589.32,174481,248702,-2.3969527112817843,0
2023-07-28 11:04:53,1575.3,1222575,13,1589.32,174481,248702,-2.4310179306927626,0
2023-07-28 11:04:55,1575.75,1222708,20,1589.32,174516,248669,-2.4031463875383205,0
2023-07-28 11:04:56,1576.0,1222715,5,1589.32,173085,248713,-2.3876621968969656,0
2023-07-28 11:04:57,1575.65,1222719,2,1589.32,174525,248842,-2.409340063794857,0
2023-07-28 11:04:57,1575.65,1222719,16,1589.32,174525,248842,-2.409340063794857,0
2023-07-28 11:04:58,1575.6,1222744,2,1589.32,174423,248812,-2.4124369019231393,0
2023-07-28 11:04:59,1575.6,1222784,16,1589.32,174471,249431,-2.4124369019231393,0
2023-07-28 11:04:59,1575.6,1222784,2,1589.32,174471,249431,-2.4124369019231393,0
2023-07-28 11:04:59,1575.15,1222786,4,1589.32,174608,249416,-2.4403084450775676,0
2023-07-28 11:05:01,1575.6,1222794,2,1589.32,174723,249412,-2.4124369019231393,0
2023-07-28 11:05:01,1575.15,1222794,27,1589.32,174723,249412,-2.4403084450775676,0
2023-07-28 11:05:02,1575.5,1222831,10,1589.32,174687,249419,-2.418630578179676,0
2023-07-28 11:05:04,1574.35,1228041,2,1589.26,168908,249142,-2.489857855129915,0
2023-07-28 11:05:05,1574.1,1228047,2,1589.26,170978,248750,-2.5053420457712705,0
2023-07-28 11:05:06,1574.7,1228447,55,1589.25,171430,246808,-2.4681799882320097,0
2023-07-28 11:05:06,1574.65,1228447,27,1589.25,171430,246808,-2.4712768263602776,0
2023-07-28 11:05:07,1574.75,1228566,4,1589.25,171557,248523,-2.4650831501037413,0
2023-07-28 11:05:07,1573.75,1228566,3,1589.25,171557,248523,-2.527019912669162,0
2023-07-28 11:05:08,1574.7,1228870,2,1589.25,170972,248540,-2.4681799882320097,0
2023-07-28 11:05:08,1573.8,1228875,4,1589.25,171325,248620,-2.523923074540894,0
2023-07-28 11:05:08,1574.6,1228875,1,1589.25,171325,248620,-2.47437366448856,0
2023-07-28 11:05:10,1574.1,1228896,3,1589.25,171304,248812,-2.5053420457712705,0
2023-07-28 11:05:10,1574.1,1228896,3,1589.25,171304,248812,-2.5053420457712705,0
2023-07-28 11:05:10,1574.1,1228896,3,1589.25,171063,249228,-2.5053420457712705,0
2023-07-28 11:05:10,1574.1,1228896,1,1589.25,171063,249228,-2.5053420457712705,0
2023-07-28 11:05:12,1574.65,1228908,10,1589.25,171196,249154,-2.4712768263602776,0
2023-07-28 11:05:13,1574.65,1228909,1,1589.25,171189,249356,-2.4712768263602776,0
2023-07-28 11:05:13,1574.65,1228909,1,1589.25,171189,249356,-2.4712768263602776,0
2023-07-28 11:05:14,1574.5,1228925,3,1589.25,171618,248825,-2.4805673407450963,0
2023-07-28 11:05:15,1574.45,1228938,10,1589.25,171456,248533,-2.4836641788733647,0
2023-07-28 11:05:15,1574.45,1228938,10,1589.25,171131,249143,-2.4836641788733647,0
2023-07-28 11:05:15,1574.45,1228938,65,1589.25,171131,249143,-2.4836641788733647,0
2023-07-28 11:05:18,1574.45,1229050,28,1589.24,171995,248223,-2.4836641788733647,0
2023-07-28 11:05:18,1574.45,1229050,28,1589.24,171995,248223,-2.4836641788733647,0
2023-07-28 11:05:18,1574.45,1229050,28,1589.24,172061,248136,-2.4836641788733647,0
2023-07-28 11:05:18,1574.45,1229050,64,1589.24,172061,248136,-2.4836641788733647,0
2023-07-28 11:05:20,1574.65,1229272,65,1589.24,172396,248522,-2.4712768263602776,0
2023-07-28 11:05:20,1575.0,1229272,1,1589.24,172396,248522,-2.4495989594623864,0
2023-07-28 11:05:22,1575.0,1229274,1,1589.24,172198,248523,-2.4495989594623864,0
2023-07-28 11:05:23,1574.7,1229301,9,1589.24,172738,248349,-2.4681799882320097,0
2023-07-28 11:05:23,1575.55,1229301,6,1589.24,172738,248349,-2.4155337400514076,0
2023-07-28 11:05:23,1575.55,1229301,6,1589.24,172738,248349,-2.4155337400514076,0
2023-07-28 11:05:24,1575.55,1229312,2,1589.24,172336,248348,-2.4155337400514076,0
2023-07-28 11:05:24,1575.55,1229312,2,1589.24,172356,248409,-2.4155337400514076,0
2023-07-28 11:05:24,1575.55,1229312,2,1589.24,172356,248409,-2.4155337400514076,0
2023-07-28 11:05:26,1575.55,1229315,3,1589.24,172475,248424,-2.4155337400514076,0
2023-07-28 11:05:26,1575.55,1229315,1,1589.24,172475,248424,-2.4155337400514076,0
2023-07-28 11:05:27,1574.85,1229329,3,1589.24,172504,248413,-2.4588894738472047,0
2023-07-28 11:05:28,1574.85,1229487,2,1589.24,172369,248772,-2.4588894738472047,0
2023-07-28 11:05:29,1574.85,1229488,1,1589.24,172493,248382,-2.4588894738472047,0
2023-07-28 11:05:29,1574.85,1229488,1,1589.24,172367,248866,-2.4588894738472047,0
2023-07-28 11:05:32,1574.1,1230015,23,1589.23,168239,249092,-2.5053420457712705,0
2023-07-28 11:05:33,1574.6,1230360,5,1589.23,171698,249016,-2.47437366448856,0
2023-07-28 11:05:33,1574.6,1230360,5,1589.23,172188,248439,-2.47437366448856,0
2023-07-28 11:05:35,1574.8,1230410,12,1589.23,172051,248749,-2.461986311975473,0
2023-07-28 11:05:35,1574.8,1230410,12,1589.23,172051,248749,-2.461986311975473,0
2023-07-28 11:05:35,1574.1,1230410,4,1589.23,172051,248749,-2.5053420457712705,0
2023-07-28 11:05:35,1574.8,1230539,3,1589.23,171931,248458,-2.461986311975473,0
2023-07-28 11:05:37,1574.8,1230661,3,1589.23,171737,249138,-2.461986311975473,0
2023-07-28 11:05:38,1574.85,1230719,3,1589.22,171910,249173,-2.4588894738472047,0
2023-07-28 11:05:39,1574.85,1230777,50,1589.22,171839,249146,-2.4588894738472047,0
2023-07-28 11:05:39,1574.85,1230777,2,1589.22,171839,249146,-2.4588894738472047,0
2023-07-28 11:05:40,1574.8,1230799,1,1589.22,171840,249150,-2.461986311975473,0
2023-07-28 11:05:42,1574.8,1230860,40,1589.22,171987,248516,-2.461986311975473,0
