2023-07-28 10:49:29,7253.0,428989,9,7272.02,59010,119154,-0.4269573454510559,0
2023-07-28 10:49:28,7253.0,428969,9,7272.02,58973,119437,-0.4269573454510559,0
2023-07-28 10:49:31,7253.45,429228,2,7272.01,58915,119173,-0.4207795060474258,0
2023-07-28 10:49:31,7251.6,429239,1,7272.01,58894,119176,-0.4461772902623522,0
2023-07-28 10:49:31,7253.45,429239,10,7272.01,58894,119176,-0.4207795060474258,0
2023-07-28 10:49:33,7252.4,429250,1,7272.01,58873,119164,-0.43519446465590433,0
2023-07-28 10:49:33,7252.4,429250,1,7272.01,58873,119164,-0.43519446465590433,0
2023-07-28 10:49:33,7252.4,429250,1,7272.01,58883,119164,-0.43519446465590433,0
2023-07-28 10:49:33,7252.4,429250,1,7272.01,58863,119160,-0.43519446465590433,0
2023-07-28 10:49:33,7253.85,429250,3,7272.01,58863,119160,-0.41528809324418936,0
2023-07-28 10:49:35,7253.85,429260,3,7272.01,58868,119298,-0.41528809324418936,0
2023-07-28 10:49:36,7251.6,429265,4,7272.01,58874,119313,-0.4461772902623522,0
2023-07-28 10:49:38,7253.45,429295,5,7272.01,58812,119348,-0.4207795060474258,0
2023-07-28 10:49:39,7253.4,429297,1,7272.01,58791,119362,-0.42146593264783194,0
2023-07-28 10:49:39,7253.4,429297,1,7272.01,58791,119362,-0.42146593264783194,0
2023-07-28 10:49:40,7253.0,429302,4,7272.01,58828,119342,-0.4269573454510559,0
2023-07-28 10:49:41,7251.6,429352,1,7272.0,58827,119440,-0.4461772902623522,0
2023-07-28 10:49:42,7253.85,429378,11,7272.0,58820,118387,-0.41528809324418936,0
2023-07-28 10:49:42,7253.85,429378,11,7272.0,58820,118387,-0.41528809324418936,0
2023-07-28 10:49:43,7253.0,429379,1,7272.0,57739,119396,-0.4269573454510559,0
2023-07-28 10:49:43,7253.0,429379,1,7272.0,57739,119396,-0.4269573454510559,0
2023-07-28 10:49:45,7253.0,429387,2,7272.0,57929,119564,-0.4269573454510559,0
2023-07-28 10:49:46,7253.85,429396,1,7272.0,57929,119539,-0.41528809324418936,0
2023-07-28 10:49:46,7253.85,429396,1,7272.0,57904,119589,-0.41528809324418936,0
2023-07-28 10:49:46,7253.45,429396,1,7272.0,57904,119589,-0.4207795060474258,0
2023-07-28 10:49:47,7253.45,429397,1,7272.0,57917,119579,-0.4207795060474258,0
2023-07-28 10:49:47,7253.0,429397,1,7272.0,57902,119227,-0.4269573454510559,0
2023-07-28 10:49:49,7253.0,429417,1,7272.0,57863,119441,-0.4269573454510559,0
2023-07-28 10:49:49,7253.85,429417,1,7272.0,57863,119441,-0.41528809324418936,0
2023-07-28 10:49:51,7253.85,429420,1,7272.0,57869,119485,-0.41528809324418936,0
2023-07-28 10:49:52,7253.25,429431,11,7272.0,57869,119603,-0.4235252124490378,0
2023-07-28 10:49:54,7253.0,429463,2,7272.0,57762,119643,-0.4269573454510559,0
2023-07-28 10:49:54,7253.8,429463,4,7272.0,57762,119643,-0.4159745198445955,0
2023-07-28 10:49:54,7253.8,429517,4,7272.0,57824,119617,-0.4159745198445955,0
2023-07-28 10:49:54,7253.8,429517,4,7272.0,57825,119863,-0.4159745198445955,0
2023-07-28 10:49:54,7253.8,429517,4,7272.0,57825,119863,-0.4159745198445955,0
2023-07-28 10:49:57,7253.8,429542,13,7271.99,57854,119816,-0.4159745198445955,0
2023-07-28 10:49:57,7253.8,429542,13,7271.99,57886,119664,-0.4159745198445955,0
2023-07-28 10:49:59,7253.8,429543,1,7271.99,57950,119768,-0.4159745198445955,0
2023-07-28 10:49:59,7253.8,429543,2,7271.99,57950,119768,-0.4159745198445955,0
2023-07-28 10:50:00,7253.8,429545,2,7271.99,57894,122639,-0.4159745198445955,0
2023-07-28 10:50:01,7253.8,429590,2,7271.99,57835,122665,-0.4159745198445955,0
2023-07-28 10:50:01,7253.8,429590,1,7271.99,57835,122665,-0.4159745198445955,0
2023-07-28 10:50:02,7253.8,429665,1,7271.99,57911,122895,-0.4159745198445955,0
2023-07-28 10:50:02,7253.8,429665,2,7271.99,57911,122895,-0.4159745198445955,0
2023-07-28 10:50:04,7253.8,429667,2,7271.99,57845,123326,-0.4159745198445955,0
2023-07-28 10:50:04,7253.85,429667,8,7271.99,57845,123326,-0.41528809324418936,0
2023-07-28 10:50:05,7253.8,429723,1,7271.99,57873,122062,-0.4159745198445955,0
2023-07-28 10:50:06,7253.8,429760,1,7271.99,57874,122941,-0.4159745198445955,0
2023-07-28 10:50:06,7253.8,429760,6,7271.99,57874,122941,-0.4159745198445955,0
2023-07-28 10:50:06,7253.8,429790,6,7271.98,57701,123037,-0.4159745198445955,0
2023-07-28 10:50:06,7253.8,429790,1,7271.98,57701,123037,-0.4159745198445955,0
2023-07-28 10:50:08,7253.8,430001,1,7271.98,57909,123282,-0.4159745198445955,0
2023-07-28 10:50:09,7252.0,430166,5,7271.97,57758,123173,-0.4406858774591283,0
2023-07-28 10:50:09,7252.0,430166,5,7271.97,57758,123173,-0.4406858774591283,0
2023-07-28 10:50:09,7253.8,430166,1,7271.97,57726,123236,-0.4159745198445955,0
2023-07-28 10:50:10,7253.8,430167,2,7271.97,57736,123138,-0.4159745198445955,0
2023-07-28 10:50:12,7252.0,430174,1,7271.97,57744,123387,-0.4406858774591283,0
2023-07-28 10:50:13,7250.05,430641,3,7271.95,57489,123207,-0.4674565148748669,0
2023-07-28 10:50:14,7248.55,430688,10,7271.94,57473,123111,-0.48804931288697545,0
2023-07-28 10:50:16,7249.1,430712,10,7271.94,57506,122780,-0.48049862028253315,0
2023-07-28 10:50:17,7249.15,430749,1,7271.94,56914,122417,-0.4798121936821395,0
2023-07-28 10:50:17,7249.15,430749,6,7271.94,56914,122417,-0.4798121936821395,0
2023-07-28 10:50:17,7249.15,430762,6,7271.94,57552,122735,-0.4798121936821395,0
2023-07-28 10:50:17,7250.25,430762,6,7271.94,57543,123018,-0.4647108084732549,0
2023-07-28 10:50:17,7249.15,430762,2,7271.94,57543,123018,-0.4798121936821395,0
2023-07-28 10:50:20,7249.15,430814,2,7271.94,57541,121231,-0.4798121936821395,0
2023-07-28 10:50:20,7249.15,430814,2,7271.94,57541,121231,-0.4798121936821395,0
2023-07-28 10:50:21,7250.0,430874,10,7271.93,57530,121754,-0.468142941475273,0
2023-07-28 10:50:21,7250.25,430874,1,7271.93,57530,121754,-0.4647108084732549,0
2023-07-28 10:50:21,7250.25,430874,1,7271.93,57530,121754,-0.4647108084732549,0
2023-07-28 10:50:21,7250.25,430874,1,7271.93,57530,121754,-0.4647108084732549,0
2023-07-28 10:50:23,7250.25,430896,1,7271.93,57546,121870,-0.4647108084732549,0
2023-07-28 10:50:23,7250.25,430896,1,7271.93,57546,121870,-0.4647108084732549,0
2023-07-28 10:50:25,7250.85,430913,1,7271.93,57585,123110,-0.4564736892684065,0
2023-07-28 10:50:26,7251.0,430918,3,7271.93,57267,122364,-0.45441440946720063,0
2023-07-28 10:50:26,7251.0,430921,2,7271.93,57552,122802,-0.45441440946720063,0
2023-07-28 10:50:26,7251.05,430921,2,7271.93,57552,122802,-0.45372798286679455,0
2023-07-28 10:50:28,7251.05,430928,2,7271.93,57550,122771,-0.45372798286679455,0
2023-07-28 10:50:29,7253.5,431086,6,7271.92,57856,121186,-0.4200930794470197,0
2023-07-28 10:50:29,7252.4,431094,6,7271.92,57751,122167,-0.43519446465590433,0
2023-07-28 10:50:30,7252.4,431100,2,7271.92,57562,122391,-0.43519446465590433,0
2023-07-28 10:50:32,7251.2,431135,2,7271.92,57508,122443,-0.45166870306558865,0
2023-07-28 10:50:32,7252.4,431135,5,7271.92,57508,122443,-0.43519446465590433,0
2023-07-28 10:50:33,7252.9,431153,6,7271.92,57499,122395,-0.4283301986518681,0
2023-07-28 10:50:33,7252.9,431153,26,7271.92,57499,122395,-0.4283301986518681,0
2023-07-28 10:50:33,7252.9,431204,26,7271.92,57542,122289,-0.4283301986518681,0
2023-07-28 10:50:35,7252.4,431213,4,7271.92,57543,122590,-0.43519446465590433,0
2023-07-28 10:50:36,7252.4,431262,2,7271.92,57627,120675,-0.43519446465590433,0
2023-07-28 10:50:36,7252.4,431264,2,7271.92,57633,122226,-0.43519446465590433,0
2023-07-28 10:50:36,7252.4,431264,3,7271.92,57633,122226,-0.43519446465590433,0
2023-07-28 10:50:38,7252.4,431267,3,7271.92,58068,121935,-0.43519446465590433,0
2023-07-28 10:50:38,7254.7,431267,4,7271.92,58068,121935,-0.40361884103733536,0
2023-07-28 10:50:39,7253.6,431549,1,7271.9,58054,122119,-0.41872022624620747,0
2023-07-28 10:50:41,7254.7,431744,3,7271.9,58157,121727,-0.40361884103733536,0
2023-07-28 10:50:42,7256.0,431979,1,7271.89,58151,121858,-0.3857717494268388,0
2023-07-28 10:50:42,7254.75,432034,23,7271.88,58141,121990,-0.40293241443692923,0
2023-07-28 10:50:43,7254.0,432062,25,7271.88,58059,122209,-0.4132288134429835,0
2023-07-28 10:50:44,7255.2,432185,5,7271.88,58266,121436,-0.39675457503329914,0
2023-07-28 10:50:46,7255.8,432188,3,7271.88,57315,121678,-0.38851745582845076,0
2023-07-28 10:50:46,7255.8,432188,2,7271.88,57315,121678,-0.38851745582845076,0
2023-07-28 10:50:47,7258.0,432221,2,7271.88,57952,121811,-0.358314685410694,0
2023-07-28 10:50:49,7257.0,432226,1,7271.88,57816,121892,-0.3720432174187664,0
2023-07-28 10:50:50,7257.0,432230,1,7271.88,57986,119010,-0.3720432174187664,0
2023-07-28 10:50:50,7257.0,432230,1,7271.88,57986,119010,-0.3720432174187664,0
2023-07-28 10:50:50,7257.0,432232,1,7271.88,58088,121598,-0.3720432174187664,0
2023-07-28 10:50:50,7258.0,432232,1,7271.88,58088,121598,-0.358314685410694,0
2023-07-28 10:50:52,7258.0,432257,5,7271.88,57937,122077,-0.358314685410694,0
2023-07-28 10:50:53,7257.65,432260,1,7271.88,57932,121111,-0.3631196716135243,0
2023-07-28 10:50:53,7257.0,432260,1,7271.88,57932,121111,-0.3720432174187664,0
2023-07-28 10:50:54,7258.2,432370,10,7271.87,58022,122326,-0.355568979009082,0
2023-07-28 10:50:54,7258.0,432370,2,7271.87,58022,122326,-0.358314685410694,0
2023-07-28 10:50:54,7258.0,432372,2,7271.87,58005,122309,-0.358314685410694,0
2023-07-28 10:50:54,7258.0,432372,7,7271.87,58005,122309,-0.358314685410694,0
2023-07-28 10:50:56,7258.0,432392,3,7271.87,57975,122299,-0.358314685410694,0
2023-07-28 10:50:57,7256.3,432410,18,7271.87,57941,122406,-0.38165318982441454,0
2023-07-28 10:50:57,7256.3,432410,18,7271.87,57978,122156,-0.38165318982441454,0
2023-07-28 10:50:59,7255.75,432445,9,7271.87,57969,122359,-0.38920388242885684,0
2023-07-28 10:51:00,7255.75,432446,1,7271.87,57975,122376,-0.38920388242885684,0
2023-07-28 10:51:01,7252.9,432569,14,7271.87,57025,122705,-0.4283301986518681,0
2023-07-28 10:51:01,7254.55,432579,10,7271.87,57872,122267,-0.4056781208385412,0
2023-07-28 10:51:03,7253.85,432580,4,7271.87,57908,122349,-0.41528809324418936,0
2023-07-28 10:51:03,7252.9,432580,15,7271.87,57908,122349,-0.4283301986518681,0
2023-07-28 10:51:03,7252.9,432612,15,7271.86,57902,119484,-0.4283301986518681,0
2023-07-28 10:51:03,7253.8,432612,5,7271.86,57902,119484,-0.4159745198445955,0
2023-07-28 10:51:05,7253.8,432619,5,7271.86,57916,119325,-0.4159745198445955,0
2023-07-28 10:51:06,7253.8,432625,5,7271.86,57293,122215,-0.4159745198445955,0
2023-07-28 10:51:06,7253.9,432625,5,7271.86,57920,122348,-0.4146016666437958,0
2023-07-28 10:51:06,7253.8,432625,1,7271.86,57920,122348,-0.4159745198445955,0
2023-07-28 10:51:08,7253.8,432634,1,7271.86,57937,121927,-0.4159745198445955,0
2023-07-28 10:51:10,7253.9,432635,1,7271.86,57911,122223,-0.4146016666437958,0
2023-07-28 10:51:10,7253.9,432635,9,7271.86,57911,122223,-0.4146016666437958,0
2023-07-28 10:51:12,7253.8,432690,6,7271.86,57989,121018,-0.4159745198445955,0
2023-07-28 10:51:12,7252.9,432705,6,7271.86,57787,122102,-0.4283301986518681,0
2023-07-28 10:51:13,7252.9,432715,6,7271.86,57974,121696,-0.4283301986518681,0
2023-07-28 10:51:13,7253.8,432715,2,7271.86,57974,121696,-0.4159745198445955,0
2023-07-28 10:51:15,7253.8,432724,3,7271.86,57391,121914,-0.4159745198445955,0
2023-07-28 10:51:17,7253.9,432801,13,7271.86,57368,119905,-0.4146016666437958,0
2023-07-28 10:51:17,7253.9,432801,13,7271.86,57368,119905,-0.4146016666437958,0
2023-07-28 10:51:18,7253.8,432810,5,7271.86,58040,121900,-0.4159745198445955,0
2023-07-28 10:51:18,7253.8,432818,1,7271.86,57994,122023,-0.4159745198445955,0
2023-07-28 10:51:20,7253.8,432819,1,7271.86,57986,121995,-0.4159745198445955,0
2023-07-28 10:51:21,7253.8,432824,4,7271.86,58014,121874,-0.4159745198445955,0
2023-07-28 10:51:21,7253.9,432824,12,7271.86,58049,121999,-0.4146016666437958,0
2023-07-28 10:51:22,7253.9,432849,7,7271.85,57442,121957,-0.4146016666437958,0
2023-07-28 10:51:24,7253.9,432860,1,7271.85,58058,121071,-0.4146016666437958,0
2023-07-28 10:51:25,7253.9,432962,2,7271.85,57486,121477,-0.4146016666437958,0
2023-07-28 10:51:25,7253.9,432966,2,7271.85,58049,122026,-0.4146016666437958,0
2023-07-28 10:51:27,7253.9,432977,4,7271.85,58021,121006,-0.4146016666437958,0
2023-07-28 10:51:28,7253.9,433133,119,7271.84,58022,122296,-0.4146016666437958,0
2023-07-28 10:51:29,7253.9,433141,17,7271.84,58014,122036,-0.4146016666437958,0
2023-07-28 10:51:30,7253.9,433191,32,7271.84,58071,122229,-0.4146016666437958,0
2023-07-28 10:51:30,7253.9,433191,32,7271.84,58071,122229,-0.4146016666437958,0
2023-07-28 10:51:31,7254.0,433206,3,7271.84,58011,122251,-0.4132288134429835,0
2023-07-28 10:51:32,7255.35,433290,3,7271.84,58018,122196,-0.3946952952320808,0
2023-07-28 10:51:33,7255.15,433323,1,7271.84,58086,122213,-0.39744100163370527,0
2023-07-28 10:51:33,7257.0,433323,1,7271.84,58086,122213,-0.3720432174187664,0
2023-07-28 10:51:34,7255.0,433329,1,7271.83,58147,121470,-0.3995002814349111,0
2023-07-28 10:51:36,7257.0,433335,1,7271.83,58248,121717,-0.3720432174187664,0
2023-07-28 10:51:36,7255.0,433335,3,7271.83,58248,121717,-0.3995002814349111,0
2023-07-28 10:51:38,7255.0,433341,3,7271.83,58260,121377,-0.3995002814349111,0
2023-07-28 10:51:38,7257.0,433341,5,7271.83,58274,121490,-0.3720432174187664,0
2023-07-28 10:51:39,7257.0,433351,5,7271.83,58335,120961,-0.3720432174187664,0
2023-07-28 10:51:40,7255.05,433357,5,7271.83,58306,121715,-0.39881385483450504,0
2023-07-28 10:51:40,7255.05,433357,5,7271.83,58318,121721,-0.39881385483450504,0
2023-07-28 10:51:40,7255.05,433357,3,7271.83,58255,121721,-0.39881385483450504,0
2023-07-28 10:51:43,7255.05,433362,3,7271.83,58266,121774,-0.39881385483450504,0
2023-07-28 10:51:43,7254.8,433362,1,7271.83,58266,121774,-0.4022459878365231,0
2023-07-28 10:51:43,7257.0,433362,2,7271.83,58266,121774,-0.3720432174187664,0
2023-07-28 10:51:45,7255.1,433401,10,7271.83,58238,121762,-0.3981274282340989,0
2023-07-28 10:51:45,7257.0,433401,1,7271.83,58238,121762,-0.3720432174187664,0
2023-07-28 10:51:47,7257.0,433412,1,7271.83,58280,121270,-0.3720432174187664,0
2023-07-28 10:51:48,7257.0,433488,2,7271.83,58432,121442,-0.3720432174187664,0
2023-07-28 10:51:48,7257.0,433488,1,7271.83,58432,121442,-0.3720432174187664,0
2023-07-28 10:51:49,7257.2,433613,12,7271.83,58269,121467,-0.3692975110171544,0
2023-07-28 10:51:49,7257.2,433625,12,7271.82,58203,121463,-0.3692975110171544,0
2023-07-28 10:51:51,7256.05,433665,1,7271.82,58192,120559,-0.38508532282643265,0
2023-07-28 10:51:52,7257.95,433681,10,7271.82,58358,121828,-0.35900111201110013,0
2023-07-28 10:51:53,7257.45,433748,1,7271.82,58169,121692,-0.3658653780151363,0
2023-07-28 10:51:53,7257.45,433748,1,7271.82,58193,121770,-0.3658653780151363,0
2023-07-28 10:51:53,7254.8,433748,2,7271.82,58193,121770,-0.4022459878365231,0
2023-07-28 10:51:56,7257.95,433891,81,7271.82,58347,121739,-0.35900111201110013,0
2023-07-28 10:51:57,7254.25,434177,17,7271.8,58223,121759,-0.4097966804409654,0
2023-07-28 10:51:57,7254.25,434177,17,7271.8,58236,120571,-0.4097966804409654,0
2023-07-28 10:51:57,7254.25,434177,17,7271.8,58063,121949,-0.4097966804409654,0
2023-07-28 10:52:01,7255.1,434183,3,7271.8,58223,121628,-0.3981274282340989,0
2023-07-28 10:52:01,7257.3,434257,5,7271.8,58353,121846,-0.3679246578163422,0
2023-07-28 10:52:03,7254.35,434258,1,7271.8,58268,122071,-0.4084238272401532,0
2023-07-28 10:52:03,7257.6,434258,3,7271.8,58268,122071,-0.36380609821391796,0
2023-07-28 10:52:04,7257.6,434358,3,7271.8,58348,121848,-0.36380609821391796,0
2023-07-28 10:52:04,7257.6,434358,3,7271.8,58357,121841,-0.36380609821391796,0
2023-07-28 10:52:04,7255.1,434358,21,7271.8,58357,121841,-0.3981274282340989,0
2023-07-28 10:52:06,7256.85,434381,8,7271.8,58397,121943,-0.37410249721997224,0
2023-07-28 10:52:07,7257.75,434396,1,7271.8,58353,121936,-0.3617468184127121,0
2023-07-28 10:52:08,7257.9,434449,17,7271.79,58364,121724,-0.35968753861150626,0
2023-07-28 10:52:08,7257.85,434449,10,7271.79,58364,121724,-0.36037396521189985,0
2023-07-28 10:52:11,7256.85,434489,1,7271.79,58133,121740,-0.37410249721997224,0
2023-07-28 10:52:11,7256.85,434489,1,7271.79,58133,121740,-0.37410249721997224,0
2023-07-28 10:52:12,7257.0,434513,21,7271.79,58179,121904,-0.3720432174187664,0
2023-07-28 10:52:12,7257.65,434513,7,7271.79,58179,121904,-0.3631196716135243,0
2023-07-28 10:52:12,7257.65,434521,7,7271.79,58137,121934,-0.3631196716135243,0
2023-07-28 10:52:13,7256.85,434522,1,7271.79,58151,121919,-0.37410249721997224,0
2023-07-28 10:52:13,7256.85,434522,1,7271.79,58153,121914,-0.37410249721997224,0
2023-07-28 10:52:13,7256.85,434522,1,7271.79,58149,122341,-0.37410249721997224,0
2023-07-28 10:52:13,7256.85,434522,1,7271.79,58149,122341,-0.37410249721997224,0
2023-07-28 10:52:18,7256.85,434526,1,7271.79,58151,122455,-0.37410249721997224,0
2023-07-28 10:52:18,7256.85,434527,1,7271.79,58150,122400,-0.37410249721997224,0
2023-07-28 10:52:18,7256.0,434527,1,7271.79,58150,122400,-0.3857717494268388,0
2023-07-28 10:52:18,7257.8,434527,10,7271.79,58150,122400,-0.361060391812306,0
2023-07-28 10:52:21,7256.85,434575,1,7271.79,58273,122079,-0.37410249721997224,0
2023-07-28 10:52:22,7257.75,434590,6,7271.79,58231,122318,-0.3617468184127121,0
2023-07-28 10:52:24,7257.75,434603,2,7271.79,58196,122316,-0.3617468184127121,0
2023-07-28 10:52:24,7257.75,434603,2,7271.79,58219,122355,-0.3617468184127121,0
2023-07-28 10:52:24,7257.75,434603,2,7271.79,58219,122355,-0.3617468184127121,0
2023-07-28 10:52:25,7257.75,434651,46,7271.79,58224,122482,-0.3617468184127121,0
2023-07-28 10:52:25,7257.75,434651,46,7271.79,58224,122482,-0.3617468184127121,0
2023-07-28 10:52:26,7257.75,434655,4,7271.79,58241,122478,-0.3617468184127121,0
2023-07-28 10:52:27,7257.75,434656,1,7271.79,58212,122491,-0.3617468184127121,0
2023-07-28 10:52:27,7257.75,434656,1,7271.79,58212,122481,-0.3617468184127121,0
2023-07-28 10:52:27,7257.75,434656,1,7271.79,58225,122471,-0.3617468184127121,0
2023-07-28 10:52:27,7257.9,434656,5,7271.79,58225,122471,-0.35968753861150626,0
2023-07-28 10:52:31,7257.75,434682,1,7271.79,57773,122284,-0.3617468184127121,0
2023-07-28 10:52:32,7257.0,434697,15,7271.79,58336,122302,-0.3720432174187664,0
2023-07-28 10:52:33,7257.75,434722,4,7271.79,58315,122297,-0.3617468184127121,0
2023-07-28 10:52:33,7257.2,434722,19,7271.79,58315,122297,-0.3692975110171544,0
2023-07-28 10:52:34,7257.75,434744,1,7271.79,58253,122269,-0.3617468184127121,0
2023-07-28 10:52:35,7257.2,434759,5,7271.78,58260,122267,-0.3692975110171544,0
2023-07-28 10:52:37,7257.9,434764,5,7271.78,58262,122271,-0.35968753861150626,0
2023-07-28 10:52:38,7257.9,434784,5,7271.78,58263,122277,-0.35968753861150626,0
2023-07-28 10:52:38,7257.75,434784,11,7271.78,58263,122277,-0.3617468184127121,0
2023-07-28 10:52:38,7257.2,434784,27,7271.78,58263,122277,-0.3692975110171544,0
2023-07-28 10:52:40,7257.95,434854,3,7271.78,58308,122265,-0.35900111201110013,0
2023-07-28 10:52:41,7257.95,434878,13,7271.78,58308,122145,-0.35900111201110013,0
2023-07-28 10:52:42,7258.0,434902,6,7271.78,58345,122265,-0.358314685410694,0
2023-07-28 10:52:44,7257.75,434932,3,7271.78,58329,122268,-0.3617468184127121,0
2023-07-28 10:52:44,7257.75,434935,3,7271.78,58337,122270,-0.3617468184127121,0
2023-07-28 10:52:45,7257.75,434941,2,7271.78,58267,122415,-0.3617468184127121,0
2023-07-28 10:52:45,7257.2,434941,1,7271.78,58267,122415,-0.3692975110171544,0
2023-07-28 10:52:46,7257.75,435001,1,7271.78,58259,120464,-0.3617468184127121,0
2023-07-28 10:52:46,7257.75,435001,1,7271.78,58259,120464,-0.3617468184127121,0
2023-07-28 10:52:47,7257.75,435015,4,7271.78,58321,121959,-0.3617468184127121,0
2023-07-28 10:52:47,7257.2,435015,2,7271.78,58318,121962,-0.3692975110171544,0
2023-07-28 10:52:50,7257.75,435046,1,7271.78,58303,122423,-0.3617468184127121,0
2023-07-28 10:52:50,7257.75,435046,1,7271.78,58303,122423,-0.3617468184127121,0
2023-07-28 10:52:51,7258.0,435075,3,7271.77,58290,122396,-0.358314685410694,0
2023-07-28 10:52:51,7257.75,435075,1,7271.77,58290,122396,-0.3617468184127121,0
2023-07-28 10:52:52,7257.2,435144,1,7271.77,58325,122384,-0.3692975110171544,0
2023-07-28 10:52:53,7257.75,435152,1,7271.77,58212,122389,-0.3617468184127121,0
2023-07-28 10:52:53,7257.75,435152,1,7271.77,58318,122250,-0.3617468184127121,0
2023-07-28 10:52:53,7257.75,435152,1,7271.77,58318,122250,-0.3617468184127121,0
2023-07-28 10:52:55,7257.2,435158,12,7271.77,58339,122266,-0.3692975110171544,0
2023-07-28 10:52:57,7257.2,435188,1,7271.77,58283,122766,-0.3692975110171544,0
2023-07-28 10:52:57,7257.75,435688,500,7271.75,58302,122322,-0.3617468184127121,0
2023-07-28 10:52:57,7257.75,435688,500,7271.75,58302,122322,-0.3617468184127121,0
2023-07-28 10:52:58,7257.75,435689,1,7271.75,58321,122429,-0.3617468184127121,0
2023-07-28 10:52:58,7257.75,435689,3,7271.75,58321,122429,-0.3617468184127121,0
2023-07-28 10:52:58,7257.75,435780,3,7271.75,58334,123347,-0.3617468184127121,0
2023-07-28 10:52:58,7257.75,435780,3,7271.75,58267,123388,-0.3617468184127121,0
2023-07-28 10:52:58,7257.75,435780,3,7271.75,58296,123438,-0.3617468184127121,0
2023-07-28 10:53:02,7255.0,435836,6,7271.75,58247,123481,-0.3995002814349111,0
2023-07-28 10:53:02,7257.0,435836,15,7271.75,58247,123481,-0.3720432174187664,0
2023-07-28 10:53:04,7255.0,435870,12,7271.75,58069,123443,-0.3995002814349111,0
2023-07-28 10:53:04,7257.65,435870,6,7271.75,58078,123603,-0.3631196716135243,0
2023-07-28 10:53:05,7257.65,435890,6,7271.75,58130,123534,-0.3631196716135243,0
2023-07-28 10:53:05,7257.0,435890,20,7271.75,58130,123534,-0.3720432174187664,0
2023-07-28 10:53:07,7257.0,435912,2,7271.75,58108,122416,-0.3720432174187664,0
2023-07-28 10:53:07,7255.0,435912,1,7271.75,58108,122416,-0.3995002814349111,0
2023-07-28 10:53:09,7255.15,435918,2,7271.75,58121,123654,-0.39744100163370527,0
2023-07-28 10:53:09,7257.0,435918,5,7271.75,58121,123654,-0.3720432174187664,0
2023-07-28 10:53:09,7257.0,435924,5,7271.75,58121,123679,-0.3720432174187664,0
2023-07-28 10:53:09,7257.0,435924,5,7271.75,58133,123720,-0.3720432174187664,0
2023-07-28 10:53:09,7257.0,435924,20,7271.75,58144,123857,-0.3720432174187664,0
2023-07-28 10:53:12,7257.0,435944,20,7271.75,58157,123827,-0.3720432174187664,0
2023-07-28 10:53:12,7257.0,435944,20,7271.75,58160,123368,-0.3720432174187664,0
2023-07-28 10:53:12,7257.0,435944,20,7271.75,58256,123704,-0.3720432174187664,0
2023-07-28 10:53:12,7257.0,435944,20,7271.75,58240,123772,-0.3720432174187664,0
2023-07-28 10:53:12,7257.0,435944,3,7271.75,58240,123772,-0.3720432174187664,0
2023-07-28 10:53:17,7257.0,435947,3,7271.75,58240,123819,-0.3720432174187664,0
2023-07-28 10:53:18,7255.6,435997,6,7271.74,58216,123820,-0.39126316223006274,0
2023-07-28 10:53:18,7255.6,435997,6,7271.74,58202,123862,-0.39126316223006274,0
2023-07-28 10:53:18,7255.6,435997,6,7271.74,58203,123864,-0.39126316223006274,0
2023-07-28 10:53:21,7256.75,436007,4,7271.74,58207,123900,-0.3754753504207845,0
2023-07-28 10:53:21,7256.75,436007,4,7271.74,58207,123900,-0.3754753504207845,0
2023-07-28 10:53:22,7256.5,436009,1,7271.74,58109,123935,-0.37890748342280256,0
2023-07-28 10:53:22,7256.5,436009,1,7271.74,58109,123935,-0.37890748342280256,0
2023-07-28 10:53:22,7256.5,436009,1,7271.74,58109,123935,-0.37890748342280256,0
2023-07-28 10:53:22,7256.5,436009,1,7271.74,58184,123926,-0.37890748342280256,0
2023-07-28 10:53:22,7256.5,436009,1,7271.74,58184,123926,-0.37890748342280256,0
2023-07-28 10:53:22,7256.5,436009,1,7271.74,58194,123931,-0.37890748342280256,0
2023-07-28 10:53:22,7256.5,436009,1,7271.74,58194,123931,-0.37890748342280256,0
2023-07-28 10:53:22,7256.5,436009,1,7271.74,58198,123931,-0.37890748342280256,0
2023-07-28 10:53:22,7255.6,436009,11,7271.74,58198,123931,-0.39126316223006274,0
2023-07-28 10:53:27,7256.0,436134,100,7271.74,58222,123884,-0.3857717494268388,0
2023-07-28 10:53:28,7255.6,436150,6,7271.74,58218,124052,-0.39126316223006274,0
2023-07-28 10:53:29,7255.0,436394,80,7271.73,58069,123976,-0.3995002814349111,0
2023-07-28 10:53:30,7253.9,436396,55,7271.73,58089,124133,-0.4146016666437958,0
2023-07-28 10:53:31,7254.55,436466,14,7271.73,58024,124037,-0.4056781208385412,0
2023-07-28 10:53:31,7254.55,436466,14,7271.73,58030,123995,-0.4056781208385412,0
2023-07-28 10:53:31,7254.55,436466,14,7271.73,58035,123989,-0.4056781208385412,0
2023-07-28 10:53:31,7254.55,436466,14,7271.73,58024,124129,-0.4056781208385412,0
2023-07-28 10:53:31,7254.6,436466,3,7271.73,58024,124129,-0.4049916942381351,0
2023-07-28 10:53:35,7254.6,436488,3,7271.73,58024,124124,-0.4049916942381351,0
2023-07-28 10:53:35,7252.9,436488,1,7271.73,58024,124124,-0.4283301986518681,0
2023-07-28 10:53:36,7252.9,436520,1,7271.72,54493,124283,-0.4283301986518681,0
2023-07-28 10:53:37,7250.0,436586,3,7271.72,57937,124395,-0.468142941475273,0
2023-07-28 10:53:37,7250.0,436586,3,7271.72,57938,124304,-0.468142941475273,0
2023-07-28 10:53:37,7250.5,436586,3,7271.72,57938,124304,-0.46127867547123685,0
2023-07-28 10:53:39,7250.95,436594,3,7271.72,57968,124275,-0.45510083606760676,0
2023-07-28 10:53:40,7250.0,436604,10,7271.72,57950,124360,-0.468142941475273,0
2023-07-28 10:53:40,7250.95,436604,5,7271.72,57950,124360,-0.45510083606760676,0
2023-07-28 10:53:41,7250.95,436609,5,7271.72,57325,124355,-0.45510083606760676,0
2023-07-28 10:53:41,7250.95,436609,5,7271.72,57326,124332,-0.45510083606760676,0
2023-07-28 10:53:41,7250.95,436609,5,7271.72,57974,122989,-0.45510083606760676,0
2023-07-28 10:53:41,7250.95,436609,5,7271.72,57990,124276,-0.45510083606760676,0
2023-07-28 10:53:41,7250.95,436609,50,7271.72,57916,124026,-0.45510083606760676,0
2023-07-28 10:53:46,7250.95,436659,50,7271.72,57916,124024,-0.45510083606760676,0
2023-07-28 10:53:46,7251.0,436669,6,7271.72,57907,123865,-0.45441440946720063,0
2023-07-28 10:53:46,7251.0,436669,6,7271.72,57282,123872,-0.45441440946720063,0
2023-07-28 10:53:46,7250.65,436669,3,7271.72,57282,123872,-0.45921939567003095,0
2023-07-28 10:53:49,7250.65,436707,2,7271.71,57996,122513,-0.45921939567003095,0
2023-07-28 10:53:49,7250.55,436707,3,7271.71,57996,122513,-0.4605922488708307,0
2023-07-28 10:53:50,7250.3,436733,1,7271.71,56795,123463,-0.46402438187284883,0
2023-07-28 10:53:51,7251.0,436736,1,7271.71,57487,123708,-0.45441440946720063,0
2023-07-28 10:53:51,7251.0,436736,1,7271.71,57487,123708,-0.45441440946720063,0
2023-07-28 10:53:52,7250.5,436740,2,7271.71,58132,123628,-0.46127867547123685,0
2023-07-28 10:53:53,7250.3,436767,4,7271.71,58112,123767,-0.46402438187284883,0
2023-07-28 10:53:53,7250.5,436767,2,7271.71,58112,123767,-0.46127867547123685,0
2023-07-28 10:53:54,7250.6,436771,2,7271.71,58123,123878,-0.4599058222704246,0
2023-07-28 10:53:54,7250.95,436771,1,7271.71,58123,123878,-0.45510083606760676,0
2023-07-28 10:53:55,7250.95,436774,1,7271.71,58108,123956,-0.45510083606760676,0
2023-07-28 10:53:55,7250.95,436774,3,7271.71,58108,123956,-0.45510083606760676,0
2023-07-28 10:53:55,7250.95,436778,3,7271.71,58095,123824,-0.45510083606760676,0
2023-07-28 10:53:55,7250.95,436778,3,7271.71,58093,123799,-0.45510083606760676,0
2023-07-28 10:53:55,7251.0,436778,1,7271.71,58093,123799,-0.45441440946720063,0
2023-07-28 10:53:58,7253.05,436786,2,7271.71,58143,123716,-0.42627091885064977,0
2023-07-28 10:53:58,7253.05,436786,2,7271.71,58143,123716,-0.42627091885064977,0
2023-07-28 10:53:58,7253.05,436786,2,7271.71,58138,123817,-0.42627091885064977,0
2023-07-28 10:53:58,7251.65,436786,14,7271.71,58138,123817,-0.4454908636619586,0
2023-07-28 10:54:01,7253.5,436823,5,7271.71,57612,123617,-0.4200930794470197,0
2023-07-28 10:54:03,7252.4,436835,2,7271.71,58088,123436,-0.43519446465590433,0
2023-07-28 10:54:03,7252.4,436835,2,7271.71,58088,123436,-0.43519446465590433,0
2023-07-28 10:54:03,7252.4,436835,2,7271.71,58269,123437,-0.43519446465590433,0
2023-07-28 10:54:03,7252.4,436835,2,7271.71,57163,123356,-0.43519446465590433,0
2023-07-28 10:54:07,7253.9,436847,1,7271.71,57520,123746,-0.4146016666437958,0
2023-07-28 10:54:07,7253.9,436847,1,7271.71,57520,123746,-0.4146016666437958,0
2023-07-28 10:54:07,7253.9,436847,1,7271.71,57520,123746,-0.4146016666437958,0
2023-07-28 10:54:09,7254.1,436864,4,7271.71,58183,123948,-0.4118559602421713,0
2023-07-28 10:54:09,7253.05,436864,1,7271.71,58183,123948,-0.42627091885064977,0
2023-07-28 10:54:10,7252.4,436894,16,7271.71,58103,123819,-0.43519446465590433,0
2023-07-28 10:54:10,7252.0,436894,1,7271.71,58103,123819,-0.4406858774591283,0
2023-07-28 10:54:11,7252.0,436897,2,7271.71,58147,122915,-0.4406858774591283,0
2023-07-28 10:54:11,7252.0,436897,2,7271.71,58159,122782,-0.4406858774591283,0
2023-07-28 10:54:13,7252.0,436899,2,7271.71,58164,124135,-0.4406858774591283,0
2023-07-28 10:54:13,7251.0,436899,3,7271.71,58148,122871,-0.45441440946720063,0
2023-07-28 10:54:15,7252.4,436902,1,7271.71,58198,122203,-0.43519446465590433,0
2023-07-28 10:54:15,7253.25,436902,7,7271.71,58198,122203,-0.4235252124490378,0
2023-07-28 10:54:17,7253.25,436923,7,7271.71,58200,122645,-0.4235252124490378,0
2023-07-28 10:54:17,7253.25,436923,7,7271.71,58200,123645,-0.4235252124490378,0
2023-07-28 10:54:17,7253.0,436923,48,7271.71,58180,123675,-0.4269573454510559,0
2023-07-28 10:54:20,7253.0,436973,48,7271.7,57566,123577,-0.4269573454510559,0
2023-07-28 10:54:20,7253.0,436973,48,7271.7,57822,123583,-0.4269573454510559,0
2023-07-28 10:54:20,7252.2,436973,5,7271.7,57822,123583,-0.4379401710575163,0
2023-07-28 10:54:23,7252.1,437039,10,7271.7,57723,122732,-0.43931302425831603,0
2023-07-28 10:54:24,7251.9,437109,50,7271.7,57909,123563,-0.4420587306599405,0
2023-07-28 10:54:25,7251.0,437120,1,7271.7,57908,123441,-0.45441440946720063,0
2023-07-28 10:54:26,7251.0,437121,1,7271.7,57912,123816,-0.45441440946720063,0
2023-07-28 10:54:26,7251.0,437121,1,7271.7,57917,123618,-0.45441440946720063,0
2023-07-28 10:54:26,7251.3,437121,4,7271.7,57917,123618,-0.45029584986477644,0
2023-07-28 10:54:29,7249.1,437305,7,7271.69,57631,123532,-0.48049862028253315,0
2023-07-28 10:54:30,7249.95,437323,15,7271.69,57826,123501,-0.46882936807567915,0
2023-07-28 10:54:30,7249.1,437323,32,7271.69,57826,123501,-0.48049862028253315,0
2023-07-28 10:54:31,7249.55,437358,2,7271.68,57807,123602,-0.4743207808789031,0
2023-07-28 10:54:31,7249.1,437358,1,7271.68,57807,123602,-0.48049862028253315,0
2023-07-28 10:54:31,7249.1,437359,60,7271.68,57881,123606,-0.48049862028253315,0
2023-07-28 10:54:33,7249.1,437494,20,7271.68,57821,122754,-0.48049862028253315,0
2023-07-28 10:54:34,7249.35,437506,10,7271.68,57870,123745,-0.4770664872805151,0
2023-07-28 10:54:34,7249.35,437506,2,7271.68,57870,123745,-0.4770664872805151,0
2023-07-28 10:54:35,7249.35,437508,2,7271.68,57875,123746,-0.4770664872805151,0
2023-07-28 10:54:35,7249.35,437508,2,7271.68,57874,123755,-0.4770664872805151,0
2023-07-28 10:54:38,7249.1,437520,10,7271.68,57864,123760,-0.48049862028253315,0
2023-07-28 10:54:40,7249.1,437523,3,7271.68,57859,123550,-0.48049862028253315,0
2023-07-28 10:54:40,7249.55,437523,10,7271.68,57859,123550,-0.4743207808789031,0
2023-07-28 10:54:41,7249.35,437547,2,7271.67,57857,122125,-0.4770664872805151,0
2023-07-28 10:54:42,7249.25,437560,1,7271.67,57789,123789,-0.4784393404813273,0
2023-07-28 10:54:43,7249.25,437562,2,7271.67,57812,124024,-0.4784393404813273,0
2023-07-28 10:54:44,7249.25,437563,1,7271.67,57829,123637,-0.4784393404813273,0
2023-07-28 10:54:45,7249.95,437579,7,7271.67,57879,123692,-0.46882936807567915,0
2023-07-28 10:54:47,7249.2,437583,1,7271.67,57515,123607,-0.47912576708173343,0
2023-07-28 10:54:47,7249.35,437583,2,7271.67,57515,123607,-0.4770664872805151,0
2023-07-28 10:54:47,7249.25,437586,1,7271.67,57805,123605,-0.4784393404813273,0
2023-07-28 10:54:47,7249.95,437586,9,7271.67,57805,123605,-0.46882936807567915,0
2023-07-28 10:54:49,7249.95,437600,9,7271.67,58077,122849,-0.46882936807567915,0
2023-07-28 10:54:51,7252.35,437701,1,7271.67,58124,123250,-0.4358808912562979,0
2023-07-28 10:54:51,7252.35,437701,1,7271.67,58115,124121,-0.4358808912562979,0
2023-07-28 10:54:54,7249.55,437704,1,7271.67,58117,124133,-0.4743207808789031,0
2023-07-28 10:54:54,7250.45,437704,1,7271.67,58117,124133,-0.46196510207164293,0
2023-07-28 10:54:55,7250.45,437705,1,7271.67,58134,123305,-0.46196510207164293,0
2023-07-28 10:54:55,7250.0,437705,2,7271.67,58134,123305,-0.468142941475273,0
2023-07-28 10:54:57,7250.45,437725,2,7271.67,58127,124548,-0.46196510207164293,0
2023-07-28 10:54:57,7250.0,437725,5,7271.67,58127,124548,-0.468142941475273,0
2023-07-28 10:54:58,7250.45,437748,1,7271.67,58061,124439,-0.46196510207164293,0
2023-07-28 10:54:58,7250.45,437748,1,7271.67,58061,124439,-0.46196510207164293,0
2023-07-28 10:54:59,7250.0,437751,2,7271.66,58048,124716,-0.468142941475273,0
2023-07-28 10:55:00,7250.0,437753,1,7271.66,58011,123339,-0.468142941475273,0
2023-07-28 10:55:00,7250.0,437753,1,7271.66,58011,123339,-0.468142941475273,0
2023-07-28 10:55:01,7249.55,437765,1,7271.66,58029,124487,-0.4743207808789031,0
2023-07-28 10:55:02,7250.05,437776,1,7271.66,57971,124477,-0.4674565148748669,0
2023-07-28 10:55:03,7249.55,437777,1,7271.66,57981,124536,-0.4743207808789031,0
2023-07-28 10:55:04,7250.0,437778,1,7271.66,57965,124531,-0.468142941475273,0
2023-07-28 10:55:04,7250.0,437778,1,7271.66,57965,124531,-0.468142941475273,0
2023-07-28 10:55:05,7250.0,437779,1,7271.66,57957,124530,-0.468142941475273,0
2023-07-28 10:55:05,7250.0,437779,1,7271.66,57957,124537,-0.468142941475273,0
2023-07-28 10:55:07,7249.65,437796,17,7271.66,57585,123613,-0.47294792767810334,0
2023-07-28 10:55:07,7249.65,437796,17,7271.66,57976,124915,-0.47294792767810334,0
2023-07-28 10:55:09,7250.0,437812,16,7271.66,58019,124897,-0.468142941475273,0
2023-07-28 10:55:10,7249.85,437814,2,7271.66,58022,124609,-0.47020222127647887,0
2023-07-28 10:55:10,7249.65,437814,3,7271.66,58022,124609,-0.47294792767810334,0
2023-07-28 10:55:11,7249.65,437820,1,7271.66,58046,124626,-0.47294792767810334,0
2023-07-28 10:55:12,7250.0,437846,6,7271.66,58053,124928,-0.468142941475273,0
2023-07-28 10:55:12,7247.0,437846,7,7271.66,58053,124680,-0.5093285374994901,0
2023-07-28 10:55:14,7247.5,438199,5,7271.64,57207,124344,-0.5024642714954539,0
2023-07-28 10:55:14,7247.5,438199,5,7271.64,57207,124344,-0.5024642714954539,0
2023-07-28 10:55:14,7247.5,438199,5,7271.64,57496,125152,-0.5024642714954539,0
2023-07-28 10:55:14,7246.05,438199,5,7271.64,57496,125152,-0.5223706429071564,0
2023-07-28 10:55:16,7246.05,438209,5,7271.64,57521,125408,-0.5223706429071564,0
2023-07-28 10:55:17,7246.05,438214,5,7271.64,57523,124534,-0.5223706429071564,0
2023-07-28 10:55:17,7246.05,438214,5,7271.64,57535,124928,-0.5223706429071564,0
2023-07-28 10:55:17,7246.85,438214,5,7271.64,57535,124928,-0.511387817300696,0
2023-07-28 10:55:19,7246.85,438228,4,7271.64,57529,124914,-0.511387817300696,0
2023-07-28 10:55:20,7246.05,438230,1,7271.64,57528,125539,-0.5223706429071564,0
2023-07-28 10:55:21,7245.6,438297,17,7271.64,57174,125290,-0.5285484823107864,0
2023-07-28 10:55:22,7245.0,438341,1,7271.63,57247,124559,-0.5367856015156349,0
2023-07-28 10:55:23,7245.0,438450,30,7271.63,56575,125550,-0.5367856015156349,0
2023-07-28 10:55:24,7243.0,438454,2,7271.63,56602,125494,-0.5642426655317797,0
2023-07-28 10:55:25,7245.2,438559,3,7271.62,57193,125336,-0.5340398951140229,0
2023-07-28 10:55:26,7243.0,438560,1,7271.62,57264,125499,-0.5642426655317797,0
2023-07-28 10:55:26,7243.55,438560,3,7271.62,57264,125262,-0.5566919729273373,0
2023-07-28 10:55:28,7244.05,438573,5,7271.62,57309,125044,-0.5498277069233012,0
2023-07-28 10:55:28,7245.1,438578,5,7271.62,57267,124307,-0.5354127483148227,0
2023-07-28 10:55:28,7244.05,438578,2,7271.62,57267,124307,-0.5498277069233012,0
2023-07-28 10:55:30,7245.2,438594,2,7271.62,57270,124354,-0.5340398951140229,0
2023-07-28 10:55:31,7245.1,438595,1,7271.62,57278,123578,-0.5354127483148227,0
2023-07-28 10:55:31,7245.1,438595,14,7271.62,57278,123578,-0.5354127483148227,0
2023-07-28 10:55:31,7242.95,438595,3,7271.62,57278,123578,-0.5649290921321858,0
2023-07-28 10:55:33,7242.95,438788,3,7271.61,57013,123363,-0.5649290921321858,0
2023-07-28 10:55:34,7244.05,438789,1,7271.61,56902,124481,-0.5498277069233012,0
2023-07-28 10:55:34,7244.05,438789,1,7271.61,57043,124113,-0.5498277069233012,0
2023-07-28 10:55:34,7244.05,438789,1,7271.61,57090,124492,-0.5498277069233012,0
2023-07-28 10:55:34,7244.05,438789,1,7271.61,57105,124363,-0.5498277069233012,0
2023-07-28 10:55:34,7244.05,438789,1,7271.61,57160,124370,-0.5498277069233012,0
2023-07-28 10:55:40,7244.05,438799,9,7271.6,57161,124381,-0.5498277069233012,0
2023-07-28 10:55:40,7242.65,438799,32,7271.6,57161,124381,-0.56904765173461,0
2023-07-28 10:55:41,7245.0,438979,80,7271.59,57186,124328,-0.5367856015156349,0
2023-07-28 10:55:42,7246.2,439179,10,7271.58,57252,124229,-0.5203113631059505,0
2023-07-28 10:55:42,7246.2,439179,10,7271.58,57183,123383,-0.5203113631059505,0
2023-07-28 10:55:42,7243.0,439179,2,7271.58,57183,123383,-0.5642426655317797,0
2023-07-28 10:55:44,7243.0,439181,2,7271.58,57193,124276,-0.5642426655317797,0
2023-07-28 10:55:44,7243.55,439181,2,7271.58,57193,124276,-0.5566919729273373,0
2023-07-28 10:55:46,7243.55,439184,1,7271.58,57211,124528,-0.5566919729273373,0
2023-07-28 10:55:46,7243.0,439185,1,7271.58,57212,124136,-0.5642426655317797,0
2023-07-28 10:55:46,7244.05,439185,4,7271.58,57212,124136,-0.5498277069233012,0
2023-07-28 10:55:48,7244.05,439205,4,7271.58,57220,124262,-0.5498277069233012,0
2023-07-28 10:55:48,7243.55,439206,1,7271.58,57208,124391,-0.5566919729273373,0
2023-07-28 10:55:50,7243.55,439214,2,7271.58,57184,124550,-0.5566919729273373,0
2023-07-28 10:55:50,7243.4,439219,5,7271.58,57218,123580,-0.5587512527285557,0
2023-07-28 10:55:50,7243.55,439219,1,7271.58,57225,123455,-0.5566919729273373,0
2023-07-28 10:55:52,7243.4,439225,4,7271.58,57171,123630,-0.5587512527285557,0
2023-07-28 10:55:52,7243.5,439225,2,7271.58,57171,123630,-0.5573783995277435,0
2023-07-28 10:55:54,7243.5,439227,2,7271.58,57216,124435,-0.5573783995277435,0
2023-07-28 10:55:54,7243.4,439228,2,7271.58,56590,124435,-0.5587512527285557,0
2023-07-28 10:55:56,7243.4,439243,2,7271.58,57198,124485,-0.5587512527285557,0
2023-07-28 10:55:57,7243.0,439248,3,7271.58,57200,123750,-0.5642426655317797,0
2023-07-28 10:55:57,7243.4,439248,1,7271.58,57200,123750,-0.5587512527285557,0
2023-07-28 10:55:58,7243.4,439250,1,7271.58,57202,123848,-0.5587512527285557,0
2023-07-28 10:55:58,7243.4,439250,1,7271.58,57202,123848,-0.5587512527285557,0
2023-07-28 10:55:59,7240.8,439676,26,7271.55,56889,124543,-0.5944454359495364,0
2023-07-28 10:56:00,7240.4,439726,4,7271.54,57067,123365,-0.5999368487527729,0
2023-07-28 10:56:01,7240.35,439759,5,7271.54,57077,124479,-0.6006232753531665,0
2023-07-28 10:56:01,7240.35,439759,5,7271.54,57039,123652,-0.6006232753531665,0
2023-07-28 10:56:01,7240.85,439759,2,7271.54,57039,123652,-0.5937590093491303,0
2023-07-28 10:56:03,7240.85,439761,2,7271.54,56934,124913,-0.5937590093491303,0
2023-07-28 10:56:05,7240.85,439763,2,7271.54,57041,124913,-0.5937590093491303,0
2023-07-28 10:56:06,7242.1,439798,25,7271.54,57170,124896,-0.5765983443390398,0
2023-07-28 10:56:06,7242.1,439798,25,7271.54,57170,124896,-0.5765983443390398,0
2023-07-28 10:56:06,7242.1,439798,25,7271.54,57224,124862,-0.5765983443390398,0
2023-07-28 10:56:06,7243.4,439798,2,7271.54,57224,124862,-0.5587512527285557,0
2023-07-28 10:56:07,7243.4,439828,2,7271.54,57094,124570,-0.5587512527285557,0
2023-07-28 10:56:07,7243.55,439828,1,7271.54,57135,124584,-0.5566919729273373,0
2023-07-28 10:56:10,7242.3,439912,1,7271.53,57926,124547,-0.5738526379374278,0
2023-07-28 10:56:10,7242.35,439912,1,7271.53,57926,124547,-0.5731662113370217,0
2023-07-28 10:56:11,7242.35,439915,1,7271.53,57893,124433,-0.5731662113370217,0
2023-07-28 10:56:11,7246.0,439915,10,7271.53,57893,124433,-0.5230570695075625,0
2023-07-28 10:56:12,7245.2,440035,10,7271.52,57983,123162,-0.5340398951140229,0
2023-07-28 10:56:13,7245.2,440085,12,7271.52,58002,123540,-0.5340398951140229,0
2023-07-28 10:56:14,7245.1,440258,14,7271.51,58017,123017,-0.5354127483148227,0
2023-07-28 10:56:14,7245.1,440258,14,7271.51,58045,123024,-0.5354127483148227,0
2023-07-28 10:56:16,7247.5,440308,24,7271.51,57937,123624,-0.5024642714954539,0
2023-07-28 10:56:16,7247.5,440308,24,7271.51,57828,123863,-0.5024642714954539,0
2023-07-28 10:56:16,7247.5,440308,1,7271.51,57828,123863,-0.5024642714954539,0
2023-07-28 10:56:19,7247.5,440326,1,7271.51,57140,123971,-0.5024642714954539,0
2023-07-28 10:56:20,7247.35,440329,3,7271.51,57758,124375,-0.5045235512966598,0
2023-07-28 10:56:20,7247.35,440329,3,7271.51,57786,123991,-0.5045235512966598,0
2023-07-28 10:56:20,7247.35,440329,3,7271.51,57783,123971,-0.5045235512966598,0
2023-07-28 10:56:20,7247.35,440329,3,7271.51,57815,123118,-0.5045235512966598,0
2023-07-28 10:56:20,7247.35,440329,1,7271.51,57815,123118,-0.5045235512966598,0
2023-07-28 10:56:20,7247.35,440329,1,7271.51,57815,123118,-0.5045235512966598,0
2023-07-28 10:56:24,7247.35,440340,2,7271.51,57834,124362,-0.5045235512966598,0
2023-07-28 10:56:24,7247.35,440340,2,7271.51,57834,124362,-0.5045235512966598,0
2023-07-28 10:56:26,7247.5,440355,9,7271.51,57856,123113,-0.5024642714954539,0
2023-07-28 10:56:26,7247.5,440355,9,7271.51,57856,123113,-0.5024642714954539,0
2023-07-28 10:56:27,7247.5,440356,1,7271.51,57834,124096,-0.5024642714954539,0
2023-07-28 10:56:27,7245.4,440356,8,7271.51,57834,124096,-0.531294188712411,0
2023-07-28 10:56:28,7245.4,440426,1,7271.5,57798,124098,-0.531294188712411,0
2023-07-28 10:56:28,7243.95,440677,25,7271.49,57598,124193,-0.5512005601241134,0
2023-07-28 10:56:28,7243.95,440677,25,7271.49,57840,124097,-0.5512005601241134,0
2023-07-28 10:56:31,7243.4,440679,1,7271.49,57817,124128,-0.5587512527285557,0
2023-07-28 10:56:31,7245.9,440679,1,7271.49,57817,124128,-0.5244299227083747,0
2023-07-28 10:56:32,7245.9,440680,1,7271.49,57821,123303,-0.5244299227083747,0
2023-07-28 10:56:33,7245.9,440700,6,7271.49,57822,122980,-0.5244299227083747,0
2023-07-28 10:56:33,7245.0,440700,8,7271.49,57822,122980,-0.5367856015156349,0
2023-07-28 10:56:34,7244.05,440719,4,7271.48,57766,124106,-0.5498277069233012,0
2023-07-28 10:56:34,7244.05,440719,4,7271.48,57766,124106,-0.5498277069233012,0
2023-07-28 10:56:35,7245.0,440720,3,7271.48,57816,123501,-0.5367856015156349,0
2023-07-28 10:56:35,7245.0,440730,3,7271.48,57843,124525,-0.5367856015156349,0
2023-07-28 10:56:35,7245.0,440730,3,7271.48,57844,124281,-0.5367856015156349,0
2023-07-28 10:56:38,7245.0,440750,1,7271.48,57842,124020,-0.5367856015156349,0
2023-07-28 10:56:38,7245.0,440750,1,7271.48,57852,124023,-0.5367856015156349,0
2023-07-28 10:56:38,7245.0,440750,1,7271.48,57854,124148,-0.5367856015156349,0
2023-07-28 10:56:41,7245.0,440751,1,7271.48,57863,124161,-0.5367856015156349,0
2023-07-28 10:56:41,7245.0,440751,1,7271.48,57863,124161,-0.5367856015156349,0
2023-07-28 10:56:42,7245.0,440752,1,7271.48,57863,124146,-0.5367856015156349,0
2023-07-28 10:56:44,7242.05,440862,1,7271.47,57812,124061,-0.577284770939446,0
2023-07-28 10:56:44,7242.05,440862,1,7271.47,57808,123938,-0.577284770939446,0
2023-07-28 10:56:45,7245.0,440887,1,7271.47,57898,123898,-0.5367856015156349,0
2023-07-28 10:56:45,7245.0,440887,1,7271.47,57871,123924,-0.5367856015156349,0
2023-07-28 10:56:45,7245.0,440887,1,7271.47,57926,124143,-0.5367856015156349,0
2023-07-28 10:56:45,7242.25,440887,2,7271.47,57926,124143,-0.574539064537834,0
2023-07-28 10:56:49,7245.0,440949,5,7271.47,57876,124213,-0.5367856015156349,0
2023-07-28 10:56:50,7244.2,440950,1,7271.47,57843,124248,-0.5477684271220953,0
2023-07-28 10:56:50,7244.2,440950,1,7271.47,57819,130577,-0.5477684271220953,0
2023-07-28 10:56:50,7244.2,440950,1,7271.47,57805,130619,-0.5477684271220953,0
2023-07-28 10:56:50,7244.0,440950,6,7271.47,57805,130619,-0.5505141335237073,0
2023-07-28 10:56:52,7242.9,440957,10,7271.47,57284,130406,-0.5656155187325919,0
2023-07-28 10:56:53,7245.0,440967,64,7271.47,57860,130501,-0.5367856015156349,0
2023-07-28 10:56:54,7245.0,441072,5,7271.46,57930,130295,-0.5367856015156349,0
2023-07-28 10:56:55,7243.25,441075,2,7271.46,57924,129452,-0.5608105325297615,0
2023-07-28 10:56:55,7244.9,441075,1,7271.46,57924,129452,-0.5381584547164472,0
2023-07-28 10:56:55,7244.9,441076,1,7271.46,57909,130320,-0.5381584547164472,0
2023-07-28 10:56:55,7243.25,441076,3,7271.46,57909,130320,-0.5608105325297615,0
2023-07-28 10:56:57,7244.9,441080,1,7271.46,57929,130330,-0.5381584547164472,0
2023-07-28 10:56:57,7243.7,441080,10,7271.46,57948,130335,-0.5546326931261315,0
2023-07-28 10:56:59,7243.7,441090,10,7271.46,57942,130345,-0.5546326931261315,0
2023-07-28 10:56:59,7244.95,441090,2,7271.46,57942,130345,-0.537472028116041,0
2023-07-28 10:57:01,7244.95,441092,2,7271.46,57991,130353,-0.537472028116041,0
2023-07-28 10:57:01,7244.95,441094,2,7271.46,58004,130478,-0.537472028116041,0
2023-07-28 10:57:02,7245.0,441100,1,7271.46,57995,130477,-0.5367856015156349,0
2023-07-28 10:57:02,7244.95,441100,1,7271.46,57995,130477,-0.537472028116041,0
2023-07-28 10:57:03,7244.95,441102,1,7271.46,58000,130361,-0.537472028116041,0
2023-07-28 10:57:03,7245.0,441102,16,7271.46,58000,130361,-0.5367856015156349,0
2023-07-28 10:57:05,7244.85,441118,10,7271.46,58015,130351,-0.5388448813168407,0
2023-07-28 10:57:06,7244.85,441128,10,7271.46,58032,130349,-0.5388448813168407,0
2023-07-28 10:57:08,7244.85,441129,1,7271.46,58035,130351,-0.5388448813168407,0
2023-07-28 10:57:08,7244.85,441129,1,7271.46,58085,130351,-0.5388448813168407,0
2023-07-28 10:57:08,7244.0,441129,6,7271.46,58085,130389,-0.5505141335237073,0
2023-07-28 10:57:10,7244.0,441168,1,7271.46,58085,130345,-0.5505141335237073,0
2023-07-28 10:57:10,7244.0,441168,1,7271.46,58085,130345,-0.5505141335237073,0
2023-07-28 10:57:11,7244.0,441176,2,7271.46,58071,130341,-0.5505141335237073,0
2023-07-28 10:57:13,7244.0,441181,3,7271.46,58097,130349,-0.5505141335237073,0
2023-07-28 10:57:13,7244.0,441181,3,7271.46,58197,130349,-0.5505141335237073,0
2023-07-28 10:57:15,7244.0,441183,2,7271.46,58197,130298,-0.5505141335237073,0
2023-07-28 10:57:16,7243.25,441250,2,7271.45,57933,129224,-0.5608105325297615,0
2023-07-28 10:57:17,7244.0,441267,1,7271.45,58187,130205,-0.5505141335237073,0
2023-07-28 10:57:18,7243.95,441268,1,7271.45,58213,130191,-0.5512005601241134,0
2023-07-28 10:57:19,7244.0,441273,5,7271.45,58213,130311,-0.5505141335237073,0
2023-07-28 10:57:19,7244.0,441273,5,7271.45,58213,130308,-0.5505141335237073,0
2023-07-28 10:57:19,7244.0,441273,2,7271.45,58195,130560,-0.5505141335237073,0
2023-07-28 10:57:22,7244.0,441275,2,7271.45,58200,130559,-0.5505141335237073,0
2023-07-28 10:57:24,7242.9,441354,1,7271.44,57937,130662,-0.5656155187325919,0
2023-07-28 10:57:25,7241.35,441397,1,7271.44,57509,130409,-0.5868947433450941,0
2023-07-28 10:57:25,7241.35,441397,1,7271.44,57985,130465,-0.5868947433450941,0
2023-07-28 10:57:26,7240.85,441411,14,7271.44,58031,130476,-0.5937590093491303,0
2023-07-28 10:57:27,7240.85,441417,1,7271.44,58018,130425,-0.5937590093491303,0
2023-07-28 10:57:27,7240.35,441417,5,7271.44,58018,130425,-0.6006232753531665,0
2023-07-28 10:57:28,7240.9,441488,17,7271.44,57699,130605,-0.5930725827487366,0
2023-07-28 10:57:28,7240.9,441488,17,7271.44,57699,130605,-0.5930725827487366,0
2023-07-28 10:57:28,7240.95,441488,1,7271.44,57737,130529,-0.5923861561483306,0
2023-07-28 10:57:30,7240.95,441489,1,7271.44,57744,130502,-0.5923861561483306,0
2023-07-28 10:57:31,7241.0,441502,1,7271.43,57964,130368,-0.5916997295479244,0
2023-07-28 10:57:31,7241.0,441502,1,7271.43,57964,130368,-0.5916997295479244,0
2023-07-28 10:57:31,7241.0,441502,1,7271.43,57865,130505,-0.5916997295479244,0
2023-07-28 10:57:31,7241.0,441502,5,7271.43,57865,130505,-0.5916997295479244,0
2023-07-28 10:57:34,7241.0,441550,1,7271.43,58016,130501,-0.5916997295479244,0
2023-07-28 10:57:35,7241.3,441553,2,7271.43,58016,130512,-0.5875811699455002,0
2023-07-28 10:57:35,7241.75,441553,1,7271.43,58016,130512,-0.5814033305418701,0
2023-07-28 10:57:36,7241.75,441644,1,7271.42,57924,130669,-0.5814033305418701,0
2023-07-28 10:57:37,7244.85,441878,4,7271.41,58736,130107,-0.5388448813168407,0
2023-07-28 10:57:38,7243.5,441885,5,7271.41,58661,130198,-0.5573783995277435,0
2023-07-28 10:57:38,7244.0,441891,6,7271.41,58655,128697,-0.5505141335237073,0
2023-07-28 10:57:38,7244.0,441891,1,7271.41,58647,129951,-0.5505141335237073,0
2023-07-28 10:57:42,7245.0,441911,4,7271.41,58684,129186,-0.5367856015156349,0
2023-07-28 10:57:42,7245.0,441913,1,7271.41,58574,129284,-0.5367856015156349,0
2023-07-28 10:57:44,7244.0,441914,1,7271.41,58560,129303,-0.5505141335237073,0
2023-07-28 10:57:44,7244.0,442023,10,7271.4,58471,130168,-0.5505141335237073,0
2023-07-28 10:57:46,7245.0,442029,6,7271.4,58478,129902,-0.5367856015156349,0
2023-07-28 10:57:46,7245.0,442029,2,7271.4,58478,129902,-0.5367856015156349,0
2023-07-28 10:57:47,7244.0,442041,5,7271.4,58226,130535,-0.5505141335237073,0
2023-07-28 10:57:47,7244.0,442046,5,7271.4,58306,130168,-0.5505141335237073,0
2023-07-28 10:57:49,7244.5,442047,1,7271.4,58306,130313,-0.543649867519671,0
2023-07-28 10:57:49,7244.0,442047,4,7271.4,58306,130313,-0.5505141335237073,0
2023-07-28 10:57:49,7244.0,442052,1,7271.4,57066,130064,-0.5505141335237073,0
2023-07-28 10:57:51,7245.0,442053,15,7271.4,58299,130439,-0.5367856015156349,0
2023-07-28 10:57:53,7245.0,442070,1,7271.4,58298,130305,-0.5367856015156349,0
2023-07-28 10:57:54,7245.0,442071,1,7271.4,58339,130178,-0.5367856015156349,0
2023-07-28 10:57:54,7244.0,442071,35,7271.4,58339,130178,-0.5505141335237073,0
2023-07-28 10:57:54,7245.0,442121,5,7271.4,58267,129306,-0.5367856015156349,0
2023-07-28 10:57:55,7245.0,442126,5,7271.39,58287,130558,-0.5367856015156349,0
2023-07-28 10:57:57,7245.0,442129,3,7271.39,58389,130559,-0.5367856015156349,0
2023-07-28 10:57:57,7245.0,442129,2,7271.39,58389,130559,-0.5367856015156349,0
2023-07-28 10:57:57,7245.0,442131,2,7271.39,58402,130557,-0.5367856015156349,0
2023-07-28 10:57:57,7245.0,442131,15,7271.39,58402,130557,-0.5367856015156349,0
2023-07-28 10:57:59,7245.0,442146,15,7271.39,58404,130542,-0.5367856015156349,0
2023-07-28 10:57:59,7245.0,442146,15,7271.39,58457,130406,-0.5367856015156349,0
2023-07-28 10:58:02,7244.0,442148,2,7271.39,58386,130043,-0.5505141335237073,0
2023-07-28 10:58:02,7244.0,442148,5,7271.39,58386,130043,-0.5505141335237073,0
2023-07-28 10:58:03,7244.5,442163,1,7271.39,58378,129917,-0.543649867519671,0
2023-07-28 10:58:03,7244.5,442163,1,7271.39,58378,129917,-0.543649867519671,0
2023-07-28 10:58:04,7245.0,442245,82,7271.39,58367,129435,-0.5367856015156349,0
2023-07-28 10:58:04,7245.0,442245,82,7271.39,58367,129435,-0.5367856015156349,0
2023-07-28 10:58:05,7245.0,442246,1,7271.39,58367,128816,-0.5367856015156349,0
2023-07-28 10:58:06,7244.0,442247,1,7271.39,58366,130076,-0.5505141335237073,0
2023-07-28 10:58:07,7244.0,442267,10,7271.39,58358,129566,-0.5505141335237073,0
2023-07-28 10:58:08,7245.0,442270,3,7271.39,58363,130063,-0.5367856015156349,0
2023-07-28 10:58:08,7245.0,442270,16,7271.39,58383,130071,-0.5367856015156349,0
2023-07-28 10:58:10,7244.0,442600,4,7271.37,58079,129315,-0.5505141335237073,0
2023-07-28 10:58:10,7244.0,442600,4,7271.37,58115,130333,-0.5505141335237073,0
2023-07-28 10:58:10,7243.05,442600,1,7271.37,58115,130333,-0.5635562389313735,0
2023-07-28 10:58:12,7243.05,442607,3,7271.37,58111,129321,-0.5635562389313735,0
2023-07-28 10:58:12,7243.05,442607,3,7271.37,58151,129196,-0.5635562389313735,0
2023-07-28 10:58:14,7242.4,442627,20,7271.36,58148,129321,-0.5724797847366281,0
2023-07-28 10:58:14,7242.4,442627,20,7271.36,58139,130321,-0.5724797847366281,0
2023-07-28 10:58:14,7243.05,442627,2,7271.36,58139,130321,-0.5635562389313735,0
2023-07-28 10:58:16,7243.05,442632,2,7271.36,58139,130305,-0.5635562389313735,0
2023-07-28 10:58:16,7242.4,442632,3,7271.36,58139,130305,-0.5724797847366281,0
2023-07-28 10:58:17,7243.05,442635,1,7271.36,58128,129195,-0.5635562389313735,0
2023-07-28 10:58:18,7243.05,442636,1,7271.36,58140,130057,-0.5635562389313735,0
2023-07-28 10:58:18,7243.05,442636,1,7271.36,58140,130037,-0.5635562389313735,0
2023-07-28 10:58:18,7243.05,442636,1,7271.36,58140,130037,-0.5635562389313735,0
2023-07-28 10:58:20,7243.05,442637,1,7271.36,58149,130151,-0.5635562389313735,0
2023-07-28 10:58:20,7242.7,442637,32,7271.36,58123,130148,-0.5683612251342038,0
2023-07-28 10:58:22,7243.05,442705,4,7271.36,58166,130244,-0.5635562389313735,0
2023-07-28 10:58:24,7243.05,442706,1,7271.36,58172,130380,-0.5635562389313735,0
2023-07-28 10:58:24,7243.05,442706,4,7271.36,58172,130380,-0.5635562389313735,0
2023-07-28 10:58:25,7242.4,442746,6,7271.36,58166,130204,-0.5724797847366281,0
2023-07-28 10:58:26,7243.05,442747,1,7271.36,58151,130444,-0.5635562389313735,0
2023-07-28 10:58:27,7243.05,442749,2,7271.36,58162,130583,-0.5635562389313735,0
2023-07-28 10:58:27,7243.05,442749,2,7271.36,58175,130442,-0.5635562389313735,0
2023-07-28 10:58:27,7243.05,442749,1,7271.36,58175,130442,-0.5635562389313735,0
2023-07-28 10:58:29,7243.05,442756,1,7271.36,58184,130554,-0.5635562389313735,0
2023-07-28 10:58:29,7243.05,442756,1,7271.36,58188,130556,-0.5635562389313735,0
2023-07-28 10:58:32,7243.05,442757,1,7271.36,58182,130545,-0.5635562389313735,0
2023-07-28 10:58:33,7244.5,443257,200,7271.32,58439,129056,-0.543649867519671,0
2023-07-28 10:58:33,7243.35,443302,21,7271.32,58339,129950,-0.5594376793289493,0
2023-07-28 10:58:34,7243.35,443303,1,7271.32,58353,129079,-0.5594376793289493,0
2023-07-28 10:58:35,7244.9,443323,20,7271.32,58236,130326,-0.5381584547164472,0
2023-07-28 10:58:35,7244.9,443323,2,7271.32,58422,130330,-0.5381584547164472,0
2023-07-28 10:58:37,7244.9,443325,2,7271.32,58423,130294,-0.5381584547164472,0
2023-07-28 10:58:37,7244.9,443325,2,7271.32,58417,130295,-0.5381584547164472,0
2023-07-28 10:58:39,7249.7,449509,3,7270.96,58367,123497,-0.4722615010776972,0
2023-07-28 10:58:40,7249.25,449522,34,7270.96,58314,123619,-0.4784393404813273,0
2023-07-28 10:58:42,7248.85,449577,16,7270.96,58302,123495,-0.48393075328455126,0
2023-07-28 10:58:42,7250.0,449619,6,7270.95,58308,123599,-0.468142941475273,0
2023-07-28 10:58:44,7247.45,449714,13,7270.95,58207,123654,-0.5031506980958601,0
2023-07-28 10:58:44,7247.45,449727,13,7270.95,58278,123429,-0.5031506980958601,0
2023-07-28 10:58:45,7246.3,449926,20,7270.94,58114,123563,-0.5189385099051383,0
2023-07-28 10:58:46,7246.3,449946,20,7270.94,58109,123337,-0.5189385099051383,0
2023-07-28 10:58:46,7246.3,449946,1,7270.94,58109,123337,-0.5189385099051383,0
2023-07-28 10:58:47,7245.15,449948,37,7270.94,58130,123813,-0.534726321714429,0
2023-07-28 10:58:48,7245.15,450022,37,7270.93,58099,123602,-0.534726321714429,0
2023-07-28 10:58:48,7245.1,450022,13,7270.93,58099,123602,-0.5354127483148227,0
2023-07-28 10:58:49,7245.1,450118,45,7270.93,57821,123860,-0.5354127483148227,0
2023-07-28 10:58:50,7246.35,450129,1,7270.93,58129,123208,-0.5182520833047322,0
2023-07-28 10:58:51,7244.75,450143,14,7270.93,58105,123011,-0.540217734517653,0
2023-07-28 10:58:52,7243.5,450228,41,7270.92,58105,123856,-0.5573783995277435,0
2023-07-28 10:58:54,7243.05,450230,1,7270.92,58164,123750,-0.5635562389313735,0
2023-07-28 10:58:55,7242.55,450264,18,7270.92,57935,123058,-0.5704205049354097,0
2023-07-28 10:58:55,7242.4,450264,1,7270.92,57935,123058,-0.5724797847366281,0
2023-07-28 10:58:56,7242.05,450281,4,7270.92,57964,124061,-0.577284770939446,0
2023-07-28 10:58:58,7242.35,450634,12,7270.89,56667,122765,-0.5731662113370217,0
2023-07-28 10:58:58,7242.35,450634,12,7270.89,58023,123818,-0.5731662113370217,0
2023-07-28 10:58:58,7242.35,450634,12,7270.89,58045,123856,-0.5731662113370217,0
2023-07-28 10:59:02,7245.75,450635,1,7270.89,58045,123913,-0.5264892025095806,0
2023-07-28 10:59:02,7245.75,450635,1,7270.89,58110,123033,-0.5264892025095806,0
2023-07-28 10:59:02,7245.75,450635,1,7270.89,58099,123870,-0.5264892025095806,0
2023-07-28 10:59:02,7245.75,450635,1,7270.89,58097,123869,-0.5264892025095806,0
2023-07-28 10:59:02,7245.75,450635,2,7270.89,58097,123869,-0.5264892025095806,0
2023-07-28 10:59:07,7244.15,450637,1,7270.89,58105,124278,-0.5484548537225015,0
2023-07-28 10:59:08,7244.15,450638,1,7270.89,58088,123653,-0.5484548537225015,0
2023-07-28 10:59:08,7244.15,450638,1,7270.89,58081,123779,-0.5484548537225015,0
2023-07-28 10:59:11,7244.15,450641,2,7270.89,58078,124278,-0.5484548537225015,0
2023-07-28 10:59:11,7244.15,450641,2,7270.89,58078,124278,-0.5484548537225015,0
2023-07-28 10:59:11,7244.15,450641,2,7270.89,57655,124024,-0.5484548537225015,0
2023-07-28 10:59:11,7245.65,450641,1,7270.89,57655,124024,-0.5278620557103928,0
2023-07-28 10:59:13,7243.2,450692,8,7270.89,57970,124081,-0.5614969591301677,0
2023-07-28 10:59:13,7242.4,450692,1,7270.89,57970,124081,-0.5724797847366281,0
2023-07-28 10:59:13,7242.4,450702,1,7270.89,57967,123918,-0.5724797847366281,0
2023-07-28 10:59:13,7242.4,450702,1,7270.89,58019,123043,-0.5724797847366281,0
2023-07-28 10:59:13,7242.4,450702,1,7270.89,58034,123392,-0.5724797847366281,0
2023-07-28 10:59:13,7242.4,450702,1,7270.89,58045,123908,-0.5724797847366281,0
2023-07-28 10:59:13,7242.4,450702,1,7270.89,58268,123904,-0.5724797847366281,0
2023-07-28 10:59:13,7242.4,450702,1,7270.89,58269,123012,-0.5724797847366281,0
2023-07-28 10:59:13,7242.4,450702,1,7270.89,58267,123772,-0.5724797847366281,0
2023-07-28 10:59:13,7242.4,450702,1,7270.89,58267,123772,-0.5724797847366281,0
2023-07-28 10:59:22,7244.75,450704,1,7270.89,58270,123934,-0.540217734517653,0
2023-07-28 10:59:22,7244.75,450704,1,7270.89,58280,123916,-0.540217734517653,0
2023-07-28 10:59:22,7244.75,450704,1,7270.89,58283,123805,-0.540217734517653,0
2023-07-28 10:59:22,7244.75,450704,1,7270.89,58283,123805,-0.540217734517653,0
2023-07-28 10:59:25,7244.75,450711,1,7270.89,58283,124022,-0.540217734517653,0
2023-07-28 10:59:25,7244.75,450711,1,7270.89,58386,124024,-0.540217734517653,0
2023-07-28 10:59:25,7246.15,450711,6,7270.89,58386,124024,-0.5209977897063567,0
2023-07-28 10:59:27,7249.0,450778,3,7270.89,58900,123479,-0.4818714734833454,0
2023-07-28 10:59:27,7249.0,450778,3,7270.89,58722,123628,-0.4818714734833454,0
2023-07-28 10:59:29,7249.95,450784,6,7270.89,58785,123664,-0.46882936807567915,0
2023-07-28 10:59:30,7249.95,450790,1,7270.89,58798,123645,-0.46882936807567915,0
2023-07-28 10:59:30,7251.0,450790,1,7270.89,58818,123645,-0.45441440946720063,0
2023-07-28 10:59:31,7251.0,450792,1,7270.89,58826,123619,-0.45441440946720063,0
2023-07-28 10:59:32,7251.0,450794,2,7270.89,58839,123652,-0.45441440946720063,0
2023-07-28 10:59:34,7252.0,450795,1,7270.89,58808,123660,-0.4406858774591283,0
2023-07-28 10:59:34,7252.0,450795,1,7270.89,58792,123663,-0.4406858774591283,0
2023-07-28 10:59:34,7252.0,450795,1,7270.89,58792,123538,-0.4406858774591283,0
2023-07-28 10:59:34,7252.0,450795,1,7270.89,58868,122613,-0.4406858774591283,0
2023-07-28 10:59:34,7252.0,450795,2,7270.89,58868,122613,-0.4406858774591283,0
2023-07-28 10:59:34,7252.0,450795,2,7270.89,58868,122613,-0.4406858774591283,0
2023-07-28 10:59:38,7253.9,450801,3,7270.89,58874,122677,-0.4146016666437958,0
2023-07-28 10:59:39,7253.9,450820,3,7270.88,58840,123523,-0.4146016666437958,0
2023-07-28 10:59:39,7253.9,450820,3,7270.88,58840,123515,-0.4146016666437958,0
2023-07-28 10:59:39,7253.55,450820,1,7270.88,58840,123515,-0.4194066528466136,0
2023-07-28 10:59:41,7253.55,450824,1,7270.88,58857,123640,-0.4194066528466136,0
2023-07-28 10:59:41,7251.2,450824,19,7270.88,58857,123640,-0.45166870306558865,0
2023-07-28 10:59:43,7256.0,451192,5,7270.87,58907,119551,-0.3857717494268388,0
2023-07-28 10:59:43,7254.05,451258,2,7270.87,58614,123058,-0.4125423868425774,0
2023-07-28 10:59:44,7257.0,451374,5,7270.87,58620,123117,-0.3720432174187664,0
2023-07-28 10:59:45,7256.95,451381,7,7270.87,58731,123119,-0.3727296440191725,0
2023-07-28 10:59:47,7254.1,451382,1,7270.87,58027,122975,-0.4118559602421713,0
2023-07-28 10:59:47,7254.1,451382,1,7270.87,58769,123233,-0.4118559602421713,0
2023-07-28 10:59:47,7255.0,451382,10,7270.87,58769,123233,-0.3995002814349111,0
2023-07-28 10:59:48,7255.0,451393,10,7270.86,58645,122157,-0.3995002814349111,0
2023-07-28 10:59:50,7256.2,451396,3,7270.86,58636,122445,-0.3830260430252268,0
2023-07-28 10:59:50,7256.2,451396,3,7270.86,58637,121450,-0.3830260430252268,0
2023-07-28 10:59:50,7256.2,451396,3,7270.86,58653,122112,-0.3830260430252268,0
2023-07-28 10:59:50,7256.2,451396,30,7270.86,58653,122112,-0.3830260430252268,0
2023-07-28 10:59:54,7256.2,451443,17,7270.86,58660,122122,-0.3830260430252268,0
2023-07-28 10:59:55,7256.2,451460,1,7270.86,58674,123234,-0.3830260430252268,0
2023-07-28 10:59:55,7256.2,451461,1,7270.86,58684,123481,-0.3830260430252268,0
2023-07-28 10:59:55,7256.2,451461,1,7270.86,58680,123481,-0.3830260430252268,0
2023-07-28 10:59:58,7256.2,451464,1,7270.86,58701,123425,-0.3830260430252268,0
2023-07-28 10:59:58,7256.2,451468,4,7270.86,58715,123422,-0.3830260430252268,0
2023-07-28 10:59:58,7256.0,451468,1,7270.86,58715,123422,-0.3857717494268388,0
2023-07-28 11:00:00,7256.0,451469,1,7270.86,58646,123485,-0.3857717494268388,0
2023-07-28 11:00:01,7256.0,451473,2,7270.86,58666,123481,-0.3857717494268388,0
2023-07-28 11:00:01,7256.0,451473,2,7270.86,58666,123481,-0.3857717494268388,0
2023-07-28 11:00:02,7256.0,451480,1,7270.86,58675,123465,-0.3857717494268388,0
2023-07-28 11:00:03,7256.0,451484,1,7270.86,58699,123460,-0.3857717494268388,0
2023-07-28 11:00:03,7256.0,451484,1,7270.86,58583,123449,-0.3857717494268388,0
2023-07-28 11:00:03,7256.2,451484,1,7270.86,58583,123449,-0.3830260430252268,0
2023-07-28 11:00:04,7256.2,451495,1,7270.86,58715,123743,-0.3830260430252268,0
2023-07-28 11:00:05,7254.05,451745,8,7270.85,58501,123653,-0.4125423868425774,0
2023-07-28 11:00:06,7256.95,451758,13,7270.85,58711,123754,-0.3727296440191725,0
2023-07-28 11:00:08,7256.95,451834,42,7270.85,58766,123592,-0.3727296440191725,0
2023-07-28 11:00:08,7256.0,451834,34,7270.85,58766,123592,-0.3857717494268388,0
2023-07-28 11:00:08,7256.0,451872,1,7270.85,58737,123718,-0.3857717494268388,0
2023-07-28 11:00:10,7256.0,451875,1,7270.85,58813,123955,-0.3857717494268388,0
2023-07-28 11:00:10,7256.0,451875,5,7270.85,58813,123955,-0.3857717494268388,0
2023-07-28 11:00:10,7256.95,451880,1,7270.85,58822,124006,-0.3727296440191725,0
2023-07-28 11:00:12,7256.95,451884,3,7270.85,58808,124143,-0.3727296440191725,0
2023-07-28 11:00:13,7256.15,451886,2,7270.85,58806,124124,-0.3837124696256329,0
2023-07-28 11:00:13,7256.0,451886,5,7270.85,58806,124124,-0.3857717494268388,0
2023-07-28 11:00:14,7255.8,451994,3,7270.84,58775,123762,-0.38851745582845076,0
2023-07-28 11:00:15,7256.35,452072,2,7270.84,58849,124076,-0.38096676322400846,0
2023-07-28 11:00:16,7256.0,452079,1,7270.84,58877,124108,-0.3857717494268388,0
2023-07-28 11:00:16,7256.0,452079,1,7270.84,58877,124108,-0.3857717494268388,0
2023-07-28 11:00:17,7256.0,452081,1,7270.84,58899,124099,-0.3857717494268388,0
2023-07-28 11:00:19,7256.0,452092,10,7270.84,58879,124088,-0.3857717494268388,0
2023-07-28 11:00:19,7256.0,452092,10,7270.84,58881,124088,-0.3857717494268388,0
2023-07-28 11:00:19,7256.0,452092,1,7270.84,58881,124088,-0.3857717494268388,0
2023-07-28 11:00:21,7255.6,452112,6,7270.84,58863,124093,-0.39126316223006274,0
2023-07-28 11:00:22,7255.8,452114,2,7270.84,58861,124061,-0.38851745582845076,0
2023-07-28 11:00:22,7255.8,452114,2,7270.84,58861,124061,-0.38851745582845076,0
2023-07-28 11:00:22,7255.8,452114,2,7270.84,58861,124061,-0.38851745582845076,0
2023-07-28 11:00:22,7255.8,452114,2,7270.84,58856,124037,-0.38851745582845076,0
2023-07-28 11:00:22,7255.8,452114,2,7270.84,58856,124037,-0.38851745582845076,0
2023-07-28 11:00:27,7256.35,452130,1,7270.84,58834,124063,-0.38096676322400846,0
2023-07-28 11:00:29,7256.95,452146,3,7270.84,58897,123900,-0.3727296440191725,0
2023-07-28 11:00:30,7257.25,452792,5,7270.82,59061,123054,-0.3686110844167483,0
2023-07-28 11:00:31,7256.6,452985,1,7270.81,58986,123143,-0.37753463022199035,0
2023-07-28 11:00:31,7256.6,453001,1,7270.81,58902,123354,-0.37753463022199035,0
2023-07-28 11:00:31,7256.65,453001,4,7270.81,58902,123354,-0.3768482036215967,0
2023-07-28 11:00:33,7256.65,453024,4,7270.81,58957,123358,-0.3768482036215967,0
2023-07-28 11:00:33,7256.65,453024,4,7270.81,58394,123479,-0.3768482036215967,0
2023-07-28 11:00:35,7256.8,453056,1,7270.81,58877,122962,-0.3747889238203784,0
2023-07-28 11:00:37,7258.0,453105,34,7270.81,58871,122877,-0.358314685410694,0
2023-07-28 11:00:37,7256.95,453114,1,7270.81,58814,122056,-0.3727296440191725,0
2023-07-28 11:00:38,7256.95,453115,1,7270.81,58814,123180,-0.3727296440191725,0
2023-07-28 11:00:38,7258.0,453115,45,7270.81,58813,122930,-0.358314685410694,0
2023-07-28 11:00:38,7256.1,453115,20,7270.81,58813,122930,-0.3843988962260265,0
2023-07-28 11:00:41,7256.1,453185,20,7270.81,58777,122095,-0.3843988962260265,0
2023-07-28 11:00:41,7258.0,453192,2,7270.81,58777,122970,-0.358314685410694,0
2023-07-28 11:00:41,7258.0,453192,2,7270.81,58784,122970,-0.358314685410694,0
2023-07-28 11:00:43,7258.0,453233,1,7270.81,58827,123304,-0.358314685410694,0
2023-07-28 11:00:44,7256.95,453237,1,7270.81,58805,123190,-0.3727296440191725,0
2023-07-28 11:00:45,7256.95,453238,1,7270.81,58810,123207,-0.3727296440191725,0
2023-07-28 11:00:46,7258.0,453256,3,7270.81,58802,122050,-0.358314685410694,0
2023-07-28 11:00:46,7258.0,453256,3,7270.81,58802,122050,-0.358314685410694,0
2023-07-28 11:00:47,7258.0,453263,1,7270.81,58806,122816,-0.358314685410694,0
2023-07-28 11:00:47,7257.0,453263,1,7270.81,58806,122816,-0.3720432174187664,0
2023-07-28 11:00:50,7258.0,453334,1,7270.8,58873,123335,-0.358314685410694,0
2023-07-28 11:00:50,7258.0,453334,1,7270.8,58873,123335,-0.358314685410694,0
2023-07-28 11:00:51,7258.0,453336,1,7270.8,58878,123208,-0.358314685410694,0
2023-07-28 11:00:51,7257.0,453336,30,7270.8,58878,123208,-0.3720432174187664,0
2023-07-28 11:00:51,7257.0,453398,30,7270.8,58861,123682,-0.3720432174187664,0
2023-07-28 11:00:51,7257.0,453398,4,7270.8,58861,123682,-0.3720432174187664,0
2023-07-28 11:00:53,7257.0,453412,4,7270.8,58872,123813,-0.3720432174187664,0
2023-07-28 11:00:53,7257.0,453412,1,7270.8,58872,123813,-0.3720432174187664,0
2023-07-28 11:00:53,7257.0,453413,1,7270.8,58943,123657,-0.3720432174187664,0
2023-07-28 11:00:55,7257.0,453855,1,7270.79,58940,123178,-0.3720432174187664,0
2023-07-28 11:00:55,7262.0,453855,6,7270.79,58940,123178,-0.3034005573784045,0
2023-07-28 11:00:57,7265.0,454985,4,7270.76,57109,120894,-0.26221496135418737,0
2023-07-28 11:00:58,7265.85,455299,8,7270.76,59042,121977,-0.2505457091473209,0
2023-07-28 11:00:58,7261.0,455651,3,7270.76,58788,120917,-0.3171290893864769,0
2023-07-28 11:00:58,7264.2,455651,18,7270.76,58791,121924,-0.2731977869606478,0
2023-07-28 11:01:00,7264.05,455741,1,7270.76,58758,122184,-0.27525706676185363,0
2023-07-28 11:01:00,7264.05,455741,2,7270.76,58758,122184,-0.27525706676185363,0
2023-07-28 11:01:00,7264.05,455741,2,7270.76,58758,122184,-0.27525706676185363,0
2023-07-28 11:01:02,7262.05,455761,1,7270.76,58506,121377,-0.3027141307779984,0
2023-07-28 11:01:02,7264.0,455761,5,7270.76,58506,121377,-0.27594349336225976,0
2023-07-28 11:01:05,7264.0,455802,4,7270.75,58472,122035,-0.27594349336225976,0
2023-07-28 11:01:06,7264.0,455817,4,7270.75,58539,120616,-0.27594349336225976,0
2023-07-28 11:01:06,7263.0,455817,1,7270.75,58484,121396,-0.28967202537033215,0
2023-07-28 11:01:08,7263.0,455833,6,7270.75,58392,120366,-0.28967202537033215,0
2023-07-28 11:01:08,7263.0,455833,8,7270.75,58392,120366,-0.28967202537033215,0
2023-07-28 11:01:08,7263.0,455847,8,7270.75,58389,122140,-0.28967202537033215,0
2023-07-28 11:01:08,7262.8,455847,1,7270.75,58389,122140,-0.29241773177194413,0
2023-07-28 11:01:11,7262.8,455850,1,7270.75,58371,121188,-0.29241773177194413,0
2023-07-28 11:01:12,7262.8,455852,1,7270.75,58371,122153,-0.29241773177194413,0
2023-07-28 11:01:13,7260.1,455886,3,7270.75,58407,122057,-0.329484768193737,0
2023-07-28 11:01:15,7262.95,455904,1,7270.75,58509,120749,-0.29035845197073823,0
2023-07-28 11:01:16,7262.95,455909,1,7270.75,58510,122373,-0.29035845197073823,0
2023-07-28 11:01:16,7262.9,455909,25,7270.75,58510,122373,-0.29104487857114436,0
2023-07-28 11:01:17,7262.9,455954,25,7270.75,58579,122455,-0.29104487857114436,0
2023-07-28 11:01:18,7261.5,455958,1,7270.75,58530,122720,-0.3102648233824407,0
2023-07-28 11:01:19,7261.5,455961,1,7270.75,58548,123013,-0.3102648233824407,0
2023-07-28 11:01:19,7263.0,455961,6,7270.75,58557,122872,-0.28967202537033215,0
2023-07-28 11:01:22,7262.95,455973,2,7270.75,58600,121599,-0.29035845197073823,0
2023-07-28 11:01:22,7263.0,455973,2,7270.75,58600,121599,-0.28967202537033215,0
2023-07-28 11:01:23,7263.0,455976,2,7270.75,58602,122472,-0.28967202537033215,0
2023-07-28 11:01:25,7263.0,455995,13,7270.75,58764,122458,-0.28967202537033215,0
2023-07-28 11:01:26,7262.2,455998,2,7270.75,58760,122470,-0.3006548509767925,0
2023-07-28 11:01:26,7263.0,455998,13,7270.75,58760,122470,-0.28967202537033215,0
2023-07-28 11:01:26,7263.0,456013,13,7270.75,58764,122633,-0.28967202537033215,0
2023-07-28 11:01:29,7262.95,456020,1,7270.75,58820,122649,-0.29035845197073823,0
2023-07-28 11:01:30,7262.2,456021,1,7270.75,58822,122870,-0.3006548509767925,0
2023-07-28 11:01:32,7262.95,456082,36,7270.75,58818,122904,-0.29035845197073823,0
2023-07-28 11:01:32,7262.95,456082,36,7270.75,58818,122904,-0.29035845197073823,0
2023-07-28 11:01:32,7262.95,456082,36,7270.75,58828,123060,-0.29035845197073823,0
2023-07-28 11:01:32,7262.75,456082,1,7270.75,58828,123060,-0.2931041583723502,0
2023-07-28 11:01:33,7262.95,456084,3,7270.75,58828,122677,-0.29035845197073823,0
2023-07-28 11:01:35,7262.95,456094,3,7270.75,58828,122686,-0.29035845197073823,0
2023-07-28 11:01:35,7262.95,456094,3,7270.75,58838,122648,-0.29035845197073823,0
2023-07-28 11:01:35,7262.95,456094,3,7270.75,58631,122727,-0.29035845197073823,0
2023-07-28 11:01:35,7262.95,456094,3,7270.75,58631,122732,-0.29035845197073823,0
2023-07-28 11:01:40,7262.75,456113,10,7270.75,58538,121013,-0.2931041583723502,0
2023-07-28 11:01:40,7262.95,456113,5,7270.75,58538,121013,-0.29035845197073823,0
2023-07-28 11:01:41,7264.7,456230,17,7270.75,58704,121468,-0.2663335209566116,0
2023-07-28 11:01:41,7264.7,456230,17,7270.75,58484,121452,-0.2663335209566116,0
2023-07-28 11:01:41,7262.95,456230,10,7270.75,58484,121452,-0.29035845197073823,0
2023-07-28 11:01:43,7262.95,456277,6,7270.75,58623,122783,-0.29035845197073823,0
2023-07-28 11:01:43,7262.95,456277,6,7270.75,58647,122803,-0.29035845197073823,0
2023-07-28 11:01:43,7263.0,456277,3,7270.75,58647,122803,-0.28967202537033215,0
2023-07-28 11:01:44,7263.0,456282,3,7270.75,58592,121432,-0.28967202537033215,0
2023-07-28 11:01:44,7263.0,456282,1,7270.75,58592,121432,-0.28967202537033215,0
2023-07-28 11:01:46,7263.0,456284,1,7270.75,58561,122807,-0.28967202537033215,0
2023-07-28 11:01:46,7263.0,456284,1,7270.75,58567,122687,-0.28967202537033215,0
2023-07-28 11:01:46,7263.0,456284,1,7270.75,58553,122442,-0.28967202537033215,0
2023-07-28 11:01:46,7263.75,456284,1,7270.75,58553,122442,-0.2793756263642779,0
2023-07-28 11:01:50,7263.75,456286,1,7270.75,58423,122915,-0.2793756263642779,0
2023-07-28 11:01:50,7264.05,456286,1,7270.75,58423,122414,-0.27525706676185363,0
2023-07-28 11:01:52,7264.05,456287,1,7270.75,58434,122917,-0.27525706676185363,0
2023-07-28 11:01:52,7263.6,456287,6,7270.75,58434,122917,-0.2814349061654837,0
2023-07-28 11:01:53,7263.6,456302,6,7270.75,58431,122642,-0.2814349061654837,0
2023-07-28 11:01:55,7263.6,456330,5,7270.75,58451,121649,-0.2814349061654837,0
2023-07-28 11:01:55,7263.5,456330,7,7270.75,58451,121649,-0.28280775936629593,0
2023-07-28 11:01:56,7263.5,456355,7,7270.75,58427,122646,-0.28280775936629593,0
2023-07-28 11:01:58,7263.0,456382,8,7270.74,58311,122827,-0.28967202537033215,0
2023-07-28 11:01:59,7263.0,456388,1,7270.74,58303,122907,-0.28967202537033215,0
2023-07-28 11:01:59,7264.0,456388,3,7270.74,58303,122907,-0.27594349336225976,0
2023-07-28 11:02:00,7264.0,456393,2,7270.74,58289,122931,-0.27594349336225976,0
2023-07-28 11:02:00,7264.0,456393,5,7270.74,58289,122931,-0.27594349336225976,0
2023-07-28 11:02:01,7263.0,456432,9,7270.74,58284,122938,-0.28967202537033215,0
2023-07-28 11:02:01,7264.0,456432,4,7270.74,58284,122938,-0.27594349336225976,0
2023-07-28 11:02:02,7262.95,456454,3,7270.74,58274,122985,-0.29035845197073823,0
2023-07-28 11:02:03,7264.9,456654,4,7270.74,58323,122835,-0.26358781455499963,0
2023-07-28 11:02:04,7263.0,456656,1,7270.74,58252,122564,-0.28967202537033215,0
2023-07-28 11:02:04,7263.0,456656,16,7270.74,58252,122564,-0.28967202537033215,0
2023-07-28 11:02:06,7262.8,456680,5,7270.74,58324,122804,-0.29241773177194413,0
2023-07-28 11:02:06,7264.65,456688,1,7270.74,58296,122726,-0.2670199475570177,0
2023-07-28 11:02:08,7265.0,456711,5,7270.74,58350,122712,-0.26221496135418737,0
2023-07-28 11:02:08,7265.0,456711,5,7270.74,58350,122712,-0.26221496135418737,0
2023-07-28 11:02:09,7265.0,456741,4,7270.74,58400,122675,-0.26221496135418737,0
2023-07-28 11:02:09,7265.0,456741,4,7270.74,58400,122675,-0.26221496135418737,0
2023-07-28 11:02:09,7265.0,456741,4,7270.74,58369,122686,-0.26221496135418737,0
2023-07-28 11:02:09,7263.0,456741,5,7270.74,58369,122686,-0.28967202537033215,0
2023-07-28 11:02:11,7263.0,456756,5,7270.74,58326,122373,-0.28967202537033215,0
2023-07-28 11:02:11,7262.95,456756,1,7270.74,58326,122373,-0.29035845197073823,0
2023-07-28 11:02:12,7262.95,456780,1,7270.74,58355,120753,-0.29035845197073823,0
2023-07-28 11:02:12,7264.65,456780,4,7270.74,58355,120753,-0.2670199475570177,0
2023-07-28 11:02:13,7263.05,456788,1,7270.74,58292,122274,-0.288985598769926,0
2023-07-28 11:02:13,7263.05,456788,13,7270.74,58292,122274,-0.288985598769926,0
2023-07-28 11:02:14,7263.05,456900,13,7270.74,58383,122266,-0.288985598769926,0
2023-07-28 11:02:14,7264.65,456900,2,7270.74,58239,122418,-0.2670199475570177,0
2023-07-28 11:02:16,7264.65,456912,6,7270.74,58506,122380,-0.2670199475570177,0
2023-07-28 11:02:16,7264.65,456912,6,7270.74,58507,122380,-0.2670199475570177,0
2023-07-28 11:02:16,7263.55,456912,11,7270.74,58507,122380,-0.28212133276588985,0
2023-07-28 11:02:19,7264.95,456942,10,7270.74,58480,122502,-0.2629013879545935,0
2023-07-28 11:02:20,7264.95,456952,6,7270.74,58490,122509,-0.2629013879545935,0
2023-07-28 11:02:20,7264.65,456952,1,7270.74,58490,122509,-0.2670199475570177,0
2023-07-28 11:02:21,7263.9,456954,1,7270.74,58475,122624,-0.27731634656307197,0
2023-07-28 11:02:21,7263.9,456954,1,7270.74,58475,122624,-0.27731634656307197,0
2023-07-28 11:02:21,7263.9,456954,1,7270.74,58475,122625,-0.27731634656307197,0
2023-07-28 11:02:21,7264.0,456954,83,7270.74,58475,122625,-0.27594349336225976,0
2023-07-28 11:02:24,7264.0,457159,83,7270.73,58359,122363,-0.27594349336225976,0
2023-07-28 11:02:24,7264.65,457159,12,7270.73,58359,122363,-0.2670199475570177,0
2023-07-28 11:02:25,7265.0,457474,19,7270.73,58336,122029,-0.26221496135418737,0
2023-07-28 11:02:26,7265.0,457523,10,7270.73,58321,121621,-0.26221496135418737,0
2023-07-28 11:02:26,7264.7,457523,4,7270.73,58321,121621,-0.2663335209566116,0
2023-07-28 11:02:26,7265.0,457527,1,7270.73,58521,121980,-0.26221496135418737,0
2023-07-28 11:02:27,7265.0,457528,1,7270.73,58878,121982,-0.26221496135418737,0
2023-07-28 11:02:27,7265.0,457528,1,7270.73,58878,121982,-0.26221496135418737,0
2023-07-28 11:02:29,7265.0,457529,1,7270.73,58877,121986,-0.26221496135418737,0
2023-07-28 11:02:30,7267.0,457606,26,7270.73,58861,121956,-0.23475789733804261,0
2023-07-28 11:02:31,7266.65,457616,1,7270.73,58800,121978,-0.23956288354087296,0
2023-07-28 11:02:32,7265.0,457625,1,7270.73,58771,121985,-0.26221496135418737,0
2023-07-28 11:02:32,7265.1,457625,1,7270.73,58771,121985,-0.26084210815337516,0
2023-07-28 11:02:34,7264.7,457815,6,7270.72,58709,122040,-0.2663335209566116,0
2023-07-28 11:02:34,7264.7,457815,6,7270.72,58709,122040,-0.2663335209566116,0
2023-07-28 11:02:34,7264.7,457815,1,7270.72,58709,122042,-0.2663335209566116,0
2023-07-28 11:02:35,7264.7,457834,1,7270.72,58699,122053,-0.2663335209566116,0
2023-07-28 11:02:35,7264.7,457834,1,7270.72,58763,122085,-0.2663335209566116,0
2023-07-28 11:02:38,7264.7,457835,1,7270.72,58787,122074,-0.2663335209566116,0
2023-07-28 11:02:38,7264.7,457835,2,7270.72,58787,122074,-0.2663335209566116,0
2023-07-28 11:02:40,7264.7,457857,20,7270.72,58802,122054,-0.2663335209566116,0
2023-07-28 11:02:40,7264.7,457857,20,7270.72,58802,122055,-0.2663335209566116,0
2023-07-28 11:02:40,7264.7,457857,20,7270.72,58733,122181,-0.2663335209566116,0
2023-07-28 11:02:40,7264.7,457857,20,7270.72,58825,122190,-0.2663335209566116,0
2023-07-28 11:02:40,7264.7,457857,1,7270.72,58825,122190,-0.2663335209566116,0
2023-07-28 11:02:43,7264.7,457859,1,7270.72,58787,122282,-0.2663335209566116,0
2023-07-28 11:02:43,7264.7,457859,1,7270.72,58787,122282,-0.2663335209566116,0
2023-07-28 11:02:46,7264.7,458102,1,7270.72,58626,122226,-0.2663335209566116,0
2023-07-28 11:02:46,7264.55,458102,2,7270.72,58626,122226,-0.26839280075781746,0
2023-07-28 11:02:47,7264.0,458110,2,7270.72,58611,121923,-0.27594349336225976,0
2023-07-28 11:02:48,7264.7,458125,1,7270.72,58568,122107,-0.2663335209566116,0
2023-07-28 11:02:48,7264.7,458125,1,7270.72,58568,122125,-0.2663335209566116,0
2023-07-28 11:02:50,7264.7,458127,1,7270.72,58583,122279,-0.2663335209566116,0
2023-07-28 11:02:51,7264.7,458142,5,7270.72,58589,122125,-0.2663335209566116,0
2023-07-28 11:02:51,7264.7,458142,5,7270.72,58589,122125,-0.2663335209566116,0
2023-07-28 11:02:51,7264.7,458142,5,7270.72,58484,120905,-0.2663335209566116,0
2023-07-28 11:02:53,7264.55,458147,5,7270.72,58443,120981,-0.26839280075781746,0
2023-07-28 11:02:53,7264.55,458148,1,7270.72,58444,122232,-0.26839280075781746,0
2023-07-28 11:02:53,7264.55,458148,1,7270.72,58436,122252,-0.26839280075781746,0
2023-07-28 11:02:53,7264.55,458148,1,7270.72,58436,121002,-0.26839280075781746,0
2023-07-28 11:02:53,7262.75,458148,10,7270.72,58436,121002,-0.2931041583723502,0
2023-07-28 11:02:57,7262.75,458198,10,7270.72,58369,122020,-0.2931041583723502,0
2023-07-28 11:02:58,7262.75,458199,1,7270.72,58399,121959,-0.2931041583723502,0
2023-07-28 11:02:58,7264.55,458199,4,7270.72,58399,121959,-0.26839280075781746,0
2023-07-28 11:02:59,7264.45,458215,1,7270.72,58403,122251,-0.26976565395862967,0
2023-07-28 11:02:59,7264.45,458215,1,7270.72,58430,121967,-0.26976565395862967,0
2023-07-28 11:02:59,7264.45,458215,1,7270.72,58430,121967,-0.26976565395862967,0
2023-07-28 11:03:00,7264.45,458216,1,7270.72,58430,121992,-0.26976565395862967,0
2023-07-28 11:03:00,7262.75,458216,3,7270.72,58430,121992,-0.2931041583723502,0
2023-07-28 11:03:02,7264.5,458230,9,7270.72,58443,121988,-0.2690792273582236,0
2023-07-28 11:03:02,7264.5,458230,9,7270.72,58488,121987,-0.2690792273582236,0
2023-07-28 11:03:04,7262.8,458271,2,7270.72,58424,122101,-0.29241773177194413,0
2023-07-28 11:03:04,7262.8,458271,2,7270.72,58441,122107,-0.29241773177194413,0
2023-07-28 11:03:04,7262.8,458271,2,7270.72,58441,122107,-0.29241773177194413,0
2023-07-28 11:03:07,7264.45,458363,2,7270.72,58570,122111,-0.26976565395862967,0
2023-07-28 11:03:07,7264.45,458363,2,7270.72,58570,122111,-0.26976565395862967,0
2023-07-28 11:03:07,7264.45,458363,2,7270.72,58530,122157,-0.26976565395862967,0
2023-07-28 11:03:09,7263.2,458364,1,7270.72,58499,122149,-0.2869263189687202,0
2023-07-28 11:03:09,7263.2,458364,1,7270.72,58510,122173,-0.2869263189687202,0
2023-07-28 11:03:09,7263.2,458364,1,7270.72,58510,122176,-0.2869263189687202,0
2023-07-28 11:03:09,7263.2,458364,1,7270.72,58510,122226,-0.2869263189687202,0
2023-07-28 11:03:09,7263.2,458364,1,7270.72,58521,122211,-0.2869263189687202,0
2023-07-28 11:03:14,7263.2,458366,2,7270.72,58559,122207,-0.2869263189687202,0
2023-07-28 11:03:15,7263.2,458367,1,7270.72,58572,121991,-0.2869263189687202,0
2023-07-28 11:03:15,7263.2,458367,5,7270.72,58572,121991,-0.2869263189687202,0
2023-07-28 11:03:16,7264.0,458472,1,7270.72,58741,122188,-0.27594349336225976,0
2023-07-28 11:03:16,7263.05,458472,7,7270.72,58729,122188,-0.288985598769926,0
2023-07-28 11:03:18,7263.05,458497,7,7270.71,58545,122241,-0.288985598769926,0
2023-07-28 11:03:20,7262.95,458521,5,7270.71,58557,122237,-0.29035845197073823,0
2023-07-28 11:03:20,7262.95,458521,5,7270.71,58557,122237,-0.29035845197073823,0
2023-07-28 11:03:20,7262.95,458521,5,7270.71,58323,122291,-0.29035845197073823,0
2023-07-28 11:03:23,7264.0,458524,2,7270.71,58511,122243,-0.27594349336225976,0
2023-07-28 11:03:23,7264.0,458524,2,7270.71,58622,122285,-0.27594349336225976,0
2023-07-28 11:03:25,7263.15,458525,1,7270.71,58616,122268,-0.28761274556912625,0
2023-07-28 11:03:25,7263.15,458525,1,7270.71,58460,122291,-0.28761274556912625,0
2023-07-28 11:03:26,7264.0,458574,2,7270.71,58465,122220,-0.27594349336225976,0
2023-07-28 11:03:28,7264.0,458579,5,7270.71,58488,122207,-0.27594349336225976,0
2023-07-28 11:03:29,7265.0,458759,2,7270.71,58609,122114,-0.26221496135418737,0
2023-07-28 11:03:29,7265.0,458759,2,7270.71,58612,122142,-0.26221496135418737,0
2023-07-28 11:03:29,7263.25,458759,5,7270.71,58612,122142,-0.28623989236831404,0
2023-07-28 11:03:30,7263.25,458873,5,7270.71,58546,122036,-0.28623989236831404,0
2023-07-28 11:03:30,7264.0,458873,1,7270.71,58546,122073,-0.27594349336225976,0
2023-07-28 11:03:33,7264.0,458877,3,7270.71,58582,122070,-0.27594349336225976,0
2023-07-28 11:03:33,7264.0,458877,1,7270.71,58582,122070,-0.27594349336225976,0
2023-07-28 11:03:34,7264.0,458882,1,7270.71,58606,122091,-0.27594349336225976,0
2023-07-28 11:03:35,7263.6,458883,1,7270.71,58576,122081,-0.2814349061654837,0
2023-07-28 11:03:37,7264.45,458896,1,7270.71,58591,122083,-0.26976565395862967,0
2023-07-28 11:03:38,7264.75,458914,6,7270.71,58685,122011,-0.2656470943562055,0
2023-07-28 11:03:38,7264.75,458926,3,7270.71,58664,122031,-0.2656470943562055,0
2023-07-28 11:03:40,7265.75,458967,1,7270.71,58785,121972,-0.2519185623481331,0
2023-07-28 11:03:40,7264.85,458998,18,7270.71,58721,121662,-0.2642742411553932,0
2023-07-28 11:03:40,7264.85,458998,18,7270.71,58757,121812,-0.2642742411553932,0
2023-07-28 11:03:43,7266.0,459011,3,7270.71,58770,121553,-0.248486429346115,0
2023-07-28 11:03:44,7265.8,459061,13,7270.71,58718,121681,-0.25123213574772696,0
2023-07-28 11:03:45,7266.0,459085,1,7270.71,58719,121911,-0.248486429346115,0
2023-07-28 11:03:46,7266.0,459114,1,7270.71,58695,121517,-0.248486429346115,0
2023-07-28 11:03:47,7266.0,459134,2,7270.71,58761,121501,-0.248486429346115,0
2023-07-28 11:03:47,7266.0,459134,2,7270.71,58756,121503,-0.248486429346115,0
2023-07-28 11:03:47,7266.0,459134,2,7270.71,58769,121503,-0.248486429346115,0
2023-07-28 11:03:47,7265.0,459134,2,7270.71,58785,121508,-0.26221496135418737,0
2023-07-28 11:03:50,7265.0,459137,2,7270.71,58478,121491,-0.26221496135418737,0
2023-07-28 11:03:50,7265.0,459137,2,7270.71,58753,121475,-0.26221496135418737,0
2023-07-28 11:03:50,7266.0,459137,3,7270.71,58753,121475,-0.248486429346115,0
2023-07-28 11:03:53,7266.0,459160,3,7270.71,58882,121812,-0.248486429346115,0
2023-07-28 11:03:53,7265.0,459227,4,7270.71,58867,121857,-0.26221496135418737,0
2023-07-28 11:03:53,7265.0,459227,3,7270.71,58867,121857,-0.26221496135418737,0
2023-07-28 11:03:55,7267.0,459253,4,7270.71,58989,121300,-0.23475789733804261,0
2023-07-28 11:03:55,7267.0,459253,21,7270.71,58989,121300,-0.23475789733804261,0
2023-07-28 11:03:55,7267.0,459296,21,7270.7,58903,121506,-0.23475789733804261,0
2023-07-28 11:03:55,7267.0,459296,21,7270.7,58954,121524,-0.23475789733804261,0
2023-07-28 11:03:55,7267.75,459296,2,7270.7,58954,121524,-0.22446149833198834,0
2023-07-28 11:03:58,7267.75,459407,2,7270.7,58660,120246,-0.22446149833198834,0
2023-07-28 11:03:58,7267.75,459407,2,7270.7,58678,121630,-0.22446149833198834,0
2023-07-28 11:04:01,7266.0,459418,10,7270.7,58676,121648,-0.248486429346115,0
2023-07-28 11:04:02,7266.0,459423,5,7270.7,58878,121882,-0.248486429346115,0
2023-07-28 11:04:02,7268.0,459423,2,7270.7,58878,121882,-0.22102936532997025,0
2023-07-28 11:04:03,7268.0,459511,2,7270.7,58829,121795,-0.22102936532997025,0
2023-07-28 11:04:03,7266.65,459511,1,7270.7,58829,121795,-0.23956288354087296,0
2023-07-28 11:04:04,7266.65,459512,1,7270.7,58828,121821,-0.23956288354087296,0
2023-07-28 11:04:06,7266.65,459525,1,7270.7,58843,121187,-0.23956288354087296,0
2023-07-28 11:04:07,7267.0,459581,1,7270.7,58883,122062,-0.23475789733804261,0
2023-07-28 11:04:07,7266.45,459581,5,7270.7,58883,122062,-0.24230858994248494,0
2023-07-28 11:04:07,7266.45,459620,5,7270.7,58795,122042,-0.24230858994248494,0
2023-07-28 11:04:07,7266.45,459620,5,7270.7,58794,121920,-0.24230858994248494,0
2023-07-28 11:04:07,7266.35,459620,5,7270.7,58794,121920,-0.2436814431432847,0
2023-07-28 11:04:10,7266.35,459628,5,7270.7,58808,121687,-0.2436814431432847,0
2023-07-28 11:04:11,7268.75,459638,4,7270.7,58806,121837,-0.21073296632391597,0
2023-07-28 11:04:13,7266.65,459664,1,7270.7,58544,121962,-0.23956288354087296,0
2023-07-28 11:04:14,7267.75,459765,1,7270.7,58691,121716,-0.22446149833198834,0
2023-07-28 11:04:14,7267.75,459765,1,7270.7,58691,121716,-0.22446149833198834,0
2023-07-28 11:04:14,7267.75,459766,1,7270.7,58669,120878,-0.22446149833198834,0
2023-07-28 11:04:16,7267.75,459771,3,7270.7,58710,121639,-0.22446149833198834,0
2023-07-28 11:04:16,7267.0,459771,1,7270.7,58710,121639,-0.23475789733804261,0
2023-07-28 11:04:16,7267.0,459774,1,7270.7,58717,121775,-0.23475789733804261,0
2023-07-28 11:04:16,7268.6,459774,8,7270.7,58717,121775,-0.21279224612512182,0
2023-07-28 11:04:18,7268.6,459784,8,7270.7,58789,121969,-0.21279224612512182,0
2023-07-28 11:04:19,7267.35,459842,1,7270.7,58652,122080,-0.2299529111352123,0
2023-07-28 11:04:19,7267.45,459842,5,7270.7,58652,122080,-0.22858005793441255,0
2023-07-28 11:04:20,7267.0,459859,1,7270.7,58580,122093,-0.23475789733804261,0
2023-07-28 11:04:20,7267.0,459859,1,7270.7,58580,122093,-0.23475789733804261,0
2023-07-28 11:04:21,7266.0,460211,220,7270.7,58276,121327,-0.248486429346115,0
2023-07-28 11:04:22,7265.0,460217,6,7270.7,58321,122318,-0.26221496135418737,0
2023-07-28 11:04:24,7265.95,460273,1,7270.7,58396,122308,-0.2491728559465211,0
2023-07-28 11:04:24,7265.95,460273,1,7270.7,58396,122308,-0.2491728559465211,0
2023-07-28 11:04:26,7265.9,460277,1,7270.7,58410,122305,-0.24985928254692724,0
2023-07-28 11:04:26,7265.9,460279,1,7270.7,58421,122282,-0.24985928254692724,0
2023-07-28 11:04:26,7265.9,460279,1,7270.7,58434,122292,-0.24985928254692724,0
2023-07-28 11:04:26,7265.9,460279,3,7270.7,58434,122292,-0.24985928254692724,0
2023-07-28 11:04:28,7265.9,460293,3,7270.7,58444,122305,-0.24985928254692724,0
2023-07-28 11:04:28,7265.9,460293,5,7270.7,58444,122305,-0.24985928254692724,0
2023-07-28 11:04:29,7265.9,460298,5,7270.7,58444,122312,-0.24985928254692724,0
2023-07-28 11:04:31,7265.9,460300,1,7270.7,58445,122324,-0.24985928254692724,0
2023-07-28 11:04:31,7265.9,460300,1,7270.7,58445,122576,-0.24985928254692724,0
2023-07-28 11:04:31,7265.9,460300,1,7270.7,58452,122575,-0.24985928254692724,0
2023-07-28 11:04:31,7265.5,460300,1,7270.7,58452,122575,-0.2553506953501512,0
2023-07-28 11:04:34,7265.5,460301,1,7270.7,58440,122881,-0.2553506953501512,0
2023-07-28 11:04:34,7265.35,460301,15,7270.7,58440,122881,-0.25740997515135705,0
2023-07-28 11:04:34,7265.35,460316,15,7270.7,58423,122803,-0.25740997515135705,0
2023-07-28 11:04:34,7265.5,460316,9,7270.7,58417,122803,-0.2553506953501512,0
2023-07-28 11:04:36,7265.5,460325,9,7270.7,58453,122795,-0.2553506953501512,0
2023-07-28 11:04:36,7265.1,460325,1,7270.7,58453,122795,-0.26084210815337516,0
2023-07-28 11:04:38,7265.1,460328,1,7270.7,58417,122546,-0.26084210815337516,0
2023-07-28 11:04:38,7265.1,460328,1,7270.7,58417,122546,-0.26084210815337516,0
2023-07-28 11:04:38,7265.1,460328,11,7270.7,58417,122546,-0.26084210815337516,0
2023-07-28 11:04:38,7265.1,460328,11,7270.7,58417,122546,-0.26084210815337516,0
2023-07-28 11:04:41,7265.5,460394,2,7270.7,58365,122781,-0.2553506953501512,0
2023-07-28 11:04:41,7264.05,460394,40,7270.7,58365,122781,-0.27525706676185363,0
2023-07-28 11:04:41,7264.05,460669,40,7270.69,57822,123110,-0.27525706676185363,0
2023-07-28 11:04:41,7262.75,460669,5,7270.69,57906,123095,-0.2931041583723502,0
2023-07-28 11:04:45,7262.95,460691,2,7270.69,57997,122834,-0.29035845197073823,0
2023-07-28 11:04:45,7262.95,460691,4,7270.69,57997,122834,-0.29035845197073823,0
2023-07-28 11:04:45,7262.95,460696,4,7270.69,58001,122796,-0.29035845197073823,0
2023-07-28 11:04:45,7262.95,460696,4,7270.69,58001,122796,-0.29035845197073823,0
2023-07-28 11:04:47,7262.95,460700,4,7270.69,58047,121797,-0.29035845197073823,0
2023-07-28 11:04:48,7262.95,460707,5,7270.69,58033,123041,-0.29035845197073823,0
2023-07-28 11:04:48,7262.75,460707,50,7270.69,58033,123041,-0.2931041583723502,0
2023-07-28 11:04:49,7262.95,460794,36,7270.69,58040,122630,-0.29035845197073823,0
2023-07-28 11:04:49,7262.95,460794,32,7270.69,58040,122630,-0.29035845197073823,0
2023-07-28 11:04:50,7262.95,460836,32,7270.69,58042,122573,-0.29035845197073823,0
2023-07-28 11:04:50,7262.75,460836,30,7270.69,58042,122573,-0.2931041583723502,0
2023-07-28 11:04:51,7262.95,460867,1,7270.69,58053,122486,-0.29035845197073823,0
2023-07-28 11:04:51,7262.95,460867,1,7270.69,58055,122951,-0.29035845197073823,0
2023-07-28 11:04:51,7262.95,460867,1,7270.69,58059,122988,-0.29035845197073823,0
2023-07-28 11:04:55,7262.5,460884,1,7270.69,57752,122759,-0.2965362913743683,0
2023-07-28 11:04:55,7262.5,460884,1,7270.69,57752,122759,-0.2965362913743683,0
2023-07-28 11:04:55,7262.85,460885,1,7270.69,57993,122756,-0.291731305171538,0
2023-07-28 11:04:55,7262.85,460885,1,7270.69,58008,122256,-0.291731305171538,0
2023-07-28 11:04:55,7262.5,460885,25,7270.69,58008,122256,-0.2965362913743683,0
2023-07-28 11:04:58,7262.5,460958,33,7270.69,57960,122227,-0.2965362913743683,0
2023-07-28 11:04:58,7262.5,460958,33,7270.69,57976,122231,-0.2965362913743683,0
2023-07-28 11:05:00,7262.45,460960,2,7270.69,58002,121985,-0.29722271797477445,0
2023-07-28 11:05:01,7262.45,460970,4,7270.69,57992,122100,-0.29722271797477445,0
2023-07-28 11:05:01,7262.35,460970,14,7270.69,57992,122100,-0.29859557117557417,0
2023-07-28 11:05:02,7262.35,461048,14,7270.69,57951,122229,-0.29859557117557417,0
2023-07-28 11:05:03,7262.4,461049,1,7270.69,57986,122203,-0.29790914457518053,0
2023-07-28 11:05:03,7262.4,461049,1,7270.69,57986,122203,-0.29790914457518053,0
2023-07-28 11:05:05,7262.45,461138,68,7270.68,57952,122215,-0.29722271797477445,0
2023-07-28 11:05:06,7262.5,461189,38,7270.68,58015,122186,-0.2965362913743683,0
2023-07-28 11:05:06,7262.5,461189,38,7270.68,58015,122186,-0.2965362913743683,0
2023-07-28 11:05:06,7262.5,461189,38,7270.68,57865,122074,-0.2965362913743683,0
2023-07-28 11:05:08,7262.4,461195,2,7270.68,57982,122179,-0.29790914457518053,0
2023-07-28 11:05:09,7262.0,461196,1,7270.68,58007,122054,-0.3034005573784045,0
2023-07-28 11:05:09,7262.0,461196,1,7270.68,58003,122184,-0.3034005573784045,0
2023-07-28 11:05:09,7262.4,461196,1,7270.68,58003,122184,-0.29790914457518053,0
2023-07-28 11:05:11,7262.4,461202,2,7270.68,58011,122165,-0.29790914457518053,0
2023-07-28 11:05:11,7262.4,461202,2,7270.68,58011,122165,-0.29790914457518053,0
2023-07-28 11:05:11,7262.4,461202,2,7270.68,57958,122348,-0.29790914457518053,0
2023-07-28 11:05:13,7262.35,461207,2,7270.68,58003,122127,-0.29859557117557417,0
2023-07-28 11:05:14,7262.35,461213,1,7270.68,58002,122309,-0.29859557117557417,0
2023-07-28 11:05:14,7262.35,461213,1,7270.68,57999,121309,-0.29859557117557417,0
2023-07-28 11:05:14,7262.35,461213,1,7270.68,57999,121309,-0.29859557117557417,0
2023-07-28 11:05:16,7262.35,461214,1,7270.68,57987,122315,-0.29859557117557417,0
2023-07-28 11:05:17,7262.0,461280,6,7270.68,57994,122229,-0.3034005573784045,0
2023-07-28 11:05:18,7262.45,461330,20,7270.68,57996,122177,-0.29722271797477445,0
2023-07-28 11:05:19,7262.4,461347,2,7270.68,57941,120275,-0.29790914457518053,0
2023-07-28 11:05:19,7262.4,461347,3,7270.68,57941,120275,-0.29790914457518053,0
2023-07-28 11:05:20,7261.95,461352,23,7270.68,57971,120185,-0.3040869839788106,0
2023-07-28 11:05:21,7261.95,461387,23,7270.68,57917,120185,-0.3040869839788106,0
2023-07-28 11:05:21,7262.45,461397,3,7270.68,57974,120187,-0.29722271797477445,0
2023-07-28 11:05:22,7262.15,461402,5,7270.68,58008,120052,-0.30134127757719864,0
2023-07-28 11:05:22,7262.15,461402,5,7270.68,58008,120052,-0.30134127757719864,0
2023-07-28 11:05:23,7262.45,461405,1,7270.68,57868,120173,-0.29722271797477445,0
2023-07-28 11:05:23,7261.95,461405,10,7270.68,57868,120173,-0.3040869839788106,0
2023-07-28 11:05:23,7261.95,461405,10,7270.68,57868,120173,-0.3040869839788106,0
2023-07-28 11:05:25,7261.95,461420,4,7270.68,57969,120173,-0.3040869839788106,0
2023-07-28 11:05:25,7261.95,461420,4,7270.68,57959,120174,-0.3040869839788106,0
2023-07-28 11:05:25,7261.95,461420,4,7270.68,57959,120174,-0.3040869839788106,0
2023-07-28 11:05:25,7261.95,461420,4,7270.68,57959,120049,-0.3040869839788106,0
2023-07-28 11:05:25,7261.95,461420,4,7270.68,57991,120174,-0.3040869839788106,0
2023-07-28 11:05:25,7261.95,461420,4,7270.68,57873,120187,-0.3040869839788106,0
2023-07-28 11:05:25,7261.95,461420,4,7270.68,57891,119958,-0.3040869839788106,0
2023-07-28 11:05:25,7261.95,461420,4,7270.68,57888,120175,-0.3040869839788106,0
2023-07-28 11:05:25,7261.95,461420,4,7270.68,57895,120148,-0.3040869839788106,0
2023-07-28 11:05:34,7262.45,461440,10,7270.68,57945,120189,-0.29722271797477445,0
2023-07-28 11:05:34,7262.45,461440,10,7270.68,57972,120138,-0.29722271797477445,0
2023-07-28 11:05:34,7262.15,461440,1,7270.68,57972,120138,-0.30134127757719864,0
2023-07-28 11:05:36,7262.15,461448,1,7270.68,57944,120134,-0.30134127757719864,0
2023-07-28 11:05:36,7262.95,461448,1,7270.68,57944,120134,-0.29035845197073823,0
2023-07-28 11:05:38,7262.45,461452,1,7270.68,57609,120177,-0.29722271797477445,0
2023-07-28 11:05:38,7262.45,461452,1,7270.68,57859,120177,-0.29722271797477445,0
2023-07-28 11:05:38,7262.45,461452,1,7270.68,57871,119302,-0.29722271797477445,0
2023-07-28 11:05:38,7262.45,461452,1,7270.68,57651,120177,-0.29722271797477445,0
2023-07-28 11:05:38,7262.45,461452,1,7270.68,57967,120210,-0.29722271797477445,0
2023-07-28 11:05:38,7262.45,461452,1,7270.68,57932,120299,-0.29722271797477445,0
2023-07-28 11:05:38,7262.45,461452,1,7270.68,58024,120098,-0.29722271797477445,0
2023-07-28 11:05:45,7262.4,461459,1,7270.68,58015,119163,-0.29790914457518053,0
2023-07-28 11:05:45,7262.4,461459,1,7270.68,58030,120113,-0.29790914457518053,0
2023-07-28 11:05:45,7262.4,461459,1,7270.68,58030,120113,-0.29790914457518053,0
2023-07-28 11:05:45,7262.4,461459,1,7270.68,57965,120113,-0.29790914457518053,0
2023-07-28 11:05:49,7262.2,461504,2,7270.68,57643,120162,-0.3006548509767925,0
2023-07-28 11:05:50,7262.2,461505,1,7270.68,57940,120198,-0.3006548509767925,0
2023-07-28 11:05:50,7262.0,461505,5,7270.68,57947,120482,-0.3034005573784045,0
2023-07-28 11:05:51,7262.0,461554,5,7270.68,57702,120376,-0.3034005573784045,0
2023-07-28 11:05:51,7262.0,461554,2,7270.68,57702,120376,-0.3034005573784045,0
2023-07-28 11:05:53,7262.45,461681,54,7270.67,57841,120404,-0.29722271797477445,0
2023-07-28 11:05:54,7262.0,462687,1,7270.66,58344,119576,-0.3034005573784045,0
2023-07-28 11:05:54,7261.6,462687,8,7270.66,58344,119576,-0.30889197018162845,0
2023-07-28 11:05:55,7261.6,462708,8,7270.66,58383,119559,-0.30889197018162845,0
2023-07-28 11:05:55,7261.8,462708,4,7270.66,58383,119707,-0.30614626378001647,0
2023-07-28 11:05:56,7261.8,462725,4,7270.66,58383,119689,-0.30614626378001647,0
2023-07-28 11:05:56,7261.8,462725,4,7270.66,58383,119691,-0.30614626378001647,0
2023-07-28 11:05:56,7261.8,462725,49,7270.66,58383,119691,-0.30614626378001647,0
2023-07-28 11:05:59,7261.8,462852,27,7270.66,58389,119529,-0.30614626378001647,0
2023-07-28 11:05:59,7261.8,462852,27,7270.66,58389,119529,-0.30614626378001647,0
2023-07-28 11:05:59,7261.8,462852,27,7270.66,58351,119863,-0.30614626378001647,0
2023-07-28 11:05:59,7261.8,462852,27,7270.66,58328,119112,-0.30614626378001647,0
2023-07-28 11:05:59,7261.8,462852,27,7270.66,58358,119597,-0.30614626378001647,0
2023-07-28 11:05:59,7261.8,462852,27,7270.66,58350,119624,-0.30614626378001647,0
2023-07-28 11:05:59,7261.8,462852,27,7270.66,58338,119635,-0.30614626378001647,0
2023-07-28 11:05:59,7261.8,462852,3,7270.66,58338,119635,-0.30614626378001647,0
2023-07-28 11:06:06,7261.6,462867,26,7270.65,58337,119708,-0.30889197018162845,0
2023-07-28 11:06:06,7261.6,462893,26,7270.65,58355,119552,-0.30889197018162845,0
2023-07-28 11:06:06,7261.6,462893,26,7270.65,58355,119805,-0.30889197018162845,0
2023-07-28 11:06:09,7261.2,462914,2,7270.65,58357,119827,-0.3143833829848649,0
2023-07-28 11:06:09,7261.2,462914,2,7270.65,58357,119827,-0.3143833829848649,0
2023-07-28 11:06:09,7261.6,462914,3,7270.65,58360,119827,-0.30889197018162845,0
2023-07-28 11:06:13,7261.25,462918,1,7270.65,58394,119824,-0.31369695638445877,0
2023-07-28 11:06:14,7261.6,462943,15,7270.65,58384,119828,-0.30889197018162845,0
2023-07-28 11:06:15,7261.6,462963,10,7270.65,58399,119693,-0.30889197018162845,0
2023-07-28 11:06:15,7261.6,462963,10,7270.65,58382,119696,-0.30889197018162845,0
2023-07-28 11:06:15,7261.6,462963,10,7270.65,58354,119571,-0.30889197018162845,0
2023-07-28 11:06:18,7259.3,463388,2,7270.64,57877,119674,-0.3404675938001974,0
2023-07-28 11:06:18,7259.3,463388,2,7270.64,57877,119674,-0.3404675938001974,0
2023-07-28 11:06:18,7259.3,463388,2,7270.64,57966,117903,-0.3404675938001974,0
2023-07-28 11:06:18,7259.3,463388,2,7270.64,57892,119258,-0.3404675938001974,0
2023-07-28 11:06:18,7259.3,463388,2,7270.64,57922,119752,-0.3404675938001974,0
2023-07-28 11:06:18,7259.3,463388,2,7270.64,57924,118866,-0.3404675938001974,0
2023-07-28 11:06:18,7259.3,463388,2,7270.64,57912,119747,-0.3404675938001974,0
2023-07-28 11:06:18,7259.3,463388,2,7270.64,57914,118867,-0.3404675938001974,0
2023-07-28 11:06:18,7259.3,463388,2,7270.64,57902,119882,-0.3404675938001974,0
2023-07-28 11:06:18,7259.3,463388,2,7270.64,57902,119186,-0.3404675938001974,0
2023-07-28 11:06:18,7259.3,463388,2,7270.64,57921,119915,-0.3404675938001974,0
2023-07-28 11:06:30,7259.1,463406,3,7270.64,57906,119805,-0.3432133002018094,0
2023-07-28 11:06:30,7259.1,463406,3,7270.64,57925,119750,-0.3432133002018094,0
2023-07-28 11:06:30,7259.55,463406,5,7270.64,57925,119750,-0.3370354607981793,0
2023-07-28 11:06:34,7259.55,463436,10,7270.64,57984,119835,-0.3370354607981793,0
2023-07-28 11:06:34,7259.55,463436,10,7270.64,57984,119862,-0.3370354607981793,0
2023-07-28 11:06:34,7259.55,463436,10,7270.64,57987,119987,-0.3370354607981793,0
2023-07-28 11:06:34,7259.55,463436,1,7270.64,57984,119984,-0.3370354607981793,0
2023-07-28 11:06:36,7259.55,463437,1,7270.64,57985,119985,-0.3370354607981793,0
2023-07-28 11:06:37,7259.55,463440,1,7270.64,58051,119896,-0.3370354607981793,0
2023-07-28 11:06:37,7259.3,463440,10,7270.64,58027,119146,-0.3404675938001974,0
2023-07-28 11:06:41,7259.3,463450,10,7270.64,58018,119896,-0.3404675938001974,0
2023-07-28 11:06:41,7259.3,463450,10,7270.64,58018,119896,-0.3404675938001974,0
2023-07-28 11:06:43,7259.55,463451,1,7270.64,58018,119895,-0.3370354607981793,0
2023-07-28 11:06:44,7259.3,463462,5,7270.64,58028,119842,-0.3404675938001974,0
2023-07-28 11:06:44,7260.0,463462,4,7270.64,58028,119842,-0.3308576213945493,0
2023-07-28 11:06:45,7259.3,463471,1,7270.64,58050,119081,-0.3404675938001974,0
2023-07-28 11:06:46,7259.3,463481,10,7270.64,58050,119332,-0.3404675938001974,0
2023-07-28 11:06:46,7259.3,463481,10,7270.64,58074,120084,-0.3404675938001974,0
