2023-07-28 10:49:29,200.0,4969059,1,199.07,1746043,2389853,0.37641154328732745,0
2023-07-28 10:49:27,199.95,4966496,1,199.07,1716078,2389633,0.3513174404014999,0
2023-07-28 10:49:29,199.95,4969059,432,199.07,1746043,2389853,0.3513174404014999,0
2023-07-28 10:49:29,200.0,4969059,100,199.07,1746043,2389853,0.37641154328732745,0
2023-07-28 10:49:32,200.0,4970421,54,199.07,1748013,2390153,0.37641154328732745,0
2023-07-28 10:49:32,200.0,4970421,15,199.07,1748013,2390153,0.37641154328732745,0
2023-07-28 10:49:32,200.0,4970421,200,199.07,1748013,2390153,0.37641154328732745,0
2023-07-28 10:49:34,200.0,4971893,200,199.07,1745222,2383499,0.37641154328732745,0
2023-07-28 10:49:34,200.05,4971893,3,199.07,1745222,2383499,0.40150564617315504,0
2023-07-28 10:49:37,200.05,4971896,3,199.07,1746477,2384044,0.40150564617315504,0
2023-07-28 10:49:40,200.0,4972443,7,199.07,1745902,2383850,0.37641154328732745,0
2023-07-28 10:49:40,200.05,4972443,7,199.07,1745902,2383850,0.40150564617315504,0
2023-07-28 10:49:41,200.05,4972450,7,199.07,1745857,2383843,0.40150564617315504,0
2023-07-28 10:49:41,200.05,4972450,6,199.07,1745857,2383843,0.40150564617315504,0
2023-07-28 10:49:41,200.1,4972450,175,199.07,1745857,2383843,0.4265997490589683,0
2023-07-28 10:49:44,200.05,4976341,209,199.07,1743646,2382027,0.40150564617315504,0
2023-07-28 10:49:44,200.05,4976341,100,199.07,1743646,2382027,0.40150564617315504,0
2023-07-28 10:49:44,200.15,4976341,25,199.07,1743646,2382027,0.45169385194479583,0
2023-07-28 10:49:48,200.1,4982017,297,199.07,1745802,2376598,0.4265997490589683,0
2023-07-28 10:49:48,200.1,4982017,297,199.07,1745802,2376598,0.4265997490589683,0
2023-07-28 10:49:48,200.1,4982017,611,199.07,1745802,2376598,0.4265997490589683,0
2023-07-28 10:49:48,200.1,4982017,10,199.07,1745802,2376598,0.4265997490589683,0
2023-07-28 10:49:48,200.15,4982017,5,199.07,1745802,2376598,0.45169385194479583,0
2023-07-28 10:49:48,200.15,4982017,61,199.07,1745802,2376598,0.45169385194479583,0
2023-07-28 10:49:53,200.1,4982994,14,199.07,1748337,2378464,0.4265997490589683,0
2023-07-28 10:49:53,200.1,4982994,14,199.07,1748337,2378464,0.4265997490589683,0
2023-07-28 10:49:56,200.1,4983109,100,199.07,1747410,2385485,0.4265997490589683,0
2023-07-28 10:49:56,200.15,4983109,63,199.07,1747410,2385485,0.45169385194479583,0
2023-07-28 10:49:56,200.1,4983109,100,199.07,1747410,2385485,0.4265997490589683,0
2023-07-28 10:49:59,200.15,4983381,1,199.07,1747000,2384845,0.45169385194479583,0
2023-07-28 10:49:59,200.15,4983381,12,199.07,1747000,2384845,0.45169385194479583,0
2023-07-28 10:49:59,200.1,4983381,15,199.07,1747000,2384845,0.4265997490589683,0
2023-07-28 10:50:01,200.15,4983941,27,199.07,1746929,2385285,0.45169385194479583,0
2023-07-28 10:50:01,200.1,4983941,56,199.07,1746929,2385285,0.4265997490589683,0
2023-07-28 10:50:01,200.05,4983941,14,199.07,1746929,2385285,0.40150564617315504,0
2023-07-28 10:50:04,200.1,4986803,4,199.07,1741885,2386271,0.4265997490589683,0
2023-07-28 10:50:04,200.1,4986803,7,199.07,1741885,2386271,0.4265997490589683,0
2023-07-28 10:50:04,200.05,4986803,300,199.07,1741885,2386271,0.40150564617315504,0
2023-07-28 10:50:06,200.05,4987290,80,199.07,1739198,2389569,0.40150564617315504,0
2023-07-28 10:50:06,200.05,4987290,228,199.07,1739198,2389569,0.40150564617315504,0
2023-07-28 10:50:06,200.05,4987290,49,199.07,1739198,2389569,0.40150564617315504,0
2023-07-28 10:50:08,200.05,4989460,49,199.07,1746584,2395550,0.40150564617315504,0
2023-07-28 10:50:08,200.0,4989460,8,199.07,1746584,2395550,0.37641154328732745,0
2023-07-28 10:50:08,200.0,4989460,1,199.07,1746584,2395550,0.37641154328732745,0
2023-07-28 10:50:08,200.05,4989460,217,199.07,1746584,2395550,0.40150564617315504,0
2023-07-28 10:50:12,200.05,4990236,50,199.08,1748414,2396363,0.40150564617315504,0
2023-07-28 10:50:12,200.05,4990236,15,199.08,1748414,2396363,0.40150564617315504,0
2023-07-28 10:50:12,200.0,4990236,1,199.08,1748414,2396363,0.37641154328732745,0
2023-07-28 10:50:13,200.0,4990345,1,199.08,1748098,2398596,0.37641154328732745,0
2023-07-28 10:50:13,200.05,4990345,1,199.08,1748098,2398596,0.40150564617315504,0
2023-07-28 10:50:13,200.05,4990345,353,199.08,1748098,2398596,0.40150564617315504,0
2023-07-28 10:50:17,200.1,4991069,1,199.08,1746852,2395938,0.4265997490589683,0
2023-07-28 10:50:17,200.05,4991069,2,199.08,1746852,2395938,0.40150564617315504,0
2023-07-28 10:50:17,200.1,4991069,25,199.08,1746852,2395938,0.4265997490589683,0
2023-07-28 10:50:20,200.1,4991254,93,199.08,1754703,2389932,0.4265997490589683,0
2023-07-28 10:50:20,200.1,4991254,93,199.08,1754703,2389932,0.4265997490589683,0
2023-07-28 10:50:20,200.1,4991254,1,199.08,1754703,2389932,0.4265997490589683,0
2023-07-28 10:50:20,200.1,4991254,100,199.08,1754703,2389932,0.4265997490589683,0
2023-07-28 10:50:20,200.1,4991254,100,199.08,1754703,2389932,0.4265997490589683,0
2023-07-28 10:50:20,200.1,4991254,100,199.08,1754703,2389932,0.4265997490589683,0
2023-07-28 10:50:20,200.1,4991254,100,199.08,1754703,2389932,0.4265997490589683,0
2023-07-28 10:50:20,200.05,4991254,1,199.08,1754703,2389932,0.40150564617315504,0
2023-07-28 10:50:24,200.05,5002096,1,199.08,1747168,2388210,0.40150564617315504,0
2023-07-28 10:50:24,200.1,5002096,190,199.08,1747168,2388210,0.4265997490589683,0
2023-07-28 10:50:24,200.1,5002096,797,199.08,1747168,2388210,0.4265997490589683,0
2023-07-28 10:50:28,200.1,5006604,180,199.08,1751989,2383081,0.4265997490589683,0
2023-07-28 10:50:28,200.15,5006604,1,199.08,1751989,2383081,0.45169385194479583,0
2023-07-28 10:50:28,200.15,5006604,100,199.08,1751989,2383081,0.45169385194479583,0
2023-07-28 10:50:28,200.15,5006604,617,199.08,1751989,2383081,0.45169385194479583,0
2023-07-28 10:50:28,200.15,5006604,50,199.08,1751989,2383081,0.45169385194479583,0
2023-07-28 10:50:34,200.1,5018887,1,199.08,1751319,2369488,0.4265997490589683,0
2023-07-28 10:50:34,200.15,5018887,1,199.08,1751319,2369488,0.45169385194479583,0
2023-07-28 10:50:38,200.2,5020099,1,199.08,1744334,2377284,0.4767879548306091,0
2023-07-28 10:50:38,200.15,5020099,1,199.08,1744334,2377284,0.45169385194479583,0
2023-07-28 10:50:38,200.15,5020099,1,199.08,1744334,2377284,0.45169385194479583,0
2023-07-28 10:50:40,200.2,5020593,260,199.08,1747839,2376425,0.4767879548306091,0
2023-07-28 10:50:40,200.1,5020593,200,199.08,1747839,2376425,0.4265997490589683,0
2023-07-28 10:50:40,200.15,5020593,1,199.08,1747839,2376425,0.45169385194479583,0
2023-07-28 10:50:43,200.1,5023183,282,199.08,1748636,2378549,0.4265997490589683,0
2023-07-28 10:50:43,200.2,5023183,200,199.08,1748636,2378549,0.4767879548306091,0
2023-07-28 10:50:43,200.2,5023397,1,199.08,1752081,2379055,0.4767879548306091,0
2023-07-28 10:50:43,200.2,5023397,433,199.08,1752081,2379055,0.4767879548306091,0
2023-07-28 10:50:48,200.1,5024232,15,199.08,1749745,2377767,0.4265997490589683,0
2023-07-28 10:50:48,200.1,5024232,15,199.08,1745572,2379407,0.4265997490589683,0
2023-07-28 10:50:48,200.2,5024232,4,199.08,1745572,2379407,0.4767879548306091,0
2023-07-28 10:50:48,200.15,5024232,1,199.08,1745572,2379407,0.45169385194479583,0
2023-07-28 10:50:48,200.15,5024232,1,199.08,1745572,2379407,0.45169385194479583,0
2023-07-28 10:50:54,200.1,5025010,40,199.08,1746350,2376522,0.4265997490589683,0
2023-07-28 10:50:54,200.1,5025010,109,199.08,1746350,2376522,0.4265997490589683,0
2023-07-28 10:50:57,200.2,5025918,51,199.08,1741776,2381092,0.4767879548306091,0
2023-07-28 10:50:57,200.2,5025918,51,199.08,1741776,2381092,0.4767879548306091,0
2023-07-28 10:50:57,200.15,5025918,1,199.08,1741776,2381092,0.45169385194479583,0
2023-07-28 10:50:57,200.15,5025918,50,199.08,1741776,2381092,0.45169385194479583,0
2023-07-28 10:51:00,200.2,5026512,8,199.08,1740018,2390913,0.4767879548306091,0
2023-07-28 10:51:00,200.2,5026512,1,199.08,1740018,2390913,0.4767879548306091,0
2023-07-28 10:51:00,200.2,5026735,1,199.08,1735756,2390904,0.4767879548306091,0
2023-07-28 10:51:00,200.15,5026735,14,199.08,1735756,2390904,0.45169385194479583,0
2023-07-28 10:51:00,200.15,5026735,119,199.08,1735756,2390904,0.45169385194479583,0
2023-07-28 10:51:00,200.15,5026735,25,199.08,1735756,2390904,0.45169385194479583,0
2023-07-28 10:51:04,200.15,5026936,25,199.08,1741225,2387700,0.45169385194479583,0
2023-07-28 10:51:04,200.15,5026936,1,199.08,1741225,2387700,0.45169385194479583,0
2023-07-28 10:51:04,200.2,5026936,2,199.08,1741225,2387700,0.4767879548306091,0
2023-07-28 10:51:04,200.15,5026936,25,199.08,1741225,2387700,0.45169385194479583,0
2023-07-28 10:51:08,200.2,5026966,42,199.08,1739254,2388999,0.4767879548306091,0
2023-07-28 10:51:08,200.2,5026966,1,199.08,1739254,2388999,0.4767879548306091,0
2023-07-28 10:51:09,200.2,5027029,1,199.08,1739584,2389109,0.4767879548306091,0
2023-07-28 10:51:09,200.2,5027029,3,199.08,1739584,2389109,0.4767879548306091,0
2023-07-28 10:51:09,200.15,5027029,1,199.08,1739584,2389109,0.45169385194479583,0
2023-07-28 10:51:14,200.15,5027204,50,199.08,1740246,2387922,0.45169385194479583,0
2023-07-28 10:51:14,200.2,5027204,262,199.08,1740246,2387922,0.4767879548306091,0
2023-07-28 10:51:14,200.2,5027204,1,199.08,1740246,2387922,0.4767879548306091,0
2023-07-28 10:51:16,200.15,5039802,100,199.09,1741339,2377675,0.45169385194479583,0
2023-07-28 10:51:16,200.2,5039802,40,199.09,1741339,2377675,0.4767879548306091,0
2023-07-28 10:51:16,200.2,5039802,17,199.09,1741339,2377675,0.4767879548306091,0
2023-07-28 10:51:19,200.15,5039860,1,199.09,1742424,2402161,0.45169385194479583,0
2023-07-28 10:51:19,200.2,5039860,1,199.09,1742424,2402161,0.4767879548306091,0
2023-07-28 10:51:21,200.2,5039861,1,199.09,1738599,2406629,0.4767879548306091,0
2023-07-28 10:51:21,200.2,5039861,23,199.09,1738599,2406629,0.4767879548306091,0
2023-07-28 10:51:21,200.15,5039861,14,199.09,1738599,2406629,0.45169385194479583,0
2023-07-28 10:51:23,200.15,5041182,1,199.09,1740499,2406068,0.45169385194479583,0
2023-07-28 10:51:23,200.15,5041182,100,199.09,1740499,2406068,0.45169385194479583,0
2023-07-28 10:51:23,200.2,5041182,83,199.09,1740499,2406068,0.4767879548306091,0
2023-07-28 10:51:27,200.15,5042022,132,199.09,1712294,2419762,0.45169385194479583,0
2023-07-28 10:51:27,200.15,5042022,132,199.09,1712294,2419762,0.45169385194479583,0
2023-07-28 10:51:28,200.15,5042023,1,199.09,1740870,2420079,0.45169385194479583,0
2023-07-28 10:51:28,200.15,5042023,89,199.09,1740870,2420079,0.45169385194479583,0
2023-07-28 10:51:28,200.15,5042023,500,199.09,1740870,2420079,0.45169385194479583,0
2023-07-28 10:51:31,200.2,5052128,25,199.09,1747052,2407912,0.4767879548306091,0
2023-07-28 10:51:31,200.1,5052128,15,199.09,1747052,2407912,0.4265997490589683,0
2023-07-28 10:51:31,200.15,5052128,100,199.09,1747052,2407912,0.45169385194479583,0
2023-07-28 10:51:34,200.2,5052347,4,199.09,1741465,2411538,0.4767879548306091,0
2023-07-28 10:51:34,200.15,5052347,4,199.09,1741465,2411538,0.45169385194479583,0
2023-07-28 10:51:34,200.2,5052347,806,199.09,1741465,2411538,0.4767879548306091,0
2023-07-28 10:51:37,200.2,5053316,156,199.09,1740436,2414386,0.4767879548306091,0
2023-07-28 10:51:37,200.1,5053316,300,199.09,1740436,2414386,0.4265997490589683,0
2023-07-28 10:51:37,200.2,5053316,15,199.09,1740436,2414386,0.4767879548306091,0
2023-07-28 10:51:39,200.2,5055528,16,199.09,1743532,2417858,0.4767879548306091,0
2023-07-28 10:51:39,200.2,5055528,16,199.09,1743532,2417858,0.4767879548306091,0
2023-07-28 10:51:41,200.15,5056782,100,199.09,1744342,2425346,0.45169385194479583,0
2023-07-28 10:51:41,200.15,5056782,90,199.09,1744342,2425346,0.45169385194479583,0
2023-07-28 10:51:44,200.15,5057239,90,199.09,1745145,2423836,0.45169385194479583,0
2023-07-28 10:51:44,200.2,5057239,36,199.09,1745145,2423836,0.4767879548306091,0
2023-07-28 10:51:44,200.2,5057239,250,199.09,1745145,2423836,0.4767879548306091,0
2023-07-28 10:51:45,200.2,5057555,250,199.09,1744018,2424811,0.4767879548306091,0
2023-07-28 10:51:45,200.2,5057555,22,199.09,1744018,2424811,0.4767879548306091,0
2023-07-28 10:51:49,200.2,5057618,22,199.09,1742899,2425628,0.4767879548306091,0
2023-07-28 10:51:49,200.15,5057618,50,199.09,1742899,2425628,0.45169385194479583,0
2023-07-28 10:51:49,200.2,5057618,22,199.09,1742899,2425628,0.4767879548306091,0
2023-07-28 10:51:51,200.2,5057727,22,199.09,1697298,2425956,0.4767879548306091,0
2023-07-28 10:51:51,200.15,5057727,14,199.09,1697298,2425956,0.45169385194479583,0
2023-07-28 10:51:53,200.2,5057741,10,199.09,1743036,2426734,0.4767879548306091,0
2023-07-28 10:51:53,200.15,5057741,1,199.09,1743036,2426734,0.45169385194479583,0
2023-07-28 10:51:53,200.15,5057741,29,199.09,1743036,2426734,0.45169385194479583,0
2023-07-28 10:51:58,200.15,5058854,32,199.09,1745446,2426945,0.45169385194479583,0
2023-07-28 10:51:58,200.15,5058854,32,199.09,1745446,2426945,0.45169385194479583,0
2023-07-28 10:51:58,200.15,5058854,45,199.09,1745446,2426945,0.45169385194479583,0
2023-07-28 10:52:00,200.15,5059399,500,199.09,1744878,2428310,0.45169385194479583,0
2023-07-28 10:52:00,200.15,5059399,111,199.09,1744878,2428310,0.45169385194479583,0
2023-07-28 10:52:02,200.15,5059950,71,199.09,1743642,2428410,0.45169385194479583,0
2023-07-28 10:52:02,200.2,5059950,10,199.09,1743642,2428410,0.4767879548306091,0
2023-07-28 10:52:02,200.2,5059950,2,199.09,1743642,2428410,0.4767879548306091,0
2023-07-28 10:52:04,200.2,5060126,110,199.09,1743326,2428862,0.4767879548306091,0
2023-07-28 10:52:04,200.2,5060126,250,199.09,1743326,2428862,0.4767879548306091,0
2023-07-28 10:52:04,200.2,5060126,24,199.09,1743326,2428862,0.4767879548306091,0
2023-07-28 10:52:04,200.2,5060126,10,199.09,1743326,2428862,0.4767879548306091,0
2023-07-28 10:52:04,200.15,5060126,50,199.09,1743326,2428862,0.45169385194479583,0
2023-07-28 10:52:09,200.15,5060770,50,199.09,1745503,2430127,0.45169385194479583,0
2023-07-28 10:52:09,200.2,5060770,49,199.09,1745503,2430127,0.4767879548306091,0
2023-07-28 10:52:09,200.15,5060770,15,199.09,1745503,2430127,0.45169385194479583,0
2023-07-28 10:52:13,200.15,5060934,100,199.09,1745385,2431724,0.45169385194479583,0
2023-07-28 10:52:13,200.15,5060934,2,199.09,1745385,2431724,0.45169385194479583,0
2023-07-28 10:52:13,200.2,5060934,45,199.09,1745385,2431724,0.4767879548306091,0
2023-07-28 10:52:15,200.2,5063156,45,199.09,1744783,2430290,0.4767879548306091,0
2023-07-28 10:52:15,200.2,5063156,7,199.09,1744783,2430290,0.4767879548306091,0
2023-07-28 10:52:15,200.2,5063156,500,199.09,1744783,2430290,0.4767879548306091,0
2023-07-28 10:52:18,200.1,5065829,35,199.09,1742318,2428186,0.4265997490589683,0
2023-07-28 10:52:18,200.1,5065829,300,199.09,1742318,2428186,0.4265997490589683,0
2023-07-28 10:52:18,200.1,5065829,267,199.09,1742318,2428186,0.4265997490589683,0
2023-07-28 10:52:21,200.05,5066703,295,199.09,1713515,2442370,0.40150564617315504,0
2023-07-28 10:52:21,200.05,5066703,5,199.09,1713515,2442370,0.40150564617315504,0
2023-07-28 10:52:21,200.1,5066703,14,199.09,1713515,2442370,0.4265997490589683,0
2023-07-28 10:52:23,200.1,5067114,14,199.09,1745638,2443947,0.4265997490589683,0
2023-07-28 10:52:26,200.1,5067390,188,199.09,1746649,2443948,0.4265997490589683,0
2023-07-28 10:52:26,200.1,5067390,25,199.09,1746649,2443948,0.4265997490589683,0
2023-07-28 10:52:26,200.1,5067390,500,199.09,1746649,2443948,0.4265997490589683,0
2023-07-28 10:52:29,200.15,5068247,68,199.09,1746169,2444493,0.45169385194479583,0
2023-07-28 10:52:29,200.15,5068247,68,199.09,1746169,2444493,0.45169385194479583,0
2023-07-28 10:52:31,200.15,5068333,41,199.09,1745921,2444404,0.45169385194479583,0
2023-07-28 10:52:31,200.15,5068333,125,199.09,1745921,2444404,0.45169385194479583,0
2023-07-28 10:52:31,200.15,5068333,14,199.09,1745921,2444404,0.45169385194479583,0
2023-07-28 10:52:33,200.15,5068486,14,199.09,1746907,2442193,0.45169385194479583,0
2023-07-28 10:52:33,200.1,5068486,100,199.09,1746907,2442193,0.4265997490589683,0
2023-07-28 10:52:37,200.1,5068596,10,199.09,1746797,2442082,0.4265997490589683,0
2023-07-28 10:52:37,200.15,5068596,1,199.09,1746797,2442082,0.45169385194479583,0
2023-07-28 10:52:37,200.15,5068596,26,199.09,1746797,2442082,0.45169385194479583,0
2023-07-28 10:52:37,200.15,5068596,5,199.09,1746797,2442082,0.45169385194479583,0
2023-07-28 10:52:41,200.15,5068653,1,199.09,1746293,2431102,0.45169385194479583,0
2023-07-28 10:52:41,200.1,5068653,14,199.09,1746293,2431102,0.4265997490589683,0
2023-07-28 10:52:41,200.1,5068653,247,199.09,1746293,2431102,0.4265997490589683,0
2023-07-28 10:52:44,200.1,5068915,247,199.09,1747822,2424487,0.4265997490589683,0
2023-07-28 10:52:44,200.15,5068915,1,199.09,1747822,2424487,0.45169385194479583,0
2023-07-28 10:52:44,200.1,5068915,20,199.09,1747822,2424487,0.4265997490589683,0
2023-07-28 10:52:47,200.1,5069012,3,199.09,1747779,2426700,0.4265997490589683,0
2023-07-28 10:52:47,200.15,5069012,9,199.09,1747779,2426700,0.45169385194479583,0
2023-07-28 10:52:47,200.1,5069012,18,199.09,1747779,2426700,0.4265997490589683,0
2023-07-28 10:52:50,200.1,5069039,18,199.09,1747861,2427141,0.4265997490589683,0
2023-07-28 10:52:50,200.1,5069039,2,199.09,1747861,2427141,0.4265997490589683,0
2023-07-28 10:52:50,200.15,5069039,3,199.09,1747861,2427141,0.45169385194479583,0
2023-07-28 10:52:50,200.1,5069039,20,199.09,1747861,2427141,0.4265997490589683,0
2023-07-28 10:52:54,200.1,5069080,946,199.09,1745254,2450596,0.4265997490589683,0
2023-07-28 10:52:54,200.15,5069080,4,199.09,1745254,2450596,0.45169385194479583,0
2023-07-28 10:52:58,200.1,5070049,9,199.09,1744289,2453995,0.4265997490589683,0
2023-07-28 10:53:01,200.15,5070712,77,199.09,1745614,2453636,0.45169385194479583,0
2023-07-28 10:53:01,200.15,5070712,77,199.09,1745614,2453636,0.45169385194479583,0
2023-07-28 10:53:01,200.1,5070712,2,199.09,1745614,2453636,0.4265997490589683,0
2023-07-28 10:53:01,200.1,5070712,319,199.09,1745614,2453636,0.4265997490589683,0
2023-07-28 10:53:01,200.15,5070712,10,199.09,1745614,2453636,0.45169385194479583,0
2023-07-28 10:53:01,200.15,5070712,52,199.09,1745614,2453636,0.45169385194479583,0
2023-07-28 10:53:01,200.15,5070712,50,199.09,1745614,2453636,0.45169385194479583,0
2023-07-28 10:53:07,200.15,5071823,50,199.09,1746190,2450592,0.45169385194479583,0
2023-07-28 10:53:07,200.15,5071823,1,199.09,1746190,2450592,0.45169385194479583,0
2023-07-28 10:53:07,200.1,5071823,980,199.09,1746190,2450592,0.4265997490589683,0
2023-07-28 10:53:07,200.15,5071823,62,199.09,1746190,2450592,0.45169385194479583,0
2023-07-28 10:53:10,200.1,5073023,157,199.09,1746301,2452379,0.4265997490589683,0
2023-07-28 10:53:10,200.1,5073023,157,199.09,1746301,2452379,0.4265997490589683,0
2023-07-28 10:53:10,200.15,5073023,120,199.09,1746301,2452379,0.45169385194479583,0
2023-07-28 10:53:11,200.1,5073143,25,199.09,1715609,2452259,0.4265997490589683,0
2023-07-28 10:53:11,200.15,5073143,12,199.09,1715609,2452259,0.45169385194479583,0
2023-07-28 10:53:15,200.15,5073244,12,199.09,1716117,2452249,0.45169385194479583,0
2023-07-28 10:53:15,200.1,5073244,221,199.09,1716117,2452249,0.4265997490589683,0
2023-07-28 10:53:15,200.15,5073244,25,199.09,1716117,2452249,0.45169385194479583,0
2023-07-28 10:53:17,200.05,5088047,68,199.1,1745949,2460380,0.40150564617315504,0
2023-07-28 10:53:17,200.05,5088047,2,199.1,1745949,2460380,0.40150564617315504,0
2023-07-28 10:53:17,200.15,5088047,1,199.1,1745949,2460380,0.45169385194479583,0
2023-07-28 10:53:20,200.15,5089163,1,199.1,1742954,2457633,0.45169385194479583,0
2023-07-28 10:53:20,200.15,5089163,8,199.1,1742954,2457633,0.45169385194479583,0
2023-07-28 10:53:20,200.15,5089163,8,199.1,1742954,2457633,0.45169385194479583,0
2023-07-28 10:53:20,200.1,5089163,400,199.1,1742954,2457633,0.4265997490589683,0
2023-07-28 10:53:23,200.1,5089712,14,199.1,1742701,2457548,0.4265997490589683,0
2023-07-28 10:53:23,200.1,5089712,14,199.1,1742701,2457548,0.4265997490589683,0
2023-07-28 10:53:23,200.05,5089712,1,199.1,1742701,2457548,0.40150564617315504,0
2023-07-28 10:53:23,200.05,5089712,1,199.1,1742701,2457548,0.40150564617315504,0
2023-07-28 10:53:25,200.1,5090778,10,199.1,1744503,2455611,0.4265997490589683,0
2023-07-28 10:53:25,200.1,5090778,10,199.1,1746731,2453568,0.4265997490589683,0
2023-07-28 10:53:25,200.15,5090778,42,199.1,1746731,2453568,0.45169385194479583,0
2023-07-28 10:53:25,200.1,5090778,10,199.1,1746731,2453568,0.4265997490589683,0
2023-07-28 10:53:31,200.1,5091061,10,199.1,1743993,2453062,0.4265997490589683,0
2023-07-28 10:53:31,200.1,5091061,115,199.1,1743993,2453062,0.4265997490589683,0
2023-07-28 10:53:31,200.1,5091061,1,199.1,1743993,2453062,0.4265997490589683,0
2023-07-28 10:53:33,200.15,5091394,2,199.1,1741338,2459227,0.45169385194479583,0
2023-07-28 10:53:33,200.15,5091394,29,199.1,1741338,2459227,0.45169385194479583,0
2023-07-28 10:53:33,200.1,5091394,10,199.1,1741338,2459227,0.4265997490589683,0
2023-07-28 10:53:35,200.1,5091433,10,199.1,1742130,2454931,0.4265997490589683,0
2023-07-28 10:53:35,200.15,5091433,675,199.1,1742130,2454931,0.45169385194479583,0
2023-07-28 10:53:37,200.15,5092535,675,199.1,1739719,2454775,0.45169385194479583,0
2023-07-28 10:53:37,200.15,5092535,1,199.1,1739719,2454775,0.45169385194479583,0
2023-07-28 10:53:37,200.15,5092535,37,199.1,1739719,2454775,0.45169385194479583,0
2023-07-28 10:53:40,200.15,5092573,37,199.1,1740630,2454958,0.45169385194479583,0
2023-07-28 10:53:40,200.15,5092573,100,199.1,1740630,2454958,0.45169385194479583,0
2023-07-28 10:53:40,200.1,5092573,14,199.1,1740630,2454958,0.4265997490589683,0
2023-07-28 10:53:40,200.15,5092573,2,199.1,1740630,2454958,0.45169385194479583,0
2023-07-28 10:53:44,200.15,5092689,2,199.1,1741038,2464977,0.45169385194479583,0
2023-07-28 10:53:44,200.15,5092689,124,199.1,1741038,2464977,0.45169385194479583,0
2023-07-28 10:53:44,200.15,5092689,52,199.1,1741038,2464977,0.45169385194479583,0
2023-07-28 10:53:46,200.15,5095573,52,199.1,1743957,2465903,0.45169385194479583,0
2023-07-28 10:53:46,200.15,5095573,2,199.1,1743957,2465903,0.45169385194479583,0
2023-07-28 10:53:46,200.15,5095573,1,199.1,1743957,2465903,0.45169385194479583,0
2023-07-28 10:53:50,200.15,5095596,1,199.1,1743867,2464445,0.45169385194479583,0
2023-07-28 10:53:50,200.15,5095596,54,199.1,1743867,2464445,0.45169385194479583,0
2023-07-28 10:53:53,200.1,5095910,14,199.1,1743723,2464975,0.4265997490589683,0
2023-07-28 10:53:53,200.1,5095910,24,199.1,1743723,2464975,0.4265997490589683,0
2023-07-28 10:53:54,200.1,5095934,24,199.1,1743704,2454465,0.4265997490589683,0
2023-07-28 10:53:54,200.1,5095934,34,199.1,1743704,2454465,0.4265997490589683,0
2023-07-28 10:53:54,200.1,5095934,2,199.1,1743704,2454465,0.4265997490589683,0
2023-07-28 10:53:58,200.1,5097228,2,199.1,1745175,2455141,0.4265997490589683,0
2023-07-28 10:53:58,200.1,5097228,58,199.1,1745175,2455141,0.4265997490589683,0
2023-07-28 10:54:00,200.15,5097286,83,199.1,1745812,2456737,0.45169385194479583,0
2023-07-28 10:54:00,200.1,5097286,14,199.1,1745812,2456737,0.4265997490589683,0
2023-07-28 10:54:00,200.15,5097286,1,199.1,1745812,2456737,0.45169385194479583,0
2023-07-28 10:54:05,200.05,5097433,10,199.1,1751953,2457075,0.40150564617315504,0
2023-07-28 10:54:05,200.1,5097433,1,199.1,1751953,2457075,0.4265997490589683,0
2023-07-28 10:54:05,200.15,5097433,14,199.1,1751953,2457075,0.45169385194479583,0
2023-07-28 10:54:07,200.15,5097464,25,199.1,1752351,2467597,0.45169385194479583,0
2023-07-28 10:54:10,200.05,5104033,1905,199.1,1746031,2467926,0.40150564617315504,0
2023-07-28 10:54:10,200.1,5104033,1,199.1,1746031,2467926,0.4265997490589683,0
2023-07-28 10:54:13,200.1,5104261,212,199.1,1749572,2467432,0.4265997490589683,0
2023-07-28 10:54:13,200.1,5104261,110,199.1,1749572,2467432,0.4265997490589683,0
2023-07-28 10:54:14,200.1,5104371,110,199.1,1750299,2466938,0.4265997490589683,0
2023-07-28 10:54:14,200.15,5104371,335,199.1,1750299,2466938,0.45169385194479583,0
2023-07-28 10:54:14,200.05,5104371,8,199.1,1750299,2466938,0.40150564617315504,0
2023-07-28 10:54:17,200.05,5104714,8,199.1,1746819,2469986,0.40150564617315504,0
2023-07-28 10:54:17,200.15,5104714,3,199.1,1746819,2469986,0.45169385194479583,0
2023-07-28 10:54:21,200.1,5104763,34,199.1,1749008,2469548,0.4265997490589683,0
2023-07-28 10:54:21,200.1,5104763,66,199.1,1749008,2469548,0.4265997490589683,0
2023-07-28 10:54:23,200.1,5105043,14,199.1,1748294,2470727,0.4265997490589683,0
2023-07-28 10:54:23,200.15,5105043,39,199.1,1748294,2470727,0.45169385194479583,0
2023-07-28 10:54:24,200.15,5105082,39,199.1,1749346,2468639,0.45169385194479583,0
2023-07-28 10:54:24,200.15,5105082,28,199.1,1749346,2468639,0.45169385194479583,0
2023-07-28 10:54:24,200.15,5105082,5,199.1,1749346,2468639,0.45169385194479583,0
2023-07-28 10:54:24,200.15,5105082,4,199.1,1749346,2468639,0.45169385194479583,0
2023-07-28 10:54:24,200.1,5105082,4,199.1,1749346,2468639,0.4265997490589683,0
2023-07-28 10:54:30,200.1,5105543,4,199.1,1748354,2471693,0.4265997490589683,0
2023-07-28 10:54:30,200.0,5105543,52,199.1,1748354,2471693,0.37641154328732745,0
2023-07-28 10:54:30,200.1,5105543,38,199.1,1748354,2471693,0.4265997490589683,0
2023-07-28 10:54:34,200.1,5107599,1738,199.1,1753602,2472798,0.4265997490589683,0
2023-07-28 10:54:34,200.1,5107599,100,199.1,1753602,2472798,0.4265997490589683,0
2023-07-28 10:54:37,200.15,5107706,7,199.1,1753496,2447313,0.45169385194479583,0
2023-07-28 10:54:37,200.15,5107706,106,199.1,1753496,2447313,0.45169385194479583,0
2023-07-28 10:54:39,200.05,5108287,127,199.1,1752679,2447549,0.40150564617315504,0
2023-07-28 10:54:39,200.05,5108287,127,199.1,1755328,2448657,0.40150564617315504,0
2023-07-28 10:54:39,200.05,5108287,174,199.1,1755328,2448657,0.40150564617315504,0
2023-07-28 10:54:39,200.15,5108287,28,199.1,1755328,2448657,0.45169385194479583,0
2023-07-28 10:54:39,200.1,5108287,10,199.1,1755328,2448657,0.4265997490589683,0
2023-07-28 10:54:45,200.1,5109560,189,199.1,1755072,2446758,0.4265997490589683,0
2023-07-28 10:54:45,200.1,5109560,189,199.1,1755072,2446758,0.4265997490589683,0
2023-07-28 10:54:45,200.15,5109560,5,199.1,1755072,2446758,0.45169385194479583,0
2023-07-28 10:54:46,200.15,5109565,5,199.1,1760359,2446457,0.45169385194479583,0
2023-07-28 10:54:46,200.15,5109565,334,199.1,1760359,2446457,0.45169385194479583,0
2023-07-28 10:54:46,200.15,5109565,8,199.1,1760359,2446457,0.45169385194479583,0
2023-07-28 10:54:50,200.15,5111034,8,199.1,1763310,2444356,0.45169385194479583,0
2023-07-28 10:54:50,200.15,5111034,1,199.1,1763310,2444356,0.45169385194479583,0
2023-07-28 10:54:50,200.1,5111034,92,199.1,1763310,2444356,0.4265997490589683,0
2023-07-28 10:54:53,200.1,5112005,10,199.1,1762550,2445241,0.4265997490589683,0
2023-07-28 10:54:53,200.15,5112005,4,199.1,1762550,2445241,0.45169385194479583,0
2023-07-28 10:54:53,200.15,5112005,98,199.1,1762550,2445241,0.45169385194479583,0
2023-07-28 10:54:55,200.15,5112263,98,199.1,1761535,2448215,0.45169385194479583,0
2023-07-28 10:54:55,200.15,5112263,25,199.1,1761535,2448215,0.45169385194479583,0
2023-07-28 10:54:57,200.15,5112288,321,199.1,1761012,2449103,0.45169385194479583,0
2023-07-28 10:54:57,200.15,5112288,50,199.1,1761012,2449103,0.45169385194479583,0
2023-07-28 10:54:57,200.15,5112288,125,199.1,1761012,2449103,0.45169385194479583,0
2023-07-28 10:55:01,200.15,5113516,4,199.1,1762759,2447411,0.45169385194479583,0
2023-07-28 10:55:01,200.15,5113516,5,199.1,1762759,2447411,0.45169385194479583,0
2023-07-28 10:55:03,200.15,5113667,123,199.1,1760832,2453555,0.45169385194479583,0
2023-07-28 10:55:03,200.1,5113667,15,199.1,1760832,2453555,0.4265997490589683,0
2023-07-28 10:55:03,200.1,5113667,52,199.1,1760832,2453555,0.4265997490589683,0
2023-07-28 10:55:06,200.05,5114888,1,199.1,1762435,2446759,0.40150564617315504,0
2023-07-28 10:55:06,200.1,5114888,30,199.1,1762435,2446759,0.4265997490589683,0
2023-07-28 10:55:09,200.1,5114923,10,199.1,1761572,2451527,0.4265997490589683,0
2023-07-28 10:55:09,200.15,5114923,100,199.1,1761572,2451527,0.45169385194479583,0
2023-07-28 10:55:09,200.15,5114923,122,199.1,1761572,2451527,0.45169385194479583,0
2023-07-28 10:55:11,200.15,5116379,10,199.1,1762480,2457417,0.45169385194479583,0
2023-07-28 10:55:11,200.1,5116379,26,199.1,1762480,2457417,0.4265997490589683,0
2023-07-28 10:55:14,200.15,5117227,5,199.1,1762811,2456418,0.45169385194479583,0
2023-07-28 10:55:14,200.15,5117227,80,199.1,1762811,2456418,0.45169385194479583,0
2023-07-28 10:55:14,200.15,5117227,85,199.1,1762811,2456418,0.45169385194479583,0
2023-07-28 10:55:15,200.1,5118312,100,199.1,1762524,2456224,0.4265997490589683,0
2023-07-28 10:55:15,200.15,5118312,100,199.1,1762524,2456224,0.45169385194479583,0
2023-07-28 10:55:15,200.1,5118312,100,199.1,1762524,2456224,0.4265997490589683,0
2023-07-28 10:55:19,200.15,5118720,108,199.1,1762276,2462933,0.45169385194479583,0
2023-07-28 10:55:19,200.1,5118720,50,199.1,1762276,2462933,0.4265997490589683,0
2023-07-28 10:55:19,200.15,5118720,41,199.1,1762276,2462933,0.45169385194479583,0
2023-07-28 10:55:19,200.15,5118720,100,199.1,1762276,2462933,0.45169385194479583,0
2023-07-28 10:55:19,200.1,5118720,14,199.1,1762276,2462933,0.4265997490589683,0
2023-07-28 10:55:19,200.15,5118720,20,199.1,1762276,2462933,0.45169385194479583,0
2023-07-28 10:55:25,200.1,5119969,50,199.1,1769012,2467532,0.4265997490589683,0
2023-07-28 10:55:25,200.15,5119969,106,199.1,1769012,2467532,0.45169385194479583,0
2023-07-28 10:55:29,200.15,5120914,10,199.1,1768580,2466955,0.45169385194479583,0
2023-07-28 10:55:29,200.15,5120914,8,199.1,1768580,2466955,0.45169385194479583,0
2023-07-28 10:55:29,200.1,5120914,60,199.1,1768580,2466955,0.4265997490589683,0
2023-07-28 10:55:31,200.15,5121251,16,199.1,1768518,2467982,0.45169385194479583,0
2023-07-28 10:55:31,200.1,5121251,100,199.1,1768518,2467982,0.4265997490589683,0
2023-07-28 10:55:31,200.1,5121251,15,199.1,1768518,2467982,0.4265997490589683,0
2023-07-28 10:55:33,200.1,5122236,15,199.1,1767812,2471219,0.4265997490589683,0
2023-07-28 10:55:33,200.15,5122236,2,199.1,1767812,2471219,0.45169385194479583,0
2023-07-28 10:55:33,200.1,5122236,2,199.1,1767812,2471219,0.4265997490589683,0
2023-07-28 10:55:33,200.15,5122236,34,199.1,1767812,2471219,0.45169385194479583,0
2023-07-28 10:55:37,200.15,5122288,5,199.1,1767518,2464170,0.45169385194479583,0
2023-07-28 10:55:37,200.15,5122288,5,199.1,1767518,2464170,0.45169385194479583,0
2023-07-28 10:55:39,200.15,5122889,500,199.1,1767716,2459792,0.45169385194479583,0
2023-07-28 10:55:39,200.15,5122889,50,199.1,1767716,2459792,0.45169385194479583,0
2023-07-28 10:55:40,200.15,5123043,50,199.1,1766884,2459549,0.45169385194479583,0
2023-07-28 10:55:40,200.1,5123043,14,199.1,1766884,2459549,0.4265997490589683,0
2023-07-28 10:55:40,200.15,5123043,61,199.1,1766884,2459549,0.45169385194479583,0
2023-07-28 10:55:40,200.1,5123043,25,199.1,1766884,2459549,0.4265997490589683,0
2023-07-28 10:55:45,200.15,5123158,15,199.1,1767120,2460854,0.45169385194479583,0
2023-07-28 10:55:45,200.15,5123158,12,199.1,1767120,2460854,0.45169385194479583,0
2023-07-28 10:55:48,200.1,5124574,480,199.1,1767265,2468006,0.4265997490589683,0
2023-07-28 10:55:48,200.15,5124574,7,199.1,1767265,2468006,0.45169385194479583,0
2023-07-28 10:55:51,200.15,5124723,141,199.1,1768958,2468792,0.45169385194479583,0
2023-07-28 10:55:51,200.15,5124723,10,199.1,1768958,2468792,0.45169385194479583,0
2023-07-28 10:55:51,200.15,5124723,22,199.1,1768958,2468792,0.45169385194479583,0
2023-07-28 10:55:54,200.1,5125019,1500,199.1,1764343,2455821,0.4265997490589683,0
2023-07-28 10:55:57,200.05,5126689,543,199.1,1764085,2456086,0.40150564617315504,0
2023-07-28 10:55:57,200.05,5126689,99,199.1,1764085,2456086,0.40150564617315504,0
2023-07-28 10:55:57,200.1,5126689,167,199.1,1764085,2456086,0.4265997490589683,0
2023-07-28 10:55:59,200.05,5127955,200,199.1,1768077,2456259,0.40150564617315504,0
2023-07-28 10:55:59,200.1,5127955,46,199.1,1768077,2456259,0.4265997490589683,0
2023-07-28 10:56:02,200.05,5128284,200,199.1,1767590,2434115,0.40150564617315504,0
2023-07-28 10:56:02,200.1,5128284,33,199.1,1767590,2434115,0.4265997490589683,0
2023-07-28 10:56:03,200.1,5128331,33,199.1,1768220,2435064,0.4265997490589683,0
2023-07-28 10:56:03,200.1,5128331,3,199.1,1768220,2435064,0.4265997490589683,0
2023-07-28 10:56:07,200.1,5128389,5,199.1,1768030,2434898,0.4265997490589683,0
2023-07-28 10:56:07,200.1,5128389,50,199.1,1768030,2434898,0.4265997490589683,0
2023-07-28 10:56:07,200.05,5128389,250,199.1,1768030,2434898,0.40150564617315504,0
2023-07-28 10:56:07,200.1,5128389,6,199.1,1768030,2434898,0.4265997490589683,0
2023-07-28 10:56:09,200.1,5128795,6,199.1,1767880,2434842,0.4265997490589683,0
2023-07-28 10:56:09,200.1,5128795,97,199.1,1767880,2434842,0.4265997490589683,0
2023-07-28 10:56:09,200.1,5128795,41,199.1,1767880,2434842,0.4265997490589683,0
2023-07-28 10:56:11,200.1,5129137,41,199.1,1767081,2434999,0.4265997490589683,0
2023-07-28 10:56:11,200.05,5129137,15,199.1,1767081,2434999,0.40150564617315504,0
2023-07-28 10:56:11,200.1,5129137,13,199.1,1767081,2434999,0.4265997490589683,0
2023-07-28 10:56:11,200.05,5129137,100,199.1,1767081,2434999,0.40150564617315504,0
2023-07-28 10:56:15,200.1,5129299,34,199.1,1766030,2434499,0.4265997490589683,0
2023-07-28 10:56:15,200.05,5129299,250,199.1,1766030,2434499,0.40150564617315504,0
2023-07-28 10:56:17,200.1,5129565,16,199.1,1765790,2434633,0.4265997490589683,0
2023-07-28 10:56:17,200.05,5129565,255,199.1,1765790,2434633,0.40150564617315504,0
2023-07-28 10:56:17,200.1,5129565,27,199.1,1765790,2434633,0.4265997490589683,0
2023-07-28 10:56:19,200.1,5129947,27,199.1,1766178,2435257,0.4265997490589683,0
2023-07-28 10:56:19,200.05,5129947,8,199.1,1766178,2435257,0.40150564617315504,0
2023-07-28 10:56:19,200.05,5129947,8,199.1,1766178,2435257,0.40150564617315504,0
2023-07-28 10:56:19,200.05,5129947,10,199.1,1766178,2435257,0.40150564617315504,0
2023-07-28 10:56:19,200.05,5129947,10,199.1,1766178,2435257,0.40150564617315504,0
2023-07-28 10:56:23,200.1,5130028,38,199.1,1766435,2435243,0.4265997490589683,0
2023-07-28 10:56:23,200.05,5130028,196,199.1,1766435,2435243,0.40150564617315504,0
2023-07-28 10:56:23,200.05,5130028,196,199.1,1766435,2435243,0.40150564617315504,0
2023-07-28 10:56:23,200.1,5130028,8,199.1,1766435,2435243,0.4265997490589683,0
2023-07-28 10:56:25,200.1,5130523,8,199.1,1765549,2435855,0.4265997490589683,0
2023-07-28 10:56:25,200.05,5130523,250,199.1,1765549,2435855,0.40150564617315504,0
2023-07-28 10:56:25,200.1,5130523,50,199.1,1765549,2435855,0.4265997490589683,0
2023-07-28 10:56:25,200.05,5130523,200,199.1,1765549,2435855,0.40150564617315504,0
2023-07-28 10:56:31,200.05,5131023,200,199.1,1759903,2437506,0.40150564617315504,0
2023-07-28 10:56:31,200.0,5131023,179,199.1,1759903,2437506,0.37641154328732745,0
2023-07-28 10:56:34,200.0,5133307,179,199.1,1764166,2438552,0.37641154328732745,0
2023-07-28 10:56:34,200.1,5133307,20,199.1,1764166,2438552,0.4265997490589683,0
2023-07-28 10:56:34,200.05,5133307,172,199.1,1764166,2438552,0.40150564617315504,0
2023-07-28 10:56:37,200.1,5135284,228,199.1,1764164,2439307,0.4265997490589683,0
2023-07-28 10:56:37,200.0,5135284,17,199.1,1764164,2439307,0.37641154328732745,0
2023-07-28 10:56:40,200.05,5157322,11,199.11,1736502,2447694,0.40150564617315504,0
2023-07-28 10:56:40,200.0,5157322,10,199.11,1736502,2447694,0.37641154328732745,0
2023-07-28 10:56:40,200.0,5157322,128,199.11,1736502,2447694,0.37641154328732745,0
2023-07-28 10:56:43,200.05,5161462,1875,199.11,1736002,2445675,0.40150564617315504,0
2023-07-28 10:56:43,200.05,5161462,414,199.11,1736002,2445675,0.40150564617315504,0
2023-07-28 10:56:45,200.05,5161876,414,199.11,1741397,2446681,0.40150564617315504,0
2023-07-28 10:56:45,200.0,5161876,300,199.11,1741397,2446681,0.37641154328732745,0
2023-07-28 10:56:45,200.0,5161876,75,199.11,1741397,2446681,0.37641154328732745,0
2023-07-28 10:56:45,200.0,5161876,825,199.11,1741397,2446681,0.37641154328732745,0
2023-07-28 10:56:48,200.0,5163851,825,199.11,1747041,2443427,0.37641154328732745,0
2023-07-28 10:56:48,200.05,5163851,10,199.11,1747041,2443427,0.40150564617315504,0
2023-07-28 10:56:48,200.1,5163851,1,199.11,1747041,2443427,0.4265997490589683,0
2023-07-28 10:56:51,200.05,5163935,22,199.11,1750062,2444029,0.40150564617315504,0
2023-07-28 10:56:51,200.05,5163935,34,199.11,1750062,2444029,0.40150564617315504,0
2023-07-28 10:56:51,200.05,5163935,15,199.11,1750062,2444029,0.40150564617315504,0
2023-07-28 10:56:53,200.05,5164234,15,199.11,1753540,2455676,0.40150564617315504,0
2023-07-28 10:56:53,200.1,5164234,9,199.11,1753540,2455676,0.4265997490589683,0
2023-07-28 10:56:56,200.1,5164243,1,199.11,1755418,2455572,0.4265997490589683,0
2023-07-28 10:56:56,200.05,5164243,10,199.11,1755418,2455572,0.40150564617315504,0
2023-07-28 10:56:56,200.1,5164243,200,199.11,1755418,2455572,0.4265997490589683,0
2023-07-28 10:57:00,200.1,5164546,200,199.11,1755458,2454426,0.4265997490589683,0
2023-07-28 10:57:00,200.05,5164546,10,199.11,1755458,2454426,0.40150564617315504,0
2023-07-28 10:57:00,200.1,5164546,30,199.11,1755458,2454426,0.4265997490589683,0
2023-07-28 10:57:01,200.1,5164596,30,199.11,1752119,2458865,0.4265997490589683,0
2023-07-28 10:57:01,200.0,5164596,204,199.11,1752119,2458865,0.37641154328732745,0
2023-07-28 10:57:01,200.0,5164596,14,199.11,1752119,2458865,0.37641154328732745,0
2023-07-28 10:57:01,200.05,5164596,1,199.11,1752119,2458865,0.40150564617315504,0
2023-07-28 10:57:05,200.05,5164916,1,199.11,1750805,2467063,0.40150564617315504,0
2023-07-28 10:57:05,200.0,5164916,16,199.11,1750805,2467063,0.37641154328732745,0
2023-07-28 10:57:05,200.05,5164916,32,199.11,1750805,2467063,0.40150564617315504,0
2023-07-28 10:57:08,200.0,5165965,22,199.11,1754204,2469298,0.37641154328732745,0
2023-07-28 10:57:08,200.0,5165965,57,199.11,1754204,2469298,0.37641154328732745,0
2023-07-28 10:57:08,200.0,5165965,5,199.11,1754204,2469298,0.37641154328732745,0
2023-07-28 10:57:10,200.0,5168817,100,199.11,1777152,2465247,0.37641154328732745,0
2023-07-28 10:57:10,200.0,5168817,14,199.11,1777152,2465247,0.37641154328732745,0
2023-07-28 10:57:13,200.05,5169116,43,199.11,1776480,2466079,0.40150564617315504,0
2023-07-28 10:57:13,200.0,5169116,20,199.11,1776480,2466079,0.37641154328732745,0
2023-07-28 10:57:13,200.05,5169116,30,199.11,1776480,2466079,0.40150564617315504,0
2023-07-28 10:57:15,200.05,5169166,30,199.11,1776685,2466103,0.40150564617315504,0
2023-07-28 10:57:15,200.05,5169166,1,199.11,1776685,2466103,0.40150564617315504,0
2023-07-28 10:57:15,200.05,5169166,50,199.11,1776685,2466103,0.40150564617315504,0
2023-07-28 10:57:19,200.05,5169356,5,199.11,1777366,2466138,0.40150564617315504,0
2023-07-28 10:57:19,200.0,5169356,15,199.11,1777366,2466138,0.37641154328732745,0
2023-07-28 10:57:19,200.05,5169356,19,199.11,1777366,2466138,0.40150564617315504,0
2023-07-28 10:57:22,200.0,5169391,1,199.11,1776012,2466880,0.37641154328732745,0
2023-07-28 10:57:22,200.0,5169391,1,199.11,1776012,2466880,0.37641154328732745,0
2023-07-28 10:57:22,200.0,5169391,14,199.11,1776012,2466880,0.37641154328732745,0
2023-07-28 10:57:23,200.0,5169407,14,199.11,1776025,2467124,0.37641154328732745,0
2023-07-28 10:57:23,200.0,5169407,200,199.11,1776025,2467124,0.37641154328732745,0
2023-07-28 10:57:23,200.0,5169407,20,199.11,1776025,2467124,0.37641154328732745,0
2023-07-28 10:57:23,200.0,5169407,125,199.11,1776025,2467124,0.37641154328732745,0
2023-07-28 10:57:27,200.0,5171657,125,199.11,1779339,2471982,0.37641154328732745,0
2023-07-28 10:57:27,199.95,5171657,1000,199.11,1779339,2471982,0.3513174404014999,0
2023-07-28 10:57:27,200.0,5171657,32,199.11,1779339,2471982,0.37641154328732745,0
2023-07-28 10:57:29,200.0,5172882,32,199.11,1776098,2469156,0.37641154328732745,0
2023-07-28 10:57:33,200.0,5173070,100,199.11,1778123,2470107,0.37641154328732745,0
2023-07-28 10:57:33,200.0,5173070,24,199.11,1778123,2470107,0.37641154328732745,0
2023-07-28 10:57:36,199.95,5173198,4,199.11,1777543,2472987,0.3513174404014999,0
2023-07-28 10:57:36,199.95,5173198,10,199.11,1777543,2472987,0.3513174404014999,0
2023-07-28 10:57:36,200.0,5173198,14,199.11,1777543,2472987,0.37641154328732745,0
2023-07-28 10:57:39,199.95,5173354,130,199.11,1777487,2473583,0.3513174404014999,0
2023-07-28 10:57:39,200.0,5173354,5,199.11,1777487,2473583,0.37641154328732745,0
2023-07-28 10:57:39,200.0,5173354,945,199.11,1777487,2473583,0.37641154328732745,0
2023-07-28 10:57:41,200.0,5174969,15,199.11,1776855,2472108,0.37641154328732745,0
2023-07-28 10:57:41,200.0,5174969,42,199.11,1776855,2472108,0.37641154328732745,0
2023-07-28 10:57:41,200.0,5174969,162,199.11,1776855,2472108,0.37641154328732745,0
2023-07-28 10:57:43,200.0,5175220,162,199.11,1775561,2470262,0.37641154328732745,0
2023-07-28 10:57:43,199.95,5175220,1594,199.11,1775561,2470262,0.3513174404014999,0
2023-07-28 10:57:43,200.0,5175220,22,199.11,1775561,2470262,0.37641154328732745,0
2023-07-28 10:57:46,199.95,5177743,1,199.11,1747118,2474539,0.3513174404014999,0
2023-07-28 10:57:46,200.0,5177743,1,199.11,1747118,2474539,0.37641154328732745,0
2023-07-28 10:57:49,200.0,5177759,6,199.11,1775077,2470765,0.37641154328732745,0
2023-07-28 10:57:49,200.0,5177759,208,199.11,1775077,2470765,0.37641154328732745,0
2023-07-28 10:57:49,199.95,5177759,13,199.11,1775077,2470765,0.3513174404014999,0
2023-07-28 10:57:52,199.95,5179160,20,199.11,1749187,2474192,0.3513174404014999,0
2023-07-28 10:57:52,199.95,5179160,20,199.11,1749187,2474192,0.3513174404014999,0
2023-07-28 10:57:52,199.95,5179160,142,199.11,1749187,2474192,0.3513174404014999,0
2023-07-28 10:57:52,199.9,5179160,302,199.11,1749187,2474192,0.32622333751568666,0
2023-07-28 10:57:54,199.9,5181367,302,199.11,1772873,2474287,0.32622333751568666,0
2023-07-28 10:57:57,199.85,5183513,22,199.11,1770740,2463958,0.30112923462985913,0
2023-07-28 10:57:57,199.9,5183513,1,199.11,1770740,2463958,0.32622333751568666,0
2023-07-28 10:58:00,199.85,5185360,1,199.11,1763259,2465433,0.30112923462985913,0
2023-07-28 10:58:00,199.85,5185360,25,199.11,1763259,2465433,0.30112923462985913,0
2023-07-28 10:58:03,199.9,5185387,1,199.11,1765288,2463885,0.32622333751568666,0
2023-07-28 10:58:03,199.9,5185387,185,199.11,1765288,2463885,0.32622333751568666,0
2023-07-28 10:58:03,199.9,5185387,1,199.11,1765288,2463885,0.32622333751568666,0
2023-07-28 10:58:03,199.85,5185387,799,199.11,1765288,2463885,0.30112923462985913,0
2023-07-28 10:58:03,199.95,5185387,1,199.11,1765288,2463885,0.3513174404014999,0
2023-07-28 10:58:08,199.85,5186438,5,199.11,1765733,2463254,0.30112923462985913,0
2023-07-28 10:58:08,199.95,5186438,7,199.11,1765733,2463254,0.3513174404014999,0
2023-07-28 10:58:08,199.9,5186438,100,199.11,1765733,2463254,0.32622333751568666,0
2023-07-28 10:58:09,199.9,5186550,100,199.11,1765767,2463209,0.32622333751568666,0
2023-07-28 10:58:09,199.85,5186550,14,199.11,1765767,2463209,0.30112923462985913,0
2023-07-28 10:58:09,199.85,5186550,4,199.11,1765767,2463209,0.30112923462985913,0
2023-07-28 10:58:13,199.85,5186610,4,199.11,1767077,2463476,0.30112923462985913,0
2023-07-28 10:58:13,199.85,5186610,393,199.11,1767077,2463476,0.30112923462985913,0
2023-07-28 10:58:16,199.85,5187305,295,199.11,1736363,2464482,0.30112923462985913,0
2023-07-28 10:58:16,199.9,5187305,69,199.11,1736363,2464482,0.32622333751568666,0
2023-07-28 10:58:18,199.85,5187475,76,199.11,1736858,2463681,0.30112923462985913,0
2023-07-28 10:58:18,199.85,5187475,10,199.11,1736858,2463681,0.30112923462985913,0
2023-07-28 10:58:20,199.9,5187485,17,199.11,1766302,2464143,0.32622333751568666,0
2023-07-28 10:58:20,199.85,5187485,4,199.11,1766302,2464143,0.30112923462985913,0
2023-07-28 10:58:20,199.9,5187485,1,199.11,1766302,2464143,0.32622333751568666,0
2023-07-28 10:58:23,199.9,5187521,1,199.11,1764894,2463563,0.32622333751568666,0
2023-07-28 10:58:23,199.85,5187521,1,199.11,1764894,2463563,0.30112923462985913,0
2023-07-28 10:58:23,199.9,5187521,5,199.11,1764894,2463563,0.32622333751568666,0
2023-07-28 10:58:26,199.85,5187627,100,199.11,1764546,2464476,0.30112923462985913,0
2023-07-28 10:58:26,199.9,5187627,2,199.11,1764546,2464476,0.32622333751568666,0
2023-07-28 10:58:26,199.85,5187627,200,199.11,1764546,2464476,0.30112923462985913,0
2023-07-28 10:58:28,199.85,5187830,200,199.11,1761423,2463988,0.30112923462985913,0
2023-07-28 10:58:28,199.9,5187830,10,199.11,1761423,2463988,0.32622333751568666,0
2023-07-28 10:58:28,199.85,5187830,300,199.11,1761423,2463988,0.30112923462985913,0
2023-07-28 10:58:28,199.9,5187830,21,199.11,1761423,2463988,0.32622333751568666,0
2023-07-28 10:58:28,199.9,5187830,43,199.11,1761423,2463988,0.32622333751568666,0
2023-07-28 10:58:33,199.9,5188320,43,199.11,1758611,2462918,0.32622333751568666,0
2023-07-28 10:58:33,199.85,5188320,150,199.11,1758611,2462918,0.30112923462985913,0
2023-07-28 10:58:33,199.85,5188320,1,199.11,1758611,2462918,0.30112923462985913,0
2023-07-28 10:58:37,199.9,5188477,6,199.11,1759436,2464467,0.32622333751568666,0
2023-07-28 10:58:37,199.9,5188477,1,199.11,1759436,2464467,0.32622333751568666,0
2023-07-28 10:58:40,199.9,5188479,1,199.11,1730447,2464778,0.32622333751568666,0
2023-07-28 10:58:40,199.9,5188479,16,199.11,1730447,2464778,0.32622333751568666,0
2023-07-28 10:58:42,199.9,5188552,1,199.11,1759069,2465233,0.32622333751568666,0
2023-07-28 10:58:42,199.85,5188552,14,199.11,1759069,2465233,0.30112923462985913,0
2023-07-28 10:58:46,199.9,5188578,5,199.11,1759055,2465221,0.32622333751568666,0
2023-07-28 10:58:46,199.9,5188578,2,199.11,1759055,2465221,0.32622333751568666,0
2023-07-28 10:58:48,199.85,5188810,230,199.11,1759302,2465369,0.30112923462985913,0
2023-07-28 10:58:48,199.9,5188810,24,199.11,1759302,2465369,0.32622333751568666,0
2023-07-28 10:58:49,199.9,5190434,1,199.11,1762286,2465429,0.32622333751568666,0
2023-07-28 10:58:49,199.85,5190434,310,199.11,1762286,2465429,0.30112923462985913,0
2023-07-28 10:58:53,199.9,5190923,162,199.11,1762060,2466291,0.32622333751568666,0
2023-07-28 10:58:53,199.9,5190923,49,199.11,1762060,2466291,0.32622333751568666,0
2023-07-28 10:58:55,199.85,5190972,1,199.11,1761119,2465008,0.30112923462985913,0
2023-07-28 10:58:55,199.9,5190972,5,199.11,1761119,2465008,0.32622333751568666,0
2023-07-28 10:58:58,199.85,5191478,500,199.11,1760614,2466003,0.30112923462985913,0
2023-07-28 10:58:58,199.9,5191478,1,199.11,1760614,2466003,0.32622333751568666,0
2023-07-28 10:58:59,199.9,5191479,1,199.11,1761814,2463475,0.32622333751568666,0
2023-07-28 10:58:59,199.9,5191479,52,199.11,1761814,2463475,0.32622333751568666,0
2023-07-28 10:58:59,199.85,5191479,1,199.11,1761814,2463475,0.30112923462985913,0
2023-07-28 10:58:59,199.8,5191479,14,199.11,1761814,2463475,0.27603513174404587,0
2023-07-28 10:59:04,199.85,5211187,100,199.12,1745282,2476866,0.30112923462985913,0
2023-07-28 10:59:04,199.8,5211187,50,199.12,1745282,2476866,0.27603513174404587,0
2023-07-28 10:59:04,199.85,5211187,1980,199.12,1745282,2476866,0.30112923462985913,0
2023-07-28 10:59:06,199.85,5217402,113,199.12,1748213,2466445,0.30112923462985913,0
2023-07-28 10:59:06,199.9,5217402,10,199.12,1748213,2466445,0.32622333751568666,0
2023-07-28 10:59:08,199.85,5221471,3,199.12,1744627,2471832,0.30112923462985913,0
2023-07-28 10:59:08,199.85,5221471,25,199.12,1744627,2471832,0.30112923462985913,0
2023-07-28 10:59:12,199.85,5222005,2,199.12,1743594,2474206,0.30112923462985913,0
2023-07-28 10:59:12,199.9,5222005,150,199.12,1743594,2474206,0.32622333751568666,0
2023-07-28 10:59:12,199.85,5222005,14,199.12,1743594,2474206,0.30112923462985913,0
2023-07-28 10:59:15,199.9,5222172,3,199.12,1744062,2472560,0.32622333751568666,0
2023-07-28 10:59:15,199.85,5222172,133,199.12,1744062,2472560,0.30112923462985913,0
2023-07-28 10:59:17,199.9,5223192,300,199.12,1746458,2469796,0.32622333751568666,0
2023-07-28 10:59:20,199.9,5223193,47,199.12,1746588,2469464,0.32622333751568666,0
2023-07-28 10:59:20,199.9,5223193,5,199.12,1746588,2469464,0.32622333751568666,0
2023-07-28 10:59:20,199.9,5223193,5,199.12,1746588,2469464,0.32622333751568666,0
2023-07-28 10:59:21,199.9,5223300,5,199.12,1746383,2468449,0.32622333751568666,0
2023-07-28 10:59:21,199.85,5223300,14,199.12,1746383,2468449,0.30112923462985913,0
2023-07-28 10:59:21,199.85,5223300,14,199.12,1746383,2468449,0.30112923462985913,0
2023-07-28 10:59:21,199.85,5223300,14,199.12,1746383,2468449,0.30112923462985913,0
2023-07-28 10:59:25,199.9,5223415,58,199.12,1746351,2469637,0.32622333751568666,0
2023-07-28 10:59:25,199.9,5223415,11,199.12,1746351,2469637,0.32622333751568666,0
2023-07-28 10:59:25,199.9,5223415,11,199.12,1746351,2469637,0.32622333751568666,0
2023-07-28 10:59:25,199.9,5223415,11,199.12,1746351,2469637,0.32622333751568666,0
2023-07-28 10:59:25,199.9,5223415,11,199.12,1746351,2469637,0.32622333751568666,0
2023-07-28 10:59:27,199.9,5223558,11,199.12,1746249,2469729,0.32622333751568666,0
2023-07-28 10:59:27,199.85,5223558,15,199.12,1746249,2469729,0.30112923462985913,0
2023-07-28 10:59:27,199.85,5223558,7,199.12,1746249,2469729,0.30112923462985913,0
2023-07-28 10:59:30,199.85,5223919,4,199.12,1745893,2467859,0.30112923462985913,0
2023-07-28 10:59:30,199.8,5223919,1168,199.12,1745893,2467859,0.27603513174404587,0
2023-07-28 10:59:32,199.8,5225087,1168,199.12,1739243,2470063,0.27603513174404587,0
2023-07-28 10:59:32,199.8,5225087,15,199.12,1739243,2470063,0.27603513174404587,0
2023-07-28 10:59:32,199.85,5225087,1,199.12,1739243,2470063,0.30112923462985913,0
2023-07-28 10:59:34,199.85,5225139,1,199.12,1746086,2469392,0.30112923462985913,0
2023-07-28 10:59:34,199.8,5225139,20,199.12,1746086,2469392,0.27603513174404587,0
2023-07-28 10:59:34,199.8,5225139,81,199.12,1746086,2469392,0.27603513174404587,0
2023-07-28 10:59:37,199.85,5225373,5,199.12,1750629,2477219,0.30112923462985913,0
2023-07-28 10:59:37,199.85,5225373,24,199.12,1750629,2477219,0.30112923462985913,0
2023-07-28 10:59:40,199.9,5226397,345,199.12,1740696,2477907,0.32622333751568666,0
2023-07-28 10:59:40,199.9,5226397,345,199.12,1740696,2477907,0.32622333751568666,0
2023-07-28 10:59:40,199.9,5226397,345,199.12,1746060,2476993,0.32622333751568666,0
2023-07-28 10:59:40,199.85,5226397,25,199.12,1746060,2476993,0.30112923462985913,0
2023-07-28 10:59:40,199.8,5226397,14,199.12,1746060,2476993,0.27603513174404587,0
2023-07-28 10:59:40,199.8,5226397,100,199.12,1746060,2476993,0.27603513174404587,0
2023-07-28 10:59:45,199.8,5226835,36,199.12,1747274,2477502,0.27603513174404587,0
2023-07-28 10:59:45,199.8,5226835,109,199.12,1747274,2477502,0.27603513174404587,0
2023-07-28 10:59:45,199.8,5226835,183,199.12,1747274,2477502,0.27603513174404587,0
2023-07-28 10:59:47,199.8,5233459,183,199.12,1710055,2475570,0.27603513174404587,0
2023-07-28 10:59:47,199.8,5233459,256,199.12,1710055,2475570,0.27603513174404587,0
2023-07-28 10:59:50,199.85,5234421,407,199.12,1747765,2474393,0.30112923462985913,0
2023-07-28 10:59:53,199.8,5234435,14,199.12,1739076,2464680,0.27603513174404587,0
2023-07-28 10:59:53,199.9,5234435,25,199.12,1739076,2464680,0.32622333751568666,0
2023-07-28 10:59:53,199.8,5234435,20,199.12,1739076,2464680,0.27603513174404587,0
2023-07-28 10:59:56,199.8,5234826,20,199.12,1738936,2463121,0.27603513174404587,0
2023-07-28 10:59:56,199.85,5234826,40,199.12,1738936,2463121,0.30112923462985913,0
2023-07-28 10:59:57,199.85,5234866,40,199.12,1745605,2475355,0.30112923462985913,0
2023-07-28 10:59:57,199.85,5234866,12,199.12,1745605,2475355,0.30112923462985913,0
2023-07-28 10:59:57,199.85,5234866,2,199.12,1745605,2475355,0.30112923462985913,0
2023-07-28 11:00:01,199.85,5234960,4,199.12,1736039,2468393,0.30112923462985913,0
2023-07-28 11:00:01,199.85,5234960,5,199.12,1736039,2468393,0.30112923462985913,0
2023-07-28 11:00:01,199.85,5234960,9,199.12,1736039,2468393,0.30112923462985913,0
2023-07-28 11:00:03,199.85,5235637,9,199.12,1746534,2476620,0.30112923462985913,0
2023-07-28 11:00:03,199.8,5235637,1,199.12,1746534,2476620,0.27603513174404587,0
2023-07-28 11:00:06,199.85,5235640,2,199.12,1753532,2475470,0.30112923462985913,0
2023-07-28 11:00:06,199.85,5235640,68,199.12,1753532,2475470,0.30112923462985913,0
2023-07-28 11:00:06,199.8,5235640,457,199.12,1753532,2475470,0.27603513174404587,0
2023-07-28 11:00:09,199.85,5237518,12,199.12,1750749,2475394,0.30112923462985913,0
2023-07-28 11:00:09,199.8,5237518,1,199.12,1750749,2475394,0.27603513174404587,0
2023-07-28 11:00:12,199.85,5237733,20,199.12,1749636,2476454,0.30112923462985913,0
2023-07-28 11:00:12,199.85,5237733,1,199.12,1749636,2476454,0.30112923462985913,0
2023-07-28 11:00:12,199.85,5237733,22,199.12,1749636,2476454,0.30112923462985913,0
2023-07-28 11:00:15,199.8,5237868,95,199.12,1749926,2476529,0.27603513174404587,0
2023-07-28 11:00:15,199.85,5237868,8,199.12,1749926,2476529,0.30112923462985913,0
2023-07-28 11:00:15,199.8,5237868,1,199.12,1749926,2476529,0.27603513174404587,0
2023-07-28 11:00:17,199.85,5237896,13,199.12,1750369,2474555,0.30112923462985913,0
2023-07-28 11:00:17,199.85,5237896,1,199.12,1750369,2474555,0.30112923462985913,0
2023-07-28 11:00:19,199.85,5237900,3,199.12,1750369,2475542,0.30112923462985913,0
2023-07-28 11:00:19,199.8,5237900,1,199.12,1750369,2475542,0.27603513174404587,0
2023-07-28 11:00:22,199.8,5238901,1000,199.12,1748869,2475242,0.27603513174404587,0
2023-07-28 11:00:22,199.8,5238901,1000,199.12,1748869,2475242,0.27603513174404587,0
2023-07-28 11:00:22,199.85,5238901,1,199.12,1748869,2475242,0.30112923462985913,0
2023-07-28 11:00:22,199.85,5238901,1,199.12,1748869,2475242,0.30112923462985913,0
2023-07-28 11:00:24,199.85,5238926,1,199.12,1719614,2474862,0.30112923462985913,0
2023-07-28 11:00:24,199.85,5238926,100,199.12,1719614,2474862,0.30112923462985913,0
2023-07-28 11:00:24,199.8,5238926,1,199.12,1719614,2474862,0.27603513174404587,0
2023-07-28 11:00:28,199.8,5239035,1,199.12,1748610,2475881,0.27603513174404587,0
2023-07-28 11:00:28,199.8,5239035,1,199.12,1748610,2475881,0.27603513174404587,0
2023-07-28 11:00:28,199.85,5239035,11,199.12,1748610,2475881,0.30112923462985913,0
2023-07-28 11:00:30,199.8,5239168,122,199.12,1748357,2475920,0.27603513174404587,0
2023-07-28 11:00:30,199.85,5239168,1,199.12,1748357,2475920,0.30112923462985913,0
2023-07-28 11:00:30,199.85,5239168,14,199.12,1748357,2475920,0.30112923462985913,0
2023-07-28 11:00:32,199.8,5239212,29,199.12,1748919,2475551,0.27603513174404587,0
2023-07-28 11:00:32,199.8,5239212,14,199.12,1748919,2475551,0.27603513174404587,0
2023-07-28 11:00:35,199.9,5249230,663,199.12,1753798,2467880,0.32622333751568666,0
2023-07-28 11:00:35,199.95,5249230,174,199.12,1753798,2467880,0.3513174404014999,0
2023-07-28 11:00:35,199.95,5249454,93,199.12,1751534,2472246,0.3513174404014999,0
2023-07-28 11:00:35,200.0,5249454,441,199.12,1751534,2472246,0.37641154328732745,0
2023-07-28 11:00:35,200.0,5249454,120,199.12,1751534,2472246,0.37641154328732745,0
2023-07-28 11:00:35,200.0,5249454,4,199.12,1751534,2472246,0.37641154328732745,0
2023-07-28 11:00:43,199.95,5271962,14,199.13,1764326,2462535,0.3513174404014999,0
2023-07-28 11:00:43,200.0,5271962,1183,199.13,1764326,2462535,0.37641154328732745,0
2023-07-28 11:00:43,200.0,5271962,100,199.13,1764326,2462535,0.37641154328732745,0
2023-07-28 11:00:45,200.0,5273245,100,199.13,1765837,2465821,0.37641154328732745,0
2023-07-28 11:00:45,200.05,5273245,200,199.13,1765837,2465821,0.40150564617315504,0
2023-07-28 11:00:45,200.0,5273245,1,199.13,1765837,2465821,0.37641154328732745,0
2023-07-28 11:00:48,200.0,5276728,162,199.13,1762948,2469781,0.37641154328732745,0
2023-07-28 11:00:48,200.0,5276728,2,199.13,1762948,2469781,0.37641154328732745,0
2023-07-28 11:00:48,200.0,5276728,10,199.13,1762948,2469781,0.37641154328732745,0
2023-07-28 11:00:50,200.0,5276740,10,199.13,1764152,2468649,0.37641154328732745,0
2023-07-28 11:00:50,200.0,5276740,348,199.13,1764152,2468649,0.37641154328732745,0
2023-07-28 11:00:50,200.0,5276740,1,199.13,1764152,2468649,0.37641154328732745,0
2023-07-28 11:00:53,200.0,5277104,1,199.13,1774231,2466003,0.37641154328732745,0
2023-07-28 11:00:53,200.0,5277104,1,199.13,1774231,2466003,0.37641154328732745,0
2023-07-28 11:00:53,200.0,5277104,37,199.13,1774231,2466003,0.37641154328732745,0
2023-07-28 11:00:53,200.0,5277104,164,199.13,1774231,2466003,0.37641154328732745,0
2023-07-28 11:00:53,200.05,5277104,250,199.13,1774231,2466003,0.40150564617315504,0
2023-07-28 11:00:59,200.05,5279971,223,199.13,1777408,2457284,0.40150564617315504,0
2023-07-28 11:00:59,200.0,5279971,90,199.13,1777408,2457284,0.37641154328732745,0
2023-07-28 11:00:59,200.05,5279971,63,199.13,1777408,2457284,0.40150564617315504,0
2023-07-28 11:01:01,200.0,5280124,100,199.13,1777418,2457293,0.37641154328732745,0
2023-07-28 11:01:01,200.05,5280124,16,199.13,1777418,2457293,0.40150564617315504,0
2023-07-28 11:01:01,200.0,5280124,100,199.13,1777418,2457293,0.37641154328732745,0
2023-07-28 11:01:05,200.0,5280538,134,199.13,1766561,2447267,0.37641154328732745,0
2023-07-28 11:01:05,200.0,5280538,134,199.13,1766561,2447267,0.37641154328732745,0
2023-07-28 11:01:07,200.05,5280579,41,199.13,1765005,2447177,0.40150564617315504,0
2023-07-28 11:01:07,200.05,5280579,10,199.13,1765005,2447177,0.40150564617315504,0
2023-07-28 11:01:07,200.0,5280579,100,199.13,1765005,2447177,0.37641154328732745,0
2023-07-28 11:01:10,200.05,5280720,10,199.13,1766372,2443765,0.40150564617315504,0
2023-07-28 11:01:10,200.05,5280720,9,199.13,1766372,2443765,0.40150564617315504,0
2023-07-28 11:01:13,200.05,5280743,14,199.13,1765812,2445593,0.40150564617315504,0
2023-07-28 11:01:13,200.05,5280743,14,199.13,1765812,2445593,0.40150564617315504,0
2023-07-28 11:01:13,200.05,5280743,1,199.13,1765812,2445593,0.40150564617315504,0
2023-07-28 11:01:15,200.05,5281525,3,199.13,1765931,2446565,0.40150564617315504,0
2023-07-28 11:01:15,200.0,5281525,264,199.13,1765931,2446565,0.37641154328732745,0
2023-07-28 11:01:18,200.0,5281790,1,199.13,1736699,2446566,0.37641154328732745,0
2023-07-28 11:01:18,200.0,5281790,1,199.13,1736699,2446566,0.37641154328732745,0
2023-07-28 11:01:18,200.05,5281790,1,199.13,1736699,2446566,0.40150564617315504,0
2023-07-28 11:01:18,200.05,5281790,35,199.13,1736699,2446566,0.40150564617315504,0
2023-07-28 11:01:23,200.05,5282047,12,199.13,1762403,2450312,0.40150564617315504,0
2023-07-28 11:01:23,200.05,5282047,1,199.13,1762403,2450312,0.40150564617315504,0
2023-07-28 11:01:25,200.0,5282094,50,199.13,1771791,2460131,0.37641154328732745,0
2023-07-28 11:01:25,200.0,5282094,49,199.13,1771791,2460131,0.37641154328732745,0
2023-07-28 11:01:25,200.05,5282094,5,199.13,1771791,2460131,0.40150564617315504,0
2023-07-28 11:01:25,200.0,5282094,200,199.13,1771791,2460131,0.37641154328732745,0
2023-07-28 11:01:25,200.05,5282094,10,199.13,1771791,2460131,0.40150564617315504,0
2023-07-28 11:01:30,200.0,5282608,200,199.13,1772328,2459899,0.37641154328732745,0
2023-07-28 11:01:30,200.05,5282608,41,199.13,1772328,2459899,0.40150564617315504,0
2023-07-28 11:01:31,200.05,5282852,41,199.13,1771621,2461856,0.40150564617315504,0
2023-07-28 11:01:31,200.0,5282852,15,199.13,1771621,2461856,0.37641154328732745,0
2023-07-28 11:01:31,200.0,5282852,50,199.13,1771621,2461856,0.37641154328732745,0
2023-07-28 11:01:31,200.05,5282852,125,199.13,1771621,2461856,0.40150564617315504,0
2023-07-28 11:01:35,200.05,5283042,24,199.13,1771265,2462431,0.40150564617315504,0
2023-07-28 11:01:35,200.0,5283042,25,199.13,1771265,2462431,0.37641154328732745,0
2023-07-28 11:01:37,200.05,5283212,19,199.13,1770829,2462482,0.40150564617315504,0
2023-07-28 11:01:37,200.05,5283212,1,199.13,1770829,2462482,0.40150564617315504,0
2023-07-28 11:01:37,200.0,5283212,66,199.13,1770829,2462482,0.37641154328732745,0
2023-07-28 11:01:40,200.0,5293853,356,199.13,1756419,2472967,0.37641154328732745,0
2023-07-28 11:01:40,200.0,5293853,356,199.13,1756419,2472967,0.37641154328732745,0
2023-07-28 11:01:40,200.0,5293853,14,199.13,1759557,2473225,0.37641154328732745,0
2023-07-28 11:01:40,200.05,5293853,1051,199.13,1759557,2473225,0.40150564617315504,0
2023-07-28 11:01:44,200.05,5294918,1051,199.13,1759067,2473674,0.40150564617315504,0
2023-07-28 11:01:44,199.95,5294918,20,199.13,1759067,2473674,0.3513174404014999,0
2023-07-28 11:01:44,200.05,5294918,1,199.13,1759067,2473674,0.40150564617315504,0
2023-07-28 11:01:47,200.05,5294939,1,199.13,1759554,2475231,0.40150564617315504,0
2023-07-28 11:01:47,199.95,5294939,180,199.13,1759554,2475231,0.3513174404014999,0
2023-07-28 11:01:49,199.95,5295345,180,199.13,1753934,2475635,0.3513174404014999,0
2023-07-28 11:01:49,199.9,5295345,175,199.13,1753934,2475635,0.32622333751568666,0
2023-07-28 11:01:53,199.95,5298037,27,199.13,1737197,2481875,0.3513174404014999,0
2023-07-28 11:01:53,199.85,5298037,1123,199.13,1737197,2481875,0.30112923462985913,0
2023-07-28 11:01:53,199.95,5298037,140,199.13,1737197,2481875,0.3513174404014999,0
2023-07-28 11:01:55,199.95,5301143,140,199.13,1737347,2473148,0.3513174404014999,0
2023-07-28 11:01:55,200.0,5301143,1,199.13,1737347,2473148,0.37641154328732745,0
2023-07-28 11:01:55,199.95,5301143,100,199.13,1737347,2473148,0.3513174404014999,0
2023-07-28 11:01:55,200.0,5301143,142,199.13,1737347,2473148,0.37641154328732745,0
2023-07-28 11:01:58,200.0,5305002,142,199.13,1737075,2468723,0.37641154328732745,0
2023-07-28 11:01:58,200.0,5305002,10,199.13,1737075,2468723,0.37641154328732745,0
2023-07-28 11:01:58,199.95,5305002,7,199.13,1737075,2468723,0.3513174404014999,0
2023-07-28 11:01:58,200.0,5305002,99,199.13,1737075,2468723,0.37641154328732745,0
2023-07-28 11:02:01,200.0,5305731,99,199.13,1738188,2471551,0.37641154328732745,0
2023-07-28 11:02:01,200.0,5305731,74,199.13,1738188,2471551,0.37641154328732745,0
2023-07-28 11:02:04,199.95,5305829,10,199.13,1708916,2471502,0.3513174404014999,0
2023-07-28 11:02:04,200.0,5305829,5,199.13,1708916,2471502,0.37641154328732745,0
2023-07-28 11:02:06,200.0,5305834,5,199.13,1738663,2471002,0.37641154328732745,0
2023-07-28 11:02:06,199.95,5305834,1,199.13,1738663,2471002,0.3513174404014999,0
2023-07-28 11:02:09,200.0,5305845,1,199.13,1738661,2470239,0.37641154328732745,0
2023-07-28 11:02:09,200.0,5305845,1,199.13,1738661,2470239,0.37641154328732745,0
2023-07-28 11:02:11,200.0,5305948,1,199.13,1738566,2470913,0.37641154328732745,0
2023-07-28 11:02:11,199.95,5305948,15,199.13,1738566,2470913,0.3513174404014999,0
2023-07-28 11:02:11,199.95,5305948,1,199.13,1738566,2470913,0.3513174404014999,0
2023-07-28 11:02:14,199.95,5305976,10,199.13,1739554,2470355,0.3513174404014999,0
2023-07-28 11:02:14,200.0,5305976,1,199.13,1739554,2470355,0.37641154328732745,0
2023-07-28 11:02:14,200.0,5305976,10,199.13,1739554,2470355,0.37641154328732745,0
2023-07-28 11:02:16,200.0,5306037,1,199.13,1739543,2469987,0.37641154328732745,0
2023-07-28 11:02:20,200.0,5306042,9,199.13,1740709,2470185,0.37641154328732745,0
2023-07-28 11:02:20,200.0,5306042,100,199.13,1740709,2470185,0.37641154328732745,0
2023-07-28 11:02:20,200.0,5306042,100,199.13,1740709,2470185,0.37641154328732745,0
2023-07-28 11:02:22,199.95,5306202,1,199.13,1740311,2470117,0.3513174404014999,0
2023-07-28 11:02:22,200.0,5306202,93,199.13,1740311,2470117,0.37641154328732745,0
2023-07-28 11:02:22,199.95,5306202,24,199.13,1740311,2470117,0.3513174404014999,0
2023-07-28 11:02:24,199.95,5313133,24,199.13,1745326,2460843,0.3513174404014999,0
2023-07-28 11:02:24,199.95,5313133,24,199.13,1745326,2460843,0.3513174404014999,0
2023-07-28 11:02:24,200.0,5313133,19,199.13,1745326,2460843,0.37641154328732745,0
2023-07-28 11:02:24,200.0,5313133,19,199.13,1745326,2460843,0.37641154328732745,0
2023-07-28 11:02:27,200.0,5313305,19,199.13,1755995,2462128,0.37641154328732745,0
2023-07-28 11:02:30,200.05,5313986,283,199.13,1755869,2460442,0.40150564617315504,0
2023-07-28 11:02:33,200.0,5314000,1,199.13,1757879,2461605,0.37641154328732745,0
2023-07-28 11:02:33,200.05,5314000,2,199.13,1757879,2461605,0.40150564617315504,0
2023-07-28 11:02:34,200.05,5314003,2,199.13,1756898,2462103,0.40150564617315504,0
2023-07-28 11:02:34,200.05,5314003,14,199.13,1756898,2462103,0.40150564617315504,0
2023-07-28 11:02:34,200.05,5314003,3,199.13,1756898,2462103,0.40150564617315504,0
2023-07-28 11:02:37,200.05,5314080,3,199.13,1756987,2459050,0.40150564617315504,0
2023-07-28 11:02:37,200.05,5314080,3,199.13,1756988,2459050,0.40150564617315504,0
2023-07-28 11:02:37,200.05,5314080,1,199.13,1756988,2459050,0.40150564617315504,0
2023-07-28 11:02:37,200.1,5314080,66,199.13,1756988,2459050,0.4265997490589683,0
2023-07-28 11:02:43,199.95,5317957,93,199.13,1738955,2459672,0.3513174404014999,0
2023-07-28 11:02:43,199.95,5317957,3,199.13,1738955,2459672,0.3513174404014999,0
2023-07-28 11:02:45,199.95,5317961,1,199.13,1742050,2458985,0.3513174404014999,0
2023-07-28 11:02:45,200.05,5317961,51,199.13,1742050,2458985,0.40150564617315504,0
2023-07-28 11:02:45,200.1,5317961,10,199.13,1742050,2458985,0.4265997490589683,0
2023-07-28 11:02:48,200.1,5318544,86,199.13,1713812,2457852,0.4265997490589683,0
2023-07-28 11:02:48,200.1,5318544,5,199.13,1744024,2459590,0.4265997490589683,0
2023-07-28 11:02:48,200.1,5318544,1,199.13,1744024,2459590,0.4265997490589683,0
2023-07-28 11:02:48,200.0,5318544,57,199.13,1744024,2459590,0.37641154328732745,0
2023-07-28 11:02:48,200.0,5318544,100,199.13,1744024,2459590,0.37641154328732745,0
2023-07-28 11:02:57,200.0,5318786,5,199.13,1743982,2462131,0.37641154328732745,0
2023-07-28 11:02:57,200.0,5318786,5,199.13,1743982,2462131,0.37641154328732745,0
2023-07-28 11:02:59,200.05,5318797,11,199.13,1743982,2465030,0.40150564617315504,0
2023-07-28 11:02:59,200.1,5318797,777,199.13,1743982,2465030,0.4265997490589683,0
2023-07-28 11:03:02,200.05,5326267,94,199.13,1757029,2456544,0.40150564617315504,0
2023-07-28 11:03:02,200.0,5326267,225,199.13,1757029,2456544,0.37641154328732745,0
2023-07-28 11:03:02,200.05,5326267,453,199.13,1757029,2456544,0.40150564617315504,0
2023-07-28 11:03:05,200.0,5328772,150,199.13,1753429,2466550,0.37641154328732745,0
2023-07-28 11:03:05,200.1,5328772,1,199.13,1753429,2466550,0.4265997490589683,0
2023-07-28 11:03:06,200.1,5328923,1,199.13,1755681,2469975,0.4265997490589683,0
2023-07-28 11:03:11,200.0,5330262,859,199.13,1757066,2467109,0.37641154328732745,0
2023-07-28 11:03:11,200.1,5330262,3,199.13,1757066,2467109,0.4265997490589683,0
2023-07-28 11:03:11,200.1,5330262,1,199.13,1757066,2467109,0.4265997490589683,0
2023-07-28 11:03:13,200.1,5330300,2,199.13,1757420,2466223,0.4265997490589683,0
2023-07-28 11:03:13,200.1,5330300,2,199.13,1757420,2466223,0.4265997490589683,0
2023-07-28 11:03:13,200.0,5330300,137,199.13,1757420,2466223,0.37641154328732745,0
2023-07-28 11:03:13,200.0,5330300,1002,199.13,1757420,2466223,0.37641154328732745,0
2023-07-28 11:03:16,200.0,5334728,500,199.14,1746734,2469283,0.37641154328732745,0
2023-07-28 11:03:16,200.0,5334728,500,199.14,1746734,2469283,0.37641154328732745,0
2023-07-28 11:03:16,200.0,5334728,2,199.14,1746734,2469283,0.37641154328732745,0
2023-07-28 11:03:18,199.95,5336093,64,199.14,1745117,2474872,0.3513174404014999,0
2023-07-28 11:03:18,199.95,5336093,1,199.14,1745117,2474872,0.3513174404014999,0
2023-07-28 11:03:18,200.05,5336093,85,199.14,1745117,2474872,0.40150564617315504,0
2023-07-28 11:03:21,200.0,5336394,97,199.14,1749535,2473247,0.37641154328732745,0
2023-07-28 11:03:21,200.0,5336394,14,199.14,1749535,2473247,0.37641154328732745,0
2023-07-28 11:03:23,200.0,5336408,14,199.14,1749790,2467411,0.37641154328732745,0
2023-07-28 11:03:23,200.05,5336408,15,199.14,1749790,2467411,0.40150564617315504,0
2023-07-28 11:03:24,200.05,5336423,15,199.14,1750380,2469215,0.40150564617315504,0
2023-07-28 11:03:24,200.1,5336423,10,199.14,1750380,2469215,0.4265997490589683,0
2023-07-28 11:03:24,200.1,5336423,94,199.14,1750380,2469215,0.4265997490589683,0
2023-07-28 11:03:29,200.1,5336703,94,199.14,1749800,2468066,0.4265997490589683,0
2023-07-28 11:03:29,200.1,5336703,33,199.14,1749801,2467935,0.4265997490589683,0
2023-07-28 11:03:29,200.0,5336703,15,199.14,1749801,2467935,0.37641154328732745,0
2023-07-28 11:03:34,200.0,5337151,14,199.14,1750466,2468063,0.37641154328732745,0
2023-07-28 11:03:34,200.1,5337151,28,199.14,1750466,2468063,0.4265997490589683,0
2023-07-28 11:03:37,200.1,5337180,1,199.14,1749769,2469598,0.4265997490589683,0
2023-07-28 11:03:39,200.0,5337469,288,199.14,1750588,2469659,0.37641154328732745,0
2023-07-28 11:03:39,200.1,5337469,33,199.14,1750588,2469659,0.4265997490589683,0
2023-07-28 11:03:39,200.05,5337469,48,199.14,1750588,2469659,0.40150564617315504,0
2023-07-28 11:03:42,200.05,5337767,48,199.14,1751098,2467584,0.40150564617315504,0
2023-07-28 11:03:42,200.0,5337767,18,199.14,1751098,2467584,0.37641154328732745,0
2023-07-28 11:03:42,200.05,5337767,64,199.14,1751098,2467584,0.40150564617315504,0
2023-07-28 11:03:44,200.05,5338369,500,199.14,1749005,2465915,0.40150564617315504,0
2023-07-28 11:03:44,200.1,5338369,32,199.14,1749005,2465915,0.4265997490589683,0
2023-07-28 11:03:46,200.05,5340422,53,199.14,1749131,2467657,0.40150564617315504,0
2023-07-28 11:03:46,200.1,5340422,20,199.14,1749131,2467657,0.4265997490589683,0
2023-07-28 11:03:46,200.05,5340422,15,199.14,1749131,2467657,0.40150564617315504,0
2023-07-28 11:03:49,200.05,5340562,15,199.14,1748884,2470679,0.40150564617315504,0
2023-07-28 11:03:49,200.1,5340562,211,199.14,1748884,2470679,0.4265997490589683,0
2023-07-28 11:03:54,200.05,5340788,1,199.14,1753361,2470138,0.40150564617315504,0
2023-07-28 11:03:54,200.05,5340788,364,199.14,1761795,2468663,0.40150564617315504,0
2023-07-28 11:03:54,200.05,5340788,37,199.14,1761795,2468663,0.40150564617315504,0
2023-07-28 11:03:54,200.1,5340788,1,199.14,1761795,2468663,0.4265997490589683,0
2023-07-28 11:03:59,200.05,5342211,50,199.14,1763066,2471502,0.40150564617315504,0
2023-07-28 11:03:59,200.05,5342211,30,199.14,1763066,2471502,0.40150564617315504,0
2023-07-28 11:04:01,200.05,5343537,628,199.14,1764095,2482417,0.40150564617315504,0
2023-07-28 11:04:01,200.0,5343537,5,199.14,1764095,2482417,0.37641154328732745,0
2023-07-28 11:04:04,200.0,5344300,200,199.14,1733087,2481101,0.37641154328732745,0
2023-07-28 11:04:04,200.0,5344300,200,199.14,1733087,2481101,0.37641154328732745,0
2023-07-28 11:04:04,200.05,5344300,7,199.14,1733087,2481101,0.40150564617315504,0
2023-07-28 11:04:06,200.05,5344757,163,199.14,1733305,2480877,0.40150564617315504,0
2023-07-28 11:04:06,200.1,5344757,270,199.14,1733305,2480877,0.4265997490589683,0
2023-07-28 11:04:07,200.1,5346629,270,199.14,1743309,2478950,0.4265997490589683,0
2023-07-28 11:04:07,200.1,5346629,156,199.14,1743309,2478950,0.4265997490589683,0
2023-07-28 11:04:07,200.1,5346629,1,199.14,1743309,2478950,0.4265997490589683,0
2023-07-28 11:04:07,200.15,5346629,187,199.14,1743309,2478950,0.45169385194479583,0
2023-07-28 11:04:07,200.15,5346629,2,199.14,1743309,2478950,0.45169385194479583,0
2023-07-28 11:04:14,200.1,5347056,3,199.14,1771565,2479809,0.4265997490589683,0
2023-07-28 11:04:14,200.1,5347056,371,199.14,1771565,2479809,0.4265997490589683,0
2023-07-28 11:04:15,200.1,5348430,371,199.14,1769213,2480508,0.4265997490589683,0
2023-07-28 11:04:15,200.15,5348430,48,199.14,1769213,2480508,0.45169385194479583,0
2023-07-28 11:04:15,200.15,5348430,32,199.14,1769213,2480508,0.45169385194479583,0
2023-07-28 11:04:18,200.15,5348562,32,199.14,1769172,2481520,0.45169385194479583,0
2023-07-28 11:04:18,200.15,5348562,118,199.14,1769172,2481520,0.45169385194479583,0
2023-07-28 11:04:18,200.1,5348562,50,199.14,1769172,2481520,0.4265997490589683,0
2023-07-28 11:04:21,200.05,5358043,300,199.14,1754148,2491538,0.40150564617315504,0
2023-07-28 11:04:21,200.0,5358043,1,199.14,1754148,2491538,0.37641154328732745,0
2023-07-28 11:04:24,200.0,5360136,639,199.14,1754133,2486165,0.37641154328732745,0
2023-07-28 11:04:27,200.05,5360536,400,199.14,1751030,2484828,0.40150564617315504,0
2023-07-28 11:04:27,200.0,5360536,2,199.14,1751030,2484828,0.37641154328732745,0
2023-07-28 11:04:28,200.0,5360747,2,199.14,1750450,2488233,0.37641154328732745,0
2023-07-28 11:04:28,200.05,5360747,41,199.14,1750450,2488233,0.40150564617315504,0
2023-07-28 11:04:28,200.05,5360747,30,199.14,1750450,2488233,0.40150564617315504,0
2023-07-28 11:04:32,200.05,5360852,21,199.14,1750305,2488324,0.40150564617315504,0
2023-07-28 11:04:32,200.0,5360852,14,199.14,1750305,2488324,0.37641154328732745,0
2023-07-28 11:04:34,200.05,5360877,11,199.14,1750291,2488333,0.40150564617315504,0
2023-07-28 11:04:34,200.0,5360877,1,199.14,1750291,2488333,0.37641154328732745,0
2023-07-28 11:04:34,200.05,5360877,2,199.14,1750291,2488333,0.40150564617315504,0
2023-07-28 11:04:36,200.05,5361080,2,199.14,1748272,2492146,0.40150564617315504,0
2023-07-28 11:04:36,200.0,5361080,143,199.14,1748272,2492146,0.37641154328732745,0
2023-07-28 11:04:36,200.05,5361080,1,199.14,1748272,2492146,0.40150564617315504,0
2023-07-28 11:04:38,200.05,5361226,1,199.14,1744989,2489248,0.40150564617315504,0
2023-07-28 11:04:38,200.05,5361226,21,199.14,1744989,2489248,0.40150564617315504,0
2023-07-28 11:04:38,200.0,5361226,50,199.14,1744989,2489248,0.37641154328732745,0
2023-07-28 11:04:40,200.0,5361342,50,199.14,1744938,2490351,0.37641154328732745,0
2023-07-28 11:04:40,200.0,5361342,3,199.14,1744938,2490351,0.37641154328732745,0
2023-07-28 11:04:40,200.0,5361342,22,199.14,1744938,2490351,0.37641154328732745,0
2023-07-28 11:04:40,199.95,5361342,14,199.14,1744938,2490351,0.3513174404014999,0
2023-07-28 11:04:43,199.95,5366305,14,199.14,1738813,2493835,0.3513174404014999,0
2023-07-28 11:04:47,199.95,5368386,99,199.14,1748791,2488772,0.3513174404014999,0
2023-07-28 11:04:47,200.0,5368386,491,199.14,1748791,2488772,0.37641154328732745,0
2023-07-28 11:04:49,200.05,5369687,60,199.14,1753662,2487380,0.40150564617315504,0
2023-07-28 11:04:52,200.0,5369688,1,199.14,1765886,2485853,0.37641154328732745,0
2023-07-28 11:04:52,200.0,5369688,44,199.14,1765886,2485853,0.37641154328732745,0
2023-07-28 11:04:52,200.0,5369688,16,199.14,1765886,2485853,0.37641154328732745,0
2023-07-28 11:04:53,200.0,5369748,16,199.14,1766179,2486832,0.37641154328732745,0
2023-07-28 11:04:53,200.05,5369748,50,199.14,1766179,2486832,0.40150564617315504,0
2023-07-28 11:04:53,199.95,5369748,1,199.14,1766179,2486832,0.3513174404014999,0
2023-07-28 11:04:57,200.05,5370019,2,199.14,1765758,2488240,0.40150564617315504,0
2023-07-28 11:04:57,200.05,5370019,1,199.14,1765758,2488240,0.40150564617315504,0
2023-07-28 11:05:00,200.05,5370060,40,199.14,1769683,2488487,0.40150564617315504,0
2023-07-28 11:05:00,200.05,5370060,129,199.14,1769683,2488487,0.40150564617315504,0
2023-07-28 11:05:01,200.05,5370197,129,199.14,1767531,2490806,0.40150564617315504,0
2023-07-28 11:05:01,200.0,5370197,10,199.14,1767531,2490806,0.37641154328732745,0
2023-07-28 11:05:01,200.05,5370197,1,199.14,1767531,2490806,0.40150564617315504,0
2023-07-28 11:05:05,200.05,5370239,27,199.14,1769120,2489500,0.40150564617315504,0
2023-07-28 11:05:05,200.05,5370239,21,199.14,1769120,2489500,0.40150564617315504,0
2023-07-28 11:05:06,200.05,5370260,21,199.14,1763696,2488684,0.40150564617315504,0
2023-07-28 11:05:06,200.05,5370260,4,199.14,1763696,2488684,0.40150564617315504,0
2023-07-28 11:05:10,200.05,5370266,2,199.14,1763688,2490499,0.40150564617315504,0
2023-07-28 11:05:10,200.0,5370266,11,199.14,1763688,2490499,0.37641154328732745,0
2023-07-28 11:05:12,200.05,5370317,1,199.14,1763813,2488667,0.40150564617315504,0
2023-07-28 11:05:12,200.0,5370317,5,199.14,1763813,2488667,0.37641154328732745,0
2023-07-28 11:05:12,199.95,5370317,14,199.14,1763813,2488667,0.3513174404014999,0
2023-07-28 11:05:13,199.95,5370369,1,199.14,1762586,2488872,0.3513174404014999,0
2023-07-28 11:05:13,200.0,5370369,3,199.14,1762586,2488872,0.37641154328732745,0
2023-07-28 11:05:16,200.0,5370375,3,199.14,1762585,2489447,0.37641154328732745,0
2023-07-28 11:05:16,200.0,5370375,2,199.14,1762585,2489447,0.37641154328732745,0
2023-07-28 11:05:18,200.0,5370377,2,199.14,1763436,2488381,0.37641154328732745,0
2023-07-28 11:05:18,200.0,5370377,1,199.14,1763436,2488381,0.37641154328732745,0
2023-07-28 11:05:22,200.0,5371478,496,199.14,1764463,2489694,0.37641154328732745,0
2023-07-28 11:05:22,200.0,5371478,1,199.14,1764463,2489694,0.37641154328732745,0
2023-07-28 11:05:22,200.0,5371478,110,199.14,1764463,2489694,0.37641154328732745,0
2023-07-28 11:05:22,200.0,5371478,110,199.14,1764463,2489694,0.37641154328732745,0
2023-07-28 11:05:24,200.0,5371703,110,199.14,1764449,2489513,0.37641154328732745,0
2023-07-28 11:05:24,200.0,5371703,110,199.14,1764449,2489513,0.37641154328732745,0
2023-07-28 11:05:24,200.0,5371703,22,199.14,1764449,2489513,0.37641154328732745,0
2023-07-28 11:05:24,200.0,5371703,22,199.14,1764449,2489513,0.37641154328732745,0
2023-07-28 11:05:26,200.0,5371725,22,199.14,1764450,2489149,0.37641154328732745,0
2023-07-28 11:05:26,200.0,5371725,3,199.14,1764450,2489149,0.37641154328732745,0
2023-07-28 11:05:30,200.0,5371734,2,199.14,1764874,2488809,0.37641154328732745,0
2023-07-28 11:05:30,199.95,5371734,40,199.14,1764874,2488809,0.3513174404014999,0
2023-07-28 11:05:30,200.0,5371734,1,199.14,1764874,2488809,0.37641154328732745,0
2023-07-28 11:05:32,200.0,5371775,1,199.14,1763657,2491568,0.37641154328732745,0
2023-07-28 11:05:32,200.0,5371775,50,199.14,1763657,2491568,0.37641154328732745,0
2023-07-28 11:05:32,200.0,5371775,9,199.14,1763657,2491568,0.37641154328732745,0
2023-07-28 11:05:34,200.0,5371849,9,199.14,1763146,2487601,0.37641154328732745,0
2023-07-28 11:05:34,200.0,5371849,2,199.14,1763146,2487601,0.37641154328732745,0
2023-07-28 11:05:36,200.0,5371859,2,199.14,1764395,2489477,0.37641154328732745,0
2023-07-28 11:05:36,200.0,5371859,59,199.14,1764395,2489477,0.37641154328732745,0
2023-07-28 11:05:40,199.95,5372877,10,199.14,1764386,2490145,0.3513174404014999,0
2023-07-28 11:05:40,199.95,5372877,6,199.14,1764386,2490145,0.3513174404014999,0
2023-07-28 11:05:40,200.0,5372877,102,199.14,1764386,2490145,0.37641154328732745,0
2023-07-28 11:05:42,200.0,5372985,102,199.14,1765725,2489626,0.37641154328732745,0
2023-07-28 11:05:42,200.0,5372985,11,199.14,1765725,2489626,0.37641154328732745,0
2023-07-28 11:05:44,199.95,5373739,100,199.14,1760174,2493623,0.3513174404014999,0
2023-07-28 11:05:44,199.95,5373739,10,199.14,1760174,2493623,0.3513174404014999,0
2023-07-28 11:05:44,200.0,5373739,43,199.14,1760174,2493623,0.37641154328732745,0
2023-07-28 11:05:47,199.9,5374971,82,199.14,1760827,2504055,0.32622333751568666,0
2023-07-28 11:05:47,199.95,5374971,123,199.14,1760827,2504055,0.3513174404014999,0
2023-07-28 11:05:50,199.95,5375094,123,199.14,1760147,2498189,0.3513174404014999,0
2023-07-28 11:05:50,199.9,5375094,1107,199.14,1760147,2498189,0.32622333751568666,0
2023-07-28 11:05:50,199.95,5375094,12,199.14,1760147,2498189,0.3513174404014999,0
2023-07-28 11:05:50,199.95,5375094,98,199.14,1760147,2498189,0.3513174404014999,0
2023-07-28 11:05:50,199.9,5375094,1565,199.14,1760147,2498189,0.32622333751568666,0
2023-07-28 11:05:50,199.9,5375094,4810,199.14,1760147,2498189,0.32622333751568666,0
2023-07-28 11:05:56,199.95,5397842,122,199.15,1755735,2503292,0.3513174404014999,0
2023-07-28 11:05:56,199.95,5397842,2153,199.15,1755735,2503292,0.3513174404014999,0
2023-07-28 11:05:58,199.9,5403558,150,199.15,1755014,2501391,0.32622333751568666,0
2023-07-28 11:05:58,199.9,5403558,100,199.15,1755014,2501391,0.32622333751568666,0
2023-07-28 11:06:00,199.9,5404380,100,199.15,1755263,2501169,0.32622333751568666,0
2023-07-28 11:06:00,199.95,5404380,6,199.15,1755263,2501169,0.3513174404014999,0
2023-07-28 11:06:03,199.9,5405635,472,199.15,1753650,2501013,0.32622333751568666,0
2023-07-28 11:06:03,199.95,5405635,82,199.15,1753650,2501013,0.3513174404014999,0
2023-07-28 11:06:03,199.9,5405635,1884,199.15,1753650,2501013,0.32622333751568666,0
2023-07-28 11:06:06,199.95,5407751,126,199.15,1751743,2500585,0.3513174404014999,0
2023-07-28 11:06:06,199.95,5407751,211,199.15,1751743,2500585,0.3513174404014999,0
2023-07-28 11:06:08,199.95,5407976,211,199.15,1754828,2496673,0.3513174404014999,0
2023-07-28 11:06:08,199.95,5407976,10,199.15,1754828,2496673,0.3513174404014999,0
2023-07-28 11:06:08,199.95,5407976,6,199.15,1754828,2496673,0.3513174404014999,0
2023-07-28 11:06:10,199.95,5408115,100,199.15,1753284,2499277,0.3513174404014999,0
2023-07-28 11:06:10,199.95,5408115,8,199.15,1753284,2499277,0.3513174404014999,0
2023-07-28 11:06:13,199.9,5408138,15,199.15,1754414,2498397,0.32622333751568666,0
2023-07-28 11:06:13,199.95,5408138,14,199.15,1754414,2498397,0.3513174404014999,0
2023-07-28 11:06:13,199.95,5408138,500,199.15,1754414,2498397,0.3513174404014999,0
2023-07-28 11:06:16,199.95,5408654,2,199.15,1753562,2498519,0.3513174404014999,0
2023-07-28 11:06:16,199.9,5408654,50,199.15,1753562,2498519,0.32622333751568666,0
2023-07-28 11:06:16,199.95,5408654,51,199.15,1753562,2498519,0.3513174404014999,0
2023-07-28 11:06:16,199.9,5408654,25,199.15,1753562,2498519,0.32622333751568666,0
2023-07-28 11:06:16,199.95,5408654,21,199.15,1753562,2498519,0.3513174404014999,0
2023-07-28 11:06:20,199.95,5410214,5,199.15,1752690,2502147,0.3513174404014999,0
2023-07-28 11:06:23,199.9,5411120,14,199.15,1752779,2499971,0.32622333751568666,0
2023-07-28 11:06:23,199.95,5411120,135,199.15,1752779,2499971,0.3513174404014999,0
2023-07-28 11:06:23,199.95,5411120,91,199.15,1752779,2499971,0.3513174404014999,0
2023-07-28 11:06:23,199.95,5411120,2,199.15,1752779,2499971,0.3513174404014999,0
2023-07-28 11:06:23,199.95,5411120,23,199.15,1752779,2499971,0.3513174404014999,0
2023-07-28 11:06:28,199.95,5411571,23,199.15,1753689,2494969,0.3513174404014999,0
2023-07-28 11:06:28,199.95,5411571,22,199.15,1753689,2494969,0.3513174404014999,0
2023-07-28 11:06:28,199.9,5411571,89,199.15,1753689,2494969,0.32622333751568666,0
2023-07-28 11:06:33,199.9,5411711,14,199.15,1755213,2487598,0.32622333751568666,0
2023-07-28 11:06:33,199.95,5411711,14,199.15,1755213,2487598,0.3513174404014999,0
2023-07-28 11:06:36,199.95,5411725,14,199.15,1755305,2497348,0.3513174404014999,0
2023-07-28 11:06:36,199.9,5411725,2,199.15,1755305,2497348,0.32622333751568666,0
2023-07-28 11:06:38,199.9,5411739,5,199.15,1753538,2497142,0.32622333751568666,0
2023-07-28 11:06:38,199.95,5411739,1,199.15,1753538,2497142,0.3513174404014999,0
2023-07-28 11:06:38,199.9,5411739,14,199.15,1753538,2497142,0.32622333751568666,0
2023-07-28 11:06:38,199.95,5411739,11,199.15,1753538,2497142,0.3513174404014999,0
2023-07-28 11:06:38,199.95,5411739,3,199.15,1753538,2497142,0.3513174404014999,0
2023-07-28 11:06:46,199.95,5411768,3,199.15,1754406,2497419,0.3513174404014999,0
2023-07-28 11:06:46,199.9,5411768,1955,199.15,1754406,2497419,0.32622333751568666,0
2023-07-28 11:06:49,199.9,5416186,1955,199.15,1752071,2501258,0.32622333751568666,0
2023-07-28 11:06:49,199.9,5416186,154,199.15,1752071,2501258,0.32622333751568666,0
2023-07-28 11:06:49,199.85,5416186,21,199.15,1752071,2501258,0.30112923462985913,0
2023-07-28 11:06:49,199.9,5416186,47,199.15,1752071,2501258,0.32622333751568666,0
2023-07-28 11:06:54,199.85,5418737,3,199.15,1750024,2509711,0.30112923462985913,0
2023-07-28 11:06:54,199.8,5418737,1,199.15,1750024,2509711,0.27603513174404587,0
2023-07-28 11:06:54,199.85,5418737,208,199.15,1750024,2509711,0.30112923462985913,0
2023-07-28 11:06:57,199.85,5419959,208,199.15,1751362,2510137,0.30112923462985913,0
2023-07-28 11:06:57,199.85,5419959,25,199.15,1751362,2510137,0.30112923462985913,0
2023-07-28 11:06:57,199.9,5419959,10,199.15,1751362,2510137,0.32622333751568666,0
2023-07-28 11:07:00,199.85,5420123,47,199.15,1756194,2506510,0.30112923462985913,0
2023-07-28 11:07:00,199.85,5420123,47,199.15,1756194,2506510,0.30112923462985913,0
2023-07-28 11:07:00,199.9,5420123,1,199.15,1756194,2506510,0.32622333751568666,0
2023-07-28 11:07:02,199.9,5420124,1,199.15,1759010,2506765,0.32622333751568666,0
2023-07-28 11:07:02,199.85,5420124,2,199.15,1759010,2506765,0.30112923462985913,0
2023-07-28 11:07:02,199.9,5420124,16,199.15,1759010,2506765,0.32622333751568666,0
2023-07-28 11:07:06,199.9,5420162,5,199.15,1758019,2505737,0.32622333751568666,0
2023-07-28 11:07:06,199.9,5420162,5,199.15,1758019,2505737,0.32622333751568666,0
2023-07-28 11:07:06,199.9,5420162,4,199.15,1758019,2505737,0.32622333751568666,0
2023-07-28 11:07:08,199.9,5420166,4,199.15,1764215,2505658,0.32622333751568666,0
2023-07-28 11:07:08,199.9,5420166,85,199.15,1764215,2505658,0.32622333751568666,0
2023-07-28 11:07:08,199.9,5420166,29,199.15,1764215,2505658,0.32622333751568666,0
2023-07-28 11:07:10,199.9,5420282,29,199.15,1760345,2509687,0.32622333751568666,0
2023-07-28 11:07:10,199.9,5420282,13,199.15,1760345,2509687,0.32622333751568666,0
2023-07-28 11:07:10,199.85,5420282,14,199.15,1760345,2509687,0.30112923462985913,0
2023-07-28 11:07:14,199.9,5420520,11,199.15,1762454,2505389,0.32622333751568666,0
2023-07-28 11:07:14,199.9,5420520,15,199.15,1762454,2505389,0.32622333751568666,0
2023-07-28 11:07:16,199.9,5420544,15,199.15,1762304,2505365,0.32622333751568666,0
2023-07-28 11:07:16,199.9,5420544,2,199.15,1762304,2505365,0.32622333751568666,0
2023-07-28 11:07:16,199.9,5420544,20,199.15,1762304,2505365,0.32622333751568666,0
2023-07-28 11:07:16,199.9,5420544,1,199.15,1762304,2505365,0.32622333751568666,0
2023-07-28 11:07:22,199.9,5420624,7,199.15,1763208,2504572,0.32622333751568666,0
2023-07-28 11:07:22,199.85,5420624,14,199.15,1763208,2504572,0.30112923462985913,0
2023-07-28 11:07:22,199.9,5420624,1,199.15,1763208,2504572,0.32622333751568666,0
2023-07-28 11:07:24,199.9,5420640,1,199.15,1725885,2510606,0.32622333751568666,0
2023-07-28 11:07:24,199.9,5420640,1,199.15,1725885,2510606,0.32622333751568666,0
2023-07-28 11:07:24,199.9,5420640,1,199.15,1725885,2510606,0.32622333751568666,0
2023-07-28 11:07:27,199.9,5421751,10,199.15,1754092,2510595,0.32622333751568666,0
2023-07-28 11:07:27,199.9,5421751,10,199.15,1754092,2510595,0.32622333751568666,0
2023-07-28 11:07:27,199.85,5421751,61,199.15,1754092,2510595,0.30112923462985913,0
2023-07-28 11:07:30,199.9,5421952,118,199.15,1754012,2510474,0.32622333751568666,0
2023-07-28 11:07:30,199.9,5421952,118,199.15,1754012,2510474,0.32622333751568666,0
2023-07-28 11:07:32,199.9,5421972,20,199.15,1754019,2510454,0.32622333751568666,0
2023-07-28 11:07:32,199.85,5421972,15,199.15,1754019,2510454,0.30112923462985913,0
2023-07-28 11:07:32,199.9,5421972,2,199.15,1754019,2510454,0.32622333751568666,0
2023-07-28 11:07:34,199.9,5421989,2,199.15,1748694,2510552,0.32622333751568666,0
2023-07-28 11:07:34,199.9,5421989,23,199.15,1748694,2510552,0.32622333751568666,0
2023-07-28 11:07:36,199.9,5424012,23,199.15,1755408,2503109,0.32622333751568666,0
2023-07-28 11:07:36,199.9,5424012,5,199.15,1755408,2503109,0.32622333751568666,0
2023-07-28 11:07:36,199.9,5424012,1,199.15,1755408,2503109,0.32622333751568666,0
2023-07-28 11:07:40,199.9,5424221,203,199.15,1750999,2508837,0.32622333751568666,0
2023-07-28 11:07:40,199.85,5424221,105,199.15,1750999,2508837,0.30112923462985913,0
2023-07-28 11:07:40,199.9,5424221,22,199.15,1750999,2508837,0.32622333751568666,0
2023-07-28 11:07:42,199.9,5424348,22,199.15,1748988,2504000,0.32622333751568666,0
2023-07-28 11:07:42,199.9,5424348,42,199.15,1748988,2504000,0.32622333751568666,0
2023-07-28 11:07:44,199.9,5424404,42,199.15,1752013,2505125,0.32622333751568666,0
2023-07-28 11:07:48,199.9,5424435,6,199.15,1753111,2504006,0.32622333751568666,0
2023-07-28 11:07:50,199.9,5424438,3,199.15,1723861,2503002,0.32622333751568666,0
2023-07-28 11:07:50,199.9,5424438,3,199.15,1754249,2503413,0.32622333751568666,0
2023-07-28 11:07:50,199.85,5424438,14,199.15,1754249,2503413,0.30112923462985913,0
2023-07-28 11:07:55,199.9,5424453,1,199.15,1755293,2503669,0.32622333751568666,0
2023-07-28 11:07:55,199.9,5424453,100,199.15,1755293,2503669,0.32622333751568666,0
2023-07-28 11:07:55,199.9,5424453,690,199.15,1755293,2503669,0.32622333751568666,0
2023-07-28 11:07:57,199.9,5431866,690,199.15,1763491,2487404,0.32622333751568666,0
2023-07-28 11:07:57,199.95,5431866,3,199.15,1763491,2487404,0.3513174404014999,0
2023-07-28 11:07:57,199.95,5431866,742,199.15,1763491,2487404,0.3513174404014999,0
2023-07-28 11:08:01,199.9,5433554,5,199.15,1758804,2490167,0.32622333751568666,0
2023-07-28 11:08:01,199.9,5433554,3,199.15,1758804,2490167,0.32622333751568666,0
2023-07-28 11:08:01,199.95,5433554,169,199.15,1758804,2490167,0.3513174404014999,0
2023-07-28 11:08:05,199.95,5433740,169,199.15,1762545,2495610,0.3513174404014999,0
2023-07-28 11:08:05,199.95,5433740,2,199.15,1762545,2495610,0.3513174404014999,0
2023-07-28 11:08:08,199.95,5433883,2,199.15,1763023,2495475,0.3513174404014999,0
2023-07-28 11:08:08,199.95,5433883,17,199.15,1763023,2495475,0.3513174404014999,0
2023-07-28 11:08:12,199.95,5433914,14,199.15,1763181,2496882,0.3513174404014999,0
2023-07-28 11:08:12,199.95,5433914,3,199.15,1763181,2496882,0.3513174404014999,0
2023-07-28 11:08:14,199.9,5434022,90,199.15,1762768,2496879,0.32622333751568666,0
2023-07-28 11:08:14,199.9,5434022,150,199.15,1762768,2496879,0.32622333751568666,0
2023-07-28 11:08:14,199.9,5434022,1,199.15,1762768,2496879,0.32622333751568666,0
2023-07-28 11:08:17,199.95,5434973,11,199.15,1761811,2496164,0.3513174404014999,0
2023-07-28 11:08:17,199.95,5434973,2,199.15,1761811,2496164,0.3513174404014999,0
2023-07-28 11:08:20,199.95,5435081,2,199.15,1759907,2496684,0.3513174404014999,0
2023-07-28 11:08:20,199.9,5435081,11,199.15,1759907,2496684,0.32622333751568666,0
2023-07-28 11:08:20,199.9,5435081,1242,199.15,1759907,2496684,0.32622333751568666,0
2023-07-28 11:08:23,199.9,5439738,2,199.15,1753473,2498890,0.32622333751568666,0
2023-07-28 11:08:23,199.9,5439738,2,199.15,1753473,2498890,0.32622333751568666,0
2023-07-28 11:08:23,199.85,5439738,93,199.15,1753473,2498890,0.30112923462985913,0
2023-07-28 11:08:23,199.85,5439738,93,199.15,1753473,2498890,0.30112923462985913,0
2023-07-28 11:08:23,199.85,5439738,93,199.15,1753473,2498890,0.30112923462985913,0
2023-07-28 11:08:24,199.9,5441556,47,199.15,1748109,2503033,0.32622333751568666,0
2023-07-28 11:08:24,199.9,5441556,47,199.15,1748109,2503033,0.32622333751568666,0
2023-07-28 11:08:24,199.9,5441556,47,199.15,1748109,2503033,0.32622333751568666,0
2023-07-28 11:08:24,199.9,5441556,47,199.15,1748109,2503033,0.32622333751568666,0
2023-07-28 11:08:28,199.95,5441774,7,199.15,1749141,2501771,0.3513174404014999,0
2023-07-28 11:08:28,199.95,5441774,419,199.15,1749141,2501771,0.3513174404014999,0
2023-07-28 11:08:29,199.95,5442193,419,199.15,1750134,2501512,0.3513174404014999,0
2023-07-28 11:08:33,199.9,5442207,14,199.15,1751211,2502750,0.32622333751568666,0
2023-07-28 11:08:33,199.95,5442207,164,199.15,1751211,2502750,0.3513174404014999,0
2023-07-28 11:08:33,199.95,5442207,40,199.15,1751211,2502750,0.3513174404014999,0
2023-07-28 11:08:36,199.95,5442462,25,199.15,1751285,2502321,0.3513174404014999,0
2023-07-28 11:08:40,199.95,5442531,26,199.15,1751280,2502297,0.3513174404014999,0
2023-07-28 11:08:42,199.95,5442538,7,199.15,1751330,2501202,0.3513174404014999,0
2023-07-28 11:08:42,199.9,5442538,14,199.15,1751330,2501202,0.32622333751568666,0
2023-07-28 11:08:42,199.95,5442538,13,199.15,1751330,2501202,0.3513174404014999,0
2023-07-28 11:08:44,199.95,5442565,13,199.15,1751468,2501810,0.3513174404014999,0
2023-07-28 11:08:44,199.95,5442565,6,199.15,1751468,2501810,0.3513174404014999,0
2023-07-28 11:08:45,199.95,5442601,3,199.15,1751469,2502105,0.3513174404014999,0
2023-07-28 11:08:45,199.9,5442601,4,199.15,1751469,2502105,0.32622333751568666,0
2023-07-28 11:08:50,199.9,5444815,494,199.15,1745994,2496947,0.32622333751568666,0
2023-07-28 11:08:50,199.9,5444815,494,199.15,1746301,2494651,0.32622333751568666,0
2023-07-28 11:08:50,199.9,5444815,1,199.15,1746301,2494651,0.32622333751568666,0
2023-07-28 11:08:50,199.95,5444815,194,199.15,1746301,2494651,0.3513174404014999,0
2023-07-28 11:08:55,199.95,5445336,194,199.15,1746148,2492765,0.3513174404014999,0
2023-07-28 11:08:55,199.95,5445336,1,199.15,1746148,2492765,0.3513174404014999,0
2023-07-28 11:08:55,199.95,5445336,100,199.15,1746148,2492765,0.3513174404014999,0
2023-07-28 11:08:57,199.95,5445437,100,199.15,1746154,2491764,0.3513174404014999,0
2023-07-28 11:08:57,199.95,5445437,52,199.15,1746154,2491764,0.3513174404014999,0
2023-07-28 11:08:59,199.9,5446016,1,199.15,1748907,2493402,0.32622333751568666,0
2023-07-28 11:08:59,199.9,5446016,58,199.15,1748907,2493402,0.32622333751568666,0
2023-07-28 11:09:02,199.9,5446075,58,199.15,1735974,2494937,0.32622333751568666,0
2023-07-28 11:09:02,199.9,5446075,100,199.15,1735974,2494937,0.32622333751568666,0
2023-07-28 11:09:02,199.9,5446075,7,199.15,1735974,2494937,0.32622333751568666,0
2023-07-28 11:09:05,199.9,5448196,95,199.15,1749941,2493794,0.32622333751568666,0
2023-07-28 11:09:05,199.9,5448196,200,199.15,1749941,2493794,0.32622333751568666,0
2023-07-28 11:09:05,199.85,5448196,1,199.15,1749941,2493794,0.30112923462985913,0
2023-07-28 11:09:07,199.95,5448398,1,199.15,1762405,2489857,0.3513174404014999,0
2023-07-28 11:09:07,199.95,5448398,81,199.15,1761130,2489202,0.3513174404014999,0
2023-07-28 11:09:07,199.95,5448398,20,199.15,1761130,2489202,0.3513174404014999,0
2023-07-28 11:09:07,199.9,5448398,100,199.15,1761130,2489202,0.32622333751568666,0
2023-07-28 11:09:12,199.9,5448730,100,199.15,1762558,2488979,0.32622333751568666,0
2023-07-28 11:09:12,199.9,5448730,14,199.15,1762558,2488979,0.32622333751568666,0
2023-07-28 11:09:12,199.95,5448730,10,199.15,1762558,2488979,0.3513174404014999,0
2023-07-28 11:09:14,199.95,5448754,10,199.15,1762648,2489226,0.3513174404014999,0
2023-07-28 11:09:14,199.95,5448754,33,199.15,1762648,2489226,0.3513174404014999,0
2023-07-28 11:09:14,199.95,5448754,1,199.15,1762648,2489226,0.3513174404014999,0
2023-07-28 11:09:17,199.95,5451388,622,199.15,1763462,2489702,0.3513174404014999,0
2023-07-28 11:09:17,199.95,5451388,3,199.15,1763462,2489702,0.3513174404014999,0
2023-07-28 11:09:20,199.95,5451654,263,199.15,1762061,2489436,0.3513174404014999,0
2023-07-28 11:09:20,199.95,5451654,1,199.15,1762061,2489436,0.3513174404014999,0
2023-07-28 11:09:22,199.95,5452181,1,199.15,1757155,2489921,0.3513174404014999,0
2023-07-28 11:09:22,199.95,5452181,52,199.15,1757155,2489921,0.3513174404014999,0
2023-07-28 11:09:24,199.95,5452247,52,199.15,1753886,2494914,0.3513174404014999,0
2023-07-28 11:09:24,199.95,5452247,3,199.15,1753886,2494914,0.3513174404014999,0
2023-07-28 11:09:24,199.9,5452247,7,199.15,1753886,2494914,0.32622333751568666,0
2023-07-28 11:09:27,199.9,5453680,7,199.15,1747079,2507784,0.32622333751568666,0
2023-07-28 11:09:27,199.9,5453680,7,199.15,1747079,2507784,0.32622333751568666,0
2023-07-28 11:09:30,199.9,5453830,143,199.15,1747803,2508051,0.32622333751568666,0
2023-07-28 11:09:30,199.9,5453830,1600,199.15,1747803,2508051,0.32622333751568666,0
2023-07-28 11:09:32,199.9,5455446,16,199.15,1748764,2504529,0.32622333751568666,0
2023-07-28 11:09:32,199.85,5455446,25,199.15,1748764,2504529,0.30112923462985913,0
2023-07-28 11:09:34,199.9,5455651,32,199.15,1746250,2504371,0.32622333751568666,0
2023-07-28 11:09:34,199.9,5455651,15,199.15,1746250,2504371,0.32622333751568666,0
2023-07-28 11:09:37,199.9,5455900,21,199.15,1746253,2503381,0.32622333751568666,0
2023-07-28 11:09:40,199.9,5455946,25,199.15,1745752,2505974,0.32622333751568666,0
2023-07-28 11:09:40,199.9,5455946,3,199.15,1745752,2505974,0.32622333751568666,0
2023-07-28 11:09:40,199.9,5455946,4,199.15,1745752,2505974,0.32622333751568666,0
2023-07-28 11:09:42,199.9,5455953,4,199.15,1744327,2506775,0.32622333751568666,0
2023-07-28 11:09:42,199.85,5455953,14,199.15,1744327,2506775,0.30112923462985913,0
2023-07-28 11:09:42,199.9,5455953,1000,199.15,1744327,2506775,0.32622333751568666,0
2023-07-28 11:09:42,199.9,5455953,1,199.15,1744327,2506775,0.32622333751568666,0
2023-07-28 11:09:46,199.9,5457000,1,199.15,1744617,2505470,0.32622333751568666,0
2023-07-28 11:09:46,199.9,5457000,3,199.15,1744617,2505470,0.32622333751568666,0
2023-07-28 11:09:50,199.9,5457105,102,199.15,1745225,2503754,0.32622333751568666,0
2023-07-28 11:09:50,199.9,5457105,2,199.15,1745225,2503754,0.32622333751568666,0
2023-07-28 11:09:50,199.9,5457105,10,199.15,1745225,2503754,0.32622333751568666,0
2023-07-28 11:09:52,199.9,5457117,10,199.15,1745378,2503742,0.32622333751568666,0
2023-07-28 11:09:52,199.85,5457117,14,199.15,1745378,2503742,0.30112923462985913,0
2023-07-28 11:09:52,199.9,5457117,2,199.15,1745378,2503742,0.32622333751568666,0
2023-07-28 11:09:54,199.9,5457133,2,199.15,1719020,2504072,0.32622333751568666,0
2023-07-28 11:09:54,199.85,5457133,83,199.15,1719020,2504072,0.30112923462985913,0
2023-07-28 11:09:55,199.85,5459048,83,199.15,1717303,2505602,0.30112923462985913,0
2023-07-28 11:09:55,199.9,5459048,3,199.15,1717303,2505602,0.32622333751568666,0
2023-07-28 11:09:59,199.85,5459057,6,199.15,1717317,2504999,0.30112923462985913,0
2023-07-28 11:09:59,199.9,5459057,192,199.15,1717317,2504999,0.32622333751568666,0
2023-07-28 11:10:02,199.9,5459252,3,199.15,1749409,2501187,0.32622333751568666,0
2023-07-28 11:10:02,199.85,5459252,2,199.15,1749409,2501187,0.30112923462985913,0
2023-07-28 11:10:02,199.9,5459252,3,199.15,1749409,2501187,0.32622333751568666,0
2023-07-28 11:10:04,199.9,5462280,3,199.15,1747276,2502343,0.32622333751568666,0
2023-07-28 11:10:04,199.9,5462280,302,199.15,1747276,2502343,0.32622333751568666,0
2023-07-28 11:10:06,199.9,5462582,302,199.15,1747204,2498448,0.32622333751568666,0
2023-07-28 11:10:06,199.9,5462582,2,199.15,1747204,2498448,0.32622333751568666,0
2023-07-28 11:10:06,199.9,5462582,1,199.15,1747204,2498448,0.32622333751568666,0
2023-07-28 11:10:10,199.9,5462817,1,199.15,1746161,2497834,0.32622333751568666,0
2023-07-28 11:10:10,199.9,5462817,4,199.15,1746161,2497834,0.32622333751568666,0
2023-07-28 11:10:10,199.9,5462817,24,199.15,1746161,2497834,0.32622333751568666,0
2023-07-28 11:10:12,199.9,5462845,24,199.15,1747043,2498852,0.32622333751568666,0
2023-07-28 11:10:12,199.9,5462845,29,199.15,1747043,2498852,0.32622333751568666,0
2023-07-28 11:10:12,199.85,5462845,25,199.15,1747043,2498852,0.30112923462985913,0
2023-07-28 11:10:15,199.9,5462914,2,199.15,1747786,2498823,0.32622333751568666,0
2023-07-28 11:10:15,199.9,5462914,2,199.15,1747786,2498823,0.32622333751568666,0
2023-07-28 11:10:18,199.9,5462955,7,199.15,1747759,2498285,0.32622333751568666,0
2023-07-28 11:10:18,199.9,5462955,4,199.15,1747759,2498285,0.32622333751568666,0
2023-07-28 11:10:20,199.9,5462959,4,199.15,1750107,2496656,0.32622333751568666,0
2023-07-28 11:10:20,199.9,5462959,1,199.15,1750107,2496656,0.32622333751568666,0
2023-07-28 11:10:23,199.9,5462983,23,199.15,1750121,2496545,0.32622333751568666,0
2023-07-28 11:10:23,199.85,5462983,14,199.15,1750121,2496545,0.30112923462985913,0
2023-07-28 11:10:23,199.85,5462983,138,199.15,1750121,2496545,0.30112923462985913,0
2023-07-28 11:10:25,199.85,5463307,138,199.15,1750226,2496095,0.30112923462985913,0
2023-07-28 11:10:25,199.9,5463307,2,199.15,1750226,2496095,0.32622333751568666,0
2023-07-28 11:10:25,199.85,5463307,1,199.15,1750226,2496095,0.30112923462985913,0
2023-07-28 11:10:28,199.9,5463564,33,199.15,1750512,2495392,0.32622333751568666,0
2023-07-28 11:10:28,199.9,5463564,100,199.15,1750512,2495392,0.32622333751568666,0
2023-07-28 11:10:28,199.9,5463564,125,199.15,1750512,2495392,0.32622333751568666,0
2023-07-28 11:10:30,199.9,5464000,125,199.15,1751345,2496657,0.32622333751568666,0
2023-07-28 11:10:30,199.9,5464000,44,199.15,1751345,2496657,0.32622333751568666,0
2023-07-28 11:10:32,199.85,5464072,28,199.15,1751928,2496619,0.30112923462985913,0
