2023-07-28 10:49:28,128.9,18227923,96,130.07,2076971,4957686,1.296660117878197,0
2023-07-28 10:49:28,128.9,18227923,10,130.07,2076971,4957686,1.296660117878197,0
2023-07-28 10:49:31,128.9,18228182,249,130.07,2077046,4957527,1.296660117878197,0
2023-07-28 10:49:31,128.85,18228182,311,130.07,2077046,4957527,1.2573673870333943,0
2023-07-28 10:49:32,128.85,18229082,311,130.07,2066731,4965084,1.2573673870333943,0
2023-07-28 10:49:32,128.9,18229082,237,130.07,2066731,4965084,1.296660117878197,0
2023-07-28 10:49:32,128.8,18229082,3,130.07,2066731,4965084,1.218074656188614,0
2023-07-28 10:49:37,128.85,18231661,2,130.07,2067371,4969819,1.2573673870333943,0
2023-07-28 10:49:40,128.8,18232217,10,130.07,2066827,4967230,1.218074656188614,0
2023-07-28 10:49:40,128.85,18232217,4,130.07,2066827,4967230,1.2573673870333943,0
2023-07-28 10:49:42,128.85,18232972,1,130.07,2066212,4965742,1.2573673870333943,0
2023-07-28 10:49:42,128.85,18232972,1,130.07,2066212,4965742,1.2573673870333943,0
2023-07-28 10:49:42,128.85,18232972,226,130.07,2066212,4965742,1.2573673870333943,0
2023-07-28 10:49:43,128.8,18233486,35,130.07,2066897,4964141,1.218074656188614,0
2023-07-28 10:49:43,128.85,18233486,842,130.07,2066897,4964141,1.2573673870333943,0
2023-07-28 10:49:47,128.85,18243158,60,130.07,2051093,4971154,1.2573673870333943,0
2023-07-28 10:49:47,128.8,18243158,133,130.07,2051093,4971154,1.218074656188614,0
2023-07-28 10:49:49,128.85,18247850,200,130.07,2053546,4971405,1.2573673870333943,0
2023-07-28 10:49:49,128.85,18247850,10,130.07,2053546,4971405,1.2573673870333943,0
2023-07-28 10:49:49,128.8,18247850,267,130.07,2053546,4971405,1.218074656188614,0
2023-07-28 10:49:53,128.85,18249202,200,130.07,2053405,4971376,1.2573673870333943,0
2023-07-28 10:49:53,128.85,18249202,100,130.07,2053405,4971376,1.2573673870333943,0
2023-07-28 10:49:53,128.85,18249202,1,130.07,2053405,4971376,1.2573673870333943,0
2023-07-28 10:49:55,128.85,18249397,50,130.07,2056989,4964270,1.2573673870333943,0
2023-07-28 10:49:55,128.85,18249397,50,130.07,2056989,4964270,1.2573673870333943,0
2023-07-28 10:49:55,128.85,18249397,66,130.07,2056989,4964270,1.2573673870333943,0
2023-07-28 10:49:57,128.85,18250847,66,130.07,2055213,4969928,1.2573673870333943,0
2023-07-28 10:49:57,128.8,18250847,294,130.07,2055213,4969928,1.218074656188614,0
2023-07-28 10:49:59,128.8,18251374,294,130.07,2060052,4967819,1.218074656188614,0
2023-07-28 10:49:59,128.85,18251374,16,130.07,2060052,4967819,1.2573673870333943,0
2023-07-28 10:49:59,128.85,18251374,248,130.07,2060052,4967819,1.2573673870333943,0
2023-07-28 10:49:59,128.8,18251374,50,130.07,2060052,4967819,1.218074656188614,0
2023-07-28 10:50:03,128.85,18251837,100,130.07,2055989,4967412,1.2573673870333943,0
2023-07-28 10:50:03,128.85,18251837,100,130.07,2055989,4967412,1.2573673870333943,0
2023-07-28 10:50:03,128.8,18251837,44,130.07,2055989,4967412,1.218074656188614,0
2023-07-28 10:50:03,128.85,18251837,20,130.07,2055989,4967412,1.2573673870333943,0
2023-07-28 10:50:06,128.8,18253450,60,130.07,2036829,4975985,1.218074656188614,0
2023-07-28 10:50:06,128.8,18253450,60,130.07,2036829,4975985,1.218074656188614,0
2023-07-28 10:50:06,128.75,18253450,213,130.07,2036829,4975985,1.1787819253438114,0
2023-07-28 10:50:08,128.75,18255029,129,130.07,2051756,4972130,1.1787819253438114,0
2023-07-28 10:50:08,128.8,18255029,353,130.07,2051756,4972130,1.218074656188614,0
2023-07-28 10:50:08,128.8,18255029,47,130.07,2051756,4972130,1.218074656188614,0
2023-07-28 10:50:11,128.8,18256278,25,130.07,2056220,4959177,1.218074656188614,0
2023-07-28 10:50:11,128.75,18256278,553,130.07,2056220,4959177,1.1787819253438114,0
2023-07-28 10:50:11,128.8,18256278,10,130.07,2056220,4959177,1.218074656188614,0
2023-07-28 10:50:14,128.8,18256886,1,130.07,2055018,4960525,1.218074656188614,0
2023-07-28 10:50:14,128.8,18256886,12,130.07,2055018,4960525,1.218074656188614,0
2023-07-28 10:50:16,128.8,18258512,509,130.07,2055073,4958294,1.218074656188614,0
2023-07-28 10:50:16,128.8,18258512,100,130.07,2055073,4958294,1.218074656188614,0
2023-07-28 10:50:16,128.75,18258512,381,130.07,2055073,4958294,1.1787819253438114,0
2023-07-28 10:50:19,128.8,18260753,120,130.07,2056609,4960653,1.218074656188614,0
2023-07-28 10:50:19,128.75,18260753,100,130.07,2056609,4960653,1.1787819253438114,0
2023-07-28 10:50:19,128.75,18260753,100,130.07,2056609,4960653,1.1787819253438114,0
2023-07-28 10:50:19,128.75,18260753,100,130.07,2056609,4960653,1.1787819253438114,0
2023-07-28 10:50:22,128.8,18261583,2,130.07,2056067,4958753,1.218074656188614,0
2023-07-28 10:50:22,128.8,18261583,2,130.07,2056067,4958753,1.218074656188614,0
2023-07-28 10:50:22,128.8,18261583,2,130.07,2056067,4958753,1.218074656188614,0
2023-07-28 10:50:22,128.8,18261583,2,130.07,2056067,4958753,1.218074656188614,0
2023-07-28 10:50:25,128.75,18263733,1,130.07,2053616,4962108,1.1787819253438114,0
2023-07-28 10:50:25,128.8,18263733,37,130.07,2053616,4962108,1.218074656188614,0
2023-07-28 10:50:25,128.75,18263733,420,130.07,2053616,4962108,1.1787819253438114,0
2023-07-28 10:50:28,128.8,18264603,20,130.07,2062110,4956950,1.218074656188614,0
2023-07-28 10:50:28,128.8,18264603,1,130.07,2062110,4956950,1.218074656188614,0
2023-07-28 10:50:28,128.75,18264603,2,130.07,2062110,4956950,1.1787819253438114,0
2023-07-28 10:50:28,128.75,18264603,100,130.07,2062110,4956950,1.1787819253438114,0
2023-07-28 10:50:30,128.75,18266006,100,130.07,2071008,4955989,1.1787819253438114,0
2023-07-28 10:50:30,128.8,18266006,50,130.07,2071008,4955989,1.218074656188614,0
2023-07-28 10:50:30,128.85,18266006,1,130.07,2071008,4955989,1.2573673870333943,0
2023-07-28 10:50:34,128.8,18267039,50,130.07,2074780,4957016,1.218074656188614,0
2023-07-28 10:50:34,128.8,18267039,10,130.07,2074780,4957016,1.218074656188614,0
2023-07-28 10:50:34,128.85,18267039,50,130.07,2074780,4957016,1.2573673870333943,0
2023-07-28 10:50:37,128.8,18268111,7,130.07,2071777,4949345,1.218074656188614,0
2023-07-28 10:50:37,128.8,18268111,7,130.07,2071777,4949345,1.218074656188614,0
2023-07-28 10:50:37,128.85,18268111,1,130.07,2071777,4949345,1.2573673870333943,0
2023-07-28 10:50:38,128.85,18268112,1,130.07,2071502,4947764,1.2573673870333943,0
2023-07-28 10:50:38,128.8,18268112,250,130.07,2071502,4947764,1.218074656188614,0
2023-07-28 10:50:38,128.85,18268112,170,130.07,2071502,4947764,1.2573673870333943,0
2023-07-28 10:50:41,128.85,18268535,170,130.07,2071389,4949538,1.2573673870333943,0
2023-07-28 10:50:41,128.8,18268535,22,130.07,2071389,4949538,1.218074656188614,0
2023-07-28 10:50:44,128.8,18268557,22,130.07,2071516,4950543,1.218074656188614,0
2023-07-28 10:50:44,128.85,18268557,640,130.07,2071516,4950543,1.2573673870333943,0
2023-07-28 10:50:46,128.85,18270034,35,130.07,2074727,4946789,1.2573673870333943,0
2023-07-28 10:50:46,128.8,18270034,330,130.07,2074727,4946789,1.218074656188614,0
2023-07-28 10:50:46,128.85,18270034,40,130.07,2074727,4946789,1.2573673870333943,0
2023-07-28 10:50:50,128.85,18270645,300,130.07,2073942,4948514,1.2573673870333943,0
2023-07-28 10:50:50,128.9,18270645,3,130.07,2073942,4948514,1.296660117878197,0
2023-07-28 10:50:50,128.85,18270645,5,130.07,2073942,4948514,1.2573673870333943,0
2023-07-28 10:50:50,128.8,18270645,100,130.07,2073942,4948514,1.218074656188614,0
2023-07-28 10:50:50,128.8,18270645,254,130.07,2073942,4948514,1.218074656188614,0
2023-07-28 10:50:50,128.85,18270645,289,130.07,2073942,4948514,1.2573673870333943,0
2023-07-28 10:50:55,128.85,18279599,289,130.07,2064710,4948469,1.2573673870333943,0
2023-07-28 10:50:55,128.8,18279599,1,130.07,2064710,4948469,1.218074656188614,0
2023-07-28 10:50:55,128.85,18279599,105,130.07,2064710,4948469,1.2573673870333943,0
2023-07-28 10:50:59,128.85,18279906,105,130.07,2067150,4946739,1.2573673870333943,0
2023-07-28 10:50:59,128.85,18279906,50,130.07,2067150,4946739,1.2573673870333943,0
2023-07-28 10:50:59,128.75,18279906,280,130.07,2067150,4946739,1.1787819253438114,0
2023-07-28 10:51:02,128.85,18280829,10,130.07,2071941,4949343,1.2573673870333943,0
2023-07-28 10:51:02,128.75,18280829,437,130.07,2071941,4949343,1.1787819253438114,0
2023-07-28 10:51:04,128.85,18281313,1,130.07,2069300,4948612,1.2573673870333943,0
2023-07-28 10:51:04,128.85,18281313,2,130.07,2069300,4948612,1.2573673870333943,0
2023-07-28 10:51:07,128.75,18281316,1,130.07,2068594,4950292,1.1787819253438114,0
2023-07-28 10:51:10,128.85,18281318,2,130.07,2069252,4951265,1.2573673870333943,0
2023-07-28 10:51:10,128.85,18281318,50,130.07,2069252,4951265,1.2573673870333943,0
2023-07-28 10:51:10,128.85,18281318,100,130.07,2069252,4951265,1.2573673870333943,0
2023-07-28 10:51:13,128.85,18281476,3,130.07,2069977,4947687,1.2573673870333943,0
2023-07-28 10:51:13,128.75,18281476,482,130.07,2069977,4947687,1.1787819253438114,0
2023-07-28 10:51:16,128.8,18296310,1,130.07,2052759,4982444,1.218074656188614,0
2023-07-28 10:51:16,128.8,18296310,20,130.07,2052759,4982444,1.218074656188614,0
2023-07-28 10:51:16,128.75,18296310,340,130.07,2052759,4982444,1.1787819253438114,0
2023-07-28 10:51:18,128.7,18301647,384,130.07,2054389,4980799,1.1394891944990087,0
2023-07-28 10:51:18,128.8,18301647,1,130.07,2054389,4980799,1.218074656188614,0
2023-07-28 10:51:18,128.75,18301647,500,130.07,2054389,4980799,1.1787819253438114,0
2023-07-28 10:51:21,128.8,18302737,5,130.07,2055256,4980933,1.218074656188614,0
2023-07-28 10:51:21,128.8,18302737,5,130.07,2055256,4980933,1.218074656188614,0
2023-07-28 10:51:21,128.8,18302737,100,130.07,2055256,4980933,1.218074656188614,0
2023-07-28 10:51:23,128.8,18302862,1,130.07,2063329,4975575,1.218074656188614,0
2023-07-28 10:51:23,128.8,18302862,1,130.07,2063329,4975575,1.218074656188614,0
2023-07-28 10:51:25,128.8,18303010,1,130.07,2064702,4975682,1.218074656188614,0
2023-07-28 10:51:25,128.8,18303010,50,130.07,2064702,4975682,1.218074656188614,0
2023-07-28 10:51:25,128.8,18303010,10,130.07,2064702,4975682,1.218074656188614,0
2023-07-28 10:51:28,128.8,18303143,1,130.07,2065026,4976567,1.218074656188614,0
2023-07-28 10:51:28,128.8,18303143,17,130.07,2065026,4976567,1.218074656188614,0
2023-07-28 10:51:28,128.8,18303143,1,130.07,2065026,4976567,1.218074656188614,0
2023-07-28 10:51:31,128.8,18303500,159,130.07,2067265,4968625,1.218074656188614,0
2023-07-28 10:51:31,128.8,18303500,248,130.07,2067265,4968625,1.218074656188614,0
2023-07-28 10:51:31,128.85,18303500,6,130.07,2067265,4968625,1.2573673870333943,0
2023-07-28 10:51:34,128.75,18305390,99,130.07,2074213,4963174,1.1787819253438114,0
2023-07-28 10:51:34,128.85,18305390,1,130.07,2074213,4963174,1.2573673870333943,0
2023-07-28 10:51:34,128.85,18305395,1,130.07,2071903,4965129,1.2573673870333943,0
2023-07-28 10:51:34,128.85,18305395,176,130.07,2071903,4965129,1.2573673870333943,0
2023-07-28 10:51:34,128.8,18305395,31,130.07,2071903,4965129,1.218074656188614,0
2023-07-28 10:51:34,128.8,18305395,1,130.07,2071903,4965129,1.218074656188614,0
2023-07-28 10:51:41,128.8,18305857,54,130.07,2071801,4967456,1.218074656188614,0
2023-07-28 10:51:41,128.8,18305857,70,130.07,2071801,4967456,1.218074656188614,0
2023-07-28 10:51:41,128.8,18305857,1,130.07,2071801,4967456,1.218074656188614,0
2023-07-28 10:51:41,128.85,18305857,10,130.07,2071801,4967456,1.2573673870333943,0
2023-07-28 10:51:44,128.85,18305938,10,130.07,2066682,4967747,1.2573673870333943,0
2023-07-28 10:51:44,128.8,18305938,418,130.07,2066682,4967747,1.218074656188614,0
2023-07-28 10:51:44,128.8,18305938,2,130.07,2066682,4967747,1.218074656188614,0
2023-07-28 10:51:44,128.75,18305938,1,130.07,2066682,4967747,1.1787819253438114,0
2023-07-28 10:51:48,128.75,18315699,1,130.07,2060686,4975491,1.1787819253438114,0
2023-07-28 10:51:48,128.8,18315699,20,130.07,2060686,4975491,1.218074656188614,0
2023-07-28 10:51:48,128.8,18315699,500,130.07,2060686,4975491,1.218074656188614,0
2023-07-28 10:51:51,128.8,18316573,54,130.07,2036332,4968447,1.218074656188614,0
2023-07-28 10:51:51,128.75,18316573,23,130.07,2036332,4968447,1.1787819253438114,0
2023-07-28 10:51:51,128.75,18316573,1,130.07,2036332,4968447,1.1787819253438114,0
2023-07-28 10:51:54,128.8,18317622,854,130.07,2040035,4965671,1.218074656188614,0
2023-07-28 10:51:54,128.75,18317622,100,130.07,2040035,4965671,1.1787819253438114,0
2023-07-28 10:51:54,128.75,18317622,371,130.07,2040035,4965671,1.1787819253438114,0
2023-07-28 10:51:56,128.75,18321722,371,130.07,2060683,4984053,1.1787819253438114,0
2023-07-28 10:51:56,128.8,18321722,53,130.07,2060683,4984053,1.218074656188614,0
2023-07-28 10:52:00,128.8,18321922,50,130.07,2065322,4977880,1.218074656188614,0
2023-07-28 10:52:00,128.75,18321922,20,130.07,2065322,4977880,1.1787819253438114,0
2023-07-28 10:52:00,128.75,18321922,197,130.07,2065322,4977880,1.1787819253438114,0
2023-07-28 10:52:02,128.75,18322585,3,130.07,2064278,4978300,1.1787819253438114,0
2023-07-28 10:52:02,128.8,18322585,15,130.07,2064278,4978300,1.218074656188614,0
2023-07-28 10:52:04,128.8,18322630,30,130.07,2063118,4978256,1.218074656188614,0
2023-07-28 10:52:04,128.8,18322630,1,130.07,2063118,4978256,1.218074656188614,0
2023-07-28 10:52:05,128.8,18322631,1,130.07,2063400,4978275,1.218074656188614,0
2023-07-28 10:52:07,128.75,18323231,20,130.07,2033786,4978955,1.1787819253438114,0
2023-07-28 10:52:08,128.75,18323237,6,130.07,2035563,4980740,1.1787819253438114,0
2023-07-28 10:52:09,128.8,18323238,1,130.07,2035565,4980739,1.218074656188614,0
2023-07-28 10:52:09,128.8,18323238,1,130.07,2064065,4980739,1.218074656188614,0
2023-07-28 10:52:11,128.8,18323704,10,130.07,2057241,4976584,1.218074656188614,0
2023-07-28 10:52:11,128.8,18323704,3,130.07,2057241,4976584,1.218074656188614,0
2023-07-28 10:52:12,128.7,18341175,25,130.06,2022562,4983037,1.1394891944990087,0
2023-07-28 10:52:13,128.65,18341325,150,130.06,2047555,4977010,1.1001964636542285,0
2023-07-28 10:52:13,128.75,18341325,5,130.06,2047555,4977010,1.1787819253438114,0
2023-07-28 10:52:14,128.75,18341437,7,130.06,2047945,4976776,1.1787819253438114,0
2023-07-28 10:52:14,128.75,18341437,7,130.06,2044245,4975959,1.1787819253438114,0
2023-07-28 10:52:16,128.8,18341457,429,130.06,2044284,4974939,1.218074656188614,0
2023-07-28 10:52:16,128.8,18342930,429,130.06,2048186,4975841,1.218074656188614,0
2023-07-28 10:52:16,128.8,18342930,1,130.06,2048186,4975841,1.218074656188614,0
2023-07-28 10:52:16,128.7,18342930,3,130.06,2048186,4975841,1.1394891944990087,0
2023-07-28 10:52:20,128.7,18342934,3,130.06,2046903,4977087,1.1394891944990087,0
2023-07-28 10:52:21,128.8,18343034,43,130.06,2048353,4977532,1.218074656188614,0
2023-07-28 10:52:21,128.8,18343034,44,130.06,2048353,4977532,1.218074656188614,0
2023-07-28 10:52:22,128.8,18343083,5,130.06,2055284,4976366,1.218074656188614,0
2023-07-28 10:52:23,128.8,18345408,1107,130.06,2054145,4970592,1.218074656188614,0
2023-07-28 10:52:24,128.8,18345908,361,130.06,2053838,4971504,1.218074656188614,0
2023-07-28 10:52:24,128.8,18345908,361,130.06,2053838,4971504,1.218074656188614,0
2023-07-28 10:52:24,128.8,18345908,361,130.06,2052522,4971704,1.218074656188614,0
2023-07-28 10:52:24,128.8,18345908,361,130.06,2052212,4972206,1.218074656188614,0
2023-07-28 10:52:24,128.8,18345908,361,130.06,2053372,4972206,1.218074656188614,0
2023-07-28 10:52:24,128.75,18345908,10,130.06,2053372,4972206,1.1787819253438114,0
2023-07-28 10:52:28,128.8,18345918,1,130.06,2037840,4972588,1.218074656188614,0
2023-07-28 10:52:29,128.8,18345919,100,130.06,2037838,4972012,1.218074656188614,0
2023-07-28 10:52:30,128.75,18346100,1,130.06,2039620,4971531,1.1787819253438114,0
2023-07-28 10:52:30,128.75,18346101,1,130.06,2041026,4971531,1.1787819253438114,0
2023-07-28 10:52:30,128.8,18346101,248,130.06,2041026,4971531,1.218074656188614,0
2023-07-28 10:52:32,128.75,18347249,811,130.06,2041951,4971285,1.1787819253438114,0
2023-07-28 10:52:32,128.75,18347249,811,130.06,2042151,4971885,1.1787819253438114,0
2023-07-28 10:52:32,128.75,18347249,811,130.06,2042151,4972385,1.1787819253438114,0
2023-07-28 10:52:32,128.75,18347249,811,130.06,2041519,4972397,1.1787819253438114,0
2023-07-28 10:52:32,128.75,18347249,200,130.06,2041519,4972397,1.1787819253438114,0
2023-07-28 10:52:36,128.8,18347449,25,130.06,2041130,4972397,1.218074656188614,0
2023-07-28 10:52:37,128.8,18347474,25,130.06,2041130,4972792,1.218074656188614,0
2023-07-28 10:52:37,128.8,18347474,25,130.06,2041128,4972792,1.218074656188614,0
2023-07-28 10:52:37,128.8,18347474,1,130.06,2041128,4972792,1.218074656188614,0
2023-07-28 10:52:39,128.8,18347475,1,130.06,2041684,4973961,1.218074656188614,0
2023-07-28 10:52:39,128.8,18347475,1,130.06,2041709,4973861,1.218074656188614,0
2023-07-28 10:52:39,128.8,18347475,150,130.06,2041709,4973861,1.218074656188614,0
2023-07-28 10:52:42,128.8,18347625,150,130.06,2057215,4972595,1.218074656188614,0
2023-07-28 10:52:42,128.8,18347625,150,130.06,2057715,4972041,1.218074656188614,0
2023-07-28 10:52:42,128.8,18347625,150,130.06,2059576,4972041,1.218074656188614,0
2023-07-28 10:52:42,128.8,18347625,2,130.06,2059576,4972041,1.218074656188614,0
2023-07-28 10:52:46,128.8,18347627,2,130.06,2058926,4974139,1.218074656188614,0
2023-07-28 10:52:46,128.8,18347627,491,130.06,2058926,4974139,1.218074656188614,0
2023-07-28 10:52:46,128.8,18347627,5,130.06,2058926,4974139,1.218074656188614,0
2023-07-28 10:52:47,128.8,18349173,5,130.06,2062361,4972503,1.218074656188614,0
2023-07-28 10:52:47,128.8,18349173,50,130.06,2062361,4972503,1.218074656188614,0
2023-07-28 10:52:49,128.8,18349223,50,130.06,2062371,4972503,1.218074656188614,0
2023-07-28 10:52:49,128.8,18349223,3,130.06,2062371,4972503,1.218074656188614,0
2023-07-28 10:52:50,128.8,18349266,40,130.06,2062556,4972665,1.218074656188614,0
2023-07-28 10:52:51,128.8,18349366,100,130.06,2063090,4972554,1.218074656188614,0
2023-07-28 10:52:52,128.75,18349973,32,130.06,2063260,4972928,1.1787819253438114,0
2023-07-28 10:52:52,128.75,18349973,32,130.06,2063560,4974328,1.1787819253438114,0
2023-07-28 10:52:52,128.75,18349973,600,130.06,2063560,4974328,1.1787819253438114,0
2023-07-28 10:52:54,128.8,18351153,30,130.06,2062960,4972708,1.218074656188614,0
2023-07-28 10:52:55,128.75,18351157,4,130.06,2062956,4972908,1.1787819253438114,0
2023-07-28 10:52:55,128.75,18351157,4,130.06,2064301,4973043,1.1787819253438114,0
2023-07-28 10:52:55,128.75,18351157,4,130.06,2064301,4973651,1.1787819253438114,0
2023-07-28 10:52:55,128.8,18351157,65,130.06,2064301,4973651,1.218074656188614,0
2023-07-28 10:52:59,128.8,18352197,40,130.06,2064401,4972889,1.218074656188614,0
2023-07-28 10:52:59,128.8,18352197,10,130.06,2064401,4972889,1.218074656188614,0
2023-07-28 10:53:00,128.8,18352283,28,130.06,2064051,4972931,1.218074656188614,0
2023-07-28 10:53:02,128.8,18352642,1,130.06,2063986,4973312,1.218074656188614,0
2023-07-28 10:53:03,128.8,18352688,40,130.06,2064570,4972764,1.218074656188614,0
2023-07-28 10:53:03,128.8,18352688,70,130.06,2064570,4972764,1.218074656188614,0
2023-07-28 10:53:04,128.8,18352843,85,130.06,2064008,4973875,1.218074656188614,0
2023-07-28 10:53:04,128.8,18352843,10,130.06,2064008,4973875,1.218074656188614,0
2023-07-28 10:53:05,128.8,18352863,10,130.06,2058980,4978033,1.218074656188614,0
2023-07-28 10:53:05,128.75,18352863,608,130.06,2058980,4978033,1.1787819253438114,0
2023-07-28 10:53:05,128.8,18352863,1000,130.06,2058980,4978033,1.218074656188614,0
2023-07-28 10:53:05,128.8,18352863,3,130.06,2058980,4978033,1.218074656188614,0
2023-07-28 10:53:05,128.8,18352863,70,130.06,2058980,4978033,1.218074656188614,0
2023-07-28 10:53:05,128.75,18352863,186,130.06,2058980,4978033,1.1787819253438114,0
2023-07-28 10:53:11,128.8,18354730,3,130.06,2048273,4979637,1.218074656188614,0
2023-07-28 10:53:11,128.8,18354730,8,130.06,2048273,4979637,1.218074656188614,0
2023-07-28 10:53:11,128.8,18354730,72,130.06,2048273,4979637,1.218074656188614,0
2023-07-28 10:53:15,128.8,18354839,72,130.06,2054811,4979969,1.218074656188614,0
2023-07-28 10:53:15,128.75,18354839,41,130.06,2054811,4979969,1.1787819253438114,0
2023-07-28 10:53:15,128.8,18354839,418,130.06,2054811,4979969,1.218074656188614,0
2023-07-28 10:53:15,128.8,18354839,94,130.06,2054811,4979969,1.218074656188614,0
2023-07-28 10:53:17,128.8,18362101,94,130.06,2054556,4982701,1.218074656188614,0
2023-07-28 10:53:17,128.8,18362101,40,130.06,2054556,4982701,1.218074656188614,0
2023-07-28 10:53:17,128.7,18362101,50,130.06,2054556,4982701,1.1394891944990087,0
2023-07-28 10:53:20,128.8,18362347,5,130.06,2060465,4981800,1.218074656188614,0
2023-07-28 10:53:20,128.8,18362347,5,130.06,2060465,4981800,1.218074656188614,0
2023-07-28 10:53:20,128.8,18362347,100,130.06,2060465,4981800,1.218074656188614,0
2023-07-28 10:53:20,128.7,18362347,6,130.06,2060465,4981800,1.1394891944990087,0
2023-07-28 10:53:23,128.75,18362890,2,130.06,2060356,4981257,1.1787819253438114,0
2023-07-28 10:53:23,128.75,18362890,2,130.06,2060356,4981257,1.1787819253438114,0
2023-07-28 10:53:23,128.75,18362890,2,130.06,2060356,4981257,1.1787819253438114,0
2023-07-28 10:53:23,128.75,18362890,5,130.06,2060356,4981257,1.1787819253438114,0
2023-07-28 10:53:24,128.75,18362995,5,130.06,2058572,4982948,1.1787819253438114,0
2023-07-28 10:53:24,128.75,18362995,5,130.06,2058572,4982948,1.1787819253438114,0
2023-07-28 10:53:24,128.75,18362995,19,130.06,2058572,4982948,1.1787819253438114,0
2023-07-28 10:53:24,128.75,18362995,7,130.06,2058572,4982948,1.1787819253438114,0
2023-07-28 10:53:27,128.75,18363502,7,130.06,2060047,4982775,1.1787819253438114,0
2023-07-28 10:53:31,128.75,18364411,323,130.06,2060489,4980375,1.1787819253438114,0
2023-07-28 10:53:31,128.8,18364411,165,130.06,2060489,4980375,1.218074656188614,0
2023-07-28 10:53:31,128.8,18364411,200,130.06,2060489,4980375,1.218074656188614,0
2023-07-28 10:53:32,128.8,18365187,200,130.06,2066107,4971639,1.218074656188614,0
2023-07-28 10:53:32,128.8,18365187,100,130.06,2066107,4971639,1.218074656188614,0
2023-07-28 10:53:32,128.8,18365187,2,130.06,2066107,4971639,1.218074656188614,0
2023-07-28 10:53:35,128.8,18365289,2,130.06,2066117,4971757,1.218074656188614,0
2023-07-28 10:53:35,128.75,18365289,607,130.06,2066117,4971757,1.1787819253438114,0
2023-07-28 10:53:35,128.8,18365289,274,130.06,2066117,4971757,1.218074656188614,0
2023-07-28 10:53:38,128.75,18366231,1,130.06,2062486,4974132,1.1787819253438114,0
2023-07-28 10:53:38,128.75,18366231,310,130.06,2062486,4974132,1.1787819253438114,0
2023-07-28 10:53:39,128.75,18366741,310,130.06,2057001,4976520,1.1787819253438114,0
2023-07-28 10:53:39,128.75,18366741,15,130.06,2057001,4976520,1.1787819253438114,0
2023-07-28 10:53:39,128.8,18366741,575,130.06,2057001,4976520,1.218074656188614,0
2023-07-28 10:53:39,128.8,18366741,15,130.06,2057001,4976520,1.218074656188614,0
2023-07-28 10:53:39,128.8,18366741,2,130.06,2057001,4976520,1.218074656188614,0
2023-07-28 10:53:47,128.8,18370458,13,130.06,2061021,4966027,1.218074656188614,0
2023-07-28 10:53:47,128.75,18370458,31,130.06,2061021,4966027,1.1787819253438114,0
2023-07-28 10:53:47,128.8,18370458,10,130.06,2061021,4966027,1.218074656188614,0
2023-07-28 10:53:50,128.85,18370553,40,130.06,2059314,4964192,1.2573673870333943,0
2023-07-28 10:53:50,128.8,18370553,33,130.06,2059314,4964192,1.218074656188614,0
2023-07-28 10:53:52,128.8,18370873,33,130.06,2061740,4965378,1.218074656188614,0
2023-07-28 10:53:52,128.8,18370873,50,130.06,2061740,4965378,1.218074656188614,0
2023-07-28 10:53:52,128.8,18370873,39,130.06,2061740,4965378,1.218074656188614,0
2023-07-28 10:53:52,128.8,18370873,22,130.06,2061740,4965378,1.218074656188614,0
2023-07-28 10:53:55,128.8,18371167,22,130.06,2059232,4965569,1.218074656188614,0
2023-07-28 10:53:55,128.8,18371167,6,130.06,2059232,4965569,1.218074656188614,0
2023-07-28 10:53:58,128.8,18371193,20,130.06,2062177,4971618,1.218074656188614,0
2023-07-28 10:53:58,128.8,18371193,26,130.06,2062177,4971618,1.218074656188614,0
2023-07-28 10:53:58,128.75,18371193,20,130.06,2062177,4971618,1.1787819253438114,0
2023-07-28 10:54:01,128.8,18372511,60,130.06,2060478,4971956,1.218074656188614,0
2023-07-28 10:54:01,128.75,18372511,50,130.06,2060478,4971956,1.1787819253438114,0
2023-07-28 10:54:01,128.75,18372511,38,130.06,2060478,4971956,1.1787819253438114,0
2023-07-28 10:54:01,128.8,18372511,1,130.06,2060478,4971956,1.218074656188614,0
2023-07-28 10:54:03,128.8,18372661,192,130.06,2061849,4973004,1.218074656188614,0
2023-07-28 10:54:03,128.8,18372661,2,130.06,2061849,4973004,1.218074656188614,0
2023-07-28 10:54:03,128.8,18372661,50,130.06,2061849,4973004,1.218074656188614,0
2023-07-28 10:54:08,128.75,18375135,10,130.06,2058220,4982925,1.1787819253438114,0
2023-07-28 10:54:08,128.8,18375135,100,130.06,2058220,4982925,1.218074656188614,0
2023-07-28 10:54:08,128.8,18375135,2,130.06,2058220,4982925,1.218074656188614,0
2023-07-28 10:54:10,128.8,18375337,2,130.06,2063670,4981497,1.218074656188614,0
2023-07-28 10:54:12,128.75,18375340,3,130.06,2066834,4980900,1.1787819253438114,0
2023-07-28 10:54:12,128.85,18375340,30,130.06,2066834,4980900,1.2573673870333943,0
2023-07-28 10:54:12,128.75,18375340,6,130.06,2066834,4980900,1.1787819253438114,0
2023-07-28 10:54:12,128.85,18375340,438,130.06,2066834,4980900,1.2573673870333943,0
2023-07-28 10:54:14,128.85,18375878,438,130.06,2067625,4979164,1.2573673870333943,0
2023-07-28 10:54:14,128.85,18375878,711,130.06,2067625,4979164,1.2573673870333943,0
2023-07-28 10:54:16,128.8,18377351,100,130.06,2066553,4980652,1.218074656188614,0
2023-07-28 10:54:20,128.8,18377480,1167,130.06,2066621,4980327,1.218074656188614,0
2023-07-28 10:54:20,128.75,18377480,29,130.06,2066621,4980327,1.1787819253438114,0
2023-07-28 10:54:22,128.75,18378934,29,130.06,2032190,4987504,1.1787819253438114,0
2023-07-28 10:54:22,128.8,18378934,404,130.06,2032190,4987504,1.218074656188614,0
2023-07-28 10:54:22,128.75,18378934,11,130.06,2032190,4987504,1.1787819253438114,0
2023-07-28 10:54:22,128.75,18378934,500,130.06,2032190,4987504,1.1787819253438114,0
2023-07-28 10:54:27,128.75,18381851,500,130.06,2067592,4977617,1.1787819253438114,0
2023-07-28 10:54:27,128.75,18381851,11,130.06,2067592,4977617,1.1787819253438114,0
2023-07-28 10:54:31,128.8,18382862,599,130.06,2069603,4976728,1.218074656188614,0
2023-07-28 10:54:31,128.8,18382862,50,130.06,2069603,4976728,1.218074656188614,0
2023-07-28 10:54:33,128.8,18383327,118,130.06,2070345,4977079,1.218074656188614,0
2023-07-28 10:54:33,128.8,18383327,898,130.06,2070345,4977079,1.218074656188614,0
2023-07-28 10:54:33,128.85,18383327,35,130.06,2070345,4977079,1.2573673870333943,0
2023-07-28 10:54:36,128.75,18384385,25,130.06,2070086,4979733,1.1787819253438114,0
2023-07-28 10:54:36,128.8,18384385,250,130.06,2070086,4979733,1.218074656188614,0
2023-07-28 10:54:36,128.8,18384385,359,130.06,2070086,4979733,1.218074656188614,0
2023-07-28 10:54:38,128.8,18385194,359,130.06,2069306,4993530,1.218074656188614,0
2023-07-28 10:54:38,128.8,18385194,500,130.06,2069306,4993530,1.218074656188614,0
2023-07-28 10:54:41,128.8,18386335,500,130.06,2068537,5009234,1.218074656188614,0
2023-07-28 10:54:41,128.85,18386335,44,130.06,2068537,5009234,1.2573673870333943,0
2023-07-28 10:54:44,128.75,18387023,2,130.06,2058417,5023732,1.1787819253438114,0
2023-07-28 10:54:44,128.8,18387023,160,130.06,2058417,5023732,1.218074656188614,0
2023-07-28 10:54:44,128.85,18387023,718,130.06,2058417,5023732,1.2573673870333943,0
2023-07-28 10:54:47,128.75,18391914,1718,130.06,2074569,5027020,1.1787819253438114,0
2023-07-28 10:54:47,128.75,18391914,1718,130.06,2074569,5027020,1.1787819253438114,0
2023-07-28 10:54:47,128.8,18391914,100,130.06,2074569,5027020,1.218074656188614,0
2023-07-28 10:54:50,128.8,18404862,10,130.06,2065133,5056931,1.218074656188614,0
2023-07-28 10:54:50,128.8,18404862,100,130.06,2065133,5056931,1.218074656188614,0
2023-07-28 10:54:50,128.7,18404862,17,130.06,2065133,5056931,1.1394891944990087,0
2023-07-28 10:54:52,128.75,18405356,10,130.06,2063909,5070773,1.1787819253438114,0
2023-07-28 10:54:52,128.75,18405356,10,130.06,2063909,5070773,1.1787819253438114,0
2023-07-28 10:54:52,128.8,18405356,71,130.06,2063909,5070773,1.218074656188614,0
2023-07-28 10:54:52,128.8,18405356,3,130.06,2063909,5070773,1.218074656188614,0
2023-07-28 10:54:55,128.8,18406359,3,130.06,2067665,5082476,1.218074656188614,0
2023-07-28 10:54:55,128.8,18406359,43,130.06,2067665,5082476,1.218074656188614,0
2023-07-28 10:54:55,128.75,18406359,65,130.06,2067665,5082476,1.1787819253438114,0
2023-07-28 10:54:55,128.7,18406359,100,130.06,2067665,5082476,1.1394891944990087,0
2023-07-28 10:54:57,128.7,18406637,100,130.06,2070554,5095731,1.1394891944990087,0
2023-07-28 10:54:57,128.8,18406637,1,130.06,2070554,5095731,1.218074656188614,0
2023-07-28 10:54:57,128.7,18406637,50,130.06,2070554,5095731,1.1394891944990087,0
2023-07-28 10:55:00,128.7,18407137,50,130.06,2056882,5101953,1.1394891944990087,0
2023-07-28 10:55:00,128.75,18407137,1000,130.06,2056882,5101953,1.1787819253438114,0
2023-07-28 10:55:00,128.8,18407137,248,130.06,2056882,5101953,1.218074656188614,0
2023-07-28 10:55:03,128.7,18414190,1,130.06,2027476,5119193,1.1394891944990087,0
2023-07-28 10:55:03,128.7,18414190,9,130.06,2027476,5119193,1.1394891944990087,0
2023-07-28 10:55:03,128.65,18414190,30,130.06,2027476,5119193,1.1001964636542285,0
2023-07-28 10:55:05,128.65,18418494,30,130.06,2033902,5142357,1.1001964636542285,0
2023-07-28 10:55:05,128.7,18418494,200,130.06,2033902,5142357,1.1394891944990087,0
2023-07-28 10:55:07,128.7,18418694,200,130.06,2027771,5164532,1.1394891944990087,0
2023-07-28 10:55:08,128.65,18419732,2,130.06,2030207,5160046,1.1001964636542285,0
2023-07-28 10:55:09,128.65,18419808,17,130.06,2030207,5160772,1.1001964636542285,0
2023-07-28 10:55:09,128.65,18419808,17,130.06,2030207,5160772,1.1001964636542285,0
2023-07-28 10:55:10,128.65,18420008,14,130.06,2030207,5161566,1.1001964636542285,0
2023-07-28 10:55:11,128.6,18421164,40,130.06,2023284,5158003,1.0609037328094257,0
2023-07-28 10:55:11,128.6,18421164,40,130.06,2023284,5158003,1.0609037328094257,0
2023-07-28 10:55:11,128.6,18421164,40,130.06,2025806,5159640,1.0609037328094257,0
2023-07-28 10:55:11,128.65,18421164,712,130.06,2025806,5159640,1.1001964636542285,0
2023-07-28 10:55:13,128.65,18422201,712,130.06,2017852,5164616,1.1001964636542285,0
2023-07-28 10:55:13,128.65,18422201,35,130.06,2017852,5164616,1.1001964636542285,0
2023-07-28 10:55:13,128.65,18422201,7,130.06,2017852,5164616,1.1001964636542285,0
2023-07-28 10:55:15,128.65,18422268,25,130.06,2023060,5164430,1.1001964636542285,0
2023-07-28 10:55:15,128.65,18422268,25,130.06,2023060,5164430,1.1001964636542285,0
2023-07-28 10:55:16,128.65,18422318,50,130.06,2024510,5167976,1.1001964636542285,0
2023-07-28 10:55:16,128.65,18422318,484,130.06,2024510,5167976,1.1001964636542285,0
2023-07-28 10:55:16,128.65,18423841,484,130.06,2026048,5165867,1.1001964636542285,0
2023-07-28 10:55:16,128.65,18423841,484,130.06,2025447,5166622,1.1001964636542285,0
2023-07-28 10:55:19,128.65,18423844,1000,130.06,2023609,5168227,1.1001964636542285,0
2023-07-28 10:55:20,128.6,18424994,50,130.06,2022992,5168556,1.0609037328094257,0
2023-07-28 10:55:20,128.6,18424994,100,130.06,2022992,5168556,1.0609037328094257,0
2023-07-28 10:55:22,128.65,18427441,3,130.06,2010672,5172046,1.1001964636542285,0
2023-07-28 10:55:23,128.6,18427466,20,130.06,2012047,5173327,1.0609037328094257,0
2023-07-28 10:55:23,128.65,18427466,1000,130.06,2012047,5172358,1.1001964636542285,0
2023-07-28 10:55:25,128.65,18428468,2,130.06,2012047,5171327,1.1001964636542285,0
2023-07-28 10:55:25,128.65,18428468,2,130.06,2012073,5171327,1.1001964636542285,0
2023-07-28 10:55:25,128.6,18428468,27,130.06,2012452,5171477,1.0609037328094257,0
2023-07-28 10:55:25,128.65,18428468,1115,130.06,2012452,5171477,1.1001964636542285,0
2023-07-28 10:55:28,128.65,18429876,1115,130.06,2012842,5170326,1.1001964636542285,0
2023-07-28 10:55:28,128.65,18429893,17,130.06,2012840,5170309,1.1001964636542285,0
2023-07-28 10:55:28,128.65,18429893,17,130.06,2012877,5170339,1.1001964636542285,0
2023-07-28 10:55:31,128.65,18430142,248,130.06,2012850,5170064,1.1001964636542285,0
2023-07-28 10:55:32,128.65,18431367,200,130.06,2013862,5166163,1.1001964636542285,0
2023-07-28 10:55:33,128.65,18432369,2,130.06,2013884,5165621,1.1001964636542285,0
2023-07-28 10:55:34,128.65,18432869,500,130.06,2013984,5165121,1.1001964636542285,0
2023-07-28 10:55:35,128.65,18433369,500,130.06,2015441,5163553,1.1001964636542285,0
2023-07-28 10:55:36,128.6,18434442,10,130.06,2016323,5162015,1.0609037328094257,0
2023-07-28 10:55:37,128.65,18436766,1115,130.06,2019359,5159763,1.1001964636542285,0
2023-07-28 10:55:39,128.65,18436866,100,130.06,2019559,5160363,1.1001964636542285,0
2023-07-28 10:55:40,128.6,18437186,320,130.06,2019239,5159831,1.0609037328094257,0
2023-07-28 10:55:41,128.65,18437286,100,130.06,2019269,5160386,1.1001964636542285,0
2023-07-28 10:55:41,128.6,18437286,270,130.06,2016331,5164193,1.0609037328094257,0
2023-07-28 10:55:43,128.65,18437580,7,130.06,2016062,5162789,1.1001964636542285,0
2023-07-28 10:55:43,128.65,18437580,7,130.06,2016062,5162789,1.1001964636542285,0
2023-07-28 10:55:44,128.6,18437788,1000,130.06,2015847,5162774,1.0609037328094257,0
2023-07-28 10:55:45,128.65,18439115,75,130.06,2015867,5162043,1.1001964636542285,0
2023-07-28 10:55:45,128.65,18439115,10,130.06,2015867,5162043,1.1001964636542285,0
2023-07-28 10:55:46,128.65,18440677,10,130.06,2016813,5159854,1.1001964636542285,0
2023-07-28 10:55:46,128.65,18440677,1000,130.06,2016813,5159854,1.1001964636542285,0
2023-07-28 10:55:48,128.65,18441677,1000,130.06,2016813,5158206,1.1001964636542285,0
2023-07-28 10:55:49,128.65,18442677,1000,130.06,2016838,5157286,1.1001964636542285,0
2023-07-28 10:55:49,128.65,18442677,21,130.06,2016838,5157286,1.1001964636542285,0
2023-07-28 10:55:50,128.65,18442698,21,130.06,2016817,5157265,1.1001964636542285,0
2023-07-28 10:55:50,128.65,18442698,158,130.06,2016817,5157265,1.1001964636542285,0
2023-07-28 10:55:51,128.65,18443139,175,130.06,2016728,5158512,1.1001964636542285,0
2023-07-28 10:55:52,128.6,18446748,609,130.06,2012711,5156793,1.0609037328094257,0
2023-07-28 10:55:52,128.6,18446748,609,130.06,2012711,5156793,1.0609037328094257,0
2023-07-28 10:55:54,128.65,18446768,20,130.06,2013327,5157723,1.1001964636542285,0
2023-07-28 10:55:54,128.65,18446768,20,130.06,2016478,5157513,1.1001964636542285,0
2023-07-28 10:55:56,128.6,18446933,165,130.06,2016383,5156927,1.0609037328094257,0
2023-07-28 10:55:58,128.65,18453034,100,130.06,2011366,5146165,1.1001964636542285,0
2023-07-28 10:55:59,128.65,18454086,30,130.06,2006779,5150819,1.1001964636542285,0
2023-07-28 10:55:59,128.6,18454086,187,130.06,2006779,5150819,1.0609037328094257,0
2023-07-28 10:56:00,128.6,18454420,100,130.06,2006162,5149668,1.0609037328094257,0
2023-07-28 10:56:01,128.65,18454769,248,130.06,2007477,5149419,1.1001964636542285,0
2023-07-28 10:56:02,128.65,18454895,126,130.06,2007942,5148701,1.1001964636542285,0
2023-07-28 10:56:03,128.65,18454896,1,130.06,2007940,5148700,1.1001964636542285,0
2023-07-28 10:56:04,128.65,18454972,1,130.06,2007860,5148703,1.1001964636542285,0
2023-07-28 10:56:04,128.65,18454972,307,130.06,2007860,5148703,1.1001964636542285,0
2023-07-28 10:56:06,128.65,18463550,35,130.06,2021206,5130046,1.1001964636542285,0
2023-07-28 10:56:06,128.65,18463550,208,130.06,2021206,5130046,1.1001964636542285,0
2023-07-28 10:56:06,128.65,18463550,533,130.06,2021206,5130046,1.1001964636542285,0
2023-07-28 10:56:08,128.65,18466925,533,130.06,2023201,5128794,1.1001964636542285,0
2023-07-28 10:56:08,128.65,18466925,19,130.06,2023201,5128794,1.1001964636542285,0
2023-07-28 10:56:08,128.65,18466925,250,130.06,2023201,5128794,1.1001964636542285,0
2023-07-28 10:56:11,128.6,18470152,100,130.05,2013869,5141080,1.0609037328094257,0
2023-07-28 10:56:11,128.6,18470152,2,130.05,2013869,5141080,1.0609037328094257,0
2023-07-28 10:56:11,128.65,18470152,100,130.05,2013869,5141080,1.1001964636542285,0
2023-07-28 10:56:14,128.7,18470458,4,130.05,2020941,5125751,1.1394891944990087,0
2023-07-28 10:56:14,128.7,18470458,104,130.05,2020941,5125751,1.1394891944990087,0
2023-07-28 10:56:14,128.7,18470458,841,130.05,2020941,5125751,1.1394891944990087,0
2023-07-28 10:56:17,128.6,18472859,1,130.05,2027297,5125543,1.0609037328094257,0
2023-07-28 10:56:17,128.7,18472859,1000,130.05,2027297,5125543,1.1394891944990087,0
2023-07-28 10:56:19,128.7,18474974,1000,130.05,2028201,5125587,1.1394891944990087,0
2023-07-28 10:56:19,128.7,18474974,1000,130.05,2028201,5125587,1.1394891944990087,0
2023-07-28 10:56:19,128.7,18474974,2,130.05,2028201,5125587,1.1394891944990087,0
2023-07-28 10:56:19,128.7,18474974,2,130.05,2028201,5125587,1.1394891944990087,0
2023-07-28 10:56:19,128.6,18474974,34,130.05,2028201,5125587,1.0609037328094257,0
2023-07-28 10:56:23,128.6,18478182,1,130.05,2027328,5111422,1.0609037328094257,0
2023-07-28 10:56:23,128.6,18478182,1,130.05,2027328,5111422,1.0609037328094257,0
2023-07-28 10:56:23,128.6,18478182,24,130.05,2027328,5111422,1.0609037328094257,0
2023-07-28 10:56:23,128.6,18478182,24,130.05,2027328,5111422,1.0609037328094257,0
2023-07-28 10:56:24,128.65,18478206,10,130.05,2026229,5112076,1.1001964636542285,0
2023-07-28 10:56:24,128.65,18478206,10,130.05,2026229,5112076,1.1001964636542285,0
2023-07-28 10:56:26,128.6,18478216,500,130.05,2024977,5111235,1.0609037328094257,0
2023-07-28 10:56:26,128.65,18478216,223,130.05,2024977,5111235,1.1001964636542285,0
2023-07-28 10:56:26,128.65,18478216,648,130.05,2024977,5111235,1.1001964636542285,0
2023-07-28 10:56:31,128.65,18485359,248,130.05,2015661,5114029,1.1001964636542285,0
2023-07-28 10:56:31,128.65,18485359,10,130.05,2015661,5114029,1.1001964636542285,0
2023-07-28 10:56:31,128.65,18485359,3,130.05,2015661,5114029,1.1001964636542285,0
2023-07-28 10:56:34,128.6,18486938,290,130.05,2021227,5111033,1.0609037328094257,0
2023-07-28 10:56:34,128.6,18486938,290,130.05,2021227,5111033,1.0609037328094257,0
2023-07-28 10:56:34,128.6,18486938,71,130.05,2021227,5111033,1.0609037328094257,0
2023-07-28 10:56:34,128.65,18486938,1,130.05,2021227,5111033,1.1001964636542285,0
2023-07-28 10:56:37,128.6,18487855,206,130.05,2017122,5114214,1.0609037328094257,0
2023-07-28 10:56:37,128.6,18487855,206,130.05,2017122,5114214,1.0609037328094257,0
2023-07-28 10:56:37,128.6,18487855,5,130.05,2017122,5114214,1.0609037328094257,0
2023-07-28 10:56:37,128.65,18487855,40,130.05,2017122,5114214,1.1001964636542285,0
2023-07-28 10:56:39,128.65,18489169,40,130.05,2009967,5118103,1.1001964636542285,0
2023-07-28 10:56:39,128.65,18489169,2,130.05,2009967,5118103,1.1001964636542285,0
2023-07-28 10:56:39,128.6,18489169,23,130.05,2009967,5118103,1.0609037328094257,0
2023-07-28 10:56:43,128.55,18496559,200,130.05,1996244,5116073,1.0216110019646454,0
2023-07-28 10:56:43,128.55,18496559,200,130.05,1996244,5116073,1.0216110019646454,0
2023-07-28 10:56:43,128.55,18496559,6,130.05,1996244,5116073,1.0216110019646454,0
2023-07-28 10:56:45,128.55,18496732,11,130.05,2011506,5111811,1.0216110019646454,0
2023-07-28 10:56:45,128.65,18496732,50,130.05,2011506,5111811,1.1001964636542285,0
2023-07-28 10:56:47,128.65,18498263,50,130.05,2015402,5112717,1.1001964636542285,0
2023-07-28 10:56:47,128.65,18498263,151,130.05,2015402,5112717,1.1001964636542285,0
2023-07-28 10:56:47,128.55,18498263,11,130.05,2015402,5112717,1.0216110019646454,0
2023-07-28 10:56:51,128.65,18499027,156,130.05,2015691,5113884,1.1001964636542285,0
2023-07-28 10:56:51,128.6,18499027,7,130.05,2015691,5113884,1.0609037328094257,0
2023-07-28 10:56:51,128.55,18499027,80,130.05,2015691,5113884,1.0216110019646454,0
2023-07-28 10:56:53,128.55,18501114,80,130.05,1999856,5092196,1.0216110019646454,0
2023-07-28 10:56:53,128.6,18501114,40,130.05,1999856,5092196,1.0609037328094257,0
2023-07-28 10:56:53,128.55,18501114,11,130.05,1999856,5092196,1.0216110019646454,0
2023-07-28 10:56:55,128.55,18501265,150,130.05,2028986,5116821,1.0216110019646454,0
2023-07-28 10:56:55,128.55,18501265,3,130.05,2028986,5116821,1.0216110019646454,0
2023-07-28 10:56:55,128.55,18501265,820,130.05,2028986,5116821,1.0216110019646454,0
2023-07-28 10:56:59,128.55,18502444,820,130.05,2030355,5116645,1.0216110019646454,0
2023-07-28 10:56:59,128.55,18502444,11,130.05,2030355,5116645,1.0216110019646454,0
2023-07-28 10:57:01,128.6,18502704,46,130.05,2032077,5118138,1.0609037328094257,0
2023-07-28 10:57:01,128.6,18502704,85,130.05,2032077,5118138,1.0609037328094257,0
2023-07-28 10:57:01,128.6,18502704,6,130.05,2032077,5118138,1.0609037328094257,0
2023-07-28 10:57:05,128.6,18504639,335,130.05,2033712,5116273,1.0609037328094257,0
2023-07-28 10:57:05,128.6,18504639,52,130.05,2033712,5116273,1.0609037328094257,0
2023-07-28 10:57:05,128.6,18504639,150,130.05,2033712,5116273,1.0609037328094257,0
2023-07-28 10:57:07,128.55,18506660,670,130.05,2024959,5119143,1.0216110019646454,0
2023-07-28 10:57:07,128.55,18506660,670,130.05,2024959,5119143,1.0216110019646454,0
2023-07-28 10:57:07,128.6,18506660,6,130.05,2024959,5119143,1.0609037328094257,0
2023-07-28 10:57:10,128.55,18506877,18,130.05,2027815,5123498,1.0216110019646454,0
2023-07-28 10:57:10,128.55,18506877,50,130.05,2027815,5123498,1.0216110019646454,0
2023-07-28 10:57:13,128.6,18507194,194,130.05,2026486,5125202,1.0609037328094257,0
2023-07-28 10:57:13,128.55,18507194,100,130.05,2026486,5125202,1.0216110019646454,0
2023-07-28 10:57:13,128.55,18507194,6,130.05,2026486,5125202,1.0216110019646454,0
2023-07-28 10:57:16,128.6,18507671,10,130.05,2027480,5125075,1.0609037328094257,0
2023-07-28 10:57:16,128.6,18507671,24,130.05,2027480,5125075,1.0609037328094257,0
2023-07-28 10:57:16,128.6,18507671,18,130.05,2027480,5125075,1.0609037328094257,0
2023-07-28 10:57:18,128.55,18509941,100,130.05,2032984,5124253,1.0216110019646454,0
2023-07-28 10:57:18,128.6,18509941,50,130.05,2032984,5124253,1.0609037328094257,0
2023-07-28 10:57:18,128.55,18509941,16,130.05,2032984,5124253,1.0216110019646454,0
2023-07-28 10:57:21,128.6,18511735,6,130.05,2025736,5126675,1.0609037328094257,0
2023-07-28 10:57:21,128.55,18511735,610,130.05,2025736,5126675,1.0216110019646454,0
2023-07-28 10:57:21,128.55,18511735,250,130.05,2025736,5126675,1.0216110019646454,0
2023-07-28 10:57:24,128.6,18512787,72,130.05,2023866,5129356,1.0609037328094257,0
2023-07-28 10:57:24,128.55,18512787,11,130.05,2023866,5129356,1.0216110019646454,0
2023-07-28 10:57:24,128.6,18512787,174,130.05,2023866,5129356,1.0609037328094257,0
2023-07-28 10:57:27,128.55,18513554,6,130.05,2026104,5126325,1.0216110019646454,0
2023-07-28 10:57:27,128.6,18513554,500,130.05,2026104,5126325,1.0609037328094257,0
2023-07-28 10:57:27,128.6,18513554,55,130.05,2026104,5126325,1.0609037328094257,0
2023-07-28 10:57:30,128.55,18514352,11,130.05,2028493,5125880,1.0216110019646454,0
2023-07-28 10:57:30,128.6,18514352,77,130.05,2028493,5125880,1.0609037328094257,0
2023-07-28 10:57:32,128.6,18514679,6,130.05,2034067,5121479,1.0609037328094257,0
2023-07-28 10:57:32,128.55,18514679,200,130.05,2034067,5121479,1.0216110019646454,0
2023-07-28 10:57:35,128.6,18515123,176,130.05,2033506,5122946,1.0609037328094257,0
2023-07-28 10:57:35,128.55,18515123,250,130.05,2033506,5122946,1.0216110019646454,0
2023-07-28 10:57:35,128.55,18515123,89,130.05,2033506,5122946,1.0216110019646454,0
2023-07-28 10:57:38,128.55,18516883,51,130.05,2032546,5121763,1.0216110019646454,0
2023-07-28 10:57:38,128.55,18516883,174,130.05,2032546,5121763,1.0216110019646454,0
2023-07-28 10:57:38,128.55,18516883,11,130.05,2032546,5121763,1.0216110019646454,0
2023-07-28 10:57:40,128.55,18518663,11,130.05,2030486,5122838,1.0216110019646454,0
2023-07-28 10:57:40,128.6,18518663,3,130.05,2030486,5122838,1.0609037328094257,0
2023-07-28 10:57:43,128.55,18518836,4,130.05,2030451,5123940,1.0216110019646454,0
2023-07-28 10:57:43,128.55,18518836,100,130.05,2030451,5123940,1.0216110019646454,0
2023-07-28 10:57:45,128.55,18519115,100,130.05,2026607,5126248,1.0216110019646454,0
2023-07-28 10:57:45,128.6,18519115,558,130.05,2026607,5126248,1.0609037328094257,0
2023-07-28 10:57:45,128.6,18519115,8,130.05,2026607,5126248,1.0609037328094257,0
2023-07-28 10:57:45,128.6,18519115,200,130.05,2026607,5126248,1.0609037328094257,0
2023-07-28 10:57:49,128.6,18520818,200,130.05,2030484,5121695,1.0609037328094257,0
2023-07-28 10:57:49,128.6,18520818,190,130.05,2030484,5121695,1.0609037328094257,0
2023-07-28 10:57:49,128.55,18520818,318,130.05,2030484,5121695,1.0216110019646454,0
2023-07-28 10:57:51,128.55,18527468,6,130.05,2134636,5122924,1.0216110019646454,0
2023-07-28 10:57:51,128.6,18527468,327,130.05,2134636,5122924,1.0609037328094257,0
2023-07-28 10:57:51,128.55,18527468,300,130.05,2134636,5122924,1.0216110019646454,0
2023-07-28 10:57:54,128.6,18529577,49,130.05,2020739,5123044,1.0609037328094257,0
2023-07-28 10:57:54,128.55,18529577,800,130.05,2020739,5123044,1.0216110019646454,0
2023-07-28 10:57:57,128.55,18536441,35,130.05,2021124,5113101,1.0216110019646454,0
2023-07-28 10:57:57,128.55,18536441,1,130.05,2021124,5113101,1.0216110019646454,0
2023-07-28 10:57:57,128.4,18536441,200,130.05,2021124,5113101,0.9037328094302599,0
2023-07-28 10:57:59,128.4,18609067,150,130.04,1947265,5120388,0.9037328094302599,0
2023-07-28 10:57:59,128.45,18609067,1,130.04,1947265,5120388,0.9430255402750402,0
2023-07-28 10:58:02,128.4,18610649,6,130.04,1949158,5142445,0.9037328094302599,0
2023-07-28 10:58:02,128.35,18610649,6,130.04,1949158,5142445,0.8644400785854572,0
2023-07-28 10:58:02,128.35,18610649,268,130.04,1949158,5142445,0.8644400785854572,0
2023-07-28 10:58:02,128.4,18610649,100,130.04,1949158,5142445,0.9037328094302599,0
2023-07-28 10:58:02,128.4,18610649,3589,130.04,1949158,5142445,0.9037328094302599,0
2023-07-28 10:58:07,128.4,18620263,1,130.04,1878746,5119591,0.9037328094302599,0
2023-07-28 10:58:07,128.4,18620263,203,130.04,1878746,5119591,0.9037328094302599,0
2023-07-28 10:58:07,128.4,18620263,118,130.04,1878746,5119591,0.9037328094302599,0
2023-07-28 10:58:10,128.4,18620733,31,130.04,1945679,5129486,0.9037328094302599,0
2023-07-28 10:58:10,128.4,18620733,31,130.04,1945679,5129486,0.9037328094302599,0
2023-07-28 10:58:10,128.4,18620733,4,130.04,1945679,5129486,0.9037328094302599,0
2023-07-28 10:58:13,128.35,18621228,2,130.04,1947167,5125324,0.8644400785854572,0
2023-07-28 10:58:13,128.35,18621228,192,130.04,1947167,5125324,0.8644400785854572,0
2023-07-28 10:58:13,128.35,18621228,1,130.04,1947167,5125324,0.8644400785854572,0
2023-07-28 10:58:15,128.3,18636373,125,130.04,1901853,5139367,0.8251473477406769,0
2023-07-28 10:58:15,128.35,18636373,787,130.04,1901853,5139367,0.8644400785854572,0
2023-07-28 10:58:15,128.4,18636373,1090,130.04,1901853,5139367,0.9037328094302599,0
2023-07-28 10:58:18,128.3,18642327,3,130.04,1911557,5125367,0.8251473477406769,0
2023-07-28 10:58:18,128.3,18642327,86,130.04,1911557,5125367,0.8251473477406769,0
2023-07-28 10:58:21,128.3,18645056,80,130.04,1907689,5125955,0.8251473477406769,0
2023-07-28 10:58:21,128.3,18645056,80,130.04,1907689,5125955,0.8251473477406769,0
2023-07-28 10:58:21,128.35,18645056,9,130.04,1907689,5125955,0.8644400785854572,0
2023-07-28 10:58:23,128.35,18646072,45,130.04,1903848,5127138,0.8644400785854572,0
2023-07-28 10:58:23,128.35,18646072,500,130.04,1903848,5127138,0.8644400785854572,0
2023-07-28 10:58:26,128.3,18650269,67,130.04,1896887,5127224,0.8251473477406769,0
2023-07-28 10:58:26,128.3,18650269,100,130.04,1896887,5127224,0.8251473477406769,0
2023-07-28 10:58:26,128.35,18650269,1,130.04,1896887,5127224,0.8644400785854572,0
2023-07-28 10:58:28,128.35,18650485,1,130.04,1897708,5127757,0.8644400785854572,0
2023-07-28 10:58:28,128.35,18650485,1,130.04,1897708,5127757,0.8644400785854572,0
2023-07-28 10:58:28,128.35,18650485,1,130.04,1897708,5127757,0.8644400785854572,0
2023-07-28 10:58:31,128.35,18655759,9,130.04,1894359,5138330,0.8644400785854572,0
2023-07-28 10:58:31,128.3,18655759,5,130.04,1894359,5138330,0.8251473477406769,0
2023-07-28 10:58:31,128.35,18655759,50,130.04,1894359,5138330,0.8644400785854572,0
2023-07-28 10:58:31,128.35,18655759,91,130.04,1894359,5138330,0.8644400785854572,0
2023-07-28 10:58:31,128.3,18655759,70,130.04,1894359,5138330,0.8251473477406769,0
2023-07-28 10:58:37,128.35,18668942,61,130.04,1919877,5120250,0.8644400785854572,0
2023-07-28 10:58:39,128.4,18670321,50,130.04,1923312,5121974,0.9037328094302599,0
2023-07-28 10:58:39,128.4,18670321,50,130.04,1923312,5121974,0.9037328094302599,0
2023-07-28 10:58:39,128.4,18670321,50,130.04,1923312,5121974,0.9037328094302599,0
2023-07-28 10:58:39,128.3,18670321,86,130.04,1923312,5121974,0.8251473477406769,0
2023-07-28 10:58:42,128.35,18672133,50,130.04,1917460,5130207,0.8644400785854572,0
2023-07-28 10:58:42,128.3,18672133,40,130.04,1917460,5130207,0.8251473477406769,0
2023-07-28 10:58:45,128.3,18673142,280,130.04,1918818,5125580,0.8251473477406769,0
2023-07-28 10:58:45,128.3,18673142,11,130.04,1918818,5125580,0.8251473477406769,0
2023-07-28 10:58:45,128.35,18673142,842,130.04,1918818,5125580,0.8644400785854572,0
2023-07-28 10:58:47,128.35,18675212,25,130.04,1923927,5123158,0.8644400785854572,0
2023-07-28 10:58:47,128.35,18675212,1,130.04,1923927,5123158,0.8644400785854572,0
2023-07-28 10:58:47,128.35,18675212,1,130.04,1923927,5123158,0.8644400785854572,0
2023-07-28 10:58:47,128.3,18675212,11,130.04,1923927,5123158,0.8251473477406769,0
2023-07-28 10:58:47,128.3,18675212,500,130.04,1923927,5123158,0.8251473477406769,0
2023-07-28 10:58:53,128.3,18676869,81,130.04,1915654,5140998,0.8251473477406769,0
2023-07-28 10:58:53,128.35,18676869,500,130.04,1915654,5140998,0.8644400785854572,0
2023-07-28 10:58:53,128.3,18676869,100,130.04,1915654,5140998,0.8251473477406769,0
2023-07-28 10:58:55,128.3,18680743,11,130.04,1923816,5131120,0.8251473477406769,0
2023-07-28 10:58:55,128.35,18680743,2392,130.04,1923816,5131120,0.8644400785854572,0
2023-07-28 10:58:55,128.3,18680743,300,130.04,1923816,5131120,0.8251473477406769,0
2023-07-28 10:58:58,128.3,18691197,10,130.04,1913142,5131864,0.8251473477406769,0
2023-07-28 10:58:58,128.35,18691197,800,130.04,1913142,5131864,0.8644400785854572,0
2023-07-28 10:58:58,128.35,18691197,1000,130.04,1913142,5131864,0.8644400785854572,0
2023-07-28 10:59:01,128.35,18694073,160,130.04,1917959,5129520,0.8644400785854572,0
2023-07-28 10:59:01,128.35,18694073,5,130.04,1917959,5129520,0.8644400785854572,0
2023-07-28 10:59:01,128.3,18694073,1000,130.04,1917959,5129520,0.8251473477406769,0
2023-07-28 10:59:03,128.3,18697150,230,130.04,1919756,5133353,0.8251473477406769,0
2023-07-28 10:59:03,128.4,18697150,30,130.04,1919756,5133353,0.9037328094302599,0
2023-07-28 10:59:05,128.4,18702318,2,130.04,1928583,5122735,0.9037328094302599,0
2023-07-28 10:59:06,128.3,18702425,1,130.04,1940718,5122614,0.8251473477406769,0
2023-07-28 10:59:07,128.3,18703434,609,130.03,1939709,5123471,0.8251473477406769,0
2023-07-28 10:59:08,128.35,18703734,300,130.03,1939607,5123211,0.8644400785854572,0
2023-07-28 10:59:10,128.4,18704093,72,130.03,1946567,5110317,0.9037328094302599,0
2023-07-28 10:59:11,128.35,18705816,237,130.03,1938332,5114383,0.8644400785854572,0
2023-07-28 10:59:11,128.35,18705816,237,130.03,1938332,5114383,0.8644400785854572,0
2023-07-28 10:59:12,128.3,18709915,3845,130.03,1933791,5118271,0.8251473477406769,0
2023-07-28 10:59:13,128.4,18710140,15,130.03,1941127,5113040,0.9037328094302599,0
2023-07-28 10:59:13,128.4,18710140,6,130.03,1941127,5113040,0.9037328094302599,0
2023-07-28 10:59:14,128.4,18711157,99,130.03,1944044,5113271,0.9037328094302599,0
2023-07-28 10:59:16,128.3,18711368,11,130.03,1944631,5096410,0.8251473477406769,0
2023-07-28 10:59:16,128.4,18712883,841,130.03,1948168,5105935,0.9037328094302599,0
2023-07-28 10:59:17,128.3,18725403,5035,130.03,1930609,5112209,0.8251473477406769,0
2023-07-28 10:59:18,128.35,18725524,21,130.03,1937435,5110476,0.8644400785854572,0
2023-07-28 10:59:19,128.5,18743770,98,130.03,1953695,5078901,0.9823182711198428,0
2023-07-28 10:59:20,128.45,18744781,11,130.03,1945077,5088056,0.9430255402750402,0
2023-07-28 10:59:21,128.4,18744847,6,130.03,1945040,5091347,0.9037328094302599,0
2023-07-28 10:59:21,128.4,18744847,6,130.03,1945040,5091347,0.9037328094302599,0
2023-07-28 10:59:22,128.45,18745427,430,130.03,1947459,5091463,0.9430255402750402,0
2023-07-28 10:59:22,128.45,18745427,430,130.03,1947459,5091463,0.9430255402750402,0
2023-07-28 10:59:23,128.45,18745442,100,130.03,1948486,5091444,0.9430255402750402,0
2023-07-28 10:59:24,128.45,18745661,79,130.03,1921534,5085031,0.9430255402750402,0
2023-07-28 10:59:24,128.45,18745661,79,130.03,1921534,5085031,0.9430255402750402,0
2023-07-28 10:59:25,128.45,18746202,10,130.03,1947609,5082166,0.9430255402750402,0
2023-07-28 10:59:25,128.45,18746202,10,130.03,1947609,5082166,0.9430255402750402,0
2023-07-28 10:59:27,128.45,18747435,160,130.03,1952106,5083354,0.9430255402750402,0
2023-07-28 10:59:27,128.5,18747435,2,130.03,1952106,5083354,0.9823182711198428,0
2023-07-28 10:59:28,128.5,18747650,6,130.03,1946121,5091989,0.9823182711198428,0
2023-07-28 10:59:28,128.5,18747650,45,130.03,1946121,5091989,0.9823182711198428,0
2023-07-28 10:59:29,128.5,18747756,50,130.03,1948244,5086611,0.9823182711198428,0
2023-07-28 10:59:30,128.45,18747768,12,130.03,1948230,5086611,0.9430255402750402,0
2023-07-28 10:59:31,128.5,18748017,249,130.03,1954662,5083520,0.9823182711198428,0
2023-07-28 10:59:31,128.5,18748017,249,130.03,1954662,5083520,0.9823182711198428,0
2023-07-28 10:59:32,128.5,18748067,50,130.03,1955412,5083470,0.9823182711198428,0
2023-07-28 10:59:33,128.55,18750567,1186,130.03,1955714,5083196,1.0216110019646454,0
2023-07-28 10:59:34,128.55,18751342,396,130.03,1951777,5088810,1.0216110019646454,0
2023-07-28 10:59:34,128.55,18751342,39,130.03,1951777,5088810,1.0216110019646454,0
2023-07-28 10:59:35,128.55,18751538,12,130.03,1953212,5088631,1.0216110019646454,0
2023-07-28 10:59:36,128.45,18751778,222,130.03,1954806,5089004,0.9430255402750402,0
2023-07-28 10:59:37,128.45,18752114,336,130.03,1955319,5088171,0.9430255402750402,0
2023-07-28 10:59:38,128.5,18752722,77,130.03,1947036,5090539,0.9823182711198428,0
2023-07-28 10:59:40,128.4,18754026,242,130.03,1946594,5094334,0.9037328094302599,0
2023-07-28 10:59:41,128.5,18754410,287,130.03,1946633,5094961,0.9823182711198428,0
2023-07-28 10:59:41,128.5,18754485,69,130.03,1946971,5095450,0.9823182711198428,0
2023-07-28 10:59:42,128.5,18754613,6,130.03,1951135,5088243,0.9823182711198428,0
2023-07-28 10:59:42,128.5,18754613,6,130.03,1955552,5081134,0.9823182711198428,0
2023-07-28 10:59:44,128.5,18754628,15,130.03,1956664,5080820,0.9823182711198428,0
2023-07-28 10:59:44,128.45,18754628,20,130.03,1956664,5080820,0.9430255402750402,0
2023-07-28 10:59:46,128.5,18761668,1,130.03,1957124,5081981,0.9823182711198428,0
2023-07-28 10:59:47,128.45,18763270,120,130.03,1958271,5084206,0.9430255402750402,0
2023-07-28 10:59:48,128.55,18763641,181,130.03,1956473,5088609,1.0216110019646454,0
2023-07-28 10:59:49,128.5,18763652,1,130.03,1918303,5088609,0.9823182711198428,0
2023-07-28 10:59:50,128.5,18763730,48,130.03,1927550,5088580,0.9823182711198428,0
2023-07-28 10:59:50,128.5,18763730,11,130.03,1927550,5088580,0.9823182711198428,0
2023-07-28 10:59:51,128.55,18763796,5,130.03,1927540,5085486,1.0216110019646454,0
2023-07-28 10:59:51,128.55,18763796,5,130.03,1927540,5085486,1.0216110019646454,0
2023-07-28 10:59:52,128.5,18763930,30,130.03,1925593,5084876,0.9823182711198428,0
2023-07-28 10:59:52,128.5,18763930,30,130.03,1925593,5084876,0.9823182711198428,0
2023-07-28 10:59:52,128.5,18763930,30,130.03,1954473,5093252,0.9823182711198428,0
2023-07-28 10:59:54,128.45,18765766,100,130.03,1951995,5090558,0.9430255402750402,0
2023-07-28 10:59:54,128.45,18765766,11,130.03,1951995,5090558,0.9430255402750402,0
2023-07-28 10:59:56,128.45,18765877,50,130.03,1952602,5090086,0.9430255402750402,0
2023-07-28 10:59:57,128.5,18765883,6,130.03,1952625,5090080,0.9823182711198428,0
2023-07-28 10:59:57,128.5,18765883,16,130.03,1952625,5090080,0.9823182711198428,0
2023-07-28 10:59:58,128.5,18766003,16,130.03,1952745,5090072,0.9823182711198428,0
2023-07-28 10:59:58,128.5,18767279,186,130.03,1942361,5105052,0.9823182711198428,0
2023-07-28 11:00:00,128.5,18767280,328,130.03,1945527,5104505,0.9823182711198428,0
2023-07-28 11:00:00,128.45,18767280,11,130.03,1945527,5104505,0.9430255402750402,0
2023-07-28 11:00:01,128.5,18767694,1,130.03,1953702,5090225,0.9823182711198428,0
2023-07-28 11:00:01,128.55,18767963,64,130.03,1956063,5094188,1.0216110019646454,0
2023-07-28 11:00:03,128.55,18767976,1,130.03,1956346,5095787,1.0216110019646454,0
2023-07-28 11:00:04,128.55,18768295,12,130.03,1970430,5092917,1.0216110019646454,0
2023-07-28 11:00:05,128.45,18768312,1,130.03,1970429,5092901,0.9430255402750402,0
2023-07-28 11:00:05,128.55,18768312,1,130.03,1970429,5092901,1.0216110019646454,0
2023-07-28 11:00:07,128.55,18768344,20,130.03,1975616,5095610,1.0216110019646454,0
2023-07-28 11:00:08,128.55,18769353,250,130.03,1979183,5093543,1.0216110019646454,0
2023-07-28 11:00:08,128.55,18769404,51,130.03,1984096,5089352,1.0216110019646454,0
2023-07-28 11:00:09,128.55,18769556,150,130.03,1983515,5088778,1.0216110019646454,0
2023-07-28 11:00:11,128.5,18770150,350,130.03,1980011,5087591,0.9823182711198428,0
2023-07-28 11:00:11,128.55,18770150,7,130.03,1980011,5087591,1.0216110019646454,0
2023-07-28 11:00:11,128.55,18770187,7,130.03,1981352,5100242,1.0216110019646454,0
2023-07-28 11:00:12,128.55,18770188,1,130.03,1981357,5100441,1.0216110019646454,0
2023-07-28 11:00:14,128.55,18770236,15,130.03,1980371,5102323,1.0216110019646454,0
2023-07-28 11:00:15,128.55,18775355,74,130.03,1978990,5094509,1.0216110019646454,0
2023-07-28 11:00:15,128.6,18779236,289,130.03,1984689,5078151,1.0609037328094257,0
2023-07-28 11:00:15,128.6,18779236,390,130.03,1984689,5078151,1.0609037328094257,0
2023-07-28 11:00:17,128.6,18781076,85,130.03,1999174,5080723,1.0609037328094257,0
2023-07-28 11:00:18,128.6,18781184,6,130.03,1996855,5081811,1.0609037328094257,0
2023-07-28 11:00:19,128.6,18781190,1,130.03,1978953,5083341,1.0609037328094257,0
2023-07-28 11:00:20,128.6,18781202,8,130.03,2000217,5084683,1.0609037328094257,0
2023-07-28 11:00:21,128.55,18783592,281,130.03,2001093,5083632,1.0216110019646454,0
2023-07-28 11:00:23,128.55,18784251,50,130.03,2001828,5083632,1.0216110019646454,0
2023-07-28 11:00:23,128.55,18784251,50,130.03,2001828,5083632,1.0216110019646454,0
2023-07-28 11:00:23,128.55,18784251,6,130.03,2001828,5083632,1.0216110019646454,0
2023-07-28 11:00:25,128.55,18784268,11,130.03,2001192,5084509,1.0216110019646454,0
2023-07-28 11:00:26,128.6,18784319,50,130.03,2001216,5084459,1.0609037328094257,0
2023-07-28 11:00:27,128.55,18784324,5,130.03,1997531,5085888,1.0216110019646454,0
2023-07-28 11:00:28,128.55,18785524,3,130.03,2000936,5081958,1.0216110019646454,0
2023-07-28 11:00:28,128.6,18785524,50,130.03,2000936,5081958,1.0609037328094257,0
2023-07-28 11:00:30,128.55,18785585,11,130.03,1968897,5083731,1.0216110019646454,0
2023-07-28 11:00:30,128.55,18785585,11,130.03,1970089,5083731,1.0216110019646454,0
2023-07-28 11:00:31,128.6,18786383,248,130.03,1998076,5083148,1.0609037328094257,0
2023-07-28 11:00:31,128.6,18786383,248,130.03,1998076,5083148,1.0609037328094257,0
2023-07-28 11:00:31,128.6,18786383,248,130.03,1995591,5085336,1.0609037328094257,0
2023-07-28 11:00:31,128.55,18786383,41,130.03,1995591,5085336,1.0216110019646454,0
2023-07-28 11:00:34,128.6,18786874,299,130.03,2000360,5083060,1.0609037328094257,0
2023-07-28 11:00:36,128.6,18787183,100,130.03,1991469,5093607,1.0609037328094257,0
2023-07-28 11:00:36,128.6,18787183,150,130.03,1991469,5093607,1.0609037328094257,0
2023-07-28 11:00:37,128.55,18787943,241,130.03,1988861,5093457,1.0216110019646454,0
2023-07-28 11:00:37,128.6,18787943,100,130.03,1988861,5093457,1.0609037328094257,0
2023-07-28 11:00:38,128.6,18788322,100,130.03,1991471,5091286,1.0609037328094257,0
2023-07-28 11:00:39,128.6,18788512,144,130.03,1993103,5091672,1.0609037328094257,0
2023-07-28 11:00:41,128.6,18788624,100,130.03,1993369,5092969,1.0609037328094257,0
2023-07-28 11:00:41,128.6,18788624,10,130.03,1993369,5092969,1.0609037328094257,0
2023-07-28 11:00:42,128.6,18788640,6,130.03,2002658,5084943,1.0609037328094257,0
2023-07-28 11:00:42,128.6,18788640,6,130.03,2002872,5084444,1.0609037328094257,0
2023-07-28 11:00:42,128.6,18788640,50,130.03,2002872,5084444,1.0609037328094257,0
2023-07-28 11:00:44,128.6,18788690,50,130.03,2002882,5084953,1.0609037328094257,0
2023-07-28 11:00:45,128.55,18788701,1,130.03,1996534,5091013,1.0216110019646454,0
2023-07-28 11:00:46,128.6,18790178,168,130.03,2006881,5099240,1.0609037328094257,0
2023-07-28 11:00:46,128.55,18790178,2,130.03,2006881,5099240,1.0216110019646454,0
2023-07-28 11:00:48,128.55,18790180,2,130.03,2006831,5099750,1.0216110019646454,0
2023-07-28 11:00:48,128.6,18790180,3,130.03,2006831,5099750,1.0609037328094257,0
2023-07-28 11:00:49,128.55,18790191,6,130.03,2006362,5100708,1.0216110019646454,0
2023-07-28 11:00:50,128.55,18790308,11,130.03,1993470,5115890,1.0216110019646454,0
2023-07-28 11:00:51,128.6,18790325,6,130.03,1992614,5118316,1.0609037328094257,0
2023-07-28 11:00:51,128.55,18790325,609,130.03,1992614,5118316,1.0216110019646454,0
2023-07-28 11:00:53,128.6,18790935,52,130.03,1993050,5117100,1.0609037328094257,0
2023-07-28 11:00:53,128.6,18790987,52,130.03,1994617,5115081,1.0609037328094257,0
2023-07-28 11:00:55,128.55,18791000,2,130.03,1997662,5113619,1.0216110019646454,0
2023-07-28 11:00:55,128.55,18791000,2,130.03,1997662,5113619,1.0216110019646454,0
2023-07-28 11:00:56,128.55,18798529,2,130.03,2009783,5092747,1.0216110019646454,0
2023-07-28 11:00:57,128.6,18799031,500,130.03,2007665,5095584,1.0609037328094257,0
2023-07-28 11:00:57,128.6,18799031,500,130.03,2014618,5097825,1.0609037328094257,0
2023-07-28 11:01:00,128.6,18799226,150,130.03,2013895,5097707,1.0609037328094257,0
2023-07-28 11:01:01,128.6,18799657,474,130.03,2001146,5109192,1.0609037328094257,0
2023-07-28 11:01:01,128.6,18800405,122,130.03,2001685,5106968,1.0609037328094257,0
2023-07-28 11:01:02,128.55,18800605,200,130.03,2001490,5106768,1.0216110019646454,0
2023-07-28 11:01:03,128.6,18801411,300,130.03,2006063,5100368,1.0609037328094257,0
2023-07-28 11:01:04,128.6,18801461,50,130.03,2004424,5101782,1.0609037328094257,0
2023-07-28 11:01:04,128.55,18801461,2,130.03,2004424,5101782,1.0216110019646454,0
2023-07-28 11:01:05,128.55,18801472,2,130.03,2002743,5102411,1.0216110019646454,0
2023-07-28 11:01:05,128.6,18801472,40,130.03,2002743,5102411,1.0609037328094257,0
2023-07-28 11:01:07,128.55,18802736,213,130.03,2001473,5100711,1.0216110019646454,0
2023-07-28 11:01:07,128.55,18802736,280,130.03,2001473,5100711,1.0216110019646454,0
2023-07-28 11:01:08,128.6,18803016,30,130.03,2001969,5103458,1.0609037328094257,0
2023-07-28 11:01:09,128.6,18803048,2,130.03,2000523,5104686,1.0609037328094257,0
2023-07-28 11:01:10,128.65,18806248,200,130.03,2008943,5102553,1.1001964636542285,0
2023-07-28 11:01:10,128.55,18806248,11,130.03,2008943,5102553,1.0216110019646454,0
2023-07-28 11:01:11,128.6,18806934,193,130.03,2007174,5103827,1.0609037328094257,0
2023-07-28 11:01:11,128.6,18806934,193,130.03,2005806,5104739,1.0609037328094257,0
2023-07-28 11:01:11,128.6,18806934,4,130.03,2005806,5104739,1.0609037328094257,0
2023-07-28 11:01:12,128.6,18806939,4,130.03,2005689,5104873,1.0609037328094257,0
2023-07-28 11:01:14,128.55,18816004,65,130.03,1995219,5111219,1.0216110019646454,0
2023-07-28 11:01:15,128.55,18818017,2000,130.03,1988895,5112163,1.0216110019646454,0
2023-07-28 11:01:15,128.55,18818017,71,130.03,1988895,5112163,1.0216110019646454,0
2023-07-28 11:01:15,128.55,18818099,71,130.03,1993262,5108744,1.0216110019646454,0
2023-07-28 11:01:15,128.6,18818099,476,130.03,1993262,5108744,1.0609037328094257,0
2023-07-28 11:01:16,128.6,18819572,476,130.03,1995997,5102295,1.0609037328094257,0
2023-07-28 11:01:16,128.6,18819572,476,130.03,1996916,5102333,1.0609037328094257,0
2023-07-28 11:01:16,128.6,18819572,73,130.03,1998038,5103783,1.0609037328094257,0
2023-07-28 11:01:19,128.6,18819645,73,130.03,1999398,5101931,1.0609037328094257,0
2023-07-28 11:01:19,128.55,18819645,11,130.03,1999398,5101931,1.0216110019646454,0
2023-07-28 11:01:20,128.55,18819656,11,130.03,2005229,5094098,1.0216110019646454,0
2023-07-28 11:01:20,128.6,18819656,200,130.03,2005229,5094098,1.0609037328094257,0
2023-07-28 11:01:23,128.6,18820466,200,130.03,2003130,5098025,1.0609037328094257,0
2023-07-28 11:01:23,128.6,18820466,200,130.03,2003064,5098033,1.0609037328094257,0
2023-07-28 11:01:25,128.6,18820471,1,130.03,2003314,5098028,1.0609037328094257,0
2023-07-28 11:01:25,128.55,18820483,11,130.03,1996617,5106398,1.0216110019646454,0
2023-07-28 11:01:25,128.55,18820483,3,130.03,1996617,5106398,1.0216110019646454,0
2023-07-28 11:01:27,128.55,18820496,3,130.03,1996275,5106388,1.0216110019646454,0
2023-07-28 11:01:27,128.6,18820556,26,130.03,1998893,5106696,1.0609037328094257,0
2023-07-28 11:01:29,128.5,18830556,4987,130.02,1925105,5107311,0.9823182711198428,0
2023-07-28 11:01:30,128.5,18830627,8,130.02,1984532,5103029,0.9823182711198428,0
2023-07-28 11:01:30,128.5,18830627,11,130.02,1984532,5103029,0.9823182711198428,0
2023-07-28 11:01:31,128.6,18830688,50,130.02,1986439,5102961,1.0609037328094257,0
2023-07-28 11:01:31,128.6,18830688,248,130.02,1986439,5102961,1.0609037328094257,0
2023-07-28 11:01:32,128.55,18830942,6,130.02,1986349,5103303,1.0216110019646454,0
2023-07-28 11:01:32,128.55,18830942,6,130.02,1986349,5103303,1.0216110019646454,0
2023-07-28 11:01:32,128.55,18830942,6,130.02,1985699,5104163,1.0216110019646454,0
2023-07-28 11:01:32,128.55,18830942,6,130.02,1985060,5104685,1.0216110019646454,0
2023-07-28 11:01:32,128.6,18830942,40,130.02,1985060,5104685,1.0609037328094257,0
2023-07-28 11:01:37,128.55,18832393,200,130.02,1986370,5101560,1.0216110019646454,0
2023-07-28 11:01:37,128.55,18832393,200,130.02,1990810,5100895,1.0216110019646454,0
2023-07-28 11:01:39,128.55,18832493,100,130.02,1990815,5099996,1.0216110019646454,0
2023-07-28 11:01:40,128.5,18832504,11,130.02,1988724,5097176,0.9823182711198428,0
2023-07-28 11:01:40,128.5,18832504,11,130.02,1984271,5100895,0.9823182711198428,0
2023-07-28 11:01:41,128.5,18833004,431,130.02,1982994,5100895,0.9823182711198428,0
2023-07-28 11:01:41,128.5,18833004,431,130.02,1982996,5100190,0.9823182711198428,0
2023-07-28 11:01:41,128.5,18833004,431,130.02,1983502,5100295,0.9823182711198428,0
2023-07-28 11:01:41,128.6,18833004,106,130.02,1983502,5100295,1.0609037328094257,0
2023-07-28 11:01:41,128.5,18833004,11,130.02,1983502,5100295,0.9823182711198428,0
2023-07-28 11:01:45,128.5,18833245,11,130.02,1983391,5102113,0.9823182711198428,0
2023-07-28 11:01:45,128.6,18833245,224,130.02,1983391,5102113,1.0609037328094257,0
2023-07-28 11:01:46,128.6,18834720,297,130.02,1983366,5102331,1.0609037328094257,0
2023-07-28 11:01:48,128.5,18835123,6,130.02,1983260,5102634,0.9823182711198428,0
2023-07-28 11:01:48,128.5,18835123,6,130.02,1983260,5102634,0.9823182711198428,0
2023-07-28 11:01:48,128.6,18835123,2,130.02,1983258,5104494,1.0609037328094257,0
2023-07-28 11:01:50,128.5,18835536,400,130.02,1982848,5104492,0.9823182711198428,0
2023-07-28 11:01:52,128.6,18835575,39,130.02,1982848,5108629,1.0609037328094257,0
2023-07-28 11:01:53,128.55,18836382,500,130.02,1951450,5108872,1.0216110019646454,0
2023-07-28 11:01:54,128.6,18837490,58,130.02,1980477,5108812,1.0609037328094257,0
2023-07-28 11:01:54,128.6,18837490,58,130.02,1981900,5108152,1.0609037328094257,0
2023-07-28 11:01:55,128.5,18837501,11,130.02,1986521,5105229,0.9823182711198428,0
2023-07-28 11:01:55,128.5,18837501,11,130.02,2002826,5110231,0.9823182711198428,0
2023-07-28 11:01:55,128.55,18837501,10,130.02,2002826,5110231,1.0216110019646454,0
2023-07-28 11:01:57,128.55,18837511,10,130.02,2002585,5110371,1.0216110019646454,0
2023-07-28 11:01:57,128.55,18837511,10,130.02,2001964,5112036,1.0216110019646454,0
2023-07-28 11:01:57,128.55,18837511,6,130.02,2001964,5112036,1.0216110019646454,0
2023-07-28 11:01:59,128.5,18837567,35,130.02,2001900,5112010,0.9823182711198428,0
2023-07-28 11:01:59,128.55,18837567,32,130.02,2001900,5112010,1.0216110019646454,0
2023-07-28 11:02:02,128.55,18838925,250,130.02,2002398,5109595,1.0216110019646454,0
2023-07-28 11:02:02,128.5,18838925,40,130.02,2002880,5109596,0.9823182711198428,0
2023-07-28 11:02:03,128.6,18846065,100,130.02,2004317,5103313,1.0609037328094257,0
2023-07-28 11:02:05,128.6,18846515,100,130.02,2002579,5104519,1.0609037328094257,0
2023-07-28 11:02:05,128.6,18846515,12,130.02,2002579,5104519,1.0609037328094257,0
2023-07-28 11:02:05,128.6,18846538,12,130.02,2002453,5106160,1.0609037328094257,0
2023-07-28 11:02:06,128.6,18846762,105,130.02,2002425,5105937,1.0609037328094257,0
2023-07-28 11:02:07,128.5,18847227,1,130.02,1972339,5105333,0.9823182711198428,0
2023-07-28 11:02:07,128.6,18847227,185,130.02,2004387,5105293,1.0609037328094257,0
2023-07-28 11:02:10,128.5,18847763,6,130.02,2000017,5106356,0.9823182711198428,0
2023-07-28 11:02:10,128.5,18847774,11,130.02,2005006,5108656,0.9823182711198428,0
2023-07-28 11:02:12,128.6,18848805,31,130.02,2006940,5107880,1.0609037328094257,0
2023-07-28 11:02:12,128.6,18848805,40,130.02,2006940,5107880,1.0609037328094257,0
2023-07-28 11:02:13,128.6,18848895,50,130.02,2008360,5106424,1.0609037328094257,0
2023-07-28 11:02:14,128.5,18849015,20,130.02,2008260,5106424,0.9823182711198428,0
2023-07-28 11:02:14,128.5,18849015,400,130.02,2008260,5106424,0.9823182711198428,0
2023-07-28 11:02:15,128.5,18850029,11,130.02,2009049,5106421,0.9823182711198428,0
2023-07-28 11:02:15,128.5,18850029,11,130.02,2009049,5106421,0.9823182711198428,0
2023-07-28 11:02:15,128.6,18850029,293,130.02,2009049,5106421,1.0609037328094257,0
2023-07-28 11:02:17,128.6,18851577,75,130.02,2007049,5107526,1.0609037328094257,0
2023-07-28 11:02:18,128.5,18851877,300,130.02,2008993,5106821,0.9823182711198428,0
2023-07-28 11:02:20,128.6,18851900,20,130.02,2009192,5107018,1.0609037328094257,0
2023-07-28 11:02:20,128.5,18851900,100,130.02,2009192,5107018,0.9823182711198428,0
2023-07-28 11:02:21,128.5,18852037,100,130.02,2007837,5107526,0.9823182711198428,0
2023-07-28 11:02:21,128.6,18852037,755,130.02,2007837,5107526,1.0609037328094257,0
2023-07-28 11:02:21,128.6,18854037,755,130.02,2008180,5106170,1.0609037328094257,0
2023-07-28 11:02:21,128.55,18854037,401,130.02,2008180,5106170,1.0216110019646454,0
2023-07-28 11:02:23,128.6,18854800,129,130.02,2006709,5107942,1.0609037328094257,0
2023-07-28 11:02:25,128.6,18856865,15,130.02,2006753,5108127,1.0609037328094257,0
2023-07-28 11:02:25,128.6,18856865,15,130.02,2006753,5108127,1.0609037328094257,0
2023-07-28 11:02:25,128.5,18856977,100,130.02,2006643,5109374,0.9823182711198428,0
2023-07-28 11:02:25,128.5,18856977,100,130.02,2006643,5109374,0.9823182711198428,0
2023-07-28 11:02:25,128.5,18856977,250,130.02,2006801,5109374,0.9823182711198428,0
2023-07-28 11:02:27,128.6,18857317,90,130.02,2007165,5108737,1.0609037328094257,0
2023-07-28 11:02:27,128.6,18857317,386,130.02,2007165,5108737,1.0609037328094257,0
2023-07-28 11:02:29,128.5,18857904,89,130.02,2010074,5110322,0.9823182711198428,0
2023-07-28 11:02:29,128.5,18857904,89,130.02,2010274,5110322,0.9823182711198428,0
2023-07-28 11:02:31,128.5,18858263,100,130.02,2010638,5110196,0.9823182711198428,0
2023-07-28 11:02:31,128.5,18858263,100,130.02,2010638,5110196,0.9823182711198428,0
2023-07-28 11:02:32,128.5,18858269,6,130.02,2009182,5110196,0.9823182711198428,0
2023-07-28 11:02:32,128.6,18858269,15,130.02,2009182,5110196,1.0609037328094257,0
2023-07-28 11:02:34,128.6,18858286,2,130.02,2010729,5110224,1.0609037328094257,0
2023-07-28 11:02:34,128.6,18858286,2,130.02,2010729,5110224,1.0609037328094257,0
2023-07-28 11:02:36,128.5,18859297,339,130.02,2008992,5111513,0.9823182711198428,0
2023-07-28 11:02:36,128.5,18859309,12,130.02,2009480,5111513,0.9823182711198428,0
2023-07-28 11:02:38,128.55,18859510,1,130.02,2008031,5112058,1.0216110019646454,0
2023-07-28 11:02:38,128.55,18859510,1,130.02,2009481,5112007,1.0216110019646454,0
2023-07-28 11:02:38,128.55,18859510,5,130.02,2009477,5112007,1.0216110019646454,0
2023-07-28 11:02:41,128.5,18859626,100,130.02,2009518,5113830,0.9823182711198428,0
2023-07-28 11:02:42,128.55,18859686,1,130.02,2009543,5113930,1.0216110019646454,0
2023-07-28 11:02:42,128.55,18859686,1,130.02,2009543,5113930,1.0216110019646454,0
2023-07-28 11:02:42,128.55,18859688,1,130.02,2009793,5114428,1.0216110019646454,0
2023-07-28 11:02:44,128.55,18859738,50,130.02,2009793,5114373,1.0216110019646454,0
2023-07-28 11:02:45,128.5,18859749,11,130.02,2009782,5114373,0.9823182711198428,0
2023-07-28 11:02:45,128.5,18859749,11,130.02,2009812,5114373,0.9823182711198428,0
2023-07-28 11:02:45,128.6,18859749,234,130.02,2009812,5114373,1.0609037328094257,0
2023-07-28 11:02:46,128.6,18861303,234,130.02,2011543,5112374,1.0609037328094257,0
2023-07-28 11:02:48,128.5,18861473,170,130.02,2011423,5114074,0.9823182711198428,0
2023-07-28 11:02:48,128.5,18861473,170,130.02,2011423,5114074,0.9823182711198428,0
2023-07-28 11:02:48,128.5,18861473,25,130.02,2011423,5114074,0.9823182711198428,0
2023-07-28 11:02:50,128.5,18861522,11,130.02,2007702,5115712,0.9823182711198428,0
2023-07-28 11:02:51,128.55,18861523,1,130.02,2008154,5116168,1.0216110019646454,0
2023-07-28 11:02:53,128.6,18862351,200,130.02,2007545,5115946,1.0609037328094257,0
2023-07-28 11:02:54,128.6,18862394,39,130.02,2020998,5109771,1.0609037328094257,0
2023-07-28 11:02:54,128.5,18862506,112,130.02,2020886,5109772,0.9823182711198428,0
2023-07-28 11:02:54,128.5,18862506,80,130.02,2020886,5109772,0.9823182711198428,0
2023-07-28 11:02:56,128.6,18862599,2,130.02,2020795,5111876,1.0609037328094257,0
2023-07-28 11:02:56,128.6,18862599,2,130.02,1987493,5114826,1.0609037328094257,0
2023-07-28 11:02:56,128.6,18862599,1,130.02,1987493,5114826,1.0609037328094257,0
2023-07-28 11:02:56,128.6,18862599,22,130.02,1987493,5114826,1.0609037328094257,0
2023-07-28 11:02:58,128.6,18862622,22,130.02,2013489,5113491,1.0609037328094257,0
2023-07-28 11:03:00,128.55,18862733,11,130.02,2014297,5114117,1.0216110019646454,0
2023-07-28 11:03:00,128.55,18862733,11,130.02,2014297,5114117,1.0216110019646454,0
2023-07-28 11:03:01,128.6,18863325,50,130.02,2016740,5110586,1.0609037328094257,0
2023-07-28 11:03:02,128.55,18864583,224,130.02,2018666,5110592,1.0216110019646454,0
2023-07-28 11:03:03,128.6,18864693,10,130.02,2019992,5109894,1.0609037328094257,0
2023-07-28 11:03:04,128.6,18864731,38,130.02,2018351,5107510,1.0609037328094257,0
2023-07-28 11:03:05,128.6,18864743,1,130.02,2025465,5103537,1.0609037328094257,0
2023-07-28 11:03:07,128.6,18866354,2,130.02,2024089,5105882,1.0609037328094257,0
2023-07-28 11:03:07,128.6,18866354,20,130.02,2024089,5105882,1.0609037328094257,0
2023-07-28 11:03:07,128.55,18866354,30,130.02,2024089,5105882,1.0216110019646454,0
2023-07-28 11:03:10,128.55,18866536,11,130.02,2026131,5105512,1.0216110019646454,0
2023-07-28 11:03:10,128.55,18866536,1,130.02,2026131,5105512,1.0216110019646454,0
2023-07-28 11:03:11,128.6,18866537,22,130.02,2026522,5106622,1.0609037328094257,0
2023-07-28 11:03:11,128.55,18866537,50,130.02,2026522,5106622,1.0216110019646454,0
2023-07-28 11:03:11,128.55,18866537,10,130.02,2026522,5106622,1.0216110019646454,0
2023-07-28 11:03:15,128.55,18866995,11,130.02,2024254,5106852,1.0216110019646454,0
2023-07-28 11:03:15,128.6,18866995,327,130.02,2024254,5106852,1.0609037328094257,0
2023-07-28 11:03:15,128.55,18866995,55,130.02,2024254,5106852,1.0216110019646454,0
2023-07-28 11:03:17,128.55,18868624,55,130.02,2025919,5106160,1.0216110019646454,0
2023-07-28 11:03:17,128.55,18868624,1,130.02,2025919,5106160,1.0216110019646454,0
2023-07-28 11:03:21,128.55,18868717,11,130.02,2023136,5107792,1.0216110019646454,0
2023-07-28 11:03:21,128.6,18868717,260,130.02,2023136,5107792,1.0609037328094257,0
2023-07-28 11:03:23,128.6,18872164,50,130.02,2028303,5105943,1.0609037328094257,0
2023-07-28 11:03:23,128.55,18872164,11,130.02,2028303,5105943,1.0216110019646454,0
2023-07-28 11:03:25,128.6,18872175,2,130.02,2030420,5109547,1.0609037328094257,0
2023-07-28 11:03:25,128.6,18872175,13,130.02,2030420,5109547,1.0609037328094257,0
2023-07-28 11:03:25,128.55,18872175,443,130.02,2030420,5109547,1.0216110019646454,0
2023-07-28 11:03:25,128.6,18872175,128,130.02,2030420,5109547,1.0609037328094257,0
2023-07-28 11:03:25,128.55,18872175,199,130.02,2030420,5109547,1.0216110019646454,0
2023-07-28 11:03:31,128.6,18875644,248,130.02,2028239,5114931,1.0609037328094257,0
2023-07-28 11:03:31,128.6,18875644,2,130.02,2028239,5114931,1.0609037328094257,0
2023-07-28 11:03:31,128.6,18875644,10,130.02,2028239,5114931,1.0609037328094257,0
2023-07-28 11:03:34,128.6,18876081,300,130.02,2027999,5115644,1.0609037328094257,0
2023-07-28 11:03:34,128.55,18876081,11,130.02,2027999,5115644,1.0216110019646454,0
2023-07-28 11:03:37,128.6,18876192,100,130.02,2026701,5114570,1.0609037328094257,0
2023-07-28 11:03:37,128.55,18876192,263,130.02,2026701,5114570,1.0216110019646454,0
2023-07-28 11:03:39,128.55,18876741,21,130.02,1996067,5112561,1.0216110019646454,0
2023-07-28 11:03:39,128.55,18876741,21,130.02,1996067,5112561,1.0216110019646454,0
2023-07-28 11:03:39,128.5,18876741,11,130.02,1996067,5112561,0.9823182711198428,0
2023-07-28 11:03:40,128.5,18876752,100,130.02,2027971,5116552,0.9823182711198428,0
2023-07-28 11:03:40,128.55,18876752,7,130.02,2027971,5116552,1.0216110019646454,0
2023-07-28 11:03:43,128.5,18878653,73,130.02,2026563,5118767,0.9823182711198428,0
2023-07-28 11:03:43,128.5,18878653,65,130.02,2026563,5118767,0.9823182711198428,0
2023-07-28 11:03:45,128.5,18879041,12,130.02,2024007,5120445,0.9823182711198428,0
2023-07-28 11:03:45,128.6,18879041,575,130.02,2024007,5120445,1.0609037328094257,0
2023-07-28 11:03:45,128.5,18879041,376,130.02,2024007,5120445,0.9823182711198428,0
2023-07-28 11:03:48,128.5,18880892,376,130.02,2026477,5121540,0.9823182711198428,0
2023-07-28 11:03:48,128.6,18880892,100,130.02,2026477,5121540,1.0609037328094257,0
2023-07-28 11:03:51,128.6,18881503,100,130.02,2026567,5122347,1.0609037328094257,0
2023-07-28 11:03:51,128.6,18881503,84,130.02,2026567,5122347,1.0609037328094257,0
2023-07-28 11:03:51,128.55,18881503,3,130.02,2026567,5122347,1.0216110019646454,0
2023-07-28 11:03:53,128.55,18881685,50,130.02,2028788,5117899,1.0216110019646454,0
2023-07-28 11:03:53,128.5,18881685,10,130.02,2028788,5117899,0.9823182711198428,0
2023-07-28 11:03:56,128.55,18881889,3,130.02,2028689,5118158,1.0216110019646454,0
2023-07-28 11:03:56,128.55,18881889,35,130.02,2028689,5118158,1.0216110019646454,0
2023-07-28 11:03:56,128.5,18881889,80,130.02,2028689,5118158,0.9823182711198428,0
2023-07-28 11:03:57,128.5,18882004,80,130.02,2031056,5118223,0.9823182711198428,0
2023-07-28 11:03:57,128.55,18882004,77,130.02,2031056,5118223,1.0216110019646454,0
2023-07-28 11:04:00,128.5,18882115,11,130.02,2031301,5118575,0.9823182711198428,0
2023-07-28 11:04:00,128.55,18882115,248,130.02,2031301,5118575,1.0216110019646454,0
2023-07-28 11:04:00,128.5,18882115,1,130.02,2031301,5118575,0.9823182711198428,0
2023-07-28 11:04:03,128.55,18882392,169,130.02,2031106,5118834,1.0216110019646454,0
2023-07-28 11:04:03,128.55,18882392,14,130.02,2031106,5118834,1.0216110019646454,0
2023-07-28 11:04:03,128.55,18882392,85,130.02,2031106,5118834,1.0216110019646454,0
2023-07-28 11:04:05,128.55,18883325,85,130.02,2029370,5122683,1.0216110019646454,0
2023-07-28 11:04:05,128.5,18883325,494,130.02,2029370,5122683,0.9823182711198428,0
2023-07-28 11:04:05,128.6,18883325,227,130.02,2029370,5122683,1.0609037328094257,0
2023-07-28 11:04:09,128.6,18885234,227,130.02,2030660,5123201,1.0609037328094257,0
2023-07-28 11:04:09,128.5,18885234,900,130.02,2030660,5123201,0.9823182711198428,0
2023-07-28 11:04:09,128.5,18885234,15,130.02,2030660,5123201,0.9823182711198428,0
2023-07-28 11:04:11,128.6,18886162,2,130.02,2030042,5123189,1.0609037328094257,0
2023-07-28 11:04:11,128.6,18886162,38,130.02,2030042,5123189,1.0609037328094257,0
2023-07-28 11:04:11,128.55,18886162,6,130.02,2030042,5123189,1.0216110019646454,0
2023-07-28 11:04:14,128.55,18886333,25,130.02,2027610,5123501,1.0216110019646454,0
2023-07-28 11:04:14,128.55,18886333,150,130.02,2027610,5123501,1.0216110019646454,0
2023-07-28 11:04:16,128.55,18886766,150,130.02,2027549,5122416,1.0216110019646454,0
2023-07-28 11:04:16,128.6,18886766,611,130.02,2027549,5122416,1.0609037328094257,0
2023-07-28 11:04:16,128.6,18886766,100,130.02,2027549,5122416,1.0609037328094257,0
2023-07-28 11:04:18,128.5,18888192,100,130.02,2028626,5125335,0.9823182711198428,0
2023-07-28 11:04:18,128.5,18888192,100,130.02,2028626,5125335,0.9823182711198428,0
2023-07-28 11:04:18,128.5,18888192,40,130.02,2028626,5125335,0.9823182711198428,0
2023-07-28 11:04:21,128.6,18890008,61,130.02,2027786,5125605,1.0609037328094257,0
2023-07-28 11:04:21,128.5,18890008,307,130.02,2027786,5125605,0.9823182711198428,0
2023-07-28 11:04:24,128.5,18890721,50,130.02,2025080,5127021,0.9823182711198428,0
2023-07-28 11:04:24,128.55,18890721,70,130.02,2025080,5127021,1.0216110019646454,0
2023-07-28 11:04:24,128.5,18890721,11,130.02,2025080,5127021,0.9823182711198428,0
2023-07-28 11:04:26,128.5,18890841,39,130.02,2025055,5127077,0.9823182711198428,0
2023-07-28 11:04:26,128.5,18890841,128,130.02,2025055,5127077,0.9823182711198428,0
2023-07-28 11:04:26,128.55,18890841,150,130.02,2025055,5127077,1.0216110019646454,0
2023-07-28 11:04:28,128.55,18891119,150,130.02,2025512,5127091,1.0216110019646454,0
2023-07-28 11:04:30,128.55,18891130,3,130.02,2027581,5127111,1.0216110019646454,0
2023-07-28 11:04:30,128.55,18891130,249,130.02,2027581,5127111,1.0216110019646454,0
2023-07-28 11:04:31,128.55,18891382,2,130.02,1971571,5128392,1.0216110019646454,0
2023-07-28 11:04:31,128.5,18891382,5,130.02,1971571,5128392,0.9823182711198428,0
2023-07-28 11:04:31,128.55,18891382,1,130.02,1971571,5128392,1.0216110019646454,0
2023-07-28 11:04:35,128.55,18891551,11,130.02,2028978,5126206,1.0216110019646454,0
2023-07-28 11:04:35,128.6,18891551,1,130.02,2028978,5126206,1.0609037328094257,0
2023-07-28 11:04:35,128.55,18891551,610,130.02,2028978,5126206,1.0216110019646454,0
2023-07-28 11:04:38,128.5,18892355,87,130.02,2030223,5126212,0.9823182711198428,0
2023-07-28 11:04:38,128.5,18892355,87,130.02,2030223,5126212,0.9823182711198428,0
2023-07-28 11:04:38,128.6,18892355,38,130.02,2030223,5126212,1.0609037328094257,0
2023-07-28 11:04:41,128.5,18903539,11,130.02,2016600,5122062,0.9823182711198428,0
2023-07-28 11:04:41,128.5,18903539,20,130.02,2016600,5122062,0.9823182711198428,0
2023-07-28 11:04:41,128.5,18903539,100,130.02,2016600,5122062,0.9823182711198428,0
2023-07-28 11:04:42,128.55,18903659,100,130.02,2016581,5128246,1.0216110019646454,0
2023-07-28 11:04:42,128.5,18903659,11,130.02,2016581,5128246,0.9823182711198428,0
2023-07-28 11:04:45,128.5,18906132,11,130.02,2014476,5127235,0.9823182711198428,0
2023-07-28 11:04:45,128.55,18906132,2000,130.02,2014476,5127235,1.0216110019646454,0
2023-07-28 11:04:45,128.55,18906132,37,130.02,2014476,5127235,1.0216110019646454,0
2023-07-28 11:04:45,128.5,18906132,11,130.02,2014476,5127235,0.9823182711198428,0
2023-07-28 11:04:45,128.55,18906132,6,130.02,2014476,5127235,1.0216110019646454,0
2023-07-28 11:04:50,128.55,18910085,6,130.02,2019246,5124528,1.0216110019646454,0
2023-07-28 11:04:50,128.5,18910085,195,130.02,2019246,5124528,0.9823182711198428,0
2023-07-28 11:04:52,128.5,18910694,195,130.02,2018636,5124018,0.9823182711198428,0
2023-07-28 11:04:52,128.5,18910694,25,130.02,2018636,5124018,0.9823182711198428,0
2023-07-28 11:04:52,128.5,18910694,200,130.02,2018636,5124018,0.9823182711198428,0
2023-07-28 11:04:57,128.5,18915075,375,130.02,2003914,5137515,0.9823182711198428,0
2023-07-28 11:04:57,128.5,18915075,1,130.02,2003914,5137515,0.9823182711198428,0
2023-07-28 11:04:57,128.5,18915075,77,130.02,2003914,5137515,0.9823182711198428,0
2023-07-28 11:04:59,128.4,18916952,200,130.02,1999437,5140697,0.9037328094302599,0
2023-07-28 11:04:59,128.4,18916952,11,130.02,1999437,5140697,0.9037328094302599,0
2023-07-28 11:05:01,128.5,18922856,37,130.02,1990771,5136984,0.9823182711198428,0
2023-07-28 11:05:01,128.4,18922856,155,130.02,1990771,5136984,0.9037328094302599,0
2023-07-28 11:05:04,128.45,18926250,750,130.02,1997071,5128088,0.9430255402750402,0
2023-07-28 11:05:04,128.45,18926250,208,130.02,1997071,5128088,0.9430255402750402,0
2023-07-28 11:05:04,128.5,18926250,11,130.02,1997071,5128088,0.9823182711198428,0
2023-07-28 11:05:05,128.5,18928502,11,130.02,2007889,5114472,0.9823182711198428,0
2023-07-28 11:05:07,128.5,18929111,42,130.02,1992225,5128220,0.9823182711198428,0
2023-07-28 11:05:07,128.45,18929111,419,130.02,1994040,5128659,0.9430255402750402,0
2023-07-28 11:05:07,128.45,18929111,39,130.02,1994040,5128659,0.9430255402750402,0
2023-07-28 11:05:10,128.55,18929581,1,130.02,1999255,5128005,1.0216110019646454,0
2023-07-28 11:05:10,128.45,18929581,11,130.02,1999255,5128005,0.9430255402750402,0
2023-07-28 11:05:11,128.55,18929686,76,130.02,2006783,5120584,1.0216110019646454,0
2023-07-28 11:05:12,128.5,18931716,1261,130.02,2008900,5123275,0.9823182711198428,0
2023-07-28 11:05:12,128.5,18931716,1261,130.02,2008900,5123275,0.9823182711198428,0
2023-07-28 11:05:12,128.5,18931716,93,130.02,2008900,5123275,0.9823182711198428,0
2023-07-28 11:05:13,128.5,18938184,93,130.02,2011389,5119759,0.9823182711198428,0
2023-07-28 11:05:13,128.5,18938184,11,130.02,2011389,5119759,0.9823182711198428,0
2023-07-28 11:05:15,128.5,18939524,50,130.02,2015530,5118188,0.9823182711198428,0
2023-07-28 11:05:15,128.5,18939524,50,130.02,2015530,5118188,0.9823182711198428,0
2023-07-28 11:05:16,128.55,18941097,441,130.02,2019146,5114496,1.0216110019646454,0
2023-07-28 11:05:16,128.5,18941097,1000,130.02,2019146,5114496,0.9823182711198428,0
2023-07-28 11:05:16,128.5,18941097,231,130.02,2019146,5114496,0.9823182711198428,0
2023-07-28 11:05:18,128.5,18942820,231,130.02,2012691,5118687,0.9823182711198428,0
2023-07-28 11:05:19,128.45,18943820,117,130.02,2009537,5119637,0.9430255402750402,0
2023-07-28 11:05:19,128.45,18943820,29,130.02,2009537,5119637,0.9430255402750402,0
2023-07-28 11:05:21,128.45,18944649,166,130.02,2007698,5119789,0.9430255402750402,0
2023-07-28 11:05:22,128.45,18945445,20,130.02,2008351,5120569,0.9430255402750402,0
2023-07-28 11:05:22,128.45,18945445,20,130.02,2008351,5120569,0.9430255402750402,0
2023-07-28 11:05:23,128.45,18945807,132,130.02,2011450,5120318,0.9430255402750402,0
2023-07-28 11:05:23,128.5,18945807,1,130.02,2011450,5120318,0.9823182711198428,0
2023-07-28 11:05:24,128.45,18946208,100,130.02,2011135,5120043,0.9430255402750402,0
2023-07-28 11:05:24,128.45,18946208,100,130.02,2011133,5120043,0.9430255402750402,0
2023-07-28 11:05:24,128.45,18946208,11,130.02,2011133,5120043,0.9430255402750402,0
2023-07-28 11:05:25,128.45,18946219,11,130.02,2002987,5123489,0.9430255402750402,0
2023-07-28 11:05:25,128.45,18946219,11,130.02,2007312,5118258,0.9430255402750402,0
2023-07-28 11:05:25,128.45,18946219,11,130.02,2007312,5118258,0.9430255402750402,0
2023-07-28 11:05:25,128.45,18946219,11,130.02,2007317,5118258,0.9430255402750402,0
2023-07-28 11:05:29,128.5,18946222,3,130.02,2007364,5118280,0.9823182711198428,0
2023-07-28 11:05:30,128.45,18947272,200,130.02,2007187,5118982,0.9430255402750402,0
2023-07-28 11:05:30,128.45,18947272,11,130.02,2007187,5118982,0.9430255402750402,0
2023-07-28 11:05:31,128.45,18947904,281,130.02,1994990,5131073,0.9430255402750402,0
2023-07-28 11:05:31,128.45,18947904,281,130.02,1994990,5131073,0.9430255402750402,0
2023-07-28 11:05:32,128.4,18948004,100,130.02,1992188,5129710,0.9037328094302599,0
2023-07-28 11:05:33,128.5,18948314,300,130.02,1990013,5133241,0.9823182711198428,0
2023-07-28 11:05:33,128.5,18948314,300,130.02,1990013,5133241,0.9823182711198428,0
2023-07-28 11:05:34,128.4,18949487,168,130.02,1991982,5127907,0.9037328094302599,0
2023-07-28 11:05:36,128.4,18949947,175,130.02,1993482,5129866,0.9037328094302599,0
2023-07-28 11:05:36,128.4,18949947,175,130.02,1993482,5129866,0.9037328094302599,0
2023-07-28 11:05:37,128.45,18949948,1,130.02,1991714,5132316,0.9430255402750402,0
2023-07-28 11:05:37,128.45,18949948,49,130.02,1991714,5132316,0.9430255402750402,0
2023-07-28 11:05:37,128.45,18949997,49,130.02,1991171,5131277,0.9430255402750402,0
2023-07-28 11:05:37,128.4,18949997,250,130.02,1991171,5131277,0.9037328094302599,0
2023-07-28 11:05:39,128.4,18950247,250,130.02,1990303,5131287,0.9037328094302599,0
2023-07-28 11:05:40,128.45,18950259,1,130.02,1990322,5131126,0.9430255402750402,0
2023-07-28 11:05:42,128.45,18952772,40,130.01,1952874,5129690,0.9430255402750402,0
2023-07-28 11:05:42,128.45,18952772,40,130.01,1952874,5129690,0.9430255402750402,0
2023-07-28 11:05:43,128.4,18953524,752,130.01,1988012,5122532,0.9037328094302599,0
2023-07-28 11:05:43,128.4,18953524,752,130.01,1988012,5123936,0.9037328094302599,0
2023-07-28 11:05:43,128.4,18953524,50,130.01,1988012,5123936,0.9037328094302599,0
2023-07-28 11:05:44,128.4,18953574,50,130.01,1986678,5125835,0.9037328094302599,0
2023-07-28 11:05:46,128.45,18953660,5,130.01,1986777,5125815,0.9430255402750402,0
2023-07-28 11:05:46,128.45,18953660,1,130.01,1986777,5125815,0.9430255402750402,0
2023-07-28 11:05:46,128.45,18955142,1,130.01,1987022,5126037,0.9430255402750402,0
2023-07-28 11:05:48,128.4,18955527,279,130.01,1948309,5132287,0.9037328094302599,0
2023-07-28 11:05:48,128.4,18955527,10,130.01,1948309,5132287,0.9037328094302599,0
2023-07-28 11:05:49,128.4,18955733,30,130.01,1976605,5132908,0.9037328094302599,0
2023-07-28 11:05:50,128.4,18955864,11,130.01,1978252,5133495,0.9037328094302599,0
2023-07-28 11:05:51,128.4,18956214,5,130.01,1978210,5132119,0.9037328094302599,0
2023-07-28 11:05:53,128.45,18956883,1,130.01,1975617,5140080,0.9430255402750402,0
2023-07-28 11:05:53,128.45,18956883,1,130.01,1976720,5139434,0.9430255402750402,0
2023-07-28 11:05:54,128.4,19009186,1708,130.01,1984337,5139609,0.9037328094302599,0
2023-07-28 11:05:55,128.4,19009197,11,130.01,2001961,5128043,0.9037328094302599,0
2023-07-28 11:05:56,128.4,19022501,17,130.01,1999523,5124705,0.9037328094302599,0
2023-07-28 11:05:56,128.45,19022501,10,130.01,1999523,5124705,0.9430255402750402,0
2023-07-28 11:05:57,128.45,19022536,10,130.01,2000905,5126120,0.9430255402750402,0
2023-07-28 11:05:59,128.45,19022586,50,130.01,2001278,5126070,0.9430255402750402,0
2023-07-28 11:05:59,128.45,19022586,400,130.01,2001278,5126070,0.9430255402750402,0
2023-07-28 11:06:00,128.4,19022986,50,130.01,1995744,5131803,0.9037328094302599,0
2023-07-28 11:06:01,128.45,19023147,75,130.01,1996281,5131703,0.9430255402750402,0
2023-07-28 11:06:02,128.45,19023800,1,130.01,2012609,5130033,0.9430255402750402,0
2023-07-28 11:06:03,128.4,19024856,163,130.01,2012571,5130409,0.9037328094302599,0
2023-07-28 11:06:03,128.4,19024856,163,130.01,2012571,5130409,0.9037328094302599,0
2023-07-28 11:06:03,128.4,19024856,163,130.01,2012571,5130389,0.9037328094302599,0
2023-07-28 11:06:05,128.4,19024867,11,130.01,2012076,5130359,0.9037328094302599,0
2023-07-28 11:06:05,128.4,19024867,11,130.01,2012277,5132812,0.9037328094302599,0
2023-07-28 11:06:06,128.45,19024868,1,130.01,2012509,5132861,0.9430255402750402,0
2023-07-28 11:06:06,128.45,19024868,10,130.01,2012509,5132861,0.9430255402750402,0
2023-07-28 11:06:07,128.4,19025487,151,130.01,2014044,5131793,0.9037328094302599,0
2023-07-28 11:06:08,128.45,19027932,260,130.01,2020148,5123463,0.9430255402750402,0
2023-07-28 11:06:10,128.5,19027941,9,130.01,2019710,5124212,0.9823182711198428,0
2023-07-28 11:06:10,128.45,19027952,11,130.01,2020204,5125242,0.9430255402750402,0
2023-07-28 11:06:12,128.5,19027962,10,130.01,2020234,5124571,0.9823182711198428,0
2023-07-28 11:06:12,128.45,19028172,10,130.01,2020694,5124571,0.9430255402750402,0
2023-07-28 11:06:12,128.5,19028172,7,130.01,2021237,5124736,0.9823182711198428,0
2023-07-28 11:06:14,128.5,19028179,7,130.01,2020697,5124729,0.9823182711198428,0
2023-07-28 11:06:14,128.45,19028179,11,130.01,2020697,5124729,0.9430255402750402,0
2023-07-28 11:06:15,128.5,19028190,13,130.01,2020186,5125766,0.9823182711198428,0
2023-07-28 11:06:16,128.5,19030076,39,130.01,2022972,5119095,0.9823182711198428,0
2023-07-28 11:06:18,128.45,19030507,130,130.01,2017067,5124292,0.9430255402750402,0
2023-07-28 11:06:18,128.45,19031766,6,130.01,2015898,5124197,0.9430255402750402,0
2023-07-28 11:06:20,128.45,19032165,350,130.01,2016558,5124150,0.9430255402750402,0
2023-07-28 11:06:20,128.45,19032165,11,130.01,2016558,5124150,0.9430255402750402,0
2023-07-28 11:06:20,128.45,19032176,11,130.01,2019207,5123450,0.9430255402750402,0
2023-07-28 11:06:20,128.45,19032176,144,130.01,2019207,5123450,0.9430255402750402,0
2023-07-28 11:06:20,128.45,19032176,100,130.01,2019207,5123450,0.9430255402750402,0
2023-07-28 11:06:23,128.45,19033475,118,130.01,2020966,5124416,0.9430255402750402,0
2023-07-28 11:06:23,128.45,19033475,118,130.01,2020966,5124416,0.9430255402750402,0
2023-07-28 11:06:23,128.5,19033475,25,130.01,2019931,5125250,0.9823182711198428,0
2023-07-28 11:06:25,128.45,19044716,11,130.01,2020552,5125826,0.9430255402750402,0
2023-07-28 11:06:26,128.5,19048134,2,130.01,2017142,5129057,0.9823182711198428,0
2023-07-28 11:06:27,128.5,19049049,296,130.01,1988055,5136224,0.9823182711198428,0
2023-07-28 11:06:28,128.5,19049379,330,130.01,2020330,5132004,0.9823182711198428,0
2023-07-28 11:06:28,128.45,19049379,11,130.01,2020330,5132004,0.9430255402750402,0
2023-07-28 11:06:28,128.5,19049379,248,130.01,2020330,5132004,0.9823182711198428,0
2023-07-28 11:06:31,128.5,19049638,248,130.01,2027522,5123683,0.9823182711198428,0
2023-07-28 11:06:31,128.5,19049638,40,130.01,2027522,5123683,0.9823182711198428,0
2023-07-28 11:06:32,128.45,19051353,459,130.01,2026168,5123643,0.9430255402750402,0
2023-07-28 11:06:32,128.45,19051353,485,130.01,2021039,5130606,0.9430255402750402,0
2023-07-28 11:06:34,128.45,19052296,485,130.01,2017892,5130878,0.9430255402750402,0
2023-07-28 11:06:34,128.45,19052296,11,130.01,2017892,5130878,0.9430255402750402,0
2023-07-28 11:06:35,128.5,19052357,50,130.01,2020154,5135346,0.9823182711198428,0
2023-07-28 11:06:35,128.45,19052357,200,130.01,2020154,5135346,0.9430255402750402,0
2023-07-28 11:06:37,128.5,19053300,52,130.01,2017302,5137330,0.9823182711198428,0
2023-07-28 11:06:37,128.5,19053300,52,130.01,2017302,5137330,0.9823182711198428,0
2023-07-28 11:06:37,128.5,19053300,52,130.01,2017304,5137530,0.9823182711198428,0
2023-07-28 11:06:39,128.5,19053360,60,130.01,2017304,5137470,0.9823182711198428,0
2023-07-28 11:06:39,128.5,19053360,5,130.01,2017304,5137470,0.9823182711198428,0
2023-07-28 11:06:40,128.5,19053376,250,130.01,2017293,5137845,0.9823182711198428,0
2023-07-28 11:06:41,128.5,19053626,250,130.01,2017168,5137195,0.9823182711198428,0
2023-07-28 11:06:42,128.5,19053636,10,130.01,2017278,5135775,0.9823182711198428,0
2023-07-28 11:06:42,128.5,19053636,10,130.01,2018578,5133866,0.9823182711198428,0
2023-07-28 11:06:45,128.5,19053886,250,130.01,2020894,5131386,0.9823182711198428,0
2023-07-28 11:06:46,128.45,19054247,350,130.01,2023938,5127085,0.9430255402750402,0
2023-07-28 11:06:46,128.5,19055722,85,130.01,2023562,5125884,0.9823182711198428,0
2023-07-28 11:06:47,128.5,19055822,100,130.01,2023562,5125783,0.9823182711198428,0
2023-07-28 11:06:47,128.45,19055822,588,130.01,2023562,5125783,0.9430255402750402,0
2023-07-28 11:06:48,128.45,19056674,588,130.01,2022690,5125883,0.9430255402750402,0
2023-07-28 11:06:50,128.4,19056682,8,130.01,2019908,5133942,0.9037328094302599,0
2023-07-28 11:06:50,128.4,19056682,11,130.01,2019908,5133942,0.9037328094302599,0
2023-07-28 11:06:50,128.4,19056983,11,130.01,2029711,5131390,0.9037328094302599,0
2023-07-28 11:06:52,128.45,19056988,54,130.01,2029706,5131894,0.9430255402750402,0
2023-07-28 11:06:53,128.45,19057103,54,130.01,1999356,5141755,0.9430255402750402,0
2023-07-28 11:06:53,128.45,19057103,54,130.01,2029947,5138764,0.9430255402750402,0
2023-07-28 11:06:53,128.45,19057103,220,130.01,2029947,5138764,0.9430255402750402,0
2023-07-28 11:06:55,128.4,19060526,11,130.01,2033404,5132955,0.9037328094302599,0
2023-07-28 11:06:55,128.4,19060526,11,130.01,2000055,5135023,0.9037328094302599,0
2023-07-28 11:06:55,128.45,19060526,10,130.01,2000055,5135023,0.9430255402750402,0
2023-07-28 11:06:57,128.4,19061506,925,130.01,2029636,5133535,0.9037328094302599,0
2023-07-28 11:06:58,128.45,19061556,50,130.01,2026099,5139062,0.9430255402750402,0
2023-07-28 11:06:59,128.45,19061564,7,130.01,2027787,5139860,0.9430255402750402,0
2023-07-28 11:07:00,128.4,19061579,11,130.01,2026066,5143516,0.9037328094302599,0
2023-07-28 11:07:01,128.45,19061828,249,130.01,2027554,5143267,0.9430255402750402,0
2023-07-28 11:07:03,128.45,19062045,217,130.01,2027764,5142054,0.9430255402750402,0
2023-07-28 11:07:03,128.45,19062045,217,130.01,2027764,5142054,0.9430255402750402,0
2023-07-28 11:07:03,128.45,19062254,9,130.01,2027564,5142045,0.9430255402750402,0
2023-07-28 11:07:03,128.45,19062254,9,130.01,2027564,5142045,0.9430255402750402,0
2023-07-28 11:07:03,128.45,19062254,100,130.01,2027564,5142045,0.9430255402750402,0
2023-07-28 11:07:03,128.45,19062254,50,130.01,2027564,5142045,0.9430255402750402,0
2023-07-28 11:07:08,128.45,19067490,365,130.01,2034844,5136219,0.9430255402750402,0
2023-07-28 11:07:08,128.4,19067490,7,130.01,2034844,5136219,0.9037328094302599,0
2023-07-28 11:07:08,128.4,19067490,10,130.01,2034844,5136219,0.9037328094302599,0
2023-07-28 11:07:10,128.4,19079106,11,130.0,2013043,5134881,0.9037328094302599,0
2023-07-28 11:07:10,128.4,19079106,11,130.0,2013043,5134881,0.9037328094302599,0
2023-07-28 11:07:10,128.45,19079106,100,130.0,2013043,5134881,0.9430255402750402,0
2023-07-28 11:07:13,128.4,19082615,2,130.0,2028280,5134528,0.9037328094302599,0
2023-07-28 11:07:13,128.45,19082615,3,130.0,2028280,5134528,0.9430255402750402,0
2023-07-28 11:07:15,128.4,19082634,5,130.0,2025594,5136133,0.9037328094302599,0
2023-07-28 11:07:15,128.45,19082634,2,130.0,2025594,5136133,0.9430255402750402,0
2023-07-28 11:07:15,128.45,19082634,2,130.0,2025594,5136133,0.9430255402750402,0
2023-07-28 11:07:18,128.4,19087482,1,130.0,2012352,5135140,0.9037328094302599,0
2023-07-28 11:07:18,128.45,19087482,100,130.0,2012352,5135140,0.9430255402750402,0
2023-07-28 11:07:21,128.4,19091847,11,130.0,2009191,5132567,0.9037328094302599,0
2023-07-28 11:07:21,128.4,19091847,609,130.0,2009191,5132567,0.9037328094302599,0
2023-07-28 11:07:22,128.45,19092456,20,130.0,2008833,5130521,0.9430255402750402,0
2023-07-28 11:07:22,128.45,19092456,100,130.0,2008833,5130521,0.9430255402750402,0
2023-07-28 11:07:22,128.4,19092456,10,130.0,2008833,5130521,0.9037328094302599,0
2023-07-28 11:07:26,128.45,19093543,71,130.0,2007962,5132717,0.9430255402750402,0
2023-07-28 11:07:26,128.45,19093543,71,130.0,2007962,5132717,0.9430255402750402,0
2023-07-28 11:07:26,128.45,19093543,300,130.0,2007962,5132717,0.9430255402750402,0
2023-07-28 11:07:28,128.4,19094397,50,130.0,2011560,5132617,0.9037328094302599,0
2023-07-28 11:07:28,128.45,19094397,60,130.0,2011560,5132617,0.9430255402750402,0
2023-07-28 11:07:31,128.45,19095126,8,130.0,2012319,5130463,0.9430255402750402,0
2023-07-28 11:07:31,128.45,19095126,248,130.0,2012319,5130463,0.9430255402750402,0
2023-07-28 11:07:31,128.4,19095126,50,130.0,2012319,5130463,0.9037328094302599,0
