2023-07-28 10:49:23,675.5,139950,5,673.04,125622,130933,0.21511757288035688,0
2023-07-28 10:49:23,675.5,139950,5,673.04,125624,130917,0.21511757288035688,0
2023-07-28 10:49:23,675.5,139950,5,673.04,125624,130914,0.21511757288035688,0
2023-07-28 10:49:23,675.5,139950,5,673.04,125624,131006,0.21511757288035688,0
2023-07-28 10:49:23,675.5,139950,5,673.04,125624,131007,0.21511757288035688,0
2023-07-28 10:49:23,675.5,139950,5,673.04,125624,131027,0.21511757288035688,0
2023-07-28 10:49:23,675.5,139950,5,673.04,125654,131037,0.21511757288035688,0
2023-07-28 10:49:23,675.5,139950,5,673.04,125654,131037,0.21511757288035688,0
2023-07-28 10:49:38,675.5,139955,1,673.04,125652,131032,0.21511757288035688,0
2023-07-28 10:49:38,675.5,139955,1,673.04,125506,131110,0.21511757288035688,0
2023-07-28 10:49:38,675.5,139955,1,673.04,125025,130903,0.21511757288035688,0
2023-07-28 10:49:38,675.5,139955,1,673.04,124979,130886,0.21511757288035688,0
2023-07-28 10:49:38,675.5,139955,1,673.04,124995,130854,0.21511757288035688,0
2023-07-28 10:49:38,675.5,139955,1,673.04,125100,130973,0.21511757288035688,0
2023-07-28 10:49:38,675.5,139955,1,673.04,125790,130841,0.21511757288035688,0
2023-07-28 10:49:38,675.5,139955,1,673.04,125045,130885,0.21511757288035688,0
2023-07-28 10:49:38,675.5,139955,1,673.04,125595,130772,0.21511757288035688,0
2023-07-28 10:49:38,675.5,139955,1,673.04,125573,130804,0.21511757288035688,0
2023-07-28 10:49:38,675.5,139955,1,673.04,125667,130858,0.21511757288035688,0
2023-07-28 10:49:38,675.5,139955,1,673.04,125610,130854,0.21511757288035688,0
2023-07-28 10:49:51,675.5,139956,1,673.04,125663,130857,0.21511757288035688,0
2023-07-28 10:49:52,675.5,139961,1,673.04,125630,130858,0.21511757288035688,0
2023-07-28 10:49:52,675.5,139961,1,673.04,125661,130862,0.21511757288035688,0
2023-07-28 10:49:52,675.5,139961,1,673.04,125661,130862,0.21511757288035688,0
2023-07-28 10:49:52,675.5,139961,1,673.04,125661,130858,0.21511757288035688,0
2023-07-28 10:49:52,675.5,139961,1,673.04,125661,130676,0.21511757288035688,0
2023-07-28 10:49:52,675.5,139961,1,673.04,125660,130680,0.21511757288035688,0
2023-07-28 10:49:52,675.5,139961,7,673.04,125660,130680,0.21511757288035688,0
2023-07-28 10:49:59,675.5,139968,7,673.04,125662,129847,0.21511757288035688,0
2023-07-28 10:49:59,675.5,139968,7,673.04,125662,130413,0.21511757288035688,0
2023-07-28 10:49:59,675.5,139968,7,673.04,125712,130405,0.21511757288035688,0
2023-07-28 10:49:59,675.5,139968,7,673.04,125712,130554,0.21511757288035688,0
2023-07-28 10:49:59,675.5,139968,7,673.04,125684,130562,0.21511757288035688,0
2023-07-28 10:49:59,675.5,139968,7,673.04,124673,130562,0.21511757288035688,0
2023-07-28 10:49:59,675.7,139968,2,673.04,125510,130568,0.24478896224317054,0
2023-07-28 10:50:07,675.7,139974,2,673.04,125557,130565,0.24478896224317054,0
2023-07-28 10:50:07,675.45,139974,1,673.04,125608,130565,0.2076997255396619,0
2023-07-28 10:50:09,675.7,139975,1,673.04,125491,130721,0.24478896224317054,0
2023-07-28 10:50:10,675.7,139976,1,673.04,125491,130720,0.24478896224317054,0
2023-07-28 10:50:10,675.7,139976,1,673.04,125592,130619,0.24478896224317054,0
2023-07-28 10:50:10,675.7,139976,1,673.04,125592,130619,0.24478896224317054,0
2023-07-28 10:50:10,675.7,139976,1,673.04,125692,130619,0.24478896224317054,0
2023-07-28 10:50:10,675.7,139976,1,673.04,125694,130619,0.24478896224317054,0
2023-07-28 10:50:10,675.7,139976,1,673.04,125754,130559,0.24478896224317054,0
2023-07-28 10:50:10,675.7,139976,1,673.04,125754,130559,0.24478896224317054,0
2023-07-28 10:50:18,675.95,140076,1,673.04,125819,130323,0.2818781989466792,0
2023-07-28 10:50:18,675.95,140088,1,673.04,125887,130285,0.2818781989466792,0
2023-07-28 10:50:18,675.95,140088,1,673.04,125887,130285,0.2818781989466792,0
2023-07-28 10:50:20,675.95,140090,1,673.04,125645,130476,0.2818781989466792,0
2023-07-28 10:50:20,675.95,140090,1,673.04,125645,130476,0.2818781989466792,0
2023-07-28 10:50:20,675.95,140090,1,673.04,125645,130508,0.2818781989466792,0
2023-07-28 10:50:23,675.95,140095,1,673.04,125643,130478,0.2818781989466792,0
2023-07-28 10:50:23,675.95,140095,1,673.04,125643,130478,0.2818781989466792,0
2023-07-28 10:50:23,675.95,140095,1,673.04,125643,130478,0.2818781989466792,0
2023-07-28 10:50:23,675.95,140095,1,673.04,125643,130478,0.2818781989466792,0
2023-07-28 10:50:23,675.95,140095,1,673.04,125643,130460,0.2818781989466792,0
2023-07-28 10:50:23,675.95,140095,1,673.04,125763,130200,0.2818781989466792,0
2023-07-28 10:50:23,675.95,140095,1,673.04,125911,130146,0.2818781989466792,0
2023-07-28 10:50:23,675.95,140095,1,673.04,125939,130180,0.2818781989466792,0
2023-07-28 10:50:23,675.95,140095,1,673.04,125941,130180,0.2818781989466792,0
2023-07-28 10:50:23,675.95,140095,1,673.04,125942,130164,0.2818781989466792,0
2023-07-28 10:50:32,676.0,140378,18,673.05,126019,129838,0.28929604628737415,0
2023-07-28 10:50:33,676.0,140415,18,673.05,125891,130397,0.28929604628737415,0
2023-07-28 10:50:34,676.0,140420,2,673.05,125853,130391,0.28929604628737415,0
2023-07-28 10:50:34,676.0,140420,2,673.05,125794,130413,0.28929604628737415,0
2023-07-28 10:50:34,676.0,140420,1,673.05,125794,130413,0.28929604628737415,0
2023-07-28 10:50:35,676.0,140421,1,673.05,125792,130439,0.28929604628737415,0
2023-07-28 10:50:35,676.0,140421,4,673.05,125736,130607,0.28929604628737415,0
2023-07-28 10:50:37,676.0,140426,1,673.05,125664,130498,0.28929604628737415,0
2023-07-28 10:50:37,675.7,140426,12,673.05,125664,130498,0.24478896224317054,0
2023-07-28 10:50:40,676.0,140442,1,673.05,125710,130638,0.28929604628737415,0
2023-07-28 10:50:41,676.0,140444,1,673.05,125499,130616,0.28929604628737415,0
2023-07-28 10:50:41,675.7,140444,18,673.05,125499,130616,0.24478896224317054,0
2023-07-28 10:50:42,676.0,140462,1,673.05,125736,130616,0.28929604628737415,0
2023-07-28 10:50:43,676.0,140473,1,673.05,125726,130633,0.28929604628737415,0
2023-07-28 10:50:43,676.0,140474,1,673.05,125726,130612,0.28929604628737415,0
2023-07-28 10:50:43,676.0,140474,1,673.05,125707,132955,0.28929604628737415,0
2023-07-28 10:50:43,676.0,140474,1,673.05,125710,132957,0.28929604628737415,0
2023-07-28 10:50:43,675.85,140474,1,673.05,125710,132957,0.2670425042652724,0
2023-07-28 10:50:48,675.85,140480,1,673.05,125621,133206,0.2670425042652724,0
2023-07-28 10:50:48,676.0,140480,1,673.05,125621,133206,0.28929604628737415,0
2023-07-28 10:50:49,676.0,140482,1,673.05,125698,133155,0.28929604628737415,0
2023-07-28 10:50:49,676.0,140482,1,673.05,125773,133561,0.28929604628737415,0
2023-07-28 10:50:49,676.0,140482,1,673.05,125773,133561,0.28929604628737415,0
2023-07-28 10:50:49,676.0,140482,1,673.05,125794,133561,0.28929604628737415,0
2023-07-28 10:50:55,676.0,140483,1,673.05,125794,133560,0.28929604628737415,0
2023-07-28 10:50:55,676.0,140483,1,673.05,125793,133560,0.28929604628737415,0
2023-07-28 10:50:59,676.0,140524,40,673.05,125845,133519,0.28929604628737415,0
2023-07-28 10:50:59,676.0,140524,2,673.05,125845,133519,0.28929604628737415,0
2023-07-28 10:51:00,676.0,140530,1,673.05,125847,133493,0.28929604628737415,0
2023-07-28 10:51:00,675.7,140530,2,673.05,125847,133493,0.24478896224317054,0
2023-07-28 10:51:02,675.7,140532,2,673.05,125898,133515,0.24478896224317054,0
2023-07-28 10:51:02,675.7,140532,2,673.05,125899,133515,0.24478896224317054,0
2023-07-28 10:51:05,676.0,140573,41,673.05,125899,133494,0.28929604628737415,0
2023-07-28 10:51:05,676.0,140573,3,673.05,125899,133494,0.28929604628737415,0
2023-07-28 10:51:07,676.0,140584,4,673.05,125163,133460,0.28929604628737415,0
2023-07-28 10:51:07,676.0,140584,1,673.05,125163,133460,0.28929604628737415,0
2023-07-28 10:51:10,675.7,140588,2,673.05,125105,133478,0.24478896224317054,0
2023-07-28 10:51:10,675.7,140588,2,673.05,125213,133425,0.24478896224317054,0
2023-07-28 10:51:10,675.7,140588,2,673.05,125220,133425,0.24478896224317054,0
2023-07-28 10:51:10,675.7,140588,2,673.05,125207,133414,0.24478896224317054,0
2023-07-28 10:51:10,675.7,140588,2,673.05,125315,133414,0.24478896224317054,0
2023-07-28 10:51:10,676.0,140588,4,673.05,125315,133414,0.28929604628737415,0
2023-07-28 10:51:23,676.0,140593,4,673.05,125277,133460,0.28929604628737415,0
2023-07-28 10:51:30,676.0,140693,6,673.05,125279,133365,0.28929604628737415,0
2023-07-28 10:51:31,676.0,140706,6,673.06,125699,133349,0.28929604628737415,0
2023-07-28 10:51:31,676.0,140706,1,673.06,125699,133349,0.28929604628737415,0
2023-07-28 10:51:34,676.0,140708,1,673.06,125729,133347,0.28929604628737415,0
2023-07-28 10:51:34,676.0,140708,1,673.06,125729,133347,0.28929604628737415,0
2023-07-28 10:51:38,676.0,140713,1,673.06,125729,133394,0.28929604628737415,0
2023-07-28 10:51:46,676.0,141395,14,673.07,125672,133428,0.28929604628737415,0
2023-07-28 10:51:48,675.7,141494,14,673.07,125781,133320,0.24478896224317054,0
2023-07-28 10:51:48,676.0,141494,6,673.07,125781,133320,0.28929604628737415,0
2023-07-28 10:51:48,675.7,141494,2,673.07,125781,133320,0.24478896224317054,0
2023-07-28 10:51:48,676.0,141494,1,673.07,125781,133320,0.28929604628737415,0
2023-07-28 10:51:52,676.0,141511,1,673.07,125811,133421,0.28929604628737415,0
2023-07-28 10:51:52,675.7,141511,6,673.07,125811,133421,0.24478896224317054,0
2023-07-28 10:51:57,675.7,141562,1,673.07,125659,133491,0.24478896224317054,0
2023-07-28 10:51:57,675.7,141562,1,673.07,125659,133491,0.24478896224317054,0
2023-07-28 10:51:57,675.7,141562,1,673.07,125659,133493,0.24478896224317054,0
2023-07-28 10:51:57,675.7,141562,1,673.07,125704,133479,0.24478896224317054,0
2023-07-28 10:52:02,675.7,141563,1,673.07,125655,133442,0.24478896224317054,0
2023-07-28 10:52:02,676.0,141563,5,673.07,125655,133442,0.28929604628737415,0
2023-07-28 10:52:07,676.0,141570,5,673.07,125653,133434,0.28929604628737415,0
2023-07-28 10:52:07,676.0,141570,5,673.07,125659,133430,0.28929604628737415,0
2023-07-28 10:52:07,676.0,141570,5,673.07,125661,133430,0.28929604628737415,0
2023-07-28 10:52:18,676.0,141571,1,673.07,125682,133429,0.28929604628737415,0
2023-07-28 10:52:18,676.0,141571,1,673.07,125682,133429,0.28929604628737415,0
2023-07-28 10:52:18,676.0,141571,1,673.07,125682,133429,0.28929604628737415,0
2023-07-28 10:52:23,676.0,141576,4,673.07,126810,132822,0.28929604628737415,0
2023-07-28 10:52:23,676.0,141576,4,673.07,126670,132945,0.28929604628737415,0
2023-07-28 10:52:23,676.0,141576,4,673.07,126675,133090,0.28929604628737415,0
2023-07-28 10:52:23,676.0,141576,4,673.07,126543,132724,0.28929604628737415,0
2023-07-28 10:52:23,675.85,141576,1,673.07,126543,132724,0.2670425042652724,0
2023-07-28 10:52:31,675.85,141577,1,673.07,126430,133018,0.2670425042652724,0
2023-07-28 10:52:31,676.0,141577,1,673.07,126462,133018,0.28929604628737415,0
2023-07-28 10:52:31,676.0,141577,4,673.07,126462,133018,0.28929604628737415,0
2023-07-28 10:52:37,676.0,141582,4,673.07,126645,132509,0.28929604628737415,0
2023-07-28 10:52:37,676.0,141582,4,673.07,126601,132906,0.28929604628737415,0
2023-07-28 10:52:37,676.0,141582,4,673.07,126647,132900,0.28929604628737415,0
2023-07-28 10:52:37,676.0,141582,4,673.07,126648,132932,0.28929604628737415,0
2023-07-28 10:52:37,676.0,141582,4,673.07,126646,133001,0.28929604628737415,0
2023-07-28 10:52:37,676.0,141582,4,673.07,126620,133001,0.28929604628737415,0
2023-07-28 10:52:55,675.9,141602,2,673.07,125525,132945,0.2744603516059673,0
2023-07-28 10:52:55,675.9,141602,2,673.07,125546,132945,0.2744603516059673,0
2023-07-28 10:52:55,675.9,141602,2,673.07,125552,132953,0.2744603516059673,0
2023-07-28 10:52:55,675.9,141602,2,673.07,126423,133126,0.2744603516059673,0
2023-07-28 10:52:55,676.0,141602,10,673.07,126423,133126,0.28929604628737415,0
2023-07-28 10:53:05,676.0,141612,10,673.07,126560,133116,0.28929604628737415,0
2023-07-28 10:53:05,676.0,141612,10,673.07,126577,133116,0.28929604628737415,0
2023-07-28 10:53:05,676.0,141612,1,673.07,126577,133116,0.28929604628737415,0
2023-07-28 10:53:07,676.0,141617,1,673.07,126576,133076,0.28929604628737415,0
2023-07-28 10:53:07,676.0,141617,1,673.07,126605,133076,0.28929604628737415,0
2023-07-28 10:53:07,676.0,141617,1,673.07,126605,133076,0.28929604628737415,0
2023-07-28 10:53:07,675.9,141617,1,673.07,126605,133076,0.2744603516059673,0
2023-07-28 10:53:10,675.9,141618,1,673.07,126602,133076,0.2744603516059673,0
2023-07-28 10:53:10,675.9,141618,1,673.07,126602,133077,0.2744603516059673,0
2023-07-28 10:53:10,675.9,141618,1,673.07,126602,133090,0.2744603516059673,0
2023-07-28 10:53:10,675.9,141618,1,673.07,126604,133090,0.2744603516059673,0
2023-07-28 10:53:10,675.95,141618,1,673.07,126604,133090,0.2818781989466792,0
2023-07-28 10:53:10,675.95,141618,1,673.07,126604,133090,0.2818781989466792,0
2023-07-28 10:53:10,675.95,141618,1,673.07,126604,133090,0.2818781989466792,0
2023-07-28 10:53:10,675.95,141618,1,673.07,126604,133090,0.2818781989466792,0
2023-07-28 10:53:23,676.0,141623,4,673.07,126496,133138,0.28929604628737415,0
2023-07-28 10:53:23,676.0,141623,4,673.07,126525,133138,0.28929604628737415,0
2023-07-28 10:53:23,676.0,141623,4,673.07,126504,133166,0.28929604628737415,0
2023-07-28 10:53:23,676.0,141623,4,673.07,126504,133166,0.28929604628737415,0
2023-07-28 10:53:23,676.0,141623,4,673.07,126513,133171,0.28929604628737415,0
2023-07-28 10:53:23,676.0,141623,4,673.07,126513,133171,0.28929604628737415,0
2023-07-28 10:53:23,676.0,141623,4,673.07,126513,133201,0.28929604628737415,0
2023-07-28 10:53:23,676.0,141623,4,673.07,126515,133201,0.28929604628737415,0
2023-07-28 10:53:38,675.95,141628,5,673.07,126489,133331,0.2818781989466792,0
2023-07-28 10:53:38,675.95,141628,5,673.07,126478,133355,0.2818781989466792,0
2023-07-28 10:53:38,675.95,141628,5,673.07,126446,133355,0.2818781989466792,0
2023-07-28 10:53:42,676.0,141629,1,673.07,126460,133363,0.28929604628737415,0
2023-07-28 10:53:42,676.0,141629,1,673.07,126475,133363,0.28929604628737415,0
2023-07-28 10:53:42,676.0,141629,1,673.07,126477,133363,0.28929604628737415,0
2023-07-28 10:53:42,676.0,141629,1,673.07,126478,133363,0.28929604628737415,0
2023-07-28 10:53:42,676.0,141629,1,673.07,126479,133363,0.28929604628737415,0
2023-07-28 10:53:46,676.5,144789,2,673.14,127089,128695,0.3634745196943915,0
2023-07-28 10:53:46,676.5,144789,2,673.14,126738,128690,0.3634745196943915,0
2023-07-28 10:53:46,676.5,144789,1,673.14,126701,130669,0.3634745196943915,0
2023-07-28 10:53:49,676.4,144810,15,673.14,125983,130783,0.34863882501298465,0
2023-07-28 10:53:49,676.4,144810,15,673.14,125983,130783,0.34863882501298465,0
2023-07-28 10:53:49,676.4,144810,15,673.14,125949,130704,0.34863882501298465,0
2023-07-28 10:53:49,676.4,144810,15,673.14,125949,130715,0.34863882501298465,0
2023-07-28 10:53:49,676.4,144810,15,673.14,125951,130715,0.34863882501298465,0
2023-07-28 10:53:49,676.4,144810,15,673.14,125983,130725,0.34863882501298465,0
2023-07-28 10:53:49,676.4,144810,15,673.14,125982,130740,0.34863882501298465,0
2023-07-28 10:53:49,676.4,144810,15,673.14,125982,130746,0.34863882501298465,0
2023-07-28 10:53:49,676.4,144810,15,673.14,125983,130746,0.34863882501298465,0
2023-07-28 10:53:49,676.4,144810,15,673.14,125972,130741,0.34863882501298465,0
2023-07-28 10:53:49,676.4,144810,15,673.14,126573,130741,0.34863882501298465,0
2023-07-28 10:54:03,676.4,144817,1,673.14,126571,130753,0.34863882501298465,0
2023-07-28 10:54:03,676.4,144817,1,673.14,126579,130840,0.34863882501298465,0
2023-07-28 10:54:03,676.4,144817,1,673.14,126577,130840,0.34863882501298465,0
2023-07-28 10:54:08,676.7,144823,2,673.14,126599,130813,0.39314590905720515,0
2023-07-28 10:54:08,676.7,144823,1,673.14,126599,130813,0.39314590905720515,0
2023-07-28 10:54:08,676.7,144825,1,673.14,126595,130817,0.39314590905720515,0
2023-07-28 10:54:08,676.7,144825,1,673.14,126449,130957,0.39314590905720515,0
2023-07-28 10:54:08,676.7,144825,1,673.14,126451,131029,0.39314590905720515,0
2023-07-28 10:54:17,676.55,144832,3,673.14,126394,131335,0.37089236703508643,0
2023-07-28 10:54:17,676.55,144832,3,673.14,126396,131359,0.37089236703508643,0
2023-07-28 10:54:17,676.45,144832,7,673.14,126377,131344,0.3560566723536965,0
2023-07-28 10:54:17,676.4,144832,1,673.14,126377,131344,0.34863882501298465,0
2023-07-28 10:54:26,676.4,144967,1,673.14,126312,131354,0.34863882501298465,0
2023-07-28 10:54:26,676.35,144967,3,673.14,126312,131354,0.34122097767228965,0
2023-07-28 10:54:26,676.55,144967,10,673.14,126312,131354,0.37089236703508643,0
2023-07-28 10:54:30,676.35,144981,1,673.14,126345,131193,0.34122097767228965,0
2023-07-28 10:54:34,676.55,144983,2,673.14,126368,131169,0.37089236703508643,0
2023-07-28 10:54:34,676.35,144983,8,673.14,126368,131169,0.34122097767228965,0
2023-07-28 10:54:36,676.3,145112,1,673.14,125357,131297,0.3338031303315778,0
2023-07-28 10:54:36,676.55,145112,68,673.14,125357,131297,0.37089236703508643,0
2023-07-28 10:54:36,676.25,145112,29,673.14,125357,131297,0.3263852829908828,0
2023-07-28 10:54:38,676.25,145245,29,673.15,125488,130969,0.3263852829908828,0
2023-07-28 10:54:38,676.55,145245,4,673.15,125488,130969,0.37089236703508643,0
2023-07-28 10:54:40,676.55,145255,1,673.15,125564,130997,0.37089236703508643,0
2023-07-28 10:54:40,676.25,145255,2,673.15,125564,130997,0.3263852829908828,0
2023-07-28 10:54:42,676.25,145258,2,673.15,126240,131582,0.3263852829908828,0
2023-07-28 10:54:42,676.25,145258,2,673.15,126244,131582,0.3263852829908828,0
2023-07-28 10:54:42,676.25,145258,2,673.15,126244,131575,0.3263852829908828,0
2023-07-28 10:54:53,676.55,145264,1,673.15,126276,131502,0.37089236703508643,0
2023-07-28 10:54:53,676.55,145264,1,673.15,126276,131502,0.37089236703508643,0
2023-07-28 10:54:54,676.4,145266,1,673.15,126464,131515,0.34863882501298465,0
2023-07-28 10:54:54,676.55,145266,1,673.15,126464,131515,0.37089236703508643,0
2023-07-28 10:54:57,676.55,145267,1,673.15,126474,131564,0.37089236703508643,0
2023-07-28 10:54:57,676.55,145267,1,673.15,126532,131523,0.37089236703508643,0
2023-07-28 10:55:03,676.25,145467,6,673.15,126156,131643,0.3263852829908828,0
2023-07-28 10:55:03,676.7,145467,14,673.15,126156,131643,0.39314590905720515,0
2023-07-28 10:55:03,676.7,145481,14,673.15,126421,131486,0.39314590905720515,0
2023-07-28 10:55:03,676.55,145481,5,673.15,126421,131486,0.37089236703508643,0
2023-07-28 10:55:03,676.7,145481,16,673.15,126421,131486,0.39314590905720515,0
2023-07-28 10:55:03,676.7,145481,7,673.15,126421,131486,0.39314590905720515,0
2023-07-28 10:55:03,676.7,145481,172,673.15,126421,131486,0.39314590905720515,0
2023-07-28 10:55:09,676.7,145760,172,673.16,126360,132338,0.39314590905720515,0
2023-07-28 10:55:09,676.55,145760,9,673.16,126360,132338,0.37089236703508643,0
2023-07-28 10:55:09,676.8,145760,3,673.16,126360,132338,0.4079816037385951,0
2023-07-28 10:55:15,676.55,145864,3,673.16,126717,132297,0.37089236703508643,0
2023-07-28 10:55:15,675.8,145864,4,673.16,126717,132297,0.2596246569245605,0
2023-07-28 10:55:17,675.8,145945,4,673.16,124045,132799,0.2596246569245605,0
2023-07-28 10:55:22,676.15,145946,1,673.16,123926,134274,0.311549588309476,0
2023-07-28 10:55:22,676.15,145946,1,673.16,125141,133785,0.311549588309476,0
2023-07-28 10:55:22,676.15,145946,5,673.16,125141,133785,0.311549588309476,0
2023-07-28 10:55:26,676.15,145951,5,673.16,125312,133202,0.311549588309476,0
2023-07-28 10:55:26,676.15,145951,5,673.16,125242,133008,0.311549588309476,0
2023-07-28 10:55:26,676.15,145951,5,673.16,125675,133160,0.311549588309476,0
2023-07-28 10:55:26,676.25,145951,4,673.16,125768,133137,0.3263852829908828,0
2023-07-28 10:55:37,676.25,145957,4,673.16,125840,133370,0.3263852829908828,0
2023-07-28 10:55:37,676.25,145957,4,673.16,125699,133483,0.3263852829908828,0
2023-07-28 10:55:37,676.25,145957,4,673.16,125733,133552,0.3263852829908828,0
2023-07-28 10:55:37,676.15,145957,1,673.16,125733,133552,0.311549588309476,0
2023-07-28 10:55:47,676.15,145962,1,673.16,125669,133429,0.311549588309476,0
2023-07-28 10:55:47,675.85,145962,55,673.16,125669,133429,0.2670425042652724,0
2023-07-28 10:55:48,675.85,146032,55,673.16,125134,133459,0.2670425042652724,0
2023-07-28 10:55:48,675.85,146032,55,673.16,125765,133440,0.2670425042652724,0
2023-07-28 10:55:48,675.85,146032,55,673.16,125770,133349,0.2670425042652724,0
2023-07-28 10:55:48,675.85,146032,55,673.16,125727,133405,0.2670425042652724,0
2023-07-28 10:55:48,675.85,146032,55,673.16,125731,133490,0.2670425042652724,0
2023-07-28 10:55:48,675.9,146032,1,673.16,125731,133490,0.2744603516059673,0
2023-07-28 10:55:48,676.0,146032,1,673.16,125731,133490,0.28929604628737415,0
2023-07-28 10:56:04,676.0,146046,1,673.16,124883,133258,0.28929604628737415,0
2023-07-28 10:56:04,676.0,146046,1,673.16,124931,133250,0.28929604628737415,0
2023-07-28 10:56:04,676.0,146046,1,673.16,125050,133122,0.28929604628737415,0
2023-07-28 10:56:04,676.0,146046,1,673.16,125715,133290,0.28929604628737415,0
2023-07-28 10:56:04,676.0,146046,1,673.16,125715,133215,0.28929604628737415,0
2023-07-28 10:56:04,676.0,146046,1,673.16,125696,133474,0.28929604628737415,0
2023-07-28 10:56:04,676.0,146046,1,673.16,125721,133248,0.28929604628737415,0
2023-07-28 10:56:04,675.9,146046,2,673.16,125721,133248,0.2744603516059673,0
2023-07-28 10:56:11,675.9,146050,2,673.16,124999,133457,0.2744603516059673,0
2023-07-28 10:56:11,675.9,146050,2,673.16,124999,133462,0.2744603516059673,0
2023-07-28 10:56:11,675.9,146050,2,673.16,125673,133462,0.2744603516059673,0
2023-07-28 10:56:11,675.9,146050,2,673.16,125671,133315,0.2744603516059673,0
2023-07-28 10:56:11,675.9,146050,2,673.16,125715,133248,0.2744603516059673,0
2023-07-28 10:56:11,675.9,146050,2,673.16,125715,133253,0.2744603516059673,0
2023-07-28 10:56:11,675.9,146050,2,673.16,125715,133253,0.2744603516059673,0
2023-07-28 10:56:22,676.15,146058,3,673.16,125634,133203,0.311549588309476,0
2023-07-28 10:56:22,676.15,146058,3,673.16,125718,133215,0.311549588309476,0
2023-07-28 10:56:22,676.15,146058,3,673.16,125718,133207,0.311549588309476,0
2023-07-28 10:56:22,676.15,146058,3,673.16,125718,133207,0.311549588309476,0
2023-07-28 10:56:22,676.0,146058,2,673.16,125718,133273,0.28929604628737415,0
2023-07-28 10:56:25,676.0,146060,2,673.16,124943,132975,0.28929604628737415,0
2023-07-28 10:56:25,676.0,146060,2,673.16,124943,132975,0.28929604628737415,0
2023-07-28 10:56:25,676.0,146060,2,673.16,124943,132975,0.28929604628737415,0
2023-07-28 10:56:25,676.0,146060,2,673.16,125016,133166,0.28929604628737415,0
2023-07-28 10:56:28,675.9,146062,2,673.16,125016,133252,0.2744603516059673,0
2023-07-28 10:56:28,675.9,146062,2,673.16,124916,132687,0.2744603516059673,0
2023-07-28 10:56:28,675.9,146062,1,673.16,124917,132687,0.2744603516059673,0
2023-07-28 10:56:30,675.9,146066,1,673.17,124948,132661,0.2744603516059673,0
2023-07-28 10:56:30,675.9,146066,3,673.17,124948,132661,0.2744603516059673,0
2023-07-28 10:56:33,675.9,146076,2,673.17,124862,132844,0.2744603516059673,0
2023-07-28 10:56:33,675.9,146076,2,673.17,124862,132844,0.2744603516059673,0
2023-07-28 10:56:33,675.9,146076,2,673.17,124842,132844,0.2744603516059673,0
2023-07-28 10:56:35,675.85,146085,9,673.17,124833,132858,0.2670425042652724,0
2023-07-28 10:56:37,675.8,146088,3,673.17,124853,132858,0.2596246569245605,0
2023-07-28 10:56:37,675.8,146088,3,673.17,125510,132858,0.2596246569245605,0
2023-07-28 10:56:39,675.8,146094,3,673.17,124847,132858,0.2596246569245605,0
2023-07-28 10:56:39,675.8,146094,3,673.17,124921,132858,0.2596246569245605,0
2023-07-28 10:56:41,675.8,146097,3,673.17,124820,132883,0.2596246569245605,0
2023-07-28 10:56:41,675.8,146097,3,673.17,125473,132883,0.2596246569245605,0
2023-07-28 10:56:41,675.8,146097,3,673.17,125473,132883,0.2596246569245605,0
2023-07-28 10:56:43,675.8,146103,3,673.17,124881,132833,0.2596246569245605,0
2023-07-28 10:56:43,675.8,146103,1,673.17,124881,132833,0.2596246569245605,0
2023-07-28 10:56:48,675.95,146111,1,673.17,125518,132762,0.2818781989466792,0
2023-07-28 10:56:48,675.95,146111,1,673.17,125518,132762,0.2818781989466792,0
2023-07-28 10:56:48,675.8,146111,3,673.17,125518,132767,0.2596246569245605,0
2023-07-28 10:56:51,676.0,146217,30,673.17,124937,133281,0.28929604628737415,0
2023-07-28 10:56:51,676.0,146217,30,673.17,124933,133281,0.28929604628737415,0
2023-07-28 10:56:51,676.0,146217,30,673.17,124933,133276,0.28929604628737415,0
2023-07-28 10:56:51,676.0,146217,30,673.17,124933,133281,0.28929604628737415,0
2023-07-28 10:56:51,676.0,146217,30,673.17,124954,133281,0.28929604628737415,0
2023-07-28 10:56:51,676.0,146217,30,673.17,125579,133257,0.28929604628737415,0
2023-07-28 10:56:51,676.0,146217,30,673.17,125579,133257,0.28929604628737415,0
2023-07-28 10:56:51,676.0,146217,30,673.17,125581,133257,0.28929604628737415,0
2023-07-28 10:56:51,676.0,146217,30,673.17,125581,133207,0.28929604628737415,0
2023-07-28 10:56:51,676.0,146217,30,673.17,125925,133215,0.28929604628737415,0
2023-07-28 10:56:51,676.0,146217,30,673.17,125915,133215,0.28929604628737415,0
2023-07-28 10:56:51,676.0,146217,30,673.17,125915,133145,0.28929604628737415,0
2023-07-28 10:56:51,676.0,146217,30,673.17,125915,133136,0.28929604628737415,0
2023-07-28 10:56:51,676.0,146217,4,673.17,125915,133136,0.28929604628737415,0
2023-07-28 10:57:08,676.0,146223,1,673.17,125932,133147,0.28929604628737415,0
2023-07-28 10:57:08,676.0,146223,1,673.17,125932,133128,0.28929604628737415,0
2023-07-28 10:57:08,676.0,146223,1,673.17,125931,133200,0.28929604628737415,0
2023-07-28 10:57:08,676.0,146223,1,673.17,125908,133208,0.28929604628737415,0
2023-07-28 10:57:08,676.0,146223,1,673.17,125787,133333,0.28929604628737415,0
2023-07-28 10:57:08,676.0,146223,1,673.17,125710,133524,0.28929604628737415,0
2023-07-28 10:57:08,676.0,146223,1,673.17,125717,133548,0.28929604628737415,0
2023-07-28 10:57:08,676.0,146223,1,673.17,125671,133664,0.28929604628737415,0
2023-07-28 10:57:16,675.65,146225,2,673.17,125648,133665,0.23737111490245869,0
2023-07-28 10:57:16,675.65,146225,2,673.17,125574,133667,0.23737111490245869,0
2023-07-28 10:57:16,675.65,146225,2,673.17,125654,133612,0.23737111490245869,0
2023-07-28 10:57:16,675.8,146225,1,673.17,125654,133612,0.2596246569245605,0
2023-07-28 10:57:21,675.8,146227,1,673.17,125680,133655,0.2596246569245605,0
2023-07-28 10:57:21,676.0,146227,3,673.17,125596,133652,0.28929604628737415,0
2023-07-28 10:57:23,675.8,146233,2,673.17,125591,133605,0.2596246569245605,0
2023-07-28 10:57:23,675.8,146233,2,673.17,125643,133605,0.2596246569245605,0
2023-07-28 10:57:27,675.65,146240,5,673.17,125493,133650,0.23737111490245869,0
2023-07-28 10:57:27,675.9,146280,4,673.17,125537,133605,0.2744603516059673,0
2023-07-28 10:57:27,675.9,146280,4,673.17,125537,133606,0.2744603516059673,0
2023-07-28 10:57:27,675.9,146280,4,673.17,125539,133606,0.2744603516059673,0
2023-07-28 10:57:33,675.6,146284,2,673.17,125564,133616,0.2299532675617637,0
2023-07-28 10:57:33,675.6,146284,2,673.17,125573,133435,0.2299532675617637,0
2023-07-28 10:57:35,675.95,146295,1,673.17,125531,133411,0.2818781989466792,0
2023-07-28 10:57:36,675.65,146303,2,673.17,125524,133558,0.23737111490245869,0
2023-07-28 10:57:36,675.65,146303,2,673.17,125577,133559,0.23737111490245869,0
2023-07-28 10:57:36,675.65,146303,2,673.17,125580,133541,0.23737111490245869,0
2023-07-28 10:57:39,675.65,146305,2,673.17,125524,133541,0.23737111490245869,0
2023-07-28 10:57:39,675.65,146305,2,673.17,125525,133541,0.23737111490245869,0
2023-07-28 10:57:39,675.65,146305,2,673.17,125484,133538,0.23737111490245869,0
2023-07-28 10:57:39,675.65,146305,2,673.17,125535,133543,0.23737111490245869,0
2023-07-28 10:57:39,675.65,146305,2,673.17,125535,133541,0.23737111490245869,0
2023-07-28 10:57:48,675.75,146306,1,673.17,125492,133486,0.25220680958386554,0
2023-07-28 10:57:48,675.75,146306,1,673.17,125502,133486,0.25220680958386554,0
2023-07-28 10:57:50,675.75,146308,1,673.17,125501,133531,0.25220680958386554,0
2023-07-28 10:57:50,675.9,146308,2,673.17,125501,133496,0.2744603516059673,0
2023-07-28 10:57:52,675.9,146310,2,673.17,125480,133476,0.2744603516059673,0
2023-07-28 10:57:55,675.65,146322,7,673.17,125387,133512,0.23737111490245869,0
2023-07-28 10:57:55,675.65,146322,7,673.17,125137,132946,0.23737111490245869,0
2023-07-28 10:57:55,675.65,146322,7,673.17,125131,132633,0.23737111490245869,0
2023-07-28 10:57:55,675.65,146322,7,673.17,125109,133241,0.23737111490245869,0
2023-07-28 10:57:55,675.65,146322,7,673.17,125109,133231,0.23737111490245869,0
2023-07-28 10:57:55,675.65,146322,7,673.17,125111,133346,0.23737111490245869,0
2023-07-28 10:57:55,675.75,146322,1,673.17,125111,133346,0.25220680958386554,0
2023-07-28 10:58:04,675.75,146323,1,673.17,125059,133336,0.25220680958386554,0
2023-07-28 10:58:04,675.75,146323,1,673.17,125059,133388,0.25220680958386554,0
2023-07-28 10:58:04,675.75,146323,1,673.17,125059,133441,0.25220680958386554,0
2023-07-28 10:58:08,675.9,146327,3,673.17,125008,133449,0.2744603516059673,0
2023-07-28 10:58:08,675.9,146327,3,673.17,125008,133449,0.2744603516059673,0
2023-07-28 10:58:08,675.9,146327,3,673.17,125129,133396,0.2744603516059673,0
2023-07-28 10:58:08,675.65,146327,68,673.17,125129,133396,0.23737111490245869,0
2023-07-28 10:58:11,675.65,146403,68,673.17,124579,132421,0.23737111490245869,0
2023-07-28 10:58:11,675.6,146403,1,673.17,124579,132421,0.2299532675617637,0
2023-07-28 10:58:15,675.6,146407,1,673.17,124507,133282,0.2299532675617637,0
2023-07-28 10:58:15,675.6,146407,4,673.17,124507,133282,0.2299532675617637,0
2023-07-28 10:58:18,675.6,146415,4,673.17,124534,133252,0.2299532675617637,0
2023-07-28 10:58:18,675.7,146415,1,673.17,124534,133252,0.24478896224317054,0
2023-07-28 10:58:21,675.55,146427,6,673.17,124133,132697,0.22253542022105186,0
2023-07-28 10:58:21,675.55,146427,6,673.17,124133,132697,0.22253542022105186,0
2023-07-28 10:58:21,675.55,146427,6,673.17,124668,132965,0.22253542022105186,0
2023-07-28 10:58:21,675.5,146427,3,673.17,124668,132965,0.21511757288035688,0
2023-07-28 10:58:25,675.5,146433,3,673.17,124080,132623,0.21511757288035688,0
2023-07-28 10:58:25,675.5,146433,3,673.17,124080,132623,0.21511757288035688,0
2023-07-28 10:58:27,675.5,146436,3,673.17,124126,132464,0.21511757288035688,0
2023-07-28 10:58:27,675.5,146436,3,673.17,124126,132464,0.21511757288035688,0
2023-07-28 10:58:29,675.5,146439,3,673.17,124198,132402,0.21511757288035688,0
2023-07-28 10:58:29,675.5,146439,5,673.17,124198,132402,0.21511757288035688,0
2023-07-28 10:58:29,675.65,146439,2,673.17,124198,132402,0.23737111490245869,0
2023-07-28 10:58:33,675.65,146452,2,673.17,124227,132499,0.23737111490245869,0
2023-07-28 10:58:33,675.55,146452,6,673.17,124252,132500,0.22253542022105186,0
2023-07-28 10:58:37,675.55,146464,6,673.17,124246,132521,0.22253542022105186,0
2023-07-28 10:58:37,675.5,146464,1,673.17,124246,132521,0.21511757288035688,0
2023-07-28 10:58:42,675.5,146471,1,673.17,124284,132549,0.21511757288035688,0
2023-07-28 10:58:45,675.45,146527,1,673.17,124114,132528,0.2076997255396619,0
2023-07-28 10:58:45,675.45,146527,1,673.17,124114,132528,0.2076997255396619,0
2023-07-28 10:58:45,675.45,146542,1,673.17,124879,131038,0.2076997255396619,0
2023-07-28 10:58:45,675.45,146542,1,673.17,124959,131200,0.2076997255396619,0
2023-07-28 10:58:45,675.45,146542,1,673.17,125033,131596,0.2076997255396619,0
2023-07-28 10:58:45,675.45,146542,1,673.17,124664,131550,0.2076997255396619,0
2023-07-28 10:58:45,675.45,146542,1,673.17,124617,132922,0.2076997255396619,0
2023-07-28 10:58:45,675.45,146542,1,673.17,124590,132872,0.2076997255396619,0
2023-07-28 10:58:45,675.55,146542,1,673.17,124615,132905,0.22253542022105186,0
2023-07-28 10:58:45,675.55,146542,1,673.17,124615,132905,0.22253542022105186,0
2023-07-28 10:59:04,675.55,146548,1,673.17,124512,132841,0.22253542022105186,0
2023-07-28 10:59:04,675.55,146548,1,673.17,124491,132841,0.22253542022105186,0
2023-07-28 10:59:12,675.75,146549,1,673.17,124492,132840,0.25220680958386554,0
2023-07-28 10:59:12,675.75,146549,1,673.17,124498,132232,0.25220680958386554,0
2023-07-28 10:59:12,675.75,146549,1,673.17,124901,132020,0.25220680958386554,0
2023-07-28 10:59:12,675.75,146549,1,673.17,125124,131791,0.25220680958386554,0
2023-07-28 10:59:12,675.75,146549,1,673.17,125124,131797,0.25220680958386554,0
2023-07-28 10:59:12,675.75,146549,1,673.17,125069,131765,0.25220680958386554,0
2023-07-28 10:59:12,675.75,146549,1,673.17,125042,132035,0.25220680958386554,0
2023-07-28 10:59:12,675.55,146549,1,673.17,125042,132035,0.22253542022105186,0
2023-07-28 10:59:18,675.55,146550,1,673.17,125105,133168,0.22253542022105186,0
2023-07-28 10:59:21,675.55,146552,1,673.17,125506,133147,0.22253542022105186,0
2023-07-28 10:59:21,675.55,146552,1,673.17,125506,133111,0.22253542022105186,0
2023-07-28 10:59:21,675.75,146552,2,673.17,125506,133111,0.25220680958386554,0
2023-07-28 10:59:22,675.75,146554,2,673.17,125617,132029,0.25220680958386554,0
2023-07-28 10:59:22,675.75,146554,2,673.17,125617,132029,0.25220680958386554,0
2023-07-28 10:59:22,675.75,146554,2,673.17,125617,132029,0.25220680958386554,0
2023-07-28 10:59:22,675.75,146554,2,673.17,125617,132029,0.25220680958386554,0
2023-07-28 10:59:22,675.75,146554,2,673.17,125617,132029,0.25220680958386554,0
2023-07-28 10:59:22,675.75,146554,2,673.17,125617,132029,0.25220680958386554,0
2023-07-28 10:59:22,675.75,146554,2,673.17,125617,132029,0.25220680958386554,0
2023-07-28 10:59:22,675.75,146554,2,673.17,125617,132029,0.25220680958386554,0
2023-07-28 10:59:22,675.75,146554,2,673.17,125619,132029,0.25220680958386554,0
2023-07-28 10:59:22,675.75,146554,2,673.17,125619,132025,0.25220680958386554,0
2023-07-28 10:59:22,675.75,146554,2,673.17,125619,132010,0.25220680958386554,0
2023-07-28 10:59:22,675.75,146554,2,673.17,125699,133089,0.25220680958386554,0
2023-07-28 10:59:22,675.8,146554,10,673.17,125699,133089,0.2596246569245605,0
2023-07-28 10:59:35,675.45,146588,9,673.17,125060,131952,0.2076997255396619,0
2023-07-28 10:59:35,675.45,146588,9,673.17,125085,131979,0.2076997255396619,0
2023-07-28 10:59:35,675.45,146588,9,673.17,125071,132037,0.2076997255396619,0
2023-07-28 10:59:35,675.45,146588,9,673.17,125131,131971,0.2076997255396619,0
2023-07-28 10:59:35,675.45,146588,9,673.17,125025,132099,0.2076997255396619,0
2023-07-28 10:59:35,675.45,146588,9,673.17,124778,132800,0.2076997255396619,0
2023-07-28 10:59:35,675.45,146588,9,673.17,125030,133033,0.2076997255396619,0
2023-07-28 10:59:35,675.45,146588,9,673.17,123977,133130,0.2076997255396619,0
2023-07-28 10:59:35,675.45,146588,9,673.17,124005,133152,0.2076997255396619,0
2023-07-28 10:59:35,675.45,146588,9,673.17,124589,131971,0.2076997255396619,0
2023-07-28 10:59:35,675.45,146588,9,673.17,124522,133099,0.2076997255396619,0
2023-07-28 10:59:35,675.45,146588,9,673.17,124448,133099,0.2076997255396619,0
2023-07-28 10:59:35,675.6,146588,1,673.17,124552,131747,0.2299532675617637,0
2023-07-28 10:59:48,675.6,146589,1,673.17,125080,132844,0.2299532675617637,0
2023-07-28 10:59:48,675.6,146589,2,673.17,124685,133493,0.2299532675617637,0
2023-07-28 10:59:50,675.6,146593,2,673.17,124781,133245,0.2299532675617637,0
2023-07-28 10:59:52,675.45,146596,3,673.17,124068,133031,0.2076997255396619,0
2023-07-28 10:59:53,675.3,146636,18,673.17,124123,132044,0.18544618351754322,0
2023-07-28 10:59:53,675.3,146636,18,673.17,124158,132246,0.18544618351754322,0
2023-07-28 10:59:53,675.3,146636,18,673.17,124230,133346,0.18544618351754322,0
2023-07-28 10:59:53,675.3,146636,18,673.17,124305,133247,0.18544618351754322,0
2023-07-28 10:59:53,675.3,146636,18,673.17,124214,132431,0.18544618351754322,0
2023-07-28 10:59:53,675.3,146636,18,673.17,124854,132380,0.18544618351754322,0
2023-07-28 10:59:53,675.3,146636,18,673.17,124853,132435,0.18544618351754322,0
2023-07-28 10:59:53,675.3,146636,18,673.17,124854,132430,0.18544618351754322,0
2023-07-28 11:00:01,675.65,146637,1,673.17,124855,132429,0.23737111490245869,0
2023-07-28 11:00:01,675.65,146637,1,673.17,125080,132972,0.23737111490245869,0
2023-07-28 11:00:01,675.65,146637,1,673.17,125070,131749,0.23737111490245869,0
2023-07-28 11:00:01,675.65,146637,1,673.17,125181,131697,0.23737111490245869,0
2023-07-28 11:00:01,675.65,146637,1,673.17,124915,133088,0.23737111490245869,0
2023-07-28 11:00:01,675.65,146637,1,673.17,125183,132868,0.23737111490245869,0
2023-07-28 11:00:01,675.8,146637,2,673.17,125268,133058,0.2596246569245605,0
2023-07-28 11:00:07,675.8,146643,2,673.17,125304,131961,0.2596246569245605,0
2023-07-28 11:00:07,675.8,146643,2,673.17,125314,131952,0.2596246569245605,0
2023-07-28 11:00:07,675.8,146643,2,673.17,125314,131965,0.2596246569245605,0
2023-07-28 11:00:07,675.8,146643,2,673.17,124234,133452,0.2596246569245605,0
2023-07-28 11:00:07,675.8,146643,2,673.17,124747,131925,0.2596246569245605,0
2023-07-28 11:00:07,675.8,146643,2,673.17,124790,131974,0.2596246569245605,0
2023-07-28 11:00:07,675.8,146643,2,673.17,124792,131960,0.2596246569245605,0
2023-07-28 11:00:07,675.8,146643,2,673.17,124732,131878,0.2596246569245605,0
2023-07-28 11:00:07,675.8,146643,2,673.17,124924,133046,0.2596246569245605,0
2023-07-28 11:00:07,675.8,146643,2,673.17,125020,133004,0.2596246569245605,0
2023-07-28 11:00:23,675.6,146651,2,673.18,124270,131941,0.2299532675617637,0
2023-07-28 11:00:23,675.8,146651,1,673.18,124270,131941,0.2596246569245605,0
2023-07-28 11:00:23,675.8,146652,1,673.18,124471,131841,0.2596246569245605,0
2023-07-28 11:00:23,675.4,146652,1,673.18,124471,131841,0.20028187819895005,0
2023-07-28 11:00:25,675.4,146653,1,673.18,124478,131915,0.20028187819895005,0
2023-07-28 11:00:25,675.4,146653,1,673.18,124999,131915,0.20028187819895005,0
2023-07-28 11:00:25,675.4,146653,1,673.18,125006,131915,0.20028187819895005,0
2023-07-28 11:00:25,675.4,146653,1,673.18,124934,131915,0.20028187819895005,0
2023-07-28 11:00:25,675.4,146653,1,673.18,125394,131909,0.20028187819895005,0
2023-07-28 11:00:25,675.4,146653,1,673.18,125394,131924,0.20028187819895005,0
2023-07-28 11:00:25,675.4,146653,1,673.18,125394,131946,0.20028187819895005,0
2023-07-28 11:00:25,675.4,146653,1,673.18,125576,132928,0.20028187819895005,0
2023-07-28 11:00:25,675.4,146653,1,673.18,125566,132928,0.20028187819895005,0
2023-07-28 11:00:25,675.4,146653,1,673.18,125486,132948,0.20028187819895005,0
2023-07-28 11:00:25,675.8,146653,4,673.18,125486,132948,0.2596246569245605,0
2023-07-28 11:00:37,675.8,146658,4,673.18,125484,132892,0.2596246569245605,0
2023-07-28 11:00:39,675.8,146659,1,673.18,125364,132851,0.2596246569245605,0
2023-07-28 11:00:39,675.8,146659,1,673.18,125391,131749,0.2596246569245605,0
2023-07-28 11:00:39,675.8,146659,1,673.18,125449,131709,0.2596246569245605,0
2023-07-28 11:00:39,675.8,146659,1,673.18,125449,131681,0.2596246569245605,0
2023-07-28 11:00:39,675.8,146659,1,673.18,125486,132714,0.2596246569245605,0
2023-07-28 11:00:39,675.8,146659,1,673.18,125462,131664,0.2596246569245605,0
2023-07-28 11:00:39,675.8,146659,1,673.18,125436,131658,0.2596246569245605,0
2023-07-28 11:00:39,675.8,146659,1,673.18,125306,132823,0.2596246569245605,0
2023-07-28 11:00:39,675.8,146659,1,673.18,125426,131671,0.2596246569245605,0
2023-07-28 11:00:39,675.8,146659,1,673.18,125543,131673,0.2596246569245605,0
2023-07-28 11:00:39,675.8,146659,1,673.18,125544,131728,0.2596246569245605,0
2023-07-28 11:00:52,675.8,146665,2,673.18,125717,131657,0.2596246569245605,0
2023-07-28 11:00:52,675.8,146665,2,673.18,125717,131657,0.2596246569245605,0
2023-07-28 11:00:52,675.9,146665,10,673.18,125717,131657,0.2744603516059673,0
2023-07-28 11:00:54,675.9,146862,10,673.18,126151,131151,0.2744603516059673,0
2023-07-28 11:00:54,675.9,146862,10,673.18,126157,131147,0.2744603516059673,0
2023-07-28 11:00:54,675.9,146862,10,673.18,126207,131221,0.2744603516059673,0
2023-07-28 11:00:54,675.9,146862,10,673.18,126207,131219,0.2744603516059673,0
2023-07-28 11:00:54,675.9,146862,10,673.18,126221,131219,0.2744603516059673,0
2023-07-28 11:00:54,675.9,146862,10,673.18,126248,131215,0.2744603516059673,0
2023-07-28 11:00:54,675.9,146862,10,673.18,126248,131226,0.2744603516059673,0
2023-07-28 11:00:54,675.9,146862,10,673.18,126248,131241,0.2744603516059673,0
2023-07-28 11:00:54,675.9,146862,10,673.18,126219,131317,0.2744603516059673,0
2023-07-28 11:00:54,675.9,146862,10,673.18,126269,132391,0.2744603516059673,0
2023-07-28 11:00:54,676.0,146862,1,673.18,126269,132391,0.28929604628737415,0
2023-07-28 11:01:07,676.0,146867,1,673.18,126210,131237,0.28929604628737415,0
2023-07-28 11:01:08,676.0,146868,1,673.18,125369,132483,0.28929604628737415,0
2023-07-28 11:01:08,676.0,146868,1,673.18,125424,132506,0.28929604628737415,0
2023-07-28 11:01:08,676.0,146868,1,673.18,125423,132568,0.28929604628737415,0
2023-07-28 11:01:08,676.0,146868,1,673.18,125561,132443,0.28929604628737415,0
2023-07-28 11:01:08,676.0,146868,1,673.18,125489,131389,0.28929604628737415,0
2023-07-28 11:01:08,676.0,146868,1,673.18,125615,132380,0.28929604628737415,0
2023-07-28 11:01:08,676.0,146868,1,673.18,125541,132590,0.28929604628737415,0
2023-07-28 11:01:08,676.0,146868,1,673.18,125576,132491,0.28929604628737415,0
2023-07-28 11:01:08,676.0,146868,1,673.18,125604,131417,0.28929604628737415,0
2023-07-28 11:01:08,676.0,146868,1,673.18,125604,131417,0.28929604628737415,0
2023-07-28 11:01:18,676.0,146869,1,673.18,125546,132553,0.28929604628737415,0
2023-07-28 11:01:18,676.0,146869,1,673.18,125533,132553,0.28929604628737415,0
2023-07-28 11:01:18,676.0,146869,1,673.18,125561,132553,0.28929604628737415,0
2023-07-28 11:01:23,676.0,146874,4,673.18,125522,132535,0.28929604628737415,0
2023-07-28 11:01:25,676.0,146875,1,673.18,125522,132539,0.28929604628737415,0
2023-07-28 11:01:25,676.0,146875,1,673.18,125524,132539,0.28929604628737415,0
2023-07-28 11:01:25,676.0,146875,1,673.18,125548,132512,0.28929604628737415,0
2023-07-28 11:01:25,676.0,146875,1,673.18,125641,132368,0.28929604628737415,0
2023-07-28 11:01:25,676.0,146875,1,673.18,125641,132418,0.28929604628737415,0
2023-07-28 11:01:25,676.0,146875,1,673.18,125640,132506,0.28929604628737415,0
2023-07-28 11:01:37,676.0,146881,1,673.18,125638,132454,0.28929604628737415,0
2023-07-28 11:01:37,676.0,146881,1,673.18,125714,132446,0.28929604628737415,0
2023-07-28 11:01:37,676.0,146881,1,673.18,125714,132449,0.28929604628737415,0
2023-07-28 11:01:37,676.0,146881,1,673.18,125714,132399,0.28929604628737415,0
2023-07-28 11:01:37,676.0,146881,1,673.18,125682,132408,0.28929604628737415,0
2023-07-28 11:01:37,676.0,146881,1,673.18,125682,132458,0.28929604628737415,0
2023-07-28 11:01:37,676.0,146881,1,673.18,125710,132469,0.28929604628737415,0
2023-07-28 11:01:37,676.0,146881,1,673.18,125712,132465,0.28929604628737415,0
2023-07-28 11:01:37,676.0,146881,1,673.18,125672,132467,0.28929604628737415,0
2023-07-28 11:01:37,676.0,146881,1,673.18,125672,132467,0.28929604628737415,0
2023-07-28 11:01:37,676.0,146881,1,673.18,125598,132467,0.28929604628737415,0
2023-07-28 11:01:37,676.0,146881,1,673.18,125568,132497,0.28929604628737415,0
2023-07-28 11:01:37,676.0,146881,1,673.18,125568,132495,0.28929604628737415,0
2023-07-28 11:01:53,676.0,146883,2,673.18,125641,132478,0.28929604628737415,0
2023-07-28 11:01:53,676.0,146887,1,673.18,125640,132474,0.28929604628737415,0
2023-07-28 11:01:54,676.0,146888,1,673.18,125715,132473,0.28929604628737415,0
2023-07-28 11:01:54,676.0,146888,1,673.18,125715,132426,0.28929604628737415,0
2023-07-28 11:01:54,676.0,146888,1,673.18,125715,132448,0.28929604628737415,0
2023-07-28 11:01:54,676.0,146888,1,673.18,125717,132448,0.28929604628737415,0
2023-07-28 11:01:54,676.0,146888,1,673.18,125699,132438,0.28929604628737415,0
2023-07-28 11:02:02,676.0,146906,1,673.18,125694,132608,0.28929604628737415,0
2023-07-28 11:02:02,676.0,146907,1,673.18,125735,132607,0.28929604628737415,0
2023-07-28 11:02:02,675.75,146907,1,673.18,125735,132607,0.25220680958386554,0
2023-07-28 11:02:05,675.75,146908,1,673.18,125651,132607,0.25220680958386554,0
2023-07-28 11:02:06,676.0,146913,5,673.18,125651,132594,0.28929604628737415,0
2023-07-28 11:02:06,676.0,146913,5,673.18,125647,132589,0.28929604628737415,0
2023-07-28 11:02:06,676.0,146913,18,673.18,125647,132589,0.28929604628737415,0
2023-07-28 11:02:12,676.15,146931,1,673.18,125972,132420,0.311549588309476,0
2023-07-28 11:02:14,676.15,146932,1,673.18,125099,132280,0.311549588309476,0
2023-07-28 11:02:14,676.15,146932,1,673.18,124998,132504,0.311549588309476,0
2023-07-28 11:02:14,676.35,146932,1,673.18,125068,132448,0.34122097767228965,0
2023-07-28 11:02:14,676.35,146932,1,673.18,125068,132448,0.34122097767228965,0
2023-07-28 11:02:14,676.35,146932,1,673.18,125068,132448,0.34122097767228965,0
2023-07-28 11:02:22,675.9,146937,10,673.18,125023,132690,0.2744603516059673,0
2023-07-28 11:02:22,675.9,146937,10,673.18,125023,132690,0.2744603516059673,0
2023-07-28 11:02:22,675.9,146937,10,673.18,125023,132690,0.2744603516059673,0
2023-07-28 11:02:25,675.9,146981,10,673.18,124975,132748,0.2744603516059673,0
2023-07-28 11:02:25,675.9,146981,10,673.18,124969,132705,0.2744603516059673,0
2023-07-28 11:02:25,675.95,146981,5,673.18,124969,132705,0.2818781989466792,0
2023-07-28 11:02:30,675.95,146986,5,673.18,124968,132797,0.2818781989466792,0
2023-07-28 11:02:30,676.4,146986,14,673.18,124968,132797,0.34863882501298465,0
2023-07-28 11:02:34,676.4,147000,14,673.18,125033,132652,0.34863882501298465,0
2023-07-28 11:02:38,676.4,147005,4,673.18,124997,132671,0.34863882501298465,0
2023-07-28 11:02:38,676.4,147005,4,673.18,125023,132680,0.34863882501298465,0
2023-07-28 11:02:38,676.4,147005,4,673.18,125025,132680,0.34863882501298465,0
2023-07-28 11:02:38,676.4,147005,4,673.18,125025,132680,0.34863882501298465,0
2023-07-28 11:02:38,676.4,147005,4,673.18,125181,132846,0.34863882501298465,0
2023-07-28 11:02:38,676.45,147005,7,673.18,125181,132846,0.3560566723536965,0
2023-07-28 11:02:38,676.45,147005,2,673.18,125181,132846,0.3560566723536965,0
2023-07-28 11:02:52,676.45,147051,3,673.18,124921,132940,0.3560566723536965,0
2023-07-28 11:02:54,676.45,147054,3,673.18,125392,132804,0.3560566723536965,0
2023-07-28 11:02:54,676.45,147054,3,673.18,125426,132804,0.3560566723536965,0
2023-07-28 11:02:54,676.45,147054,3,673.18,125545,132697,0.3560566723536965,0
2023-07-28 11:02:54,676.5,147054,5,673.18,124947,132779,0.3634745196943915,0
2023-07-28 11:03:08,676.5,147060,5,673.18,125610,132758,0.3634745196943915,0
2023-07-28 11:03:08,676.5,147060,5,673.18,125541,132760,0.3634745196943915,0
2023-07-28 11:03:08,676.15,147060,6,673.18,125541,132760,0.311549588309476,0
2023-07-28 11:03:15,676.65,147368,67,673.19,125682,132361,0.38572806171649326,0
2023-07-28 11:03:15,676.65,147368,9,673.19,125682,132361,0.38572806171649326,0
2023-07-28 11:03:16,676.65,147384,9,673.19,125756,132493,0.38572806171649326,0
2023-07-28 11:03:16,676.45,147384,1,673.19,125756,132493,0.3560566723536965,0
2023-07-28 11:03:16,676.45,147384,1,673.19,125756,132493,0.3560566723536965,0
2023-07-28 11:03:16,676.65,147384,2,673.19,125756,132493,0.38572806171649326,0
2023-07-28 11:03:23,676.65,147413,8,673.19,126515,129507,0.38572806171649326,0
2023-07-28 11:03:23,676.65,147413,1,673.19,126515,129507,0.38572806171649326,0
2023-07-28 11:03:24,676.65,147414,1,673.19,126984,130747,0.38572806171649326,0
2023-07-28 11:03:24,676.65,147414,100,673.19,126984,130747,0.38572806171649326,0
2023-07-28 11:03:24,676.65,147414,5,673.19,126984,130747,0.38572806171649326,0
2023-07-28 11:03:24,676.4,147414,2,673.19,126984,130747,0.34863882501298465,0
2023-07-28 11:03:31,676.4,147521,2,673.19,126563,129513,0.34863882501298465,0
2023-07-28 11:03:34,676.65,147522,1,673.19,127219,129538,0.38572806171649326,0
2023-07-28 11:03:34,676.5,147522,1,673.19,127219,129538,0.3634745196943915,0
2023-07-28 11:03:36,676.65,147525,2,673.19,127115,130794,0.38572806171649326,0
2023-07-28 11:03:37,676.65,147528,2,673.19,127170,130469,0.38572806171649326,0
2023-07-28 11:03:37,676.65,147528,2,673.19,127134,129417,0.38572806171649326,0
2023-07-28 11:03:37,676.65,147528,2,673.19,127033,130874,0.38572806171649326,0
2023-07-28 11:03:37,676.65,147528,2,673.19,127329,130693,0.38572806171649326,0
2023-07-28 11:03:37,676.65,147528,2,673.19,126876,130617,0.38572806171649326,0
2023-07-28 11:03:37,676.65,147528,1,673.19,126876,130617,0.38572806171649326,0
2023-07-28 11:03:53,676.65,147533,1,673.19,127446,129671,0.38572806171649326,0
2023-07-28 11:03:53,676.65,147533,1,673.19,127362,130822,0.38572806171649326,0
2023-07-28 11:03:58,676.75,147553,4,673.19,126807,130475,0.4005637563979001,0
2023-07-28 11:03:58,676.75,147553,4,673.19,126912,130142,0.4005637563979001,0
2023-07-28 11:03:58,676.75,147553,4,673.19,126974,131186,0.4005637563979001,0
2023-07-28 11:03:58,676.75,147553,4,673.19,126828,131170,0.4005637563979001,0
2023-07-28 11:03:58,676.8,147553,1,673.19,126845,131090,0.4079816037385951,0
2023-07-28 11:03:58,676.8,147553,1,673.19,126845,131090,0.4079816037385951,0
2023-07-28 11:04:09,676.8,147559,1,673.19,126816,130004,0.4079816037385951,0
2023-07-28 11:04:09,676.8,147559,1,673.19,125956,131071,0.4079816037385951,0
2023-07-28 11:04:09,676.8,147559,1,673.19,126923,131146,0.4079816037385951,0
2023-07-28 11:04:09,676.8,147559,1,673.19,126973,130047,0.4079816037385951,0
2023-07-28 11:04:09,676.8,147559,1,673.19,126424,131088,0.4079816037385951,0
2023-07-28 11:04:09,676.8,147559,1,673.19,126917,131149,0.4079816037385951,0
2023-07-28 11:04:09,676.8,147559,1,673.19,126864,131186,0.4079816037385951,0
2023-07-28 11:04:09,676.8,147559,1,673.19,126891,130990,0.4079816037385951,0
2023-07-28 11:04:09,676.8,147559,1,673.19,126852,130687,0.4079816037385951,0
2023-07-28 11:04:09,676.8,147559,1,673.19,126784,130576,0.4079816037385951,0
2023-07-28 11:04:09,676.8,147559,1,673.19,126868,130736,0.4079816037385951,0
2023-07-28 11:04:09,676.8,147559,1,673.19,126857,130742,0.4079816037385951,0
2023-07-28 11:04:09,676.8,147559,1,673.19,126856,130733,0.4079816037385951,0
2023-07-28 11:04:09,676.8,147559,1,673.19,126856,130733,0.4079816037385951,0
2023-07-28 11:04:23,676.65,147567,1,673.19,126822,129724,0.38572806171649326,0
2023-07-28 11:04:23,676.75,147568,1,673.19,126968,130826,0.4005637563979001,0
2023-07-28 11:04:23,676.75,147568,1,673.19,126984,130840,0.4005637563979001,0
2023-07-28 11:04:23,676.75,147568,1,673.19,127004,129778,0.4005637563979001,0
2023-07-28 11:04:23,676.75,147568,1,673.19,126987,130903,0.4005637563979001,0
2023-07-28 11:04:23,676.75,147568,1,673.19,126961,129846,0.4005637563979001,0
2023-07-28 11:04:23,676.75,147568,1,673.19,126896,130977,0.4005637563979001,0
2023-07-28 11:04:23,676.75,147568,1,673.19,126928,130870,0.4005637563979001,0
2023-07-28 11:04:23,676.75,147568,1,673.19,126930,130966,0.4005637563979001,0
2023-07-28 11:04:23,676.75,147568,1,673.19,126906,130966,0.4005637563979001,0
2023-07-28 11:04:23,676.75,147568,1,673.19,126920,131008,0.4005637563979001,0
2023-07-28 11:04:23,676.75,147568,1,673.19,126899,131008,0.4005637563979001,0
2023-07-28 11:04:23,676.75,147568,1,673.19,126877,131008,0.4005637563979001,0
2023-07-28 11:04:38,676.8,147576,1,673.19,126767,131142,0.4079816037385951,0
2023-07-28 11:04:38,676.8,147576,1,673.19,126211,130853,0.4079816037385951,0
2023-07-28 11:04:38,676.45,147576,11,673.19,126153,131106,0.3560566723536965,0
2023-07-28 11:04:38,676.45,147576,12,673.19,126153,131106,0.3560566723536965,0
2023-07-28 11:04:40,676.45,147662,12,673.2,124422,130422,0.3560566723536965,0
2023-07-28 11:04:42,676.2,147664,2,673.2,123950,129965,0.3189674356501878,0
2023-07-28 11:04:42,676.2,147664,2,673.2,124150,130204,0.3189674356501878,0
2023-07-28 11:04:44,676.2,147666,2,673.2,123945,129940,0.3189674356501878,0
2023-07-28 11:04:44,676.2,147666,2,673.2,124094,130193,0.3189674356501878,0
2023-07-28 11:04:44,676.2,147666,1,673.2,124094,130193,0.3189674356501878,0
2023-07-28 11:04:47,676.2,147670,1,673.2,124102,131411,0.3189674356501878,0
2023-07-28 11:04:47,676.2,147670,3,673.2,124102,131411,0.3189674356501878,0
2023-07-28 11:04:48,676.2,147685,3,673.2,124493,129895,0.3189674356501878,0
2023-07-28 11:04:48,676.2,147685,3,673.2,123943,129996,0.3189674356501878,0
2023-07-28 11:04:48,676.2,147685,3,673.2,124863,130033,0.3189674356501878,0
2023-07-28 11:04:48,676.2,147685,3,673.2,125300,129877,0.3189674356501878,0
2023-07-28 11:04:48,676.2,147685,3,673.2,125863,129839,0.3189674356501878,0
2023-07-28 11:04:48,676.2,147685,3,673.2,125771,129542,0.3189674356501878,0
2023-07-28 11:04:48,676.2,147685,3,673.2,125671,129624,0.3189674356501878,0
2023-07-28 11:04:48,676.2,147685,3,673.2,125840,130198,0.3189674356501878,0
2023-07-28 11:04:48,676.2,147685,3,673.2,125364,130977,0.3189674356501878,0
2023-07-28 11:04:48,676.2,147685,3,673.2,125867,129662,0.3189674356501878,0
2023-07-28 11:04:59,676.3,147690,5,673.2,125731,130326,0.3338031303315778,0
2023-07-28 11:04:59,676.3,147690,1,673.2,125882,130192,0.3338031303315778,0
2023-07-28 11:05:00,676.3,147691,1,673.2,125921,129932,0.3338031303315778,0
2023-07-28 11:05:00,676.5,147691,1,673.2,125912,131152,0.3634745196943915,0
2023-07-28 11:05:03,676.5,147692,1,673.2,125960,131168,0.3634745196943915,0
2023-07-28 11:05:03,676.5,147692,1,673.2,125960,131168,0.3634745196943915,0
2023-07-28 11:05:05,676.5,147693,1,673.2,125191,129813,0.3634745196943915,0
2023-07-28 11:05:05,676.5,147693,1,673.2,125193,131063,0.3634745196943915,0
2023-07-28 11:05:07,676.7,147696,2,673.2,125815,129695,0.39314590905720515,0
2023-07-28 11:05:07,676.7,147696,2,673.2,125733,129813,0.39314590905720515,0
2023-07-28 11:05:07,676.7,147696,2,673.2,125267,131013,0.39314590905720515,0
2023-07-28 11:05:07,676.3,147696,9,673.2,125267,131013,0.3338031303315778,0
2023-07-28 11:05:09,676.3,147762,9,673.2,125626,130890,0.3338031303315778,0
2023-07-28 11:05:09,676.3,147762,9,673.2,125676,129873,0.3338031303315778,0
2023-07-28 11:05:09,676.3,147762,11,673.2,125676,129873,0.3338031303315778,0
2023-07-28 11:05:11,676.3,147773,11,673.2,125674,129847,0.3338031303315778,0
2023-07-28 11:05:11,676.3,147773,11,673.2,126311,130000,0.3338031303315778,0
2023-07-28 11:05:11,676.25,147773,2,673.2,126311,130000,0.3263852829908828,0
2023-07-28 11:05:13,676.25,147788,2,673.2,126197,129796,0.3263852829908828,0
2023-07-28 11:05:13,676.25,147788,2,673.2,126272,130407,0.3263852829908828,0
2023-07-28 11:05:13,676.25,147788,1,673.2,126272,130407,0.3263852829908828,0
2023-07-28 11:05:15,676.25,147796,1,673.2,125915,129679,0.3263852829908828,0
2023-07-28 11:05:15,676.25,147796,1,673.2,125915,129679,0.3263852829908828,0
2023-07-28 11:05:17,676.25,147805,1,673.2,126106,131156,0.3263852829908828,0
2023-07-28 11:05:17,676.4,147805,1,673.2,126188,131145,0.34863882501298465,0
2023-07-28 11:05:19,676.4,147806,1,673.2,126227,130041,0.34863882501298465,0
2023-07-28 11:05:19,676.4,147806,1,673.2,125826,131033,0.34863882501298465,0
2023-07-28 11:05:19,676.4,147806,1,673.2,125826,131033,0.34863882501298465,0
2023-07-28 11:05:21,676.4,147807,1,673.2,126240,131046,0.34863882501298465,0
2023-07-28 11:05:21,676.4,147807,1,673.2,126244,131014,0.34863882501298465,0
2023-07-28 11:05:21,676.4,147807,1,673.2,126244,131014,0.34863882501298465,0
2023-07-28 11:05:23,676.25,147812,3,673.2,126144,129791,0.3263852829908828,0
2023-07-28 11:05:23,676.25,147812,3,673.2,126144,129791,0.3263852829908828,0
2023-07-28 11:05:23,676.25,147812,3,673.2,126142,129759,0.3263852829908828,0
2023-07-28 11:05:23,676.25,147812,2,673.2,126142,129759,0.3263852829908828,0
2023-07-28 11:05:26,676.25,147816,2,673.2,126144,129840,0.3263852829908828,0
2023-07-28 11:05:26,676.25,147816,2,673.2,126218,129756,0.3263852829908828,0
2023-07-28 11:05:26,676.25,147816,2,673.2,126218,129756,0.3263852829908828,0
2023-07-28 11:05:28,676.25,147820,2,673.2,126096,129926,0.3263852829908828,0
2023-07-28 11:05:28,676.25,147820,2,673.2,126203,130999,0.3263852829908828,0
2023-07-28 11:05:30,676.25,147824,2,673.2,126256,129691,0.3263852829908828,0
2023-07-28 11:05:32,676.25,147827,1,673.2,126105,130144,0.3263852829908828,0
2023-07-28 11:05:32,676.25,147827,1,673.2,126129,129712,0.3263852829908828,0
2023-07-28 11:05:32,676.25,147827,1,673.2,126156,130299,0.3263852829908828,0
2023-07-28 11:05:34,676.25,147828,1,673.2,126187,129863,0.3263852829908828,0
2023-07-28 11:05:36,676.25,147829,1,673.2,126210,129811,0.3263852829908828,0
2023-07-28 11:05:36,676.25,147829,1,673.2,126246,130002,0.3263852829908828,0
2023-07-28 11:05:36,676.6,147829,2,673.2,126246,130002,0.3783102143757983,0
2023-07-28 11:05:38,676.2,147835,2,673.2,125963,130033,0.3189674356501878,0
2023-07-28 11:05:38,676.2,147835,2,673.2,126139,129651,0.3189674356501878,0
2023-07-28 11:05:40,676.2,147839,2,673.2,126099,129766,0.3189674356501878,0
2023-07-28 11:05:40,676.2,147839,2,673.2,126178,130007,0.3189674356501878,0
2023-07-28 11:05:40,676.2,147839,2,673.2,126112,130071,0.3189674356501878,0
2023-07-28 11:05:42,676.2,147843,2,673.2,126085,129818,0.3189674356501878,0
2023-07-28 11:05:42,676.2,147843,2,673.2,126083,129675,0.3189674356501878,0
2023-07-28 11:05:42,676.2,147843,5,673.2,126083,129675,0.3189674356501878,0
2023-07-28 11:05:44,676.2,147882,5,673.2,125861,131504,0.3189674356501878,0
2023-07-28 11:05:44,676.2,147882,5,673.2,125833,131676,0.3189674356501878,0
2023-07-28 11:05:49,676.3,147883,1,673.2,125834,131686,0.3338031303315778,0
2023-07-28 11:05:49,676.3,147883,1,673.2,125834,131635,0.3338031303315778,0
2023-07-28 11:05:49,676.3,147883,1,673.2,125835,131804,0.3338031303315778,0
2023-07-28 11:05:49,676.3,147883,1,673.2,125835,131804,0.3338031303315778,0
2023-07-28 11:05:51,676.3,147886,1,673.2,125834,131835,0.3338031303315778,0
2023-07-28 11:05:53,676.45,147887,1,673.2,125836,131834,0.3560566723536965,0
2023-07-28 11:05:54,676.2,147891,2,673.2,125830,131814,0.3189674356501878,0
2023-07-28 11:05:58,676.2,147895,2,673.2,126023,131081,0.3189674356501878,0
2023-07-28 11:05:58,676.2,147895,2,673.2,125558,130114,0.3189674356501878,0
2023-07-28 11:05:58,676.2,147895,1,673.2,125558,130114,0.3189674356501878,0
2023-07-28 11:06:00,676.2,147901,1,673.2,125413,130154,0.3189674356501878,0
2023-07-28 11:06:00,676.2,147901,2,673.2,125566,130014,0.3189674356501878,0
2023-07-28 11:06:02,676.2,147905,2,673.2,126040,129640,0.3189674356501878,0
2023-07-28 11:06:02,676.35,147905,1,673.2,126040,129640,0.34122097767228965,0
2023-07-28 11:06:04,676.35,147906,1,673.2,125949,129952,0.34122097767228965,0
2023-07-28 11:06:04,676.35,147906,1,673.2,125984,130761,0.34122097767228965,0
2023-07-28 11:06:07,676.35,147907,1,673.2,126120,130981,0.34122097767228965,0
2023-07-28 11:06:07,676.35,147907,1,673.2,126126,129927,0.34122097767228965,0
2023-07-28 11:06:09,676.2,147985,74,673.2,126058,129957,0.3189674356501878,0
2023-07-28 11:06:09,676.2,147985,2,673.2,126157,129796,0.3189674356501878,0
2023-07-28 11:06:11,676.2,148067,2,673.2,125886,129870,0.3189674356501878,0
2023-07-28 11:06:11,676.2,148067,2,673.2,126134,129898,0.3189674356501878,0
2023-07-28 11:06:13,676.2,148071,2,673.21,125732,129934,0.3189674356501878,0
2023-07-28 11:06:15,676.2,148073,2,673.21,125734,129966,0.3189674356501878,0
2023-07-28 11:06:15,676.2,148073,2,673.21,125633,130116,0.3189674356501878,0
2023-07-28 11:06:17,676.2,148081,4,673.21,125658,130091,0.3189674356501878,0
2023-07-28 11:06:17,676.2,148081,4,673.21,125685,129997,0.3189674356501878,0
2023-07-28 11:06:17,676.35,148081,1,673.21,125685,129997,0.34122097767228965,0
2023-07-28 11:06:19,676.35,148083,1,673.21,125583,131162,0.34122097767228965,0
2023-07-28 11:06:20,676.35,148085,2,673.21,125723,131328,0.34122097767228965,0
2023-07-28 11:06:21,676.25,148171,43,673.21,125043,131513,0.3263852829908828,0
2023-07-28 11:06:23,676.15,148274,4,673.21,125140,129731,0.311549588309476,0
2023-07-28 11:06:23,676.15,148274,4,673.21,125161,130139,0.311549588309476,0
2023-07-28 11:06:25,676.05,148287,1,673.21,124858,130205,0.29671389362806916,0
2023-07-28 11:06:25,676.05,148287,1,673.21,125093,130278,0.29671389362806916,0
2023-07-28 11:06:25,676.3,148287,4,673.21,125093,130278,0.3338031303315778,0
2023-07-28 11:06:27,676.05,148295,2,673.21,125012,130709,0.29671389362806916,0
2023-07-28 11:06:27,676.05,148295,2,673.21,125012,130709,0.29671389362806916,0
2023-07-28 11:06:29,676.05,148297,2,673.21,125012,130709,0.29671389362806916,0
2023-07-28 11:06:29,676.05,148297,2,673.21,125014,130709,0.29671389362806916,0
2023-07-28 11:06:29,676.05,148297,1,673.21,125014,130709,0.29671389362806916,0
2023-07-28 11:06:31,676.05,148301,1,673.21,125370,130711,0.29671389362806916,0
2023-07-28 11:06:31,676.15,148301,2,673.21,125370,130711,0.311549588309476,0
2023-07-28 11:06:33,676.15,148304,2,673.21,125263,130767,0.311549588309476,0
2023-07-28 11:06:35,676.05,148312,3,673.21,124940,130535,0.29671389362806916,0
2023-07-28 11:06:35,675.85,148458,7,673.21,122321,132975,0.2670425042652724,0
2023-07-28 11:06:37,675.7,148473,3,673.21,122427,132278,0.24478896224317054,0
2023-07-28 11:06:37,675.6,148473,1,673.21,122427,132278,0.2299532675617637,0
2023-07-28 11:06:37,675.6,148490,1,673.21,122781,132176,0.2299532675617637,0
2023-07-28 11:06:37,675.5,148490,2,673.21,122781,132176,0.21511757288035688,0
2023-07-28 11:06:39,675.5,148492,2,673.21,122808,132195,0.21511757288035688,0
2023-07-28 11:06:39,675.5,148492,2,673.21,122780,132210,0.21511757288035688,0
2023-07-28 11:06:39,675.5,148492,2,673.21,122753,132238,0.21511757288035688,0
2023-07-28 11:06:39,675.5,148492,2,673.21,123102,131821,0.21511757288035688,0
2023-07-28 11:06:39,675.5,148492,2,673.21,123102,131821,0.21511757288035688,0
2023-07-28 11:06:39,675.5,148492,2,673.21,123102,131821,0.21511757288035688,0
2023-07-28 11:06:39,675.5,148492,2,673.21,123103,131822,0.21511757288035688,0
2023-07-28 11:06:39,675.5,148492,2,673.21,123103,131842,0.21511757288035688,0
2023-07-28 11:06:39,675.5,148492,2,673.21,123103,131844,0.21511757288035688,0
2023-07-28 11:06:53,675.75,148497,3,673.21,123058,131752,0.25220680958386554,0
2023-07-28 11:06:53,675.55,148497,1,673.21,123058,131752,0.22253542022105186,0
2023-07-28 11:06:54,675.55,148498,1,673.21,123057,131752,0.22253542022105186,0
2023-07-28 11:06:56,675.45,148515,16,673.21,122577,131866,0.2076997255396619,0
2023-07-28 11:06:56,675.45,148515,16,673.21,122580,131252,0.2076997255396619,0
2023-07-28 11:06:56,675.35,148515,1,673.21,122578,131863,0.19286403085825507,0
2023-07-28 11:06:59,675.35,148539,1,673.21,122276,131887,0.19286403085825507,0
2023-07-28 11:06:59,675.35,148539,1,673.21,122545,131887,0.19286403085825507,0
2023-07-28 11:06:59,675.35,148539,1,673.21,122575,131887,0.19286403085825507,0
2023-07-28 11:06:59,675.35,148539,1,673.21,122851,131902,0.19286403085825507,0
2023-07-28 11:07:03,675.45,148546,2,673.21,122943,131740,0.2076997255396619,0
2023-07-28 11:07:03,675.35,148546,1,673.21,122943,131740,0.19286403085825507,0
2023-07-28 11:07:05,675.15,148620,16,673.21,122154,129978,0.1631926414954414,0
2023-07-28 11:07:05,675.15,148620,16,673.21,122230,132024,0.1631926414954414,0
2023-07-28 11:07:05,675.15,148620,16,673.21,122233,132024,0.1631926414954414,0
2023-07-28 11:07:05,675.15,148620,16,673.21,122502,132024,0.1631926414954414,0
2023-07-28 11:07:09,675.3,148910,1,673.22,113781,131729,0.18544618351754322,0
2023-07-28 11:07:09,675.3,148911,1,673.22,114063,131719,0.18544618351754322,0
2023-07-28 11:07:09,675.25,148911,19,673.22,120746,131690,0.17802833617684824,0
2023-07-28 11:07:12,675.0,149041,11,673.22,120341,131533,0.1409390994733396,0
2023-07-28 11:07:12,675.0,149041,11,673.22,121294,131525,0.1409390994733396,0
2023-07-28 11:07:12,675.0,149041,4,673.22,121294,131488,0.1409390994733396,0
2023-07-28 11:07:14,675.0,149045,4,673.22,121292,131512,0.1409390994733396,0
2023-07-28 11:07:14,675.0,149045,4,673.22,121591,131404,0.1409390994733396,0
2023-07-28 11:07:14,675.0,149045,4,673.22,121587,131413,0.1409390994733396,0
2023-07-28 11:07:14,675.0,149045,4,673.22,121587,131415,0.1409390994733396,0
2023-07-28 11:07:14,675.45,149045,1,673.22,121612,131398,0.2076997255396619,0
2023-07-28 11:07:22,675.45,149050,1,673.22,121490,131423,0.2076997255396619,0
2023-07-28 11:07:22,675.45,149050,1,673.22,121492,131423,0.2076997255396619,0
2023-07-28 11:07:22,675.45,149050,1,673.22,121492,131423,0.2076997255396619,0
2023-07-28 11:07:22,675.45,149050,1,673.22,121494,131423,0.2076997255396619,0
2023-07-28 11:07:22,675.45,149050,1,673.22,121771,131253,0.2076997255396619,0
2023-07-28 11:07:36,675.45,149060,10,673.22,121770,131187,0.2076997255396619,0
2023-07-28 11:07:36,675.45,149060,10,673.22,121800,131194,0.2076997255396619,0
2023-07-28 11:07:38,675.45,149065,4,673.22,121807,131179,0.2076997255396619,0
2023-07-28 11:07:38,675.45,149065,4,673.22,121807,131182,0.2076997255396619,0
2023-07-28 11:07:38,675.45,149065,4,673.22,121881,131182,0.2076997255396619,0
2023-07-28 11:07:38,675.45,149065,4,673.22,121901,131182,0.2076997255396619,0
2023-07-28 11:07:38,675.45,149065,4,673.22,121903,131097,0.2076997255396619,0
2023-07-28 11:07:38,675.45,149065,4,673.22,121829,131097,0.2076997255396619,0
2023-07-28 11:07:38,675.45,149065,4,673.22,121831,131169,0.2076997255396619,0
2023-07-28 11:07:38,675.45,149065,4,673.22,121782,131169,0.2076997255396619,0
2023-07-28 11:07:38,675.45,149065,4,673.22,121981,131160,0.2076997255396619,0
2023-07-28 11:07:38,675.45,149065,4,673.22,121981,131121,0.2076997255396619,0
2023-07-28 11:07:38,675.45,149065,4,673.22,121981,131111,0.2076997255396619,0
2023-07-28 11:07:38,675.5,149065,4,673.22,122012,131082,0.21511757288035688,0
2023-07-28 11:07:52,675.5,149070,4,673.22,121900,131114,0.21511757288035688,0
2023-07-28 11:07:52,675.5,149070,4,673.22,121925,131113,0.21511757288035688,0
2023-07-28 11:07:52,675.5,149070,4,673.22,121999,131113,0.21511757288035688,0
2023-07-28 11:07:52,675.5,149070,4,673.22,121941,131129,0.21511757288035688,0
2023-07-28 11:07:52,675.5,149070,4,673.22,121941,131153,0.21511757288035688,0
2023-07-28 11:07:52,675.5,149070,4,673.22,121942,131153,0.21511757288035688,0
2023-07-28 11:07:52,675.5,149070,4,673.22,122952,130050,0.21511757288035688,0
2023-07-28 11:07:52,675.5,149070,4,673.22,122643,130500,0.21511757288035688,0
2023-07-28 11:07:52,675.5,149070,4,673.22,122709,131575,0.21511757288035688,0
2023-07-28 11:07:52,675.5,149070,4,673.22,123044,131479,0.21511757288035688,0
2023-07-28 11:07:52,675.65,149070,4,673.22,123044,131479,0.23737111490245869,0
2023-07-28 11:08:08,675.65,149076,4,673.22,122733,131631,0.23737111490245869,0
2023-07-28 11:08:08,675.65,149076,4,673.22,122713,131604,0.23737111490245869,0
2023-07-28 11:08:08,675.65,149076,4,673.22,122733,131576,0.23737111490245869,0
2023-07-28 11:08:08,675.65,149076,4,673.22,122810,131453,0.23737111490245869,0
2023-07-28 11:08:08,675.65,149076,4,673.22,122933,131542,0.23737111490245869,0
2023-07-28 11:08:08,675.7,149076,3,673.22,122933,131542,0.24478896224317054,0
2023-07-28 11:08:21,675.7,149084,4,673.22,122913,131556,0.24478896224317054,0
2023-07-28 11:08:21,675.7,149084,4,673.22,122913,131556,0.24478896224317054,0
2023-07-28 11:08:21,675.7,149084,4,673.22,122913,131556,0.24478896224317054,0
2023-07-28 11:08:21,675.7,149084,4,673.22,122913,131556,0.24478896224317054,0
2023-07-28 11:08:22,675.7,149088,4,673.22,122851,131568,0.24478896224317054,0
2023-07-28 11:08:22,675.7,149088,4,673.22,122851,131568,0.24478896224317054,0
2023-07-28 11:08:22,675.7,149088,4,673.22,122851,131568,0.24478896224317054,0
2023-07-28 11:08:22,675.7,149088,4,673.22,122851,131568,0.24478896224317054,0
2023-07-28 11:08:22,675.7,149088,4,673.22,122851,131568,0.24478896224317054,0
2023-07-28 11:08:22,675.7,149088,4,673.22,122851,131570,0.24478896224317054,0
2023-07-28 11:08:22,675.7,149088,4,673.22,122853,131570,0.24478896224317054,0
2023-07-28 11:08:22,675.7,149088,4,673.22,122907,131521,0.24478896224317054,0
2023-07-28 11:08:22,675.7,149088,4,673.22,123115,131409,0.24478896224317054,0
2023-07-28 11:08:38,675.75,149093,1,673.22,123113,131391,0.25220680958386554,0
2023-07-28 11:08:41,675.95,149593,2,673.23,123086,131332,0.2818781989466792,0
2023-07-28 11:08:41,675.85,149593,12,673.23,123086,131332,0.2670425042652724,0
2023-07-28 11:08:42,675.85,149605,12,673.23,123836,131266,0.2670425042652724,0
2023-07-28 11:08:42,675.9,149605,1,673.23,123836,131266,0.2744603516059673,0
2023-07-28 11:08:44,675.9,149606,1,673.23,123886,131230,0.2744603516059673,0
2023-07-28 11:08:44,675.9,149606,1,673.23,123677,131885,0.2744603516059673,0
2023-07-28 11:08:44,675.85,149606,3,673.23,123677,131885,0.2670425042652724,0
2023-07-28 11:08:52,675.85,149611,3,673.23,123567,131957,0.2670425042652724,0
2023-07-28 11:08:52,675.55,149611,2,673.23,123567,131957,0.22253542022105186,0
2023-07-28 11:08:53,675.55,149613,2,673.23,123609,131613,0.22253542022105186,0
2023-07-28 11:08:53,675.55,149613,2,673.23,123543,131599,0.22253542022105186,0
2023-07-28 11:08:53,675.55,149613,2,673.23,123543,131603,0.22253542022105186,0
2023-07-28 11:08:53,675.55,149613,2,673.23,123483,131659,0.22253542022105186,0
2023-07-28 11:08:53,675.55,149613,2,673.23,123904,131406,0.22253542022105186,0
2023-07-28 11:08:53,675.85,149613,1,673.23,123904,131406,0.2670425042652724,0
2023-07-28 11:08:53,675.4,149613,14,673.23,123904,131406,0.20028187819895005,0
2023-07-28 11:09:07,675.75,149639,5,673.23,123706,131580,0.25220680958386554,0
2023-07-28 11:09:07,675.85,149639,1,673.23,123706,131580,0.2670425042652724,0
2023-07-28 11:09:07,675.85,149640,1,673.23,123805,130359,0.2670425042652724,0
2023-07-28 11:09:07,675.85,149640,1,673.23,123699,131630,0.2670425042652724,0
2023-07-28 11:09:07,675.85,149640,1,673.23,123778,131554,0.2670425042652724,0
2023-07-28 11:09:07,675.85,149640,1,673.23,123823,130386,0.2670425042652724,0
2023-07-28 11:09:07,675.85,149640,1,673.23,123749,131515,0.2670425042652724,0
2023-07-28 11:09:07,675.85,149640,1,673.23,123739,131515,0.2670425042652724,0
2023-07-28 11:09:22,675.85,149645,2,673.23,123732,130343,0.2670425042652724,0
2023-07-28 11:09:24,675.85,149647,2,673.23,123740,130327,0.2670425042652724,0
2023-07-28 11:09:24,675.85,149647,15,673.23,123740,130327,0.2670425042652724,0
2023-07-28 11:09:29,675.85,149662,15,673.23,123742,130349,0.2670425042652724,0
2023-07-28 11:09:32,675.85,149663,1,673.23,123844,131275,0.2670425042652724,0
2023-07-28 11:09:32,675.7,149663,14,673.23,123913,131804,0.24478896224317054,0
2023-07-28 11:09:32,675.95,149663,4,673.23,123913,131804,0.2818781989466792,0
2023-07-28 11:09:37,675.95,149682,4,673.23,123863,131841,0.2818781989466792,0
2023-07-28 11:09:37,675.95,149682,2,673.23,123863,131841,0.2818781989466792,0
2023-07-28 11:09:40,675.95,149684,2,673.23,123833,131742,0.2818781989466792,0
2023-07-28 11:09:40,675.95,149684,1,673.23,123833,131742,0.2818781989466792,0
2023-07-28 11:09:43,675.95,149685,1,673.23,123833,131741,0.2818781989466792,0
2023-07-28 11:09:43,675.7,149685,1,673.23,123833,131741,0.24478896224317054,0
2023-07-28 11:09:45,675.7,149715,1,673.23,123715,131801,0.24478896224317054,0
2023-07-28 11:09:45,675.7,149715,1,673.23,123760,131773,0.24478896224317054,0
2023-07-28 11:09:45,675.8,149715,1,673.23,123760,131773,0.2596246569245605,0
2023-07-28 11:09:45,675.45,149715,22,673.23,123760,131773,0.2076997255396619,0
2023-07-28 11:09:51,675.75,149760,1,673.23,123748,132135,0.25220680958386554,0
2023-07-28 11:09:51,675.8,149760,5,673.23,123748,132135,0.2596246569245605,0
2023-07-28 11:09:52,675.8,149766,1,673.23,123809,131883,0.2596246569245605,0
2023-07-28 11:09:52,675.4,149766,20,673.23,123809,131883,0.20028187819895005,0
2023-07-28 11:09:55,675.75,149788,11,673.23,123406,131069,0.25220680958386554,0
2023-07-28 11:09:55,675.8,149788,1,673.23,123406,131069,0.2596246569245605,0
2023-07-28 11:09:59,675.8,149801,1,673.23,123504,130534,0.2596246569245605,0
2023-07-28 11:09:59,675.8,149801,1,673.23,124074,131654,0.2596246569245605,0
2023-07-28 11:09:59,675.85,149801,1,673.23,124074,131654,0.2670425042652724,0
2023-07-28 11:10:04,675.85,149802,1,673.23,124062,131653,0.2670425042652724,0
2023-07-28 11:10:07,675.8,149807,1,673.23,123775,131805,0.2596246569245605,0
2023-07-28 11:10:09,675.8,149808,1,673.23,123711,130717,0.2596246569245605,0
2023-07-28 11:10:09,675.8,149808,1,673.23,123843,130536,0.2596246569245605,0
2023-07-28 11:10:09,675.8,149808,1,673.23,123909,131602,0.2596246569245605,0
2023-07-28 11:10:09,675.8,149808,4,673.23,123895,131602,0.2596246569245605,0
2023-07-28 11:10:09,675.95,149808,16,673.23,123895,131602,0.2818781989466792,0
2023-07-28 11:10:23,675.95,149862,16,673.23,124133,131367,0.2818781989466792,0
2023-07-28 11:10:23,675.95,149862,4,673.23,124133,131367,0.2818781989466792,0
2023-07-28 11:10:23,675.75,149862,8,673.23,124133,131367,0.25220680958386554,0
2023-07-28 11:10:30,675.75,150008,2,673.24,123606,130466,0.25220680958386554,0
2023-07-28 11:10:30,675.8,150008,17,673.24,123606,130466,0.2596246569245605,0
2023-07-28 11:10:32,675.8,150030,17,673.24,123641,130498,0.2596246569245605,0
2023-07-28 11:10:32,675.8,150030,1,673.24,123641,130498,0.2596246569245605,0
2023-07-28 11:10:32,675.9,150031,1,673.24,124213,131367,0.2744603516059673,0
2023-07-28 11:10:32,675.9,150031,10,673.24,124213,131367,0.2744603516059673,0
2023-07-28 11:10:37,675.9,150046,1,673.24,124159,131444,0.2744603516059673,0
2023-07-28 11:10:39,675.9,150047,1,673.24,124194,131398,0.2744603516059673,0
2023-07-28 11:10:39,675.9,150047,1,673.24,124208,131443,0.2744603516059673,0
2023-07-28 11:10:39,675.9,150047,1,673.24,124210,131342,0.2744603516059673,0
2023-07-28 11:10:39,675.9,150047,1,673.24,124238,131405,0.2744603516059673,0
2023-07-28 11:10:39,675.9,150047,2,673.24,124218,131363,0.2744603516059673,0
2023-07-28 11:10:52,675.9,150053,2,673.24,124164,131413,0.2744603516059673,0
2023-07-28 11:10:52,675.9,150053,2,673.24,124184,131555,0.2744603516059673,0
2023-07-28 11:10:52,675.9,150053,2,673.24,124184,131472,0.2744603516059673,0
2023-07-28 11:10:52,675.9,150053,2,673.24,124174,131519,0.2744603516059673,0
2023-07-28 11:10:52,675.9,150053,2,673.24,124261,131374,0.2744603516059673,0
2023-07-28 11:10:52,675.9,150053,2,673.24,124184,131371,0.2744603516059673,0
2023-07-28 11:10:52,675.85,150053,4,673.24,124212,131739,0.2670425042652724,0
2023-07-28 11:11:07,675.85,150059,4,673.24,123911,131385,0.2670425042652724,0
2023-07-28 11:11:08,675.8,150061,2,673.24,124013,131505,0.2596246569245605,0
2023-07-28 11:11:08,675.8,150061,2,673.24,124052,131505,0.2596246569245605,0
2023-07-28 11:11:11,675.85,150230,101,673.24,123954,131484,0.2670425042652724,0
2023-07-28 11:11:11,675.8,150240,10,673.24,124103,131459,0.2596246569245605,0
2023-07-28 11:11:11,675.8,150240,10,673.24,124103,131459,0.2596246569245605,0
2023-07-28 11:11:11,675.8,150240,10,673.24,124103,131490,0.2596246569245605,0
2023-07-28 11:11:13,675.85,150276,2,673.24,124103,131456,0.2670425042652724,0
2023-07-28 11:11:14,675.85,150278,2,673.24,124102,131436,0.2670425042652724,0
2023-07-28 11:11:14,675.85,150278,2,673.24,124103,131463,0.2670425042652724,0
2023-07-28 11:11:14,675.85,150278,2,673.24,124062,131465,0.2670425042652724,0
2023-07-28 11:11:14,675.85,150278,2,673.24,124042,131465,0.2670425042652724,0
2023-07-28 11:11:14,675.85,150278,2,673.24,124097,131297,0.2670425042652724,0
2023-07-28 11:11:23,675.9,150283,4,673.24,124052,131280,0.2744603516059673,0
2023-07-28 11:11:23,675.9,150283,4,673.24,124052,131280,0.2744603516059673,0
2023-07-28 11:11:23,675.9,150283,4,673.24,124173,131603,0.2744603516059673,0
2023-07-28 11:11:23,675.9,150283,4,673.24,124173,131603,0.2744603516059673,0
2023-07-28 11:11:23,675.9,150283,4,673.24,124173,131631,0.2744603516059673,0
2023-07-28 11:11:23,675.9,150283,4,673.24,124173,131631,0.2744603516059673,0
2023-07-28 11:11:23,675.9,150283,4,673.24,124119,131631,0.2744603516059673,0
2023-07-28 11:11:23,675.9,150283,4,673.24,124129,131652,0.2744603516059673,0
2023-07-28 11:11:23,675.9,150283,4,673.24,124129,131652,0.2744603516059673,0
2023-07-28 11:11:23,675.9,150283,4,673.24,124129,131652,0.2744603516059673,0
2023-07-28 11:11:23,675.9,150283,4,673.24,124021,131366,0.2744603516059673,0
2023-07-28 11:11:23,675.9,150283,4,673.24,124023,131416,0.2744603516059673,0
2023-07-28 11:11:23,675.9,150283,4,673.24,124114,131619,0.2744603516059673,0
2023-07-28 11:11:23,675.9,150283,4,673.24,124114,131619,0.2744603516059673,0
2023-07-28 11:11:23,675.9,150283,4,673.24,124114,131642,0.2744603516059673,0
2023-07-28 11:11:23,675.9,150283,4,673.24,124052,131588,0.2744603516059673,0
2023-07-28 11:11:23,675.9,150283,4,673.24,124052,131540,0.2744603516059673,0
2023-07-28 11:11:37,675.85,150289,4,673.24,124050,131555,0.2670425042652724,0
2023-07-28 11:11:37,675.85,150289,4,673.24,124050,131555,0.2670425042652724,0
2023-07-28 11:11:37,675.85,150289,4,673.24,124050,131555,0.2670425042652724,0
2023-07-28 11:11:37,675.85,150289,4,673.24,124110,131555,0.2670425042652724,0
2023-07-28 11:11:37,675.85,150289,4,673.24,124115,131555,0.2670425042652724,0
2023-07-28 11:11:37,675.85,150289,4,673.24,124115,131555,0.2670425042652724,0
2023-07-28 11:11:37,675.85,150289,4,673.24,124117,131555,0.2670425042652724,0
2023-07-28 11:11:37,675.8,150289,1,673.24,124117,131552,0.2596246569245605,0
2023-07-28 11:11:48,675.8,150290,1,673.24,124028,131699,0.2596246569245605,0
2023-07-28 11:11:48,675.8,150290,1,673.24,124028,131676,0.2596246569245605,0
2023-07-28 11:11:48,675.8,150290,1,673.24,124028,131654,0.2596246569245605,0
2023-07-28 11:11:48,675.8,150290,1,673.24,124029,131654,0.2596246569245605,0
2023-07-28 11:11:52,675.8,150297,2,673.24,124092,131662,0.2596246569245605,0
2023-07-28 11:11:53,675.85,150298,1,673.24,124101,131592,0.2670425042652724,0
2023-07-28 11:11:53,675.85,150298,1,673.24,124126,131592,0.2670425042652724,0
2023-07-28 11:11:53,675.85,150298,1,673.24,124091,131607,0.2670425042652724,0
2023-07-28 11:11:53,675.85,150298,1,673.24,124091,131729,0.2670425042652724,0
2023-07-28 11:11:53,675.85,150298,1,673.24,124091,131729,0.2670425042652724,0
2023-07-28 11:11:53,675.85,150298,1,673.24,124091,131729,0.2670425042652724,0
2023-07-28 11:11:53,675.85,150298,1,673.24,124091,131739,0.2670425042652724,0
2023-07-28 11:11:53,675.85,150298,1,673.24,124117,131739,0.2670425042652724,0
2023-07-28 11:11:53,675.85,150298,1,673.24,124117,131739,0.2670425042652724,0
2023-07-28 11:11:53,675.85,150298,1,673.24,124116,131750,0.2670425042652724,0
2023-07-28 11:11:53,675.85,150298,1,673.24,124116,131666,0.2670425042652724,0
2023-07-28 11:11:53,675.85,150298,1,673.24,124116,131666,0.2670425042652724,0
2023-07-28 11:11:53,675.85,150298,1,673.24,124116,131666,0.2670425042652724,0
2023-07-28 11:12:08,675.85,150300,1,673.24,123528,131598,0.2670425042652724,0
2023-07-28 11:12:08,675.8,150300,6,673.24,123236,131598,0.2596246569245605,0
2023-07-28 11:12:10,675.75,150311,2,673.24,124007,131433,0.25220680958386554,0
2023-07-28 11:12:10,675.75,150311,2,673.24,124086,131803,0.25220680958386554,0
2023-07-28 11:12:10,675.75,150311,2,673.24,124086,131803,0.25220680958386554,0
2023-07-28 11:12:10,675.75,150311,2,673.24,124086,131804,0.25220680958386554,0
2023-07-28 11:12:10,675.75,150311,2,673.24,124083,131506,0.25220680958386554,0
2023-07-28 11:12:10,675.75,150311,2,673.24,124003,131506,0.25220680958386554,0
2023-07-28 11:12:10,675.75,150311,2,673.24,124053,131506,0.25220680958386554,0
2023-07-28 11:12:10,675.75,150311,2,673.24,124052,131506,0.25220680958386554,0
2023-07-28 11:12:10,675.7,150311,1,673.24,124052,131818,0.24478896224317054,0
2023-07-28 11:12:18,675.85,150313,1,673.24,124072,131616,0.2670425042652724,0
2023-07-28 11:12:20,675.85,150314,1,673.24,124012,131593,0.2670425042652724,0
2023-07-28 11:12:20,675.85,150314,2,673.24,124012,131593,0.2670425042652724,0
2023-07-28 11:12:23,675.85,150317,2,673.24,124086,131673,0.2670425042652724,0
2023-07-28 11:12:23,675.85,150317,2,673.24,124121,131578,0.2670425042652724,0
2023-07-28 11:12:26,675.65,150327,10,673.24,124039,131588,0.23737111490245869,0
2023-07-28 11:12:26,675.65,150327,10,673.24,124039,131541,0.23737111490245869,0
2023-07-28 11:12:26,675.65,150327,10,673.24,124039,131567,0.23737111490245869,0
2023-07-28 11:12:26,675.65,150327,10,673.24,124039,131604,0.23737111490245869,0
2023-07-28 11:12:26,675.65,150327,10,673.24,124011,131656,0.23737111490245869,0
2023-07-28 11:12:26,675.65,150327,10,673.24,123979,131601,0.23737111490245869,0
2023-07-28 11:12:26,675.95,150327,1,673.24,123979,131601,0.2818781989466792,0
2023-07-28 11:12:32,675.95,150352,1,673.24,124004,131607,0.2818781989466792,0
2023-07-28 11:12:32,675.95,150352,2,673.24,124004,131607,0.2818781989466792,0
2023-07-28 11:12:33,675.8,150361,1,673.24,123957,131863,0.2596246569245605,0
2023-07-28 11:12:33,675.8,150361,1,673.24,124013,131844,0.2596246569245605,0
2023-07-28 11:12:35,675.65,150434,10,673.24,123556,131453,0.23737111490245869,0
2023-07-28 11:12:35,675.65,150434,3,673.24,123556,131453,0.23737111490245869,0
2023-07-28 11:12:35,675.65,150437,3,673.24,123626,131975,0.23737111490245869,0
2023-07-28 11:12:37,675.65,150444,7,673.24,123602,131520,0.23737111490245869,0
2023-07-28 11:12:37,675.65,150444,1,673.24,123602,131520,0.23737111490245869,0
2023-07-28 11:12:37,675.65,150445,1,673.24,123550,132035,0.23737111490245869,0
2023-07-28 11:12:37,675.4,150445,2,673.24,123550,132035,0.20028187819895005,0
2023-07-28 11:12:39,675.4,150447,2,673.24,123551,131967,0.20028187819895005,0
2023-07-28 11:12:39,675.4,150447,2,673.24,123551,130870,0.20028187819895005,0
2023-07-28 11:12:39,675.4,150447,2,673.24,123733,130844,0.20028187819895005,0
2023-07-28 11:12:39,675.4,150447,2,673.24,123780,131914,0.20028187819895005,0
2023-07-28 11:12:39,675.4,150447,2,673.24,123782,131914,0.20028187819895005,0
2023-07-28 11:12:39,675.4,150447,2,673.24,124117,131898,0.20028187819895005,0
2023-07-28 11:12:39,675.55,150447,1,673.24,124117,131898,0.22253542022105186,0
2023-07-28 11:12:49,675.55,150448,1,673.24,124116,131821,0.22253542022105186,0
2023-07-28 11:12:51,675.55,150449,1,673.24,124141,131854,0.22253542022105186,0
2023-07-28 11:12:52,675.8,150452,3,673.24,124045,131951,0.2596246569245605,0
2023-07-28 11:12:52,675.8,150452,3,673.24,124069,131900,0.2596246569245605,0
2023-07-28 11:12:52,675.8,150452,3,673.24,124069,131899,0.2596246569245605,0
2023-07-28 11:12:52,675.8,150452,3,673.24,123998,131813,0.2596246569245605,0
2023-07-28 11:12:52,675.8,150452,3,673.24,123985,130659,0.2596246569245605,0
2023-07-28 11:12:52,675.8,150452,3,673.24,123801,131906,0.2596246569245605,0
2023-07-28 11:12:52,675.8,150452,3,673.24,123840,130802,0.2596246569245605,0
2023-07-28 11:12:52,675.8,150452,3,673.24,124046,131242,0.2596246569245605,0
2023-07-28 11:12:52,675.8,150452,3,673.24,124039,131242,0.2596246569245605,0
2023-07-28 11:12:52,675.95,150452,1,673.24,124069,131172,0.2818781989466792,0
2023-07-28 11:13:07,675.95,150457,1,673.24,124145,131162,0.2818781989466792,0
2023-07-28 11:13:07,675.95,150457,1,673.24,124126,131171,0.2818781989466792,0
2023-07-28 11:13:10,675.5,150458,1,673.24,124110,131191,0.21511757288035688,0
2023-07-28 11:13:10,675.5,150458,1,673.24,124188,131141,0.21511757288035688,0
2023-07-28 11:13:10,675.5,150458,1,673.24,124188,131150,0.21511757288035688,0
2023-07-28 11:13:10,675.5,150458,1,673.24,124188,131144,0.21511757288035688,0
2023-07-28 11:13:10,675.5,150458,1,673.24,124312,131087,0.21511757288035688,0
2023-07-28 11:13:17,675.5,150468,10,673.24,124302,131087,0.21511757288035688,0
2023-07-28 11:13:17,675.5,150468,10,673.24,124326,131095,0.21511757288035688,0
2023-07-28 11:13:17,675.5,150468,10,673.24,124319,131109,0.21511757288035688,0
2023-07-28 11:13:17,675.5,150468,10,673.24,124319,131119,0.21511757288035688,0
2023-07-28 11:13:17,675.95,150468,4,673.24,124319,130363,0.2818781989466792,0
2023-07-28 11:13:22,675.95,150474,2,673.24,124279,130434,0.2818781989466792,0
2023-07-28 11:13:22,675.95,150474,2,673.24,124286,130434,0.2818781989466792,0
2023-07-28 11:13:24,675.95,150475,1,673.24,124286,130439,0.2818781989466792,0
2023-07-28 11:13:24,675.95,150475,1,673.24,124286,130440,0.2818781989466792,0
2023-07-28 11:13:24,675.95,150475,1,673.24,124296,130440,0.2818781989466792,0
2023-07-28 11:13:24,675.95,150475,1,673.24,123922,130676,0.2818781989466792,0
2023-07-28 11:13:24,675.95,150475,1,673.24,123971,130738,0.2818781989466792,0
2023-07-28 11:13:24,675.45,150475,12,673.24,123971,130715,0.2076997255396619,0
2023-07-28 11:13:31,675.45,150515,12,673.24,123723,129684,0.2076997255396619,0
2023-07-28 11:13:31,675.45,150515,12,673.24,123748,129684,0.2076997255396619,0
2023-07-28 11:13:31,675.45,150515,12,673.24,123748,129685,0.2076997255396619,0
2023-07-28 11:13:31,675.45,150515,12,673.24,123748,129690,0.2076997255396619,0
2023-07-28 11:13:31,675.45,150515,12,673.24,123718,129664,0.2076997255396619,0
2023-07-28 11:13:31,675.8,150515,12,673.24,123718,129664,0.2596246569245605,0
2023-07-28 11:13:38,675.8,150527,12,673.24,123674,130788,0.2596246569245605,0
2023-07-28 11:13:38,675.8,150527,12,673.24,123674,129679,0.2596246569245605,0
2023-07-28 11:13:38,675.8,150527,12,673.24,123695,130749,0.2596246569245605,0
2023-07-28 11:13:38,675.8,150527,12,673.24,123695,129623,0.2596246569245605,0
2023-07-28 11:13:38,675.8,150527,12,673.24,123676,130811,0.2596246569245605,0
2023-07-28 11:13:38,675.8,150527,12,673.24,123572,131028,0.2596246569245605,0
2023-07-28 11:13:38,675.8,150527,12,673.24,123568,131038,0.2596246569245605,0
2023-07-28 11:13:38,675.8,150527,12,673.24,123568,131065,0.2596246569245605,0
2023-07-28 11:13:38,675.8,150527,12,673.24,123616,131142,0.2596246569245605,0
2023-07-28 11:13:38,675.8,150527,12,673.24,123694,130233,0.2596246569245605,0
2023-07-28 11:13:48,675.55,150530,1,673.24,123697,131493,0.22253542022105186,0
2023-07-28 11:13:48,675.55,150530,1,673.24,122939,131474,0.22253542022105186,0
2023-07-28 11:13:48,675.55,150530,1,673.24,122940,131440,0.22253542022105186,0
2023-07-28 11:13:48,675.55,150530,1,673.24,122940,131440,0.22253542022105186,0
2023-07-28 11:13:52,675.75,150534,2,673.25,122791,131510,0.25220680958386554,0
2023-07-28 11:13:52,675.75,150534,2,673.25,122775,131440,0.25220680958386554,0
2023-07-28 11:13:52,675.75,150534,2,673.25,122728,131322,0.25220680958386554,0
2023-07-28 11:13:52,675.75,150534,2,673.25,122728,131320,0.25220680958386554,0
2023-07-28 11:13:52,675.75,150534,2,673.25,122729,131320,0.25220680958386554,0
2023-07-28 11:13:52,675.75,150534,2,673.25,122637,131356,0.25220680958386554,0
2023-07-28 11:13:52,675.75,150534,2,673.25,122639,131356,0.25220680958386554,0
2023-07-28 11:14:01,675.4,150546,10,673.25,122629,131330,0.20028187819895005,0
2023-07-28 11:14:01,675.4,150546,10,673.25,122629,131330,0.20028187819895005,0
2023-07-28 11:14:05,675.45,150556,10,673.25,122956,130125,0.2076997255396619,0
2023-07-28 11:14:05,675.7,150556,3,673.25,123176,131168,0.24478896224317054,0
2023-07-28 11:14:07,675.7,150559,3,673.25,123402,130923,0.24478896224317054,0
2023-07-28 11:14:07,675.7,150559,3,673.25,123410,130924,0.24478896224317054,0
2023-07-28 11:14:07,675.7,150559,3,673.25,123410,130924,0.24478896224317054,0
2023-07-28 11:14:07,675.7,150559,2,673.25,123410,130924,0.24478896224317054,0
2023-07-28 11:14:12,675.7,150563,2,673.25,123090,131226,0.24478896224317054,0
2023-07-28 11:14:12,675.7,150563,2,673.25,123280,130986,0.24478896224317054,0
2023-07-28 11:14:12,675.7,150563,2,673.25,123750,130972,0.24478896224317054,0
2023-07-28 11:14:18,675.5,150564,1,673.25,123749,130973,0.21511757288035688,0
2023-07-28 11:14:18,675.9,150564,3,673.25,123749,130973,0.2744603516059673,0
2023-07-28 11:14:23,675.9,150570,3,673.25,123711,130927,0.2744603516059673,0
2023-07-28 11:14:23,675.9,150570,3,673.25,123711,130952,0.2744603516059673,0
2023-07-28 11:14:23,675.9,150570,3,673.25,123711,130952,0.2744603516059673,0
2023-07-28 11:14:23,675.9,150570,3,673.25,123683,130954,0.2744603516059673,0
2023-07-28 11:14:23,675.9,150570,3,673.25,123684,130929,0.2744603516059673,0
2023-07-28 11:14:23,675.9,150570,3,673.25,123787,130929,0.2744603516059673,0
2023-07-28 11:14:23,675.9,150570,3,673.25,123787,130929,0.2744603516059673,0
2023-07-28 11:14:23,675.9,150570,3,673.25,123787,130953,0.2744603516059673,0
2023-07-28 11:14:23,675.9,150570,3,673.25,123790,130953,0.2744603516059673,0
2023-07-28 11:14:34,675.75,150571,1,673.25,123732,130738,0.25220680958386554,0
2023-07-28 11:14:34,675.75,150571,1,673.25,123732,130721,0.25220680958386554,0
2023-07-28 11:14:34,675.75,150571,1,673.25,123732,130690,0.25220680958386554,0
2023-07-28 11:14:34,675.75,150571,1,673.25,123732,130690,0.25220680958386554,0
2023-07-28 11:14:37,675.75,150575,1,673.25,123682,130803,0.25220680958386554,0
2023-07-28 11:14:37,675.75,150575,1,673.25,123690,130794,0.25220680958386554,0
2023-07-28 11:14:41,675.7,150659,64,673.25,123578,130890,0.24478896224317054,0
2023-07-28 11:14:41,675.7,150659,64,673.25,123578,130890,0.24478896224317054,0
2023-07-28 11:14:41,675.7,150659,64,673.25,123945,130890,0.24478896224317054,0
2023-07-28 11:14:41,675.7,150659,64,673.25,123947,130890,0.24478896224317054,0
2023-07-28 11:14:41,675.7,150659,64,673.25,124021,130890,0.24478896224317054,0
2023-07-28 11:14:41,675.75,150659,1,673.25,124069,130890,0.25220680958386554,0
2023-07-28 11:14:48,675.75,150660,1,673.25,124137,130842,0.25220680958386554,0
2023-07-28 11:14:50,675.95,150661,1,673.25,124137,130852,0.2818781989466792,0
2023-07-28 11:14:50,675.95,150661,3,673.25,124137,130852,0.2818781989466792,0
2023-07-28 11:14:53,675.95,150665,3,673.25,124168,130897,0.2818781989466792,0
2023-07-28 11:14:53,675.95,150665,3,673.25,124168,130898,0.2818781989466792,0
2023-07-28 11:14:53,675.95,150665,3,673.25,124168,130898,0.2818781989466792,0
2023-07-28 11:14:53,675.95,150665,3,673.25,124170,130899,0.2818781989466792,0
2023-07-28 11:14:53,675.95,150665,3,673.25,124170,130950,0.2818781989466792,0
2023-07-28 11:14:53,675.95,150665,3,673.25,124241,130950,0.2818781989466792,0
2023-07-28 11:14:53,675.75,150665,1,673.25,124241,130950,0.25220680958386554,0
2023-07-28 11:15:08,675.75,150673,1,673.25,124190,131210,0.25220680958386554,0
2023-07-28 11:15:08,675.75,150673,1,673.25,124116,131122,0.25220680958386554,0
2023-07-28 11:15:08,675.75,150673,1,673.25,124193,131182,0.25220680958386554,0
2023-07-28 11:15:08,675.75,150673,1,673.25,124121,131546,0.25220680958386554,0
2023-07-28 11:15:08,675.75,150673,1,673.25,124219,131218,0.25220680958386554,0
2023-07-28 11:15:23,675.9,150680,1,673.25,123993,131463,0.2744603516059673,0
2023-07-28 11:15:23,675.9,150680,1,673.25,123993,131463,0.2744603516059673,0
2023-07-28 11:15:23,675.9,150680,1,673.25,124191,131334,0.2744603516059673,0
2023-07-28 11:15:23,675.9,150680,1,673.25,124236,131428,0.2744603516059673,0
2023-07-28 11:15:23,675.85,150680,1,673.25,124231,131346,0.2670425042652724,0
2023-07-28 11:15:23,675.95,150680,100,673.25,124231,131346,0.2818781989466792,0
2023-07-28 11:15:23,675.75,150680,1,673.25,124231,131346,0.25220680958386554,0
2023-07-28 11:15:36,675.55,150848,4,673.25,124073,131460,0.22253542022105186,0
2023-07-28 11:15:36,675.55,150848,4,673.25,124287,131336,0.22253542022105186,0
2023-07-28 11:15:36,675.55,150848,4,673.25,124287,131292,0.22253542022105186,0
2023-07-28 11:15:36,675.85,150848,10,673.25,124287,131292,0.2670425042652724,0
2023-07-28 11:15:42,675.85,150858,10,673.25,124345,131260,0.2670425042652724,0
2023-07-28 11:15:42,675.85,150858,10,673.25,124324,131270,0.2670425042652724,0
2023-07-28 11:15:42,675.85,150858,10,673.25,124236,131488,0.2670425042652724,0
2023-07-28 11:15:42,675.95,150858,1,673.25,124208,131467,0.2818781989466792,0
2023-07-28 11:15:42,675.95,150858,4,673.25,124208,131467,0.2818781989466792,0
2023-07-28 11:15:52,675.95,150863,4,673.25,124264,131483,0.2818781989466792,0
2023-07-28 11:15:52,675.95,150863,4,673.25,124264,131483,0.2818781989466792,0
2023-07-28 11:15:52,675.95,150863,4,673.25,124184,131483,0.2818781989466792,0
2023-07-28 11:15:52,675.4,150863,2,673.25,124184,131483,0.20028187819895005,0
2023-07-28 11:16:00,675.4,151113,2,673.25,124118,131590,0.20028187819895005,0
2023-07-28 11:16:00,675.4,151113,2,673.25,124191,131590,0.20028187819895005,0
2023-07-28 11:16:08,675.9,151117,4,673.25,124204,131568,0.2744603516059673,0
2023-07-28 11:16:08,675.45,151117,1,673.25,124204,131568,0.2076997255396619,0
2023-07-28 11:16:09,675.45,151118,1,673.25,124203,131568,0.2076997255396619,0
2023-07-28 11:16:09,675.45,151118,1,673.25,124203,131568,0.2076997255396619,0
2023-07-28 11:16:09,675.45,151118,1,673.25,124205,131568,0.2076997255396619,0
2023-07-28 11:16:09,675.45,151118,1,673.25,124225,131562,0.2076997255396619,0
2023-07-28 11:16:23,675.95,151123,1,673.25,124149,131558,0.2818781989466792,0
2023-07-28 11:16:23,675.95,151123,1,673.25,124149,131534,0.2818781989466792,0
2023-07-28 11:16:23,675.95,151123,1,673.25,124149,131549,0.2818781989466792,0
2023-07-28 11:16:23,675.95,151123,1,673.25,124196,131507,0.2818781989466792,0
2023-07-28 11:16:23,675.55,151123,1,673.25,124196,131507,0.22253542022105186,0
2023-07-28 11:16:30,675.55,151125,1,673.25,124197,131507,0.22253542022105186,0
2023-07-28 11:16:30,675.55,151125,1,673.25,124205,131408,0.22253542022105186,0
2023-07-28 11:16:30,675.95,151125,1,673.25,124250,131347,0.2818781989466792,0
2023-07-28 11:16:37,675.95,151130,1,673.25,124462,131245,0.2818781989466792,0
2023-07-28 11:16:37,675.95,151130,1,673.25,124447,131245,0.2818781989466792,0
2023-07-28 11:16:37,675.65,151130,14,673.25,124447,131245,0.23737111490245869,0
2023-07-28 11:16:42,675.65,151144,14,673.25,124107,131455,0.23737111490245869,0
2023-07-28 11:16:42,675.65,151144,14,673.25,124131,131328,0.23737111490245869,0
2023-07-28 11:16:42,675.65,151144,14,673.25,124173,131339,0.23737111490245869,0
2023-07-28 11:16:42,675.65,151144,14,673.25,124173,131307,0.23737111490245869,0
2023-07-28 11:16:42,675.95,151144,1,673.25,124173,131307,0.2818781989466792,0
2023-07-28 11:16:53,675.95,151149,1,673.25,124159,131302,0.2818781989466792,0
2023-07-28 11:16:53,675.95,151149,1,673.25,124231,131228,0.2818781989466792,0
2023-07-28 11:16:53,675.95,151149,1,673.25,124231,131253,0.2818781989466792,0
2023-07-28 11:16:53,675.95,151149,1,673.25,124092,131297,0.2818781989466792,0
2023-07-28 11:16:53,675.95,151149,1,673.25,124048,131263,0.2818781989466792,0
2023-07-28 11:16:53,675.95,151149,1,673.25,124048,131263,0.2818781989466792,0
2023-07-28 11:16:53,675.85,151149,1,673.25,124048,131263,0.2670425042652724,0
2023-07-28 11:17:08,675.85,151156,1,673.26,124047,131370,0.2670425042652724,0
2023-07-28 11:17:08,675.85,151156,1,673.26,124047,131237,0.2670425042652724,0
2023-07-28 11:17:08,675.85,151156,1,673.26,124096,131152,0.2670425042652724,0
2023-07-28 11:17:08,675.85,151156,1,673.26,124122,131126,0.2670425042652724,0
2023-07-28 11:17:08,675.9,151156,1,673.26,124122,131126,0.2744603516059673,0
2023-07-28 11:17:08,675.9,151156,3,673.26,124122,131126,0.2744603516059673,0
2023-07-28 11:17:20,675.9,151161,3,673.26,124528,131247,0.2744603516059673,0
2023-07-28 11:17:20,675.9,151161,3,673.26,124478,131230,0.2744603516059673,0
2023-07-28 11:17:20,675.9,151161,3,673.26,124478,131230,0.2744603516059673,0
2023-07-28 11:17:20,675.9,151161,3,673.26,124478,131230,0.2744603516059673,0
2023-07-28 11:17:20,675.9,151161,3,673.26,124478,131230,0.2744603516059673,0
2023-07-28 11:17:20,675.9,151161,3,673.26,124478,131230,0.2744603516059673,0
2023-07-28 11:17:20,675.9,151161,3,673.26,124478,131230,0.2744603516059673,0
2023-07-28 11:17:20,675.9,151161,3,673.26,124478,131230,0.2744603516059673,0
2023-07-28 11:17:20,675.9,151161,3,673.26,124478,131230,0.2744603516059673,0
2023-07-28 11:17:20,675.9,151161,3,673.26,124478,131230,0.2744603516059673,0
2023-07-28 11:17:20,675.9,151161,3,673.26,124478,131821,0.2744603516059673,0
2023-07-28 11:17:20,675.9,151161,3,673.26,124478,131821,0.2744603516059673,0
2023-07-28 11:17:20,675.85,151161,1,673.26,124478,131821,0.2670425042652724,0
2023-07-28 11:17:31,675.65,151184,17,673.26,124244,132064,0.23737111490245869,0
2023-07-28 11:17:31,675.5,151184,32,673.26,124244,132064,0.21511757288035688,0
2023-07-28 11:17:32,675.5,151284,32,673.26,124312,131314,0.21511757288035688,0
2023-07-28 11:17:37,675.4,151289,2,673.26,123716,131250,0.20028187819895005,0
2023-07-28 11:17:37,675.4,151289,2,673.26,123721,131177,0.20028187819895005,0
2023-07-28 11:17:37,675.4,151289,2,673.26,123721,131173,0.20028187819895005,0
2023-07-28 11:17:37,675.4,151289,2,673.26,123832,130855,0.20028187819895005,0
2023-07-28 11:17:37,675.4,151289,2,673.26,123816,131096,0.20028187819895005,0
2023-07-28 11:17:37,675.4,151289,2,673.26,123788,131072,0.20028187819895005,0
2023-07-28 11:17:37,675.75,151289,1,673.26,124103,131779,0.25220680958386554,0
2023-07-28 11:17:54,675.75,151291,1,673.26,123952,131916,0.25220680958386554,0
2023-07-28 11:17:56,675.75,151296,1,673.26,123829,130912,0.25220680958386554,0
2023-07-28 11:17:56,675.75,151296,1,673.26,123809,132012,0.25220680958386554,0
2023-07-28 11:17:56,675.75,151296,1,673.26,123859,132010,0.25220680958386554,0
2023-07-28 11:17:56,675.75,151296,1,673.26,123859,132010,0.25220680958386554,0
2023-07-28 11:18:05,675.75,151299,1,673.26,123896,132617,0.25220680958386554,0
2023-07-28 11:18:08,675.95,151301,2,673.26,123865,132628,0.2818781989466792,0
2023-07-28 11:18:08,675.95,151301,2,673.26,123793,131230,0.2818781989466792,0
2023-07-28 11:18:08,675.95,151301,2,673.26,123852,132247,0.2818781989466792,0
2023-07-28 11:18:08,675.55,151301,19,673.26,123852,132247,0.22253542022105186,0
2023-07-28 11:18:12,675.55,151335,19,673.26,123390,131478,0.22253542022105186,0
2023-07-28 11:18:12,675.55,151335,19,673.26,123712,131415,0.22253542022105186,0
2023-07-28 11:18:12,675.55,151335,19,673.26,123714,131402,0.22253542022105186,0
2023-07-28 11:18:12,675.55,151335,19,673.26,123710,131458,0.22253542022105186,0
2023-07-28 11:18:12,675.55,151335,19,673.26,123711,131489,0.22253542022105186,0
2023-07-28 11:18:12,675.6,151335,1,673.26,123717,131464,0.2299532675617637,0
2023-07-28 11:18:18,675.6,151336,1,673.26,123912,132334,0.2299532675617637,0
2023-07-28 11:18:20,675.6,151338,1,673.26,123977,132454,0.2299532675617637,0
2023-07-28 11:18:20,675.6,151338,1,673.26,123995,132305,0.2299532675617637,0
2023-07-28 11:18:20,675.6,151338,1,673.26,123875,132439,0.2299532675617637,0
2023-07-28 11:18:20,675.85,151338,2,673.26,123875,132439,0.2670425042652724,0
2023-07-28 11:18:22,675.85,151340,2,673.26,123704,131545,0.2670425042652724,0
2023-07-28 11:18:22,675.85,151340,2,673.26,123790,131531,0.2670425042652724,0
2023-07-28 11:18:22,675.85,151340,2,673.26,123787,131545,0.2670425042652724,0
2023-07-28 11:18:22,675.85,151340,2,673.26,123792,131532,0.2670425042652724,0
2023-07-28 11:18:22,675.85,151340,2,673.26,123792,131586,0.2670425042652724,0
2023-07-28 11:18:22,675.85,151340,2,673.26,123786,131538,0.2670425042652724,0
2023-07-28 11:18:22,675.85,151340,2,673.26,123875,131510,0.2670425042652724,0
2023-07-28 11:18:22,675.85,151340,2,673.26,123875,131559,0.2670425042652724,0
2023-07-28 11:18:22,675.85,151340,2,673.26,123824,131682,0.2670425042652724,0
2023-07-28 11:18:22,675.85,151340,2,673.26,123848,131460,0.2670425042652724,0
2023-07-28 11:18:22,675.85,151340,2,673.26,123874,132530,0.2670425042652724,0
2023-07-28 11:18:22,675.5,151340,6,673.26,123874,132530,0.21511757288035688,0
2023-07-28 11:18:35,675.5,151351,6,673.26,124091,132627,0.21511757288035688,0
2023-07-28 11:18:37,675.35,151352,1,673.26,123942,132811,0.19286403085825507,0
2023-07-28 11:18:37,675.35,151352,1,673.26,123916,132811,0.19286403085825507,0
2023-07-28 11:18:37,675.35,151352,1,673.26,123916,132811,0.19286403085825507,0
2023-07-28 11:18:37,675.35,151352,1,673.26,123986,132594,0.19286403085825507,0
2023-07-28 11:18:37,675.35,151352,1,673.26,123935,131341,0.19286403085825507,0
2023-07-28 11:18:37,675.35,151352,1,673.26,123963,132458,0.19286403085825507,0
