2023-07-28 10:49:30,897.4,501939,1,896.29,245203,317874,0.2513545215885606,0
2023-07-28 10:49:27,897.4,501865,1,896.29,245594,317568,0.2513545215885606,0
2023-07-28 10:49:30,897.4,501939,1,896.29,245203,317874,0.2513545215885606,0
2023-07-28 10:49:30,897.05,501939,1,896.29,245203,317874,0.21225492934144863,0
2023-07-28 10:49:30,897.4,501939,1,896.29,245203,317874,0.2513545215885606,0
2023-07-28 10:49:32,897.4,501942,1,896.29,245255,318118,0.2513545215885606,0
2023-07-28 10:49:32,897.0,501942,1,896.29,245255,318118,0.20666927330615234,0
2023-07-28 10:49:36,897.4,501984,20,896.29,245125,317870,0.2513545215885606,0
2023-07-28 10:49:36,897.4,501984,1,896.29,245125,317870,0.2513545215885606,0
2023-07-28 10:49:38,897.4,502149,91,896.29,245139,318777,0.2513545215885606,0
2023-07-28 10:49:38,897.1,502149,1,896.29,245139,318777,0.21784058537675757,0
2023-07-28 10:49:41,897.45,502803,28,896.29,245208,318371,0.25694017762386956,0
2023-07-28 10:49:41,897.5,502803,53,896.29,245208,318371,0.2625258336591658,0
2023-07-28 10:49:41,897.4,502803,1,896.29,245208,318371,0.2513545215885606,0
2023-07-28 10:49:42,897.5,502932,13,896.29,244766,318399,0.2625258336591658,0
2023-07-28 10:49:42,897.35,502932,1,896.29,244766,318399,0.24576886555326433,0
2023-07-28 10:49:42,897.5,502932,1,896.29,244766,318399,0.2625258336591658,0
2023-07-28 10:49:42,897.5,502932,3,896.29,244766,318399,0.2625258336591658,0
2023-07-28 10:49:42,897.35,502932,1,896.29,244766,318399,0.24576886555326433,0
2023-07-28 10:49:47,897.35,502970,1,896.29,246354,317616,0.24576886555326433,0
2023-07-28 10:49:47,897.35,502970,5,896.29,246354,317616,0.24576886555326433,0
2023-07-28 10:49:51,897.35,502978,1,896.29,245584,317922,0.24576886555326433,0
2023-07-28 10:49:51,897.5,502978,1,896.29,245584,317922,0.2625258336591658,0
2023-07-28 10:49:51,897.35,502978,5,896.29,245584,317922,0.24576886555326433,0
2023-07-28 10:49:51,897.35,502978,5,896.29,245584,317922,0.24576886555326433,0
2023-07-28 10:49:53,897.35,503040,5,896.29,245280,318115,0.24576886555326433,0
2023-07-28 10:49:53,897.35,503040,1,896.29,245280,318115,0.24576886555326433,0
2023-07-28 10:49:55,897.35,503054,1,896.29,245582,318138,0.24576886555326433,0
2023-07-28 10:49:55,897.35,503054,21,896.29,245582,318138,0.24576886555326433,0
2023-07-28 10:49:55,897.3,503054,1,896.29,245582,318138,0.24018320951795535,0
2023-07-28 10:49:59,897.35,503134,26,896.29,245607,318275,0.24576886555326433,0
2023-07-28 10:49:59,897.35,503134,1,896.29,245607,318275,0.24576886555326433,0
2023-07-28 10:49:59,897.3,503134,1,896.29,245607,318275,0.24018320951795535,0
2023-07-28 10:49:59,897.35,503134,13,896.29,245607,318275,0.24576886555326433,0
2023-07-28 10:49:59,897.35,503134,1,896.29,245607,318275,0.24576886555326433,0
2023-07-28 10:49:59,897.35,503134,3,896.29,245607,318275,0.24576886555326433,0
2023-07-28 10:50:04,897.25,503236,52,896.29,245363,319034,0.2345975534826591,0
2023-07-28 10:50:04,897.45,503236,4,896.29,245363,319034,0.25694017762386956,0
2023-07-28 10:50:07,897.45,503248,7,896.29,245735,318783,0.25694017762386956,0
2023-07-28 10:50:07,897.25,503250,1,896.29,245714,318782,0.2345975534826591,0
2023-07-28 10:50:08,897.25,503252,1,896.29,245412,318967,0.2345975534826591,0
2023-07-28 10:50:08,897.35,503252,5,896.29,245412,318967,0.24576886555326433,0
2023-07-28 10:50:09,897.35,503287,5,896.29,245555,318962,0.24576886555326433,0
2023-07-28 10:50:11,897.45,503291,3,896.29,245551,318958,0.25694017762386956,0
2023-07-28 10:50:11,897.45,503291,1,896.29,245551,318958,0.25694017762386956,0
2023-07-28 10:50:12,897.45,503297,1,896.29,245550,318958,0.25694017762386956,0
2023-07-28 10:50:12,897.45,503297,1,896.29,245550,318958,0.25694017762386956,0
2023-07-28 10:50:13,897.45,503298,1,896.29,245550,318957,0.25694017762386956,0
2023-07-28 10:50:13,897.45,503298,1,896.29,245550,318957,0.25694017762386956,0
2023-07-28 10:50:13,897.45,503298,1,896.29,245550,319105,0.25694017762386956,0
2023-07-28 10:50:13,897.45,503298,1,896.29,245550,319105,0.25694017762386956,0
2023-07-28 10:50:13,897.25,503298,1,896.29,245550,319105,0.2345975534826591,0
2023-07-28 10:50:16,897.45,503327,1,896.29,245522,318940,0.25694017762386956,0
2023-07-28 10:50:16,897.25,503327,1,896.29,245522,318940,0.2345975534826591,0
2023-07-28 10:50:16,897.25,503332,1,896.29,245521,318952,0.2345975534826591,0
2023-07-28 10:50:16,897.45,503332,5,896.29,245521,318936,0.25694017762386956,0
2023-07-28 10:50:18,897.45,503337,1,896.29,245521,318953,0.25694017762386956,0
2023-07-28 10:50:19,897.45,503338,1,896.29,246076,318952,0.25694017762386956,0
2023-07-28 10:50:19,897.45,503338,1,896.29,246076,318952,0.25694017762386956,0
2023-07-28 10:50:20,897.45,503339,1,896.29,246021,318952,0.25694017762386956,0
2023-07-28 10:50:22,897.25,503345,6,896.29,245969,318955,0.2345975534826591,0
2023-07-28 10:50:22,897.25,503345,6,896.29,245969,318955,0.2345975534826591,0
2023-07-28 10:50:23,897.25,503347,1,896.29,245968,318953,0.2345975534826591,0
2023-07-28 10:50:23,897.25,503347,1,896.29,245968,318953,0.2345975534826591,0
2023-07-28 10:50:24,897.25,503348,1,896.29,245967,318950,0.2345975534826591,0
2023-07-28 10:50:24,897.25,503348,1,896.29,245967,318950,0.2345975534826591,0
2023-07-28 10:50:25,897.45,503350,1,896.29,245998,318948,0.25694017762386956,0
2023-07-28 10:50:25,897.45,503350,1,896.29,246108,319020,0.25694017762386956,0
2023-07-28 10:50:27,897.65,527640,25,896.35,248027,291796,0.2792828017650673,0
2023-07-28 10:50:27,897.85,527640,9,896.35,248027,291796,0.3016254259062778,0
2023-07-28 10:50:29,897.65,530357,241,896.35,247110,293033,0.2792828017650673,0
2023-07-28 10:50:30,897.65,531087,73,896.35,247224,292894,0.2792828017650673,0
2023-07-28 10:50:31,897.65,532098,590,896.36,247773,293261,0.2792828017650673,0
2023-07-28 10:50:31,897.65,532098,12,896.36,247773,293261,0.2792828017650673,0
2023-07-28 10:50:33,897.65,532228,1,896.36,246998,293382,0.2792828017650673,0
2023-07-28 10:50:34,897.95,533026,80,896.36,247597,292876,0.312796737976883,0
2023-07-28 10:50:34,897.95,533106,80,896.36,248177,292722,0.312796737976883,0
2023-07-28 10:50:35,897.95,533319,38,896.36,247519,292517,0.312796737976883,0
2023-07-28 10:50:36,898.0,533467,22,896.36,247744,292177,0.31838239401217927,0
2023-07-28 10:50:37,898.1,533618,134,896.36,248457,291830,0.3295537060827845,0
2023-07-28 10:50:38,898.2,533977,7,896.36,248576,291370,0.34072501815338974,0
2023-07-28 10:50:38,898.3,533977,6,896.36,248576,291370,0.35189633022398226,0
2023-07-28 10:50:39,898.3,533987,27,896.36,247691,291787,0.35189633022398226,0
2023-07-28 10:50:41,898.35,534395,15,896.36,247373,291407,0.35748198625929123,0
2023-07-28 10:50:42,898.4,534756,36,896.36,248429,290817,0.3630676422945875,0
2023-07-28 10:50:43,898.4,534814,20,896.36,248359,290810,0.3630676422945875,0
2023-07-28 10:50:44,898.35,534910,7,896.37,247616,291555,0.35748198625929123,0
2023-07-28 10:50:45,898.3,534924,14,896.37,248015,291139,0.35189633022398226,0
2023-07-28 10:50:45,898.35,534924,10,896.37,248015,291139,0.35748198625929123,0
2023-07-28 10:50:48,898.25,534947,1,896.37,248135,292237,0.346310674188686,0
2023-07-28 10:50:48,898.0,535227,150,896.37,248409,290133,0.31838239401217927,0
2023-07-28 10:50:48,898.0,535227,1,896.37,248409,290133,0.31838239401217927,0
2023-07-28 10:50:48,897.95,535227,1,896.37,248409,290133,0.312796737976883,0
2023-07-28 10:50:51,897.85,535336,1,896.37,249276,290079,0.3016254259062778,0
2023-07-28 10:50:52,897.85,535355,5,896.37,249256,290105,0.3016254259062778,0
2023-07-28 10:50:52,897.9,535355,25,896.37,249256,290105,0.30721108194157404,0
2023-07-28 10:50:54,897.9,535380,25,896.37,248454,290403,0.30721108194157404,0
2023-07-28 10:50:55,898.0,535381,1,896.37,248194,285041,0.31838239401217927,0
2023-07-28 10:50:55,898.4,535381,1,896.37,248194,285041,0.3630676422945875,0
2023-07-28 10:50:56,898.25,535681,61,896.37,248367,290364,0.346310674188686,0
2023-07-28 10:50:57,898.3,535703,18,896.37,248066,291087,0.35189633022398226,0
2023-07-28 10:50:58,897.95,535712,1,896.37,248431,290993,0.312796737976883,0
2023-07-28 10:50:58,897.95,535718,2,896.37,248494,290875,0.312796737976883,0
2023-07-28 10:50:59,897.95,535721,3,896.37,248686,290769,0.312796737976883,0
2023-07-28 10:50:59,898.25,535721,24,896.37,248686,290769,0.346310674188686,0
2023-07-28 10:51:01,897.85,535841,1,896.37,248817,290356,0.3016254259062778,0
2023-07-28 10:51:02,897.85,535842,1,896.37,248904,290532,0.3016254259062778,0
2023-07-28 10:51:03,898.3,535971,10,896.37,249587,290274,0.35189633022398226,0
2023-07-28 10:51:05,898.35,536094,12,896.37,249179,290643,0.35748198625929123,0
2023-07-28 10:51:05,898.35,536094,64,896.37,249179,290643,0.35748198625929123,0
2023-07-28 10:51:06,898.25,536917,73,896.37,249054,290149,0.346310674188686,0
2023-07-28 10:51:07,898.3,537359,43,896.37,248526,290261,0.35189633022398226,0
2023-07-28 10:51:08,898.35,537403,5,896.37,249379,289410,0.35748198625929123,0
2023-07-28 10:51:09,898.3,537425,6,896.37,248359,290690,0.35189633022398226,0
2023-07-28 10:51:11,898.3,537595,15,896.37,248388,290646,0.35189633022398226,0
2023-07-28 10:51:11,898.3,537595,322,896.37,248388,290646,0.35189633022398226,0
2023-07-28 10:51:11,898.3,538241,322,896.38,248372,290005,0.35189633022398226,0
2023-07-28 10:51:13,898.35,538800,167,896.38,249319,289437,0.35748198625929123,0
2023-07-28 10:51:14,898.35,539239,50,896.38,248598,290000,0.35748198625929123,0
2023-07-28 10:51:14,898.35,539239,50,896.38,248598,290000,0.35748198625929123,0
2023-07-28 10:51:15,898.35,539307,68,896.38,243375,293217,0.35748198625929123,0
2023-07-28 10:51:15,898.35,539307,68,896.38,243375,293217,0.35748198625929123,0
2023-07-28 10:51:16,898.25,539903,1,896.38,248584,292809,0.346310674188686,0
2023-07-28 10:51:16,898.25,539903,1,896.38,248584,292809,0.346310674188686,0
2023-07-28 10:51:17,898.25,540077,18,896.38,249640,292377,0.346310674188686,0
2023-07-28 10:51:18,898.3,540337,33,896.38,250569,291289,0.35189633022398226,0
2023-07-28 10:51:19,897.9,540436,1,896.38,248656,292674,0.30721108194157404,0
2023-07-28 10:51:20,898.3,540437,1,896.38,248871,292518,0.35189633022398226,0
2023-07-28 10:51:21,898.25,540482,15,896.38,250017,291871,0.346310674188686,0
2023-07-28 10:51:22,898.0,540537,17,896.38,248259,292740,0.31838239401217927,0
2023-07-28 10:51:23,898.0,540553,8,896.38,247519,293417,0.31838239401217927,0
2023-07-28 10:51:24,898.0,540555,1,896.38,247519,293545,0.31838239401217927,0
2023-07-28 10:51:25,898.0,540556,1,896.38,247519,293293,0.31838239401217927,0
2023-07-28 10:51:25,898.0,540556,1,896.38,247519,293293,0.31838239401217927,0
2023-07-28 10:51:27,897.65,540583,1,896.39,247406,291780,0.2792828017650673,0
2023-07-28 10:51:27,897.65,540583,1,896.39,247406,291648,0.2792828017650673,0
2023-07-28 10:51:27,898.1,540640,57,896.39,248996,291720,0.3295537060827845,0
2023-07-28 10:51:28,898.2,540729,35,896.39,248199,292146,0.34072501815338974,0
2023-07-28 10:51:28,898.25,540729,13,896.39,248199,292146,0.346310674188686,0
2023-07-28 10:51:31,898.3,540930,38,896.39,248839,291312,0.35189633022398226,0
2023-07-28 10:51:31,898.0,540930,35,896.39,248839,291312,0.31838239401217927,0
2023-07-28 10:51:32,898.4,541012,12,896.39,248783,291284,0.3630676422945875,0
2023-07-28 10:51:33,898.3,541043,15,896.39,248149,293351,0.35189633022398226,0
2023-07-28 10:51:34,898.35,541487,194,896.39,248573,291637,0.35748198625929123,0
2023-07-28 10:51:34,898.4,541487,37,896.39,248573,291637,0.3630676422945875,0
2023-07-28 10:51:35,898.4,541637,37,896.39,248955,291687,0.3630676422945875,0
2023-07-28 10:51:37,898.1,541638,1,896.39,248252,292302,0.3295537060827845,0
2023-07-28 10:51:38,898.2,541861,65,896.39,247603,292492,0.34072501815338974,0
2023-07-28 10:51:38,898.2,541861,65,896.39,247603,292492,0.34072501815338974,0
2023-07-28 10:51:38,898.2,541861,65,896.39,248082,291926,0.34072501815338974,0
2023-07-28 10:51:38,898.2,541861,65,896.39,248082,292026,0.34072501815338974,0
2023-07-28 10:51:38,897.9,541861,1,896.39,248082,292026,0.30721108194157404,0
2023-07-28 10:51:42,897.9,541868,5,896.39,248055,292323,0.30721108194157404,0
2023-07-28 10:51:42,897.9,541868,5,896.39,248085,292587,0.30721108194157404,0
2023-07-28 10:51:42,898.35,541868,36,896.39,248085,292587,0.35748198625929123,0
2023-07-28 10:51:44,898.35,541968,36,896.39,248141,292486,0.35748198625929123,0
2023-07-28 10:51:44,897.85,541968,1,896.39,248141,292486,0.3016254259062778,0
2023-07-28 10:51:45,897.9,542532,1,896.39,249102,291541,0.30721108194157404,0
2023-07-28 10:51:47,898.4,542588,2,896.39,248000,292124,0.3630676422945875,0
2023-07-28 10:51:47,898.4,542588,2,896.39,247870,292566,0.3630676422945875,0
2023-07-28 10:51:47,898.4,542588,2,896.39,247749,292835,0.3630676422945875,0
2023-07-28 10:51:50,897.9,542750,36,896.39,248382,287422,0.30721108194157404,0
2023-07-28 10:51:51,898.25,542752,1,896.39,248390,292185,0.346310674188686,0
2023-07-28 10:51:51,897.95,542752,5,896.39,248353,292420,0.312796737976883,0
2023-07-28 10:51:51,897.85,542752,2,896.39,248353,292420,0.3016254259062778,0
2023-07-28 10:51:54,897.9,542884,1,896.39,248608,292600,0.30721108194157404,0
2023-07-28 10:51:54,898.25,542884,1,896.39,248593,292682,0.346310674188686,0
2023-07-28 10:51:56,898.25,542886,1,896.39,248616,292872,0.346310674188686,0
2023-07-28 10:51:56,898.25,542886,1,896.39,248812,292922,0.346310674188686,0
2023-07-28 10:51:57,898.25,542888,2,896.39,248832,292918,0.346310674188686,0
2023-07-28 10:51:57,897.9,542888,1,896.39,248680,292920,0.30721108194157404,0
2023-07-28 10:51:59,897.9,542889,1,896.39,248679,292958,0.30721108194157404,0
2023-07-28 10:51:59,897.9,542889,1,896.39,249407,292760,0.30721108194157404,0
2023-07-28 10:51:59,898.0,542889,1,896.39,249407,292760,0.31838239401217927,0
2023-07-28 10:52:01,898.35,542890,1,896.39,249592,292760,0.35748198625929123,0
2023-07-28 10:52:03,898.35,543095,1,896.39,249248,292093,0.35748198625929123,0
2023-07-28 10:52:04,898.4,543131,15,896.39,249695,292001,0.3630676422945875,0
2023-07-28 10:52:05,898.45,543218,50,896.39,249963,293429,0.36865329832989646,0
2023-07-28 10:52:05,898.25,543218,26,896.39,249963,293429,0.346310674188686,0
2023-07-28 10:52:06,898.25,543408,16,896.39,249720,292526,0.346310674188686,0
2023-07-28 10:52:08,898.0,543594,36,896.4,249990,292738,0.31838239401217927,0
2023-07-28 10:52:08,898.4,543594,365,896.4,249990,292738,0.3630676422945875,0
2023-07-28 10:52:09,898.45,544628,2,896.4,250231,292257,0.36865329832989646,0
2023-07-28 10:52:09,898.45,544628,2,896.4,250231,292257,0.36865329832989646,0
2023-07-28 10:52:09,898.45,544628,2,896.4,250172,292207,0.36865329832989646,0
2023-07-28 10:52:09,898.35,544628,1,896.4,250172,292207,0.35748198625929123,0
2023-07-28 10:52:11,898.35,544944,1,896.4,249719,292498,0.35748198625929123,0
2023-07-28 10:52:11,898.35,544944,1,896.4,249794,292266,0.35748198625929123,0
2023-07-28 10:52:11,898.25,544944,1,896.4,249794,292266,0.346310674188686,0
2023-07-28 10:52:13,898.25,544945,1,896.4,250405,291751,0.346310674188686,0
2023-07-28 10:52:13,898.25,544945,33,896.4,250405,291751,0.346310674188686,0
2023-07-28 10:52:13,898.25,544978,33,896.4,250134,292138,0.346310674188686,0
2023-07-28 10:52:13,898.25,544978,33,896.4,250123,292323,0.346310674188686,0
2023-07-28 10:52:13,898.25,544978,1,896.4,250123,292323,0.346310674188686,0
2023-07-28 10:52:13,898.25,544978,1,896.4,250123,292323,0.346310674188686,0
2023-07-28 10:52:16,898.25,544980,1,896.4,249997,292355,0.346310674188686,0
2023-07-28 10:52:16,898.25,544980,30,896.4,249997,292355,0.346310674188686,0
2023-07-28 10:52:18,898.25,545012,1,896.4,249966,292355,0.346310674188686,0
2023-07-28 10:52:18,898.25,545012,1,896.4,249966,292355,0.346310674188686,0
2023-07-28 10:52:18,898.25,545012,1,896.4,249966,292369,0.346310674188686,0
2023-07-28 10:52:21,898.25,545017,5,896.4,250143,293109,0.346310674188686,0
2023-07-28 10:52:22,898.25,545024,7,896.4,250136,292134,0.346310674188686,0
2023-07-28 10:52:22,898.25,545024,7,896.4,250086,292096,0.346310674188686,0
2023-07-28 10:52:22,898.25,545024,7,896.4,250086,292096,0.346310674188686,0
2023-07-28 10:52:22,898.4,545024,5,896.4,250086,292096,0.3630676422945875,0
2023-07-28 10:52:25,898.4,545030,5,896.4,250436,292291,0.3630676422945875,0
2023-07-28 10:52:25,898.4,545030,5,896.4,250521,292348,0.3630676422945875,0
2023-07-28 10:52:25,898.4,545030,5,896.4,250618,292448,0.3630676422945875,0
2023-07-28 10:52:25,898.4,545030,5,896.4,250618,292591,0.3630676422945875,0
2023-07-28 10:52:25,898.4,545030,5,896.4,250436,293899,0.3630676422945875,0
2023-07-28 10:52:25,898.4,545030,5,896.4,250223,293912,0.3630676422945875,0
2023-07-28 10:52:25,898.3,545030,1,896.4,250222,293912,0.35189633022398226,0
2023-07-28 10:52:33,898.35,545031,1,896.4,249476,292810,0.35748198625929123,0
2023-07-28 10:52:34,898.35,545032,1,896.4,249476,293279,0.35748198625929123,0
2023-07-28 10:52:34,898.35,545032,1,896.4,249447,292638,0.35748198625929123,0
2023-07-28 10:52:34,898.35,545032,1,896.4,249510,293106,0.35748198625929123,0
2023-07-28 10:52:38,898.3,545033,1,896.4,249540,293061,0.35189633022398226,0
2023-07-28 10:52:38,898.3,545033,1,896.4,249540,293059,0.35189633022398226,0
2023-07-28 10:52:38,898.35,545033,11,896.4,249433,293355,0.35748198625929123,0
2023-07-28 10:52:40,898.35,545044,11,896.4,250122,293344,0.35748198625929123,0
2023-07-28 10:52:40,898.25,545044,1,896.4,250122,293344,0.346310674188686,0
2023-07-28 10:52:41,898.25,545045,1,896.4,250121,293354,0.346310674188686,0
2023-07-28 10:52:41,898.35,545045,1,896.4,250121,293354,0.35748198625929123,0
2023-07-28 10:52:42,898.35,545046,1,896.4,250121,293353,0.35748198625929123,0
2023-07-28 10:52:42,898.35,545046,1,896.4,250121,293245,0.35748198625929123,0
2023-07-28 10:52:42,898.35,545046,1,896.4,250121,293248,0.35748198625929123,0
2023-07-28 10:52:42,898.35,545046,1,896.4,250121,293248,0.35748198625929123,0
2023-07-28 10:52:46,898.3,545048,1,896.4,250181,293221,0.35189633022398226,0
2023-07-28 10:52:46,898.3,545049,1,896.4,250180,293221,0.35189633022398226,0
2023-07-28 10:52:46,898.25,545049,41,896.4,250180,293221,0.346310674188686,0
2023-07-28 10:52:48,898.25,545091,41,896.4,250079,293189,0.346310674188686,0
2023-07-28 10:52:49,898.25,545191,2,896.4,250267,292944,0.346310674188686,0
2023-07-28 10:52:49,898.35,545191,5,896.4,250267,292944,0.35748198625929123,0
2023-07-28 10:52:51,898.25,545624,426,896.4,249370,295122,0.346310674188686,0
2023-07-28 10:52:53,898.0,545781,151,896.4,249295,295554,0.31838239401217927,0
2023-07-28 10:52:53,898.0,545781,151,896.4,249295,295554,0.31838239401217927,0
2023-07-28 10:52:53,898.0,545781,151,896.4,249392,295554,0.31838239401217927,0
2023-07-28 10:52:53,898.25,545781,1,896.4,249392,295554,0.346310674188686,0
2023-07-28 10:52:55,898.0,545858,26,896.4,249316,295476,0.31838239401217927,0
2023-07-28 10:52:55,898.0,545858,26,896.4,249336,295563,0.31838239401217927,0
2023-07-28 10:52:56,898.25,545859,1,896.4,249336,295611,0.346310674188686,0
2023-07-28 10:52:58,898.0,545914,14,896.4,249425,295572,0.31838239401217927,0
2023-07-28 10:52:58,898.0,545914,14,896.4,249425,295572,0.31838239401217927,0
2023-07-28 10:52:59,898.0,545915,1,896.4,249303,295542,0.31838239401217927,0
2023-07-28 10:52:59,898.0,545915,1,896.4,249167,295683,0.31838239401217927,0
2023-07-28 10:53:01,898.0,545924,9,896.4,249158,295683,0.31838239401217927,0
2023-07-28 10:53:02,898.0,545925,1,896.4,249157,295773,0.31838239401217927,0
2023-07-28 10:53:02,898.0,545925,1,896.4,249157,295783,0.31838239401217927,0
2023-07-28 10:53:02,898.0,545925,1,896.4,249061,295783,0.31838239401217927,0
2023-07-28 10:53:05,898.0,545931,5,896.4,249133,296238,0.31838239401217927,0
2023-07-28 10:53:05,898.0,545931,1,896.4,249133,296238,0.31838239401217927,0
2023-07-28 10:53:05,898.0,545931,1,896.4,249133,296238,0.31838239401217927,0
2023-07-28 10:53:07,898.2,545954,1,896.4,249095,295865,0.34072501815338974,0
2023-07-28 10:53:07,898.2,545954,1,896.4,249293,296311,0.34072501815338974,0
2023-07-28 10:53:07,898.0,545954,1,896.4,249293,296311,0.31838239401217927,0
2023-07-28 10:53:07,898.2,545954,1,896.4,249293,296311,0.34072501815338974,0
2023-07-28 10:53:13,898.25,548225,5,896.41,249429,293148,0.346310674188686,0
2023-07-28 10:53:13,898.25,548225,303,896.41,249429,293148,0.346310674188686,0
2023-07-28 10:53:13,898.4,548225,16,896.41,249429,293148,0.3630676422945875,0
2023-07-28 10:53:13,898.4,548225,2,896.41,249429,293148,0.3630676422945875,0
2023-07-28 10:53:16,898.0,548915,63,896.41,248807,293686,0.31838239401217927,0
2023-07-28 10:53:16,898.0,548915,63,896.41,248807,293686,0.31838239401217927,0
2023-07-28 10:53:16,898.0,548915,23,896.41,248807,293686,0.31838239401217927,0
2023-07-28 10:53:18,898.0,549053,23,896.41,248593,294168,0.31838239401217927,0
2023-07-28 10:53:18,898.25,549053,1,896.41,248593,294168,0.346310674188686,0
2023-07-28 10:53:21,898.0,549054,24,896.41,248650,294111,0.31838239401217927,0
2023-07-28 10:53:21,898.0,549054,24,896.41,248650,294111,0.31838239401217927,0
2023-07-28 10:53:21,898.0,549054,5,896.41,248650,294111,0.31838239401217927,0
2023-07-28 10:53:21,898.0,549054,1,896.41,248650,294111,0.31838239401217927,0
2023-07-28 10:53:23,898.0,549085,1,896.41,248434,294134,0.31838239401217927,0
2023-07-28 10:53:23,897.65,549085,131,896.41,248434,294134,0.2792828017650673,0
2023-07-28 10:53:23,897.65,549085,131,896.41,248434,294134,0.2792828017650673,0
2023-07-28 10:53:23,897.65,549085,131,896.41,248434,294134,0.2792828017650673,0
2023-07-28 10:53:24,897.75,550200,1,896.42,247629,294162,0.29045411383567254,0
2023-07-28 10:53:24,898.0,550200,1,896.42,247629,294162,0.31838239401217927,0
2023-07-28 10:53:24,897.65,550200,25,896.42,247629,294162,0.2792828017650673,0
2023-07-28 10:53:28,897.65,550252,5,896.42,247259,294683,0.2792828017650673,0
2023-07-28 10:53:31,897.65,550312,3,896.42,247003,294915,0.2792828017650673,0
2023-07-28 10:53:31,897.6,550312,5,896.42,247003,294915,0.27369714572977105,0
2023-07-28 10:53:34,897.55,550526,127,896.42,247476,293856,0.2681114896944621,0
2023-07-28 10:53:34,897.95,550526,15,896.42,247476,293856,0.312796737976883,0
2023-07-28 10:53:36,897.55,550543,1,896.42,247027,294350,0.2681114896944621,0
2023-07-28 10:53:36,897.55,550543,1,896.42,246914,294602,0.2681114896944621,0
2023-07-28 10:53:36,897.55,550543,1,896.42,247134,295552,0.2681114896944621,0
2023-07-28 10:53:36,897.8,550543,10,896.42,247184,296047,0.2960397698709688,0
2023-07-28 10:53:36,897.75,550543,1,896.42,247184,296047,0.29045411383567254,0
2023-07-28 10:53:47,897.75,550554,1,896.42,247220,295126,0.29045411383567254,0
2023-07-28 10:53:51,897.5,550555,1,896.42,246557,294773,0.2625258336591658,0
2023-07-28 10:53:51,897.3,550555,5,896.42,246557,294773,0.24018320951795535,0
2023-07-28 10:53:51,897.3,550555,1,896.42,246557,294773,0.24018320951795535,0
2023-07-28 10:53:53,897.3,550561,1,896.42,246449,295043,0.24018320951795535,0
2023-07-28 10:53:53,897.3,550561,1,896.42,246449,295043,0.24018320951795535,0
2023-07-28 10:53:53,897.65,550561,7,896.42,246449,295043,0.2792828017650673,0
2023-07-28 10:53:55,897.65,550587,7,896.42,246448,295208,0.2792828017650673,0
2023-07-28 10:53:55,897.65,550587,3,896.42,246448,295208,0.2792828017650673,0
2023-07-28 10:53:57,897.65,550590,3,896.42,246514,295151,0.2792828017650673,0
2023-07-28 10:53:57,897.25,550590,7,896.42,246514,295151,0.2345975534826591,0
2023-07-28 10:53:57,897.25,550590,1,896.42,246514,295151,0.2345975534826591,0
2023-07-28 10:54:03,897.75,551198,1,896.42,247602,294873,0.29045411383567254,0
2023-07-28 10:54:03,897.75,551198,1,896.42,247602,294873,0.29045411383567254,0
2023-07-28 10:54:03,897.85,551198,54,896.42,247602,294873,0.3016254259062778,0
2023-07-28 10:54:03,897.45,551198,31,896.42,247602,294873,0.25694017762386956,0
2023-07-28 10:54:05,897.45,551447,31,896.42,247034,295450,0.25694017762386956,0
2023-07-28 10:54:05,897.45,551447,31,896.42,246246,295594,0.25694017762386956,0
2023-07-28 10:54:05,897.45,551447,1,896.42,246246,295594,0.25694017762386956,0
2023-07-28 10:54:07,897.45,551448,1,896.42,246712,294854,0.25694017762386956,0
2023-07-28 10:54:07,897.45,551448,1,896.42,247316,294851,0.25694017762386956,0
2023-07-28 10:54:07,897.45,551448,1,896.42,247193,295998,0.25694017762386956,0
2023-07-28 10:54:07,897.45,551448,1,896.42,247404,295987,0.25694017762386956,0
2023-07-28 10:54:07,897.35,551448,5,896.42,247404,295987,0.24576886555326433,0
2023-07-28 10:54:11,897.35,551453,5,896.42,247351,296007,0.24576886555326433,0
2023-07-28 10:54:12,897.8,551556,58,896.42,247470,295926,0.2960397698709688,0
2023-07-28 10:54:12,897.8,551556,58,896.42,247470,295926,0.2960397698709688,0
2023-07-28 10:54:12,897.35,551556,10,896.42,247470,295926,0.24576886555326433,0
2023-07-28 10:54:15,897.35,551567,1,896.42,247242,295339,0.24576886555326433,0
2023-07-28 10:54:15,897.35,551567,1,896.42,247321,295377,0.24576886555326433,0
2023-07-28 10:54:15,897.35,551567,1,896.42,247322,295377,0.24576886555326433,0
2023-07-28 10:54:15,897.35,551567,1,896.42,247427,296283,0.24576886555326433,0
2023-07-28 10:54:15,897.35,551567,1,896.42,247427,296233,0.24576886555326433,0
2023-07-28 10:54:15,897.75,551567,1,896.42,247427,296233,0.29045411383567254,0
2023-07-28 10:54:20,897.35,551568,21,896.42,247452,295936,0.24576886555326433,0
2023-07-28 10:54:21,897.3,551598,3,896.42,246511,295644,0.24018320951795535,0
2023-07-28 10:54:21,897.3,551598,55,896.42,246511,295644,0.24018320951795535,0
2023-07-28 10:54:23,897.3,551659,55,896.42,247359,295520,0.24018320951795535,0
2023-07-28 10:54:23,897.3,551659,55,896.42,246810,296233,0.24018320951795535,0
2023-07-28 10:54:23,897.3,551659,55,896.42,245499,295245,0.24018320951795535,0
2023-07-28 10:54:23,897.3,551659,55,896.42,245956,295001,0.24018320951795535,0
2023-07-28 10:54:23,897.3,551659,55,896.42,246075,295829,0.24018320951795535,0
2023-07-28 10:54:23,897.3,551659,1,896.42,246075,295829,0.24018320951795535,0
2023-07-28 10:54:28,897.3,551660,1,896.42,246395,295784,0.24018320951795535,0
2023-07-28 10:54:28,897.3,551660,1,896.42,246395,295958,0.24018320951795535,0
2023-07-28 10:54:28,897.3,551660,1,896.42,246395,295958,0.24018320951795535,0
2023-07-28 10:54:28,897.3,551660,1,896.42,246690,295090,0.24018320951795535,0
2023-07-28 10:54:28,897.3,551660,1,896.42,247416,294541,0.24018320951795535,0
2023-07-28 10:54:28,897.3,551660,1,896.42,247160,294995,0.24018320951795535,0
2023-07-28 10:54:28,897.3,551660,1,896.42,247348,295115,0.24018320951795535,0
2023-07-28 10:54:28,897.35,551660,1,896.42,247348,295115,0.24576886555326433,0
2023-07-28 10:54:36,897.35,551661,1,896.42,247347,295115,0.24576886555326433,0
2023-07-28 10:54:36,897.35,551661,1,896.42,247347,295126,0.24576886555326433,0
2023-07-28 10:54:36,897.35,551661,1,896.42,247305,296573,0.24576886555326433,0
2023-07-28 10:54:36,897.35,551661,1,896.42,248546,296403,0.24576886555326433,0
2023-07-28 10:54:41,897.4,551662,1,896.42,248540,296444,0.2513545215885606,0
2023-07-28 10:54:41,897.4,551662,1,896.42,248384,296444,0.2513545215885606,0
2023-07-28 10:54:41,897.4,551662,1,896.42,248479,296280,0.2513545215885606,0
2023-07-28 10:54:41,897.4,551662,1,896.42,248479,296280,0.2513545215885606,0
2023-07-28 10:54:41,897.4,551662,1,896.42,248376,296182,0.2513545215885606,0
2023-07-28 10:54:46,897.5,551663,1,896.42,248375,296182,0.2625258336591658,0
2023-07-28 10:54:46,897.5,551663,1,896.42,248375,296182,0.2625258336591658,0
2023-07-28 10:54:46,897.5,551663,2,896.42,248375,296182,0.2625258336591658,0
2023-07-28 10:54:47,897.5,551665,2,896.42,248430,296182,0.2625258336591658,0
2023-07-28 10:54:47,897.5,551665,2,896.42,248648,295991,0.2625258336591658,0
2023-07-28 10:54:47,897.5,551665,2,896.42,247031,296413,0.2625258336591658,0
2023-07-28 10:54:47,897.5,551665,2,896.42,247013,296561,0.2625258336591658,0
2023-07-28 10:54:47,897.5,551665,5,896.42,247013,296504,0.2625258336591658,0
2023-07-28 10:54:52,897.5,551670,5,896.42,247008,296504,0.2625258336591658,0
2023-07-28 10:54:52,897.5,551670,1,896.42,247008,296504,0.2625258336591658,0
2023-07-28 10:54:54,897.5,551671,1,896.42,247007,296504,0.2625258336591658,0
2023-07-28 10:54:54,897.5,551671,1,896.42,247007,296504,0.2625258336591658,0
2023-07-28 10:54:54,897.5,551671,1,896.42,246911,296529,0.2625258336591658,0
2023-07-28 10:54:54,897.5,551671,1,896.42,246551,296737,0.2625258336591658,0
2023-07-28 10:54:54,897.8,551671,2,896.42,246684,296754,0.2960397698709688,0
2023-07-28 10:54:59,897.8,551673,2,896.42,246734,296473,0.2960397698709688,0
2023-07-28 10:54:59,897.8,551673,2,896.42,246734,296473,0.2960397698709688,0
2023-07-28 10:54:59,897.8,551673,2,896.42,246735,296483,0.2960397698709688,0
2023-07-28 10:54:59,897.8,551673,2,896.42,246792,296483,0.2960397698709688,0
2023-07-28 10:54:59,897.8,551673,2,896.42,246792,296484,0.2960397698709688,0
2023-07-28 10:54:59,897.5,551673,1,896.42,246792,296485,0.2625258336591658,0
2023-07-28 10:55:08,897.5,551674,1,896.42,246846,296485,0.2625258336591658,0
2023-07-28 10:55:10,897.8,551676,1,896.42,246846,296482,0.2960397698709688,0
2023-07-28 10:55:10,897.8,551676,1,896.42,246819,296482,0.2960397698709688,0
2023-07-28 10:55:12,897.4,552044,50,896.42,245978,296585,0.2513545215885606,0
2023-07-28 10:55:12,897.4,552044,1,896.42,245978,296694,0.2513545215885606,0
2023-07-28 10:55:13,897.4,552045,1,896.42,246608,296696,0.2513545215885606,0
2023-07-28 10:55:13,897.3,552045,1,896.42,246608,296696,0.24018320951795535,0
2023-07-28 10:55:13,897.3,552045,86,896.42,246608,296696,0.24018320951795535,0
2023-07-28 10:55:17,897.3,552136,1,896.42,246252,297097,0.24018320951795535,0
2023-07-28 10:55:17,897.3,552136,1,896.42,246399,297677,0.24018320951795535,0
2023-07-28 10:55:17,897.3,552136,1,896.42,246399,298214,0.24018320951795535,0
2023-07-28 10:55:20,897.3,552137,1,896.42,246398,298215,0.24018320951795535,0
2023-07-28 10:55:21,897.3,552348,211,896.42,245451,298806,0.24018320951795535,0
2023-07-28 10:55:22,897.1,552353,3,896.42,245471,299145,0.21784058537675757,0
2023-07-28 10:55:22,897.1,552353,3,896.42,245580,299145,0.21784058537675757,0
2023-07-28 10:55:22,897.1,552353,3,896.42,246404,299029,0.21784058537675757,0
2023-07-28 10:55:22,897.1,552353,3,896.42,246405,298985,0.21784058537675757,0
2023-07-28 10:55:22,897.1,552353,129,896.42,246405,298985,0.21784058537675757,0
2023-07-28 10:55:28,897.35,552483,1,896.42,246276,298912,0.24576886555326433,0
2023-07-28 10:55:28,897.35,552483,1,896.42,246328,299115,0.24576886555326433,0
2023-07-28 10:55:31,897.1,552522,39,896.42,246289,299102,0.21784058537675757,0
2023-07-28 10:55:31,897.1,552522,39,896.42,246289,299102,0.21784058537675757,0
2023-07-28 10:55:33,897.1,552523,1,896.42,246291,299102,0.21784058537675757,0
2023-07-28 10:55:33,897.1,552523,8,896.42,246291,299102,0.21784058537675757,0
2023-07-28 10:55:33,897.1,552609,8,896.42,246225,299159,0.21784058537675757,0
2023-07-28 10:55:33,897.1,552609,8,896.42,246280,299949,0.21784058537675757,0
2023-07-28 10:55:36,897.1,552611,1,896.42,246282,299950,0.21784058537675757,0
2023-07-28 10:55:36,897.1,552611,1,896.42,246311,299949,0.21784058537675757,0
2023-07-28 10:55:36,897.1,552611,1,896.42,247263,298574,0.21784058537675757,0
2023-07-28 10:55:36,897.1,552611,1,896.42,247456,298618,0.21784058537675757,0
2023-07-28 10:55:36,897.1,552611,1,896.42,247326,298590,0.21784058537675757,0
2023-07-28 10:55:36,897.1,552611,3,896.42,247326,298590,0.21784058537675757,0
2023-07-28 10:55:43,897.1,552614,3,896.42,246821,298988,0.21784058537675757,0
2023-07-28 10:55:43,897.1,552614,3,896.42,246733,298988,0.21784058537675757,0
2023-07-28 10:55:46,897.1,552615,1,896.42,246682,299140,0.21784058537675757,0
2023-07-28 10:55:46,897.1,552615,1,896.42,246682,298866,0.21784058537675757,0
2023-07-28 10:55:46,897.05,552615,1,896.42,246682,298866,0.21225492934144863,0
2023-07-28 10:55:48,897.05,552616,1,896.42,246680,298866,0.21225492934144863,0
2023-07-28 10:55:48,897.05,552616,1,896.42,246812,298865,0.21225492934144863,0
2023-07-28 10:55:48,897.05,552616,1,896.42,246701,298918,0.21225492934144863,0
2023-07-28 10:55:48,897.05,552616,1,896.42,246701,298943,0.21225492934144863,0
2023-07-28 10:55:52,897.05,552621,5,896.42,246676,298732,0.21225492934144863,0
2023-07-28 10:55:52,897.05,552621,5,896.42,246676,298812,0.21225492934144863,0
2023-07-28 10:55:52,897.05,552621,5,896.42,246676,298755,0.21225492934144863,0
2023-07-28 10:55:52,897.05,552621,5,896.42,246706,298755,0.21225492934144863,0
2023-07-28 10:55:52,897.05,552621,5,896.42,246706,298755,0.21225492934144863,0
2023-07-28 10:55:52,897.05,552621,1,896.42,246706,298755,0.21225492934144863,0
2023-07-28 10:55:59,897.05,552622,1,896.42,246705,298755,0.21225492934144863,0
2023-07-28 10:56:00,897.1,552672,50,896.42,246705,298694,0.21784058537675757,0
2023-07-28 10:56:02,897.05,552722,7,896.42,246771,298626,0.21225492934144863,0
2023-07-28 10:56:02,897.05,552722,7,896.42,246202,298572,0.21225492934144863,0
2023-07-28 10:56:02,897.05,552722,7,896.42,246202,298699,0.21225492934144863,0
2023-07-28 10:56:02,897.05,552722,7,896.42,246517,298756,0.21225492934144863,0
2023-07-28 10:56:02,897.05,552722,1,896.42,246517,298756,0.21225492934144863,0
2023-07-28 10:56:02,897.1,552722,1,896.42,246517,298756,0.21784058537675757,0
2023-07-28 10:56:07,897.1,552724,1,896.42,246545,298755,0.21784058537675757,0
2023-07-28 10:56:10,897.05,552726,2,896.42,246499,298570,0.21225492934144863,0
2023-07-28 10:56:10,897.05,552726,2,896.42,246501,298576,0.21225492934144863,0
2023-07-28 10:56:10,897.0,552726,1,896.42,246501,298576,0.20666927330615234,0
2023-07-28 10:56:14,897.0,552727,2,896.42,246500,298539,0.20666927330615234,0
2023-07-28 10:56:16,897.0,552729,2,896.42,246523,298506,0.20666927330615234,0
2023-07-28 10:56:16,897.0,552729,47,896.42,246523,298506,0.20666927330615234,0
2023-07-28 10:56:16,897.0,552729,47,896.42,246523,298506,0.20666927330615234,0
2023-07-28 10:56:20,897.0,552803,20,896.42,246449,298674,0.20666927330615234,0
2023-07-28 10:56:20,897.0,552803,6,896.42,246449,298674,0.20666927330615234,0
2023-07-28 10:56:20,897.0,552803,6,896.42,246449,298674,0.20666927330615234,0
2023-07-28 10:56:20,897.0,552803,6,896.42,246449,298674,0.20666927330615234,0
2023-07-28 10:56:20,897.0,552803,6,896.42,246449,298674,0.20666927330615234,0
2023-07-28 10:56:22,897.0,552809,6,896.42,246443,298657,0.20666927330615234,0
2023-07-28 10:56:22,897.0,552809,1,896.42,246443,298657,0.20666927330615234,0
2023-07-28 10:56:22,897.0,552809,1,896.42,246443,298657,0.20666927330615234,0
2023-07-28 10:56:22,897.0,552809,1,896.42,246443,298657,0.20666927330615234,0
2023-07-28 10:56:25,897.0,552810,1,896.42,246333,298650,0.20666927330615234,0
2023-07-28 10:56:30,897.0,552828,18,896.42,246261,298666,0.20666927330615234,0
2023-07-28 10:56:30,897.0,552828,108,896.42,246261,298666,0.20666927330615234,0
2023-07-28 10:56:32,897.0,552936,108,896.42,246042,298773,0.20666927330615234,0
2023-07-28 10:56:32,897.0,552936,22,896.42,246042,298773,0.20666927330615234,0
2023-07-28 10:56:32,896.95,552936,50,896.42,246042,298773,0.20108361727085608,0
2023-07-28 10:56:35,896.95,553148,50,896.42,234664,300162,0.20108361727085608,0
2023-07-28 10:56:35,896.55,553148,1,896.42,234664,300162,0.15639836898843515,0
2023-07-28 10:56:36,896.75,553212,9,896.42,244617,298727,0.17874099312964561,0
2023-07-28 10:56:36,896.3,553212,20,896.42,244617,298727,0.12847008881192842,0
2023-07-28 10:56:40,896.3,553834,20,896.42,244147,299019,0.12847008881192842,0
2023-07-28 10:56:40,896.2,553834,80,896.42,244147,299019,0.11729877674133589,0
2023-07-28 10:56:43,896.2,554026,80,896.42,244611,298909,0.11729877674133589,0
2023-07-28 10:56:43,896.2,554026,80,896.42,244848,298705,0.11729877674133589,0
2023-07-28 10:56:43,896.15,554026,35,896.42,244848,298705,0.11171312070602693,0
2023-07-28 10:56:49,896.5,554127,1,896.42,238433,298916,0.1508127129531389,0
2023-07-28 10:56:52,896.05,554132,5,896.42,244339,297864,0.1005418086354217,0
2023-07-28 10:56:52,896.05,554132,1,896.42,244339,297864,0.1005418086354217,0
2023-07-28 10:56:53,896.05,554133,1,896.42,242719,298321,0.1005418086354217,0
2023-07-28 10:56:53,896.05,554133,1,896.42,243184,298054,0.1005418086354217,0
2023-07-28 10:56:53,896.05,554133,1,896.42,243087,298164,0.1005418086354217,0
2023-07-28 10:56:53,896.0,554133,3,896.42,243087,298164,0.09495615260012542,0
2023-07-28 10:56:53,896.05,554133,50,896.42,243087,298164,0.1005418086354217,0
2023-07-28 10:57:02,896.05,554206,50,896.42,244050,297335,0.1005418086354217,0
2023-07-28 10:57:02,896.05,554206,2,896.42,244050,297335,0.1005418086354217,0
2023-07-28 10:57:02,896.05,554206,15,896.42,244050,297335,0.1005418086354217,0
2023-07-28 10:57:05,896.05,554223,15,896.42,244053,297551,0.1005418086354217,0
2023-07-28 10:57:05,896.05,554223,2,896.42,244053,297551,0.1005418086354217,0
2023-07-28 10:57:06,896.05,554226,2,896.42,244026,297474,0.1005418086354217,0
2023-07-28 10:57:06,896.1,554226,1,896.42,244026,297474,0.10612746467073066,0
2023-07-28 10:57:10,896.1,554227,1,896.42,244367,297475,0.10612746467073066,0
2023-07-28 10:57:10,896.35,554227,1,896.42,244367,297475,0.1340557448472374,0
2023-07-28 10:57:10,896.1,554227,40,896.42,244367,297475,0.10612746467073066,0
2023-07-28 10:57:10,896.35,554227,2,896.42,244367,297475,0.1340557448472374,0
2023-07-28 10:57:14,896.35,554270,2,896.42,244351,297400,0.1340557448472374,0
2023-07-28 10:57:14,896.1,554270,10,896.42,244351,297400,0.10612746467073066,0
2023-07-28 10:57:16,896.1,554319,10,896.42,244175,298372,0.10612746467073066,0
2023-07-28 10:57:16,896.25,554319,44,896.42,244175,298372,0.12288443277663216,0
2023-07-28 10:57:16,896.25,554319,1,896.42,244175,298372,0.12288443277663216,0
2023-07-28 10:57:19,896.05,554378,8,896.42,244316,297607,0.1005418086354217,0
2023-07-28 10:57:19,896.25,554378,4,896.42,244316,297607,0.12288443277663216,0
2023-07-28 10:57:19,896.05,554378,5,896.42,244316,297607,0.1005418086354217,0
2023-07-28 10:57:22,896.05,554404,2,896.42,244307,297986,0.1005418086354217,0
2023-07-28 10:57:26,896.3,554604,4,896.42,244095,299339,0.12847008881192842,0
2023-07-28 10:57:26,896.05,554604,49,896.42,244095,299339,0.1005418086354217,0
2023-07-28 10:57:28,896.05,554666,1,896.42,244138,297534,0.1005418086354217,0
2023-07-28 10:57:28,896.05,554666,1,896.42,244138,297534,0.1005418086354217,0
2023-07-28 10:57:30,896.05,554667,1,896.42,244137,297347,0.1005418086354217,0
2023-07-28 10:57:30,896.05,554667,1,896.42,244116,297599,0.1005418086354217,0
2023-07-28 10:57:36,896.05,554673,5,896.42,244110,297624,0.1005418086354217,0
2023-07-28 10:57:36,896.05,554673,50,896.42,244110,297624,0.1005418086354217,0
2023-07-28 10:57:38,896.05,554723,50,896.42,244148,298078,0.1005418086354217,0
2023-07-28 10:57:38,896.05,554723,3,896.42,244148,298078,0.1005418086354217,0
2023-07-28 10:57:41,896.05,554726,3,896.42,244145,297129,0.1005418086354217,0
2023-07-28 10:57:41,896.05,554726,1,896.42,244145,297129,0.1005418086354217,0
2023-07-28 10:57:41,896.25,554726,4,896.42,244145,297129,0.12288443277663216,0
2023-07-28 10:57:44,896.25,554732,4,896.42,244166,297174,0.12288443277663216,0
2023-07-28 10:57:44,896.25,554732,4,896.42,244154,297302,0.12288443277663216,0
2023-07-28 10:57:44,896.05,554732,461,896.42,244154,297302,0.1005418086354217,0
2023-07-28 10:57:48,896.05,555232,461,896.42,243746,297185,0.1005418086354217,0
2023-07-28 10:57:48,896.05,555232,30,896.42,243746,297185,0.1005418086354217,0
2023-07-28 10:57:52,896.05,555361,5,896.42,243684,296737,0.1005418086354217,0
2023-07-28 10:57:52,896.3,555361,500,896.42,243684,296737,0.12847008881192842,0
2023-07-28 10:57:55,896.3,555861,500,896.42,244239,296483,0.12847008881192842,0
2023-07-28 10:57:55,896.05,555861,1,896.42,244239,296483,0.1005418086354217,0
2023-07-28 10:57:58,896.05,555863,1,896.42,244292,296483,0.1005418086354217,0
2023-07-28 10:57:58,896.05,555863,1,896.42,244369,296483,0.1005418086354217,0
2023-07-28 10:57:58,896.3,555863,19,896.42,244369,296483,0.12847008881192842,0
2023-07-28 10:58:02,896.3,555882,19,896.42,244369,296458,0.12847008881192842,0
2023-07-28 10:58:02,896.05,555882,87,896.42,244369,296458,0.1005418086354217,0
2023-07-28 10:58:06,896.05,555992,1,896.42,244260,296445,0.1005418086354217,0
2023-07-28 10:58:06,896.05,555992,1,896.42,244260,296510,0.1005418086354217,0
2023-07-28 10:58:06,896.25,555992,9,896.42,244260,296510,0.12288443277663216,0
2023-07-28 10:58:06,896.25,555992,36,896.42,244260,296510,0.12288443277663216,0
2023-07-28 10:58:10,896.25,556039,36,896.42,244111,296606,0.12288443277663216,0
2023-07-28 10:58:10,896.25,556039,36,896.42,244299,297643,0.12288443277663216,0
2023-07-28 10:58:10,896.25,556039,36,896.42,244356,296990,0.12288443277663216,0
2023-07-28 10:58:10,896.3,556039,27,896.42,244356,296990,0.12847008881192842,0
2023-07-28 10:58:18,896.3,556077,27,896.42,244356,297935,0.12847008881192842,0
2023-07-28 10:58:18,896.05,556077,6,896.42,244356,297935,0.1005418086354217,0
2023-07-28 10:58:18,896.05,556077,1,896.42,244356,297935,0.1005418086354217,0
2023-07-28 10:58:24,896.05,556085,1,896.42,244348,298000,0.1005418086354217,0
2023-07-28 10:58:24,896.05,556085,1,896.42,244139,297713,0.1005418086354217,0
2023-07-28 10:58:24,896.05,556085,1,896.42,244285,296611,0.1005418086354217,0
2023-07-28 10:58:24,896.25,556085,2,896.42,244285,296611,0.12288443277663216,0
2023-07-28 10:58:32,896.25,556087,2,896.42,244091,296543,0.12288443277663216,0
2023-07-28 10:58:32,896.25,556087,2,896.42,243995,296567,0.12288443277663216,0
2023-07-28 10:58:32,896.1,556087,1,896.42,243995,296567,0.10612746467073066,0
2023-07-28 10:58:38,896.25,556090,1,896.42,243996,296520,0.12288443277663216,0
2023-07-28 10:58:38,896.25,556090,1,896.42,244146,297091,0.12288443277663216,0
2023-07-28 10:58:38,896.25,556090,1,896.42,244146,297091,0.12288443277663216,0
2023-07-28 10:58:38,896.25,556090,1,896.42,244146,297091,0.12288443277663216,0
2023-07-28 10:58:46,896.3,556193,73,896.42,244075,298064,0.12847008881192842,0
2023-07-28 10:58:46,896.3,556193,73,896.42,244076,298067,0.12847008881192842,0
2023-07-28 10:58:46,896.1,556193,1,896.42,244076,298067,0.10612746467073066,0
2023-07-28 10:58:50,896.1,556194,1,896.42,244005,298551,0.10612746467073066,0
2023-07-28 10:58:50,896.1,556194,1,896.42,244005,298551,0.10612746467073066,0
2023-07-28 10:58:50,896.1,556194,1,896.42,244005,298551,0.10612746467073066,0
2023-07-28 10:58:50,896.1,556194,1,896.42,244005,298551,0.10612746467073066,0
2023-07-28 10:58:50,896.05,556194,34,896.42,244005,298551,0.1005418086354217,0
2023-07-28 10:58:50,896.05,556194,1,896.42,244005,298551,0.1005418086354217,0
2023-07-28 10:58:58,896.05,556262,1,896.42,243810,298371,0.1005418086354217,0
2023-07-28 10:58:58,896.05,556262,1,896.42,243810,298371,0.1005418086354217,0
2023-07-28 10:59:01,896.05,556363,1,896.42,243609,298371,0.1005418086354217,0
2023-07-28 10:59:01,896.15,556363,17,896.42,243609,298371,0.11171312070602693,0
2023-07-28 10:59:03,896.15,556381,17,896.42,243667,298558,0.11171312070602693,0
2023-07-28 10:59:03,896.15,556381,17,896.42,243669,298442,0.11171312070602693,0
2023-07-28 10:59:03,896.05,556381,1,896.42,243669,298442,0.1005418086354217,0
2023-07-28 10:59:08,896.05,556382,1,896.42,243668,298498,0.1005418086354217,0
2023-07-28 10:59:08,896.25,556382,1,896.42,243668,298498,0.12288443277663216,0
2023-07-28 10:59:08,896.15,556382,79,896.42,243668,298498,0.11171312070602693,0
2023-07-28 10:59:14,896.15,556662,79,896.42,243589,298296,0.11171312070602693,0
2023-07-28 10:59:14,896.05,556662,1,896.42,243589,298296,0.1005418086354217,0
2023-07-28 10:59:14,896.05,556662,1,896.42,243589,298296,0.1005418086354217,0
2023-07-28 10:59:17,896.25,556664,1,896.42,243327,298316,0.12288443277663216,0
2023-07-28 10:59:17,895.8,556664,50,896.42,243327,298316,0.07261352845891496,0
2023-07-28 10:59:17,895.9,556664,10,896.42,243327,298316,0.08378484052952019,0
2023-07-28 10:59:17,895.95,556664,1,896.42,243327,298316,0.08937049656482916,0
2023-07-28 10:59:21,895.95,557202,1,896.42,242374,299398,0.08937049656482916,0
2023-07-28 10:59:21,895.95,557202,1,896.42,242374,299398,0.08937049656482916,0
2023-07-28 10:59:21,895.95,557202,1,896.42,242374,299398,0.08937049656482916,0
2023-07-28 10:59:21,895.75,557202,91,896.42,242374,299398,0.0670278724236187,0
2023-07-28 10:59:23,895.75,557415,91,896.42,242253,298499,0.0670278724236187,0
2023-07-28 10:59:23,895.75,557415,91,896.42,242253,298499,0.0670278724236187,0
2023-07-28 10:59:23,895.75,557415,91,896.42,242253,298499,0.0670278724236187,0
2023-07-28 10:59:23,895.75,557415,91,896.42,242253,298499,0.0670278724236187,0
2023-07-28 10:59:23,895.95,557415,1,896.42,242253,298499,0.08937049656482916,0
2023-07-28 10:59:23,895.95,557415,1,896.42,242253,298499,0.08937049656482916,0
2023-07-28 10:59:23,895.95,557415,1,896.42,242253,298499,0.08937049656482916,0
2023-07-28 10:59:23,895.95,557415,1,896.42,242253,298499,0.08937049656482916,0
2023-07-28 10:59:28,895.95,557417,1,896.42,242294,298183,0.08937049656482916,0
2023-07-28 10:59:28,895.75,557417,1,896.42,242294,298183,0.0670278724236187,0
2023-07-28 10:59:31,895.95,557419,1,896.42,242491,298138,0.08937049656482916,0
2023-07-28 10:59:31,895.75,557419,1,896.42,242491,298138,0.0670278724236187,0
2023-07-28 10:59:31,895.75,557419,12,896.42,242491,298138,0.0670278724236187,0
2023-07-28 10:59:32,895.75,557433,12,896.42,241502,299012,0.0670278724236187,0
2023-07-28 10:59:32,895.75,557433,12,896.42,241502,298936,0.0670278724236187,0
2023-07-28 10:59:32,895.75,557433,1,896.42,241502,298936,0.0670278724236187,0
2023-07-28 10:59:32,895.75,557433,1,896.42,241502,298936,0.0670278724236187,0
2023-07-28 10:59:36,895.75,557436,30,896.42,241504,298777,0.0670278724236187,0
2023-07-28 10:59:36,895.75,557436,80,896.42,241504,298777,0.0670278724236187,0
2023-07-28 10:59:36,895.75,557436,1,896.42,241504,298777,0.0670278724236187,0
2023-07-28 10:59:40,895.75,557547,1,896.42,241180,299407,0.0670278724236187,0
2023-07-28 10:59:40,895.75,557547,1,896.42,241554,299250,0.0670278724236187,0
2023-07-28 10:59:40,895.75,557547,1,896.42,241554,299250,0.0670278724236187,0
2023-07-28 10:59:40,895.95,557547,1,896.42,241554,299250,0.08937049656482916,0
2023-07-28 10:59:45,895.95,557549,1,896.42,241587,297859,0.08937049656482916,0
2023-07-28 10:59:45,895.95,557549,1,896.42,241636,298179,0.08937049656482916,0
2023-07-28 10:59:45,895.75,557549,1,896.42,241636,298179,0.0670278724236187,0
2023-07-28 10:59:51,895.75,557575,25,896.42,241674,298591,0.0670278724236187,0
2023-07-28 10:59:51,895.75,557575,5,896.42,241674,298591,0.0670278724236187,0
2023-07-28 10:59:51,895.75,557575,1,896.42,241674,298591,0.0670278724236187,0
2023-07-28 10:59:53,895.75,557581,1,896.42,241668,298591,0.0670278724236187,0
2023-07-28 10:59:56,895.75,557677,11,896.42,241759,298661,0.0670278724236187,0
2023-07-28 10:59:56,895.6,557677,2,896.42,241759,298661,0.0502709043177172,0
2023-07-28 10:59:59,895.6,557703,2,896.42,241830,298195,0.0502709043177172,0
2023-07-28 10:59:59,895.65,557703,2,896.42,241830,298195,0.055856560353013465,0
2023-07-28 10:59:59,895.5,557703,5,896.42,241830,298195,0.039099592247111965,0
2023-07-28 11:00:02,895.5,557818,5,896.42,240337,298761,0.039099592247111965,0
2023-07-28 11:00:02,895.5,557818,1,896.42,240337,298761,0.039099592247111965,0
2023-07-28 11:00:05,895.75,558202,14,896.42,242770,297750,0.0670278724236187,0
2023-07-28 11:00:05,895.75,558202,19,896.42,242770,297750,0.0670278724236187,0
2023-07-28 11:00:07,895.75,558231,10,896.42,241158,297964,0.0670278724236187,0
2023-07-28 11:00:07,895.4,558231,1,896.42,241158,297964,0.027928280176506733,0
2023-07-28 11:00:07,895.4,558231,1,896.42,241158,297964,0.027928280176506733,0
2023-07-28 11:00:07,895.35,558231,81,896.42,241158,297964,0.022342624141210465,0
2023-07-28 11:00:13,895.3,558498,57,896.42,242963,298010,0.0167569681059015,0
2023-07-28 11:00:13,895.4,558498,2,896.42,242963,298010,0.027928280176506733,0
2023-07-28 11:00:14,895.7,558861,10,896.42,243272,297345,0.06144221638832243,0
2023-07-28 11:00:16,895.8,558879,1,896.42,243356,297399,0.07261352845891496,0
2023-07-28 11:00:18,895.8,558880,1,896.42,242269,297493,0.07261352845891496,0
2023-07-28 11:00:18,895.65,558880,2,896.42,242269,297493,0.055856560353013465,0
2023-07-28 11:00:18,895.4,558880,30,896.42,242269,297493,0.027928280176506733,0
2023-07-28 11:00:18,895.4,558880,1,896.42,242269,297493,0.027928280176506733,0
2023-07-28 11:00:18,895.4,558880,1,896.42,242269,297493,0.027928280176506733,0
2023-07-28 11:00:24,895.4,558921,1,896.42,241918,297679,0.027928280176506733,0
2023-07-28 11:00:24,895.25,558921,1,896.42,241918,297679,0.011171312070605233,0
2023-07-28 11:00:24,895.25,558921,22,896.42,241918,297679,0.011171312070605233,0
2023-07-28 11:00:24,895.4,558921,10,896.42,241918,297679,0.027928280176506733,0
2023-07-28 11:00:30,895.4,559143,10,896.42,241779,298184,0.027928280176506733,0
2023-07-28 11:00:30,895.4,559143,2,896.42,241779,298184,0.027928280176506733,0
2023-07-28 11:00:33,895.4,559150,5,896.42,241774,298111,0.027928280176506733,0
2023-07-28 11:00:33,895.4,559150,5,896.42,241774,298111,0.027928280176506733,0
2023-07-28 11:00:36,895.7,559564,1,896.42,242511,297822,0.06144221638832243,0
2023-07-28 11:00:36,895.25,559564,53,896.42,242511,297822,0.011171312070605233,0
2023-07-28 11:00:36,895.35,559564,2,896.42,242511,297822,0.022342624141210465,0
2023-07-28 11:00:38,895.4,559816,20,896.41,242420,298357,0.027928280176506733,0
2023-07-28 11:00:38,895.8,559816,2,896.41,242420,298357,0.07261352845891496,0
2023-07-28 11:00:38,895.5,559816,1,896.41,242420,298357,0.039099592247111965,0
2023-07-28 11:00:40,895.75,559950,6,896.41,242607,297596,0.0670278724236187,0
2023-07-28 11:00:40,895.5,559950,56,896.41,242607,297596,0.039099592247111965,0
2023-07-28 11:00:43,895.5,560012,1,896.41,242446,297983,0.039099592247111965,0
2023-07-28 11:00:45,895.5,560020,1,896.41,243421,297909,0.039099592247111965,0
2023-07-28 11:00:45,895.75,560020,1,896.41,243421,297909,0.0670278724236187,0
2023-07-28 11:00:49,895.75,560026,1,896.41,243411,297903,0.0670278724236187,0
2023-07-28 11:00:49,895.8,560026,5,896.41,243411,297903,0.07261352845891496,0
2023-07-28 11:00:50,895.8,560037,5,896.41,242396,298238,0.07261352845891496,0
2023-07-28 11:00:50,895.8,560037,1,896.41,242396,298238,0.07261352845891496,0
2023-07-28 11:00:50,895.55,560037,1,896.41,242396,298238,0.04468524828240823,0
2023-07-28 11:00:53,895.55,560044,1,896.41,242655,298288,0.04468524828240823,0
2023-07-28 11:00:53,895.55,560044,1,896.41,242911,298286,0.04468524828240823,0
2023-07-28 11:00:53,895.55,560044,1,896.41,242911,298286,0.04468524828240823,0
2023-07-28 11:01:00,895.55,560045,1,896.41,242027,298609,0.04468524828240823,0
2023-07-28 11:01:00,895.75,560045,20,896.41,242027,298609,0.0670278724236187,0
2023-07-28 11:01:00,895.5,560045,1,896.41,242027,298609,0.039099592247111965,0
2023-07-28 11:01:04,895.5,560072,1,896.41,242156,298809,0.039099592247111965,0
2023-07-28 11:01:06,895.5,560073,1,896.41,241987,298809,0.039099592247111965,0
2023-07-28 11:01:09,895.8,560074,1,896.41,242104,298808,0.07261352845891496,0
2023-07-28 11:01:09,895.5,560074,24,896.41,242104,298808,0.039099592247111965,0
2023-07-28 11:01:10,895.5,560125,24,896.41,242089,298781,0.039099592247111965,0
2023-07-28 11:01:11,895.5,560127,2,896.41,242087,298784,0.039099592247111965,0
2023-07-28 11:01:11,895.8,560127,1,896.41,242087,298784,0.07261352845891496,0
2023-07-28 11:01:12,895.8,560128,1,896.41,242087,298780,0.07261352845891496,0
2023-07-28 11:01:12,895.8,560128,1,896.41,242087,298780,0.07261352845891496,0
2023-07-28 11:01:12,895.8,560128,1,896.41,242087,298780,0.07261352845891496,0
2023-07-28 11:01:14,895.5,560130,2,896.41,242010,298962,0.039099592247111965,0
2023-07-28 11:01:14,895.5,560130,2,896.41,242089,298738,0.039099592247111965,0
2023-07-28 11:01:14,895.5,560130,2,896.41,242531,298519,0.039099592247111965,0
2023-07-28 11:01:14,895.7,560130,1,896.41,242531,298519,0.06144221638832243,0
2023-07-28 11:01:18,895.7,560131,1,896.41,242772,298231,0.06144221638832243,0
2023-07-28 11:01:18,895.8,560131,1,896.41,242772,298231,0.07261352845891496,0
2023-07-28 11:01:19,895.8,560132,1,896.41,242802,298260,0.07261352845891496,0
2023-07-28 11:01:20,895.8,560137,5,896.41,242803,298255,0.07261352845891496,0
2023-07-28 11:01:20,895.7,560137,5,896.41,242311,298184,0.06144221638832243,0
2023-07-28 11:01:22,895.7,560142,5,896.41,242315,298184,0.06144221638832243,0
2023-07-28 11:01:22,895.7,560142,5,896.41,242315,298104,0.06144221638832243,0
2023-07-28 11:01:22,895.8,560142,1,896.41,242315,298104,0.07261352845891496,0
2023-07-28 11:01:25,895.8,560144,1,896.41,242173,298022,0.07261352845891496,0
2023-07-28 11:01:26,895.55,560324,154,896.41,241433,298259,0.04468524828240823,0
2023-07-28 11:01:26,895.8,560324,1,896.41,241433,298259,0.07261352845891496,0
2023-07-28 11:01:26,895.8,560325,1,896.41,241775,298117,0.07261352845891496,0
2023-07-28 11:01:26,895.8,560325,1,896.41,241796,298117,0.07261352845891496,0
2023-07-28 11:01:29,895.8,560326,1,896.41,242071,298039,0.07261352845891496,0
2023-07-28 11:01:29,895.5,560326,39,896.41,242071,298039,0.039099592247111965,0
2023-07-28 11:01:30,895.8,560397,1,896.41,242091,298095,0.07261352845891496,0
2023-07-28 11:01:30,895.5,560397,1,896.41,242091,298095,0.039099592247111965,0
2023-07-28 11:01:31,895.5,560398,1,896.41,242026,298004,0.039099592247111965,0
2023-07-28 11:01:31,895.5,560398,1,896.41,241994,298004,0.039099592247111965,0
2023-07-28 11:01:31,895.5,560398,1,896.41,242097,297920,0.039099592247111965,0
2023-07-28 11:01:31,895.5,560398,1,896.41,242097,297920,0.039099592247111965,0
2023-07-28 11:01:31,895.55,560398,1,896.41,242097,297920,0.04468524828240823,0
2023-07-28 11:01:36,895.55,560399,1,896.41,242096,297920,0.04468524828240823,0
2023-07-28 11:01:36,895.55,560399,1,896.41,242096,297930,0.04468524828240823,0
2023-07-28 11:01:38,895.55,560431,8,896.41,241604,298131,0.04468524828240823,0
2023-07-28 11:01:38,895.8,560431,1,896.41,241604,298131,0.07261352845891496,0
2023-07-28 11:01:38,895.8,560432,1,896.41,241870,298079,0.07261352845891496,0
2023-07-28 11:01:38,895.8,560432,1,896.41,241970,298079,0.07261352845891496,0
2023-07-28 11:01:41,895.8,560433,1,896.41,241970,298078,0.07261352845891496,0
2023-07-28 11:01:41,895.8,560433,1,896.41,241970,298189,0.07261352845891496,0
2023-07-28 11:01:41,895.8,560433,1,896.41,241970,297189,0.07261352845891496,0
2023-07-28 11:01:45,895.55,560434,1,896.41,241969,297189,0.04468524828240823,0
2023-07-28 11:01:45,895.55,560434,1,896.41,241969,297189,0.04468524828240823,0
2023-07-28 11:01:45,895.55,560434,1,896.41,242303,297109,0.04468524828240823,0
2023-07-28 11:01:45,895.55,560434,3,896.41,242303,297109,0.04468524828240823,0
2023-07-28 11:01:48,895.55,560437,3,896.41,242275,297215,0.04468524828240823,0
2023-07-28 11:01:49,895.8,560438,1,896.41,242275,297214,0.07261352845891496,0
2023-07-28 11:01:49,895.8,560438,1,896.41,242275,297215,0.07261352845891496,0
2023-07-28 11:01:49,895.8,560438,1,896.41,242155,297215,0.07261352845891496,0
2023-07-28 11:01:52,895.55,560444,1,896.41,241694,296956,0.04468524828240823,0
2023-07-28 11:01:52,895.55,560444,1,896.41,241518,296011,0.04468524828240823,0
2023-07-28 11:01:54,895.8,560449,5,896.41,241519,295956,0.07261352845891496,0
2023-07-28 11:01:54,895.8,560449,5,896.41,240684,296063,0.07261352845891496,0
2023-07-28 11:01:56,895.8,560450,1,896.41,241331,296062,0.07261352845891496,0
2023-07-28 11:01:56,895.5,560450,7,896.41,241816,295978,0.039099592247111965,0
2023-07-28 11:01:57,895.5,560460,7,896.41,241244,296039,0.039099592247111965,0
2023-07-28 11:01:57,895.5,560460,7,896.41,241228,296041,0.039099592247111965,0
2023-07-28 11:01:59,895.8,560463,3,896.41,241229,296038,0.07261352845891496,0
2023-07-28 11:01:59,895.8,560463,2,896.41,241229,296038,0.07261352845891496,0
2023-07-28 11:02:01,895.8,560465,2,896.41,241229,296107,0.07261352845891496,0
2023-07-28 11:02:01,895.5,560465,1,896.41,241229,296107,0.039099592247111965,0
2023-07-28 11:02:03,895.5,560466,1,896.41,241228,296133,0.039099592247111965,0
2023-07-28 11:02:03,895.5,560466,1,896.41,241228,296133,0.039099592247111965,0
2023-07-28 11:02:05,895.8,560489,21,896.41,241384,295926,0.07261352845891496,0
2023-07-28 11:02:05,895.5,560489,1,896.41,241384,295926,0.039099592247111965,0
2023-07-28 11:02:05,895.5,560489,1,896.41,241384,295926,0.039099592247111965,0
2023-07-28 11:02:06,895.5,560491,1,896.41,241294,296068,0.039099592247111965,0
2023-07-28 11:02:06,895.5,560491,1,896.41,241595,296098,0.039099592247111965,0
2023-07-28 11:02:06,895.75,560491,2,896.41,241595,296098,0.0670278724236187,0
2023-07-28 11:02:06,895.75,560491,5,896.41,241595,296098,0.0670278724236187,0
2023-07-28 11:02:12,895.75,560499,5,896.41,241594,296091,0.0670278724236187,0
2023-07-28 11:02:12,895.75,560499,1,896.41,241594,296091,0.0670278724236187,0
2023-07-28 11:02:13,895.75,560501,1,896.41,241661,296089,0.0670278724236187,0
2023-07-28 11:02:13,895.55,560501,1,896.41,241976,296038,0.04468524828240823,0
2023-07-28 11:02:18,895.75,560502,1,896.41,242216,296047,0.0670278724236187,0
2023-07-28 11:02:18,895.55,560502,5,896.41,242216,296047,0.04468524828240823,0
2023-07-28 11:02:22,895.55,560509,5,896.41,242263,296046,0.04468524828240823,0
2023-07-28 11:02:22,895.75,560509,3,896.41,242263,296046,0.0670278724236187,0
2023-07-28 11:02:22,895.75,560509,3,896.41,242263,296046,0.0670278724236187,0
2023-07-28 11:02:22,895.75,560509,3,896.41,242263,296046,0.0670278724236187,0
2023-07-28 11:02:22,895.75,560509,3,896.41,242263,296046,0.0670278724236187,0
2023-07-28 11:02:23,895.55,560512,1,896.41,242605,296088,0.04468524828240823,0
2023-07-28 11:02:23,895.55,560512,1,896.41,242605,296088,0.04468524828240823,0
2023-07-28 11:02:23,895.55,560512,1,896.41,242605,296088,0.04468524828240823,0
2023-07-28 11:02:23,895.55,560512,1,896.41,242605,296088,0.04468524828240823,0
2023-07-28 11:02:26,895.55,560513,1,896.41,245387,295974,0.04468524828240823,0
2023-07-28 11:02:26,895.55,560513,1,896.41,245387,295974,0.04468524828240823,0
2023-07-28 11:02:26,895.75,560513,1,896.41,245387,295974,0.0670278724236187,0
2023-07-28 11:02:30,895.75,560515,1,896.41,242735,296073,0.0670278724236187,0
2023-07-28 11:02:33,895.75,560518,3,896.41,242735,296028,0.0670278724236187,0
2023-07-28 11:02:33,895.75,560518,3,896.41,242719,296007,0.0670278724236187,0
2023-07-28 11:02:33,895.55,560518,1,896.41,242719,296007,0.04468524828240823,0
2023-07-28 11:02:38,895.55,560519,1,896.41,242719,296118,0.04468524828240823,0
2023-07-28 11:02:38,895.55,560519,1,896.41,242719,296119,0.04468524828240823,0
2023-07-28 11:02:38,895.55,560519,1,896.41,242719,296119,0.04468524828240823,0
2023-07-28 11:02:38,895.75,560519,1,896.41,242719,296119,0.0670278724236187,0
2023-07-28 11:02:44,895.8,560583,5,896.41,242650,295909,0.07261352845891496,0
2023-07-28 11:02:44,895.8,560583,5,896.41,242650,295909,0.07261352845891496,0
2023-07-28 11:02:44,895.8,560583,3,896.41,242650,295909,0.07261352845891496,0
2023-07-28 11:02:46,895.65,560686,51,896.41,242754,295613,0.055856560353013465,0
2023-07-28 11:02:46,895.75,560686,1,896.41,242754,295613,0.0670278724236187,0
2023-07-28 11:02:49,895.65,560752,1,896.41,245674,295457,0.055856560353013465,0
2023-07-28 11:02:49,895.65,560752,5,896.41,244203,295967,0.055856560353013465,0
2023-07-28 11:02:55,895.8,560758,1,896.41,244655,295831,0.07261352845891496,0
2023-07-28 11:02:55,895.8,560758,1,896.41,244655,295831,0.07261352845891496,0
2023-07-28 11:02:56,895.8,560760,1,896.41,244844,295838,0.07261352845891496,0
2023-07-28 11:02:56,895.65,560760,1,896.41,244844,295838,0.055856560353013465,0
2023-07-28 11:03:00,895.65,560761,1,896.41,244628,295908,0.055856560353013465,0
2023-07-28 11:03:00,895.65,560761,1,896.41,246634,295950,0.055856560353013465,0
2023-07-28 11:03:06,895.65,560762,1,896.41,244874,295950,0.055856560353013465,0
2023-07-28 11:03:06,895.65,560762,1,896.41,244853,295950,0.055856560353013465,0
2023-07-28 11:03:08,895.65,560763,1,896.41,244853,295951,0.055856560353013465,0
2023-07-28 11:03:08,895.65,560763,1,896.41,244860,295950,0.055856560353013465,0
2023-07-28 11:03:08,895.75,560763,1,896.41,244860,295950,0.0670278724236187,0
2023-07-28 11:03:10,895.75,560764,1,896.41,245051,295959,0.0670278724236187,0
2023-07-28 11:03:10,895.75,560764,1,896.41,245060,295959,0.0670278724236187,0
2023-07-28 11:03:10,895.75,560764,1,896.41,245142,295959,0.0670278724236187,0
2023-07-28 11:03:13,895.8,560814,36,896.41,244840,295900,0.07261352845891496,0
2023-07-28 11:03:13,895.8,560814,36,896.41,247177,295867,0.07261352845891496,0
2023-07-28 11:03:13,895.8,560814,1,896.41,245243,295831,0.07261352845891496,0
2023-07-28 11:03:13,895.7,560814,1,896.41,245243,295831,0.06144221638832243,0
2023-07-28 11:03:15,895.7,560816,1,896.41,246927,295851,0.06144221638832243,0
2023-07-28 11:03:15,895.7,560816,1,896.41,247016,295851,0.06144221638832243,0
2023-07-28 11:03:15,895.7,560816,1,896.41,247016,295851,0.06144221638832243,0
2023-07-28 11:03:15,895.7,560816,1,896.41,247016,295851,0.06144221638832243,0
2023-07-28 11:03:15,895.7,560816,1,896.41,247029,295853,0.06144221638832243,0
2023-07-28 11:03:21,895.7,560817,1,896.41,246911,295853,0.06144221638832243,0
2023-07-28 11:03:22,895.65,560822,4,896.41,244956,295832,0.055856560353013465,0
2023-07-28 11:03:22,895.65,560822,4,896.41,247014,295853,0.055856560353013465,0
2023-07-28 11:03:22,895.8,560822,1,896.41,247292,295834,0.07261352845891496,0
2023-07-28 11:03:24,895.8,560823,1,896.41,246201,295833,0.07261352845891496,0
2023-07-28 11:03:25,895.8,560824,1,896.41,246201,295842,0.07261352845891496,0
2023-07-28 11:03:25,895.8,560824,1,896.41,246201,295785,0.07261352845891496,0
2023-07-28 11:03:29,895.6,560885,1,896.41,246795,295826,0.0502709043177172,0
2023-07-28 11:03:30,895.65,560886,1,896.41,246794,295825,0.055856560353013465,0
2023-07-28 11:03:31,895.8,560888,1,896.41,246847,295788,0.07261352845891496,0
2023-07-28 11:03:31,895.8,560888,1,896.41,246739,295788,0.07261352845891496,0
2023-07-28 11:03:31,895.8,560888,1,896.41,246566,295384,0.07261352845891496,0
2023-07-28 11:03:31,895.8,560888,1,896.41,246629,295768,0.07261352845891496,0
2023-07-28 11:03:34,895.8,560889,1,896.41,246747,295768,0.07261352845891496,0
2023-07-28 11:03:36,895.65,560891,2,896.41,245859,295778,0.055856560353013465,0
2023-07-28 11:03:36,895.65,560921,25,896.41,245956,295897,0.055856560353013465,0
2023-07-28 11:03:36,895.65,560921,25,896.41,245981,295897,0.055856560353013465,0
2023-07-28 11:03:36,895.65,560921,1,896.41,245981,295897,0.055856560353013465,0
2023-07-28 11:03:38,895.65,560923,1,896.41,245980,295896,0.055856560353013465,0
2023-07-28 11:03:38,895.65,560923,1,896.41,245980,295895,0.055856560353013465,0
2023-07-28 11:03:38,895.65,560923,1,896.41,246309,295910,0.055856560353013465,0
2023-07-28 11:03:38,895.65,560923,1,896.41,246307,295935,0.055856560353013465,0
2023-07-28 11:03:43,895.7,560924,1,896.41,246307,295935,0.06144221638832243,0
2023-07-28 11:03:43,895.7,560924,1,896.41,245978,295914,0.06144221638832243,0
2023-07-28 11:03:43,895.65,560924,19,896.41,245978,295914,0.055856560353013465,0
2023-07-28 11:03:45,895.8,560947,1,896.41,245914,295943,0.07261352845891496,0
2023-07-28 11:03:45,895.8,560947,1,896.41,245969,295943,0.07261352845891496,0
2023-07-28 11:03:45,895.8,560947,1,896.41,246155,295943,0.07261352845891496,0
2023-07-28 11:03:45,895.8,560947,1,896.41,246155,296022,0.07261352845891496,0
2023-07-28 11:03:49,895.65,560948,1,896.41,246155,296022,0.055856560353013465,0
2023-07-28 11:03:49,895.65,560948,1,896.41,246358,296021,0.055856560353013465,0
2023-07-28 11:03:49,895.8,560948,1,896.41,246358,296021,0.07261352845891496,0
2023-07-28 11:03:52,895.65,560955,5,896.41,246333,296020,0.055856560353013465,0
2023-07-28 11:03:53,895.65,560956,1,896.41,243652,296125,0.055856560353013465,0
2023-07-28 11:03:53,895.65,560956,1,896.41,243652,296146,0.055856560353013465,0
2023-07-28 11:03:53,895.65,560956,1,896.41,243652,296166,0.055856560353013465,0
2023-07-28 11:03:57,895.65,560957,1,896.41,243652,296018,0.055856560353013465,0
2023-07-28 11:03:57,895.65,560957,5,896.41,243653,296018,0.055856560353013465,0
2023-07-28 11:03:59,895.8,561012,50,896.41,243648,295963,0.07261352845891496,0
2023-07-28 11:03:59,895.65,561012,2,896.41,243753,295985,0.055856560353013465,0
2023-07-28 11:04:01,895.65,561014,2,896.41,243590,295979,0.055856560353013465,0
2023-07-28 11:04:02,895.65,561015,1,896.41,244888,295978,0.055856560353013465,0
2023-07-28 11:04:03,895.6,561074,1,896.41,243183,295874,0.0502709043177172,0
2023-07-28 11:04:04,895.6,561075,1,896.41,243330,295874,0.0502709043177172,0
2023-07-28 11:04:04,895.8,561075,1,896.41,243330,295874,0.07261352845891496,0
2023-07-28 11:04:05,895.8,561077,1,896.41,246457,295820,0.07261352845891496,0
2023-07-28 11:04:05,895.8,561077,1,896.41,246461,295821,0.07261352845891496,0
2023-07-28 11:04:05,895.8,561077,1,896.41,246466,295821,0.07261352845891496,0
2023-07-28 11:04:05,895.95,561077,1,896.41,246466,295821,0.08937049656482916,0
2023-07-28 11:04:08,895.7,561128,1,896.41,245110,295538,0.06144221638832243,0
2023-07-28 11:04:08,895.7,561129,1,896.41,244845,295689,0.06144221638832243,0
2023-07-28 11:04:08,895.7,561129,1,896.41,244923,295689,0.06144221638832243,0
2023-07-28 11:04:08,895.7,561129,1,896.41,245097,295767,0.06144221638832243,0
2023-07-28 11:04:08,895.65,561129,1,896.41,245097,295767,0.055856560353013465,0
2023-07-28 11:04:11,895.95,561130,1,896.41,245096,295767,0.08937049656482916,0
2023-07-28 11:04:12,895.95,561131,1,896.41,245096,295766,0.08937049656482916,0
2023-07-28 11:04:12,895.65,561131,1,896.41,245096,295766,0.055856560353013465,0
2023-07-28 11:04:15,895.65,561132,1,896.41,245118,295770,0.055856560353013465,0
2023-07-28 11:04:15,895.65,561132,1,896.41,245118,295798,0.055856560353013465,0
2023-07-28 11:04:15,895.65,561132,1,896.41,244349,295958,0.055856560353013465,0
2023-07-28 11:04:15,895.65,561132,1,896.41,244216,296055,0.055856560353013465,0
2023-07-28 11:04:18,895.95,561133,1,896.41,244416,296017,0.08937049656482916,0
2023-07-28 11:04:18,895.95,561133,1,896.41,244417,296017,0.08937049656482916,0
2023-07-28 11:04:21,895.95,561134,1,896.41,244417,296016,0.08937049656482916,0
2023-07-28 11:04:21,895.95,561134,1,896.41,244465,296001,0.08937049656482916,0
2023-07-28 11:04:21,895.65,561134,6,896.41,244465,296001,0.055856560353013465,0
2023-07-28 11:04:22,895.65,561141,6,896.41,244381,296004,0.055856560353013465,0
2023-07-28 11:04:22,895.95,561141,1,896.41,244381,296004,0.08937049656482916,0
2023-07-28 11:04:24,895.95,561142,1,896.41,244319,296003,0.08937049656482916,0
2023-07-28 11:04:24,895.7,561142,1,896.41,244319,296003,0.06144221638832243,0
2023-07-28 11:04:25,895.7,561145,1,896.41,244316,296003,0.06144221638832243,0
2023-07-28 11:04:25,895.75,561145,1,896.41,244316,296003,0.0670278724236187,0
2023-07-28 11:04:26,895.7,561161,13,896.41,244234,295928,0.06144221638832243,0
2023-07-28 11:04:26,895.7,561161,13,896.41,244234,296119,0.06144221638832243,0
2023-07-28 11:04:26,895.7,561161,13,896.41,244234,296119,0.06144221638832243,0
2023-07-28 11:04:26,895.95,561161,1,896.41,244234,296119,0.08937049656482916,0
2023-07-28 11:04:30,895.95,561162,1,896.41,244308,296146,0.08937049656482916,0
2023-07-28 11:04:30,895.95,561162,1,896.41,244308,296146,0.08937049656482916,0
2023-07-28 11:04:31,895.95,561163,1,896.41,244324,296146,0.08937049656482916,0
2023-07-28 11:04:31,895.95,561163,1,896.41,244324,296146,0.08937049656482916,0
2023-07-28 11:04:34,895.95,561164,1,896.41,246073,295854,0.08937049656482916,0
2023-07-28 11:04:35,895.75,561165,1,896.41,246021,295986,0.0670278724236187,0
2023-07-28 11:04:35,895.75,561165,1,896.41,246021,295986,0.0670278724236187,0
2023-07-28 11:04:36,895.75,561167,1,896.41,246029,295987,0.0670278724236187,0
2023-07-28 11:04:37,895.75,561212,45,896.41,246224,296090,0.0670278724236187,0
2023-07-28 11:04:37,895.75,561212,45,896.41,246224,296090,0.0670278724236187,0
2023-07-28 11:04:37,895.75,561212,45,896.41,246328,296031,0.0670278724236187,0
2023-07-28 11:04:37,896.0,561212,39,896.41,246328,296031,0.09495615260012542,0
2023-07-28 11:04:39,895.75,561265,1,896.41,242852,295991,0.0670278724236187,0
2023-07-28 11:04:39,895.75,561265,1,896.41,243251,296056,0.0670278724236187,0
2023-07-28 11:04:39,895.75,561265,1,896.41,243251,296056,0.0670278724236187,0
2023-07-28 11:04:39,895.75,561265,1,896.41,243251,296062,0.0670278724236187,0
2023-07-28 11:04:39,896.0,561265,1,896.41,243251,296062,0.09495615260012542,0
2023-07-28 11:04:42,896.0,561266,1,896.41,243251,296065,0.09495615260012542,0
2023-07-28 11:04:42,896.0,561266,1,896.41,243252,295998,0.09495615260012542,0
2023-07-28 11:04:42,896.0,561266,1,896.41,243235,295998,0.09495615260012542,0
2023-07-28 11:04:42,895.8,561266,1,896.41,243235,295998,0.07261352845891496,0
2023-07-28 11:04:46,895.8,561267,1,896.41,243235,295998,0.07261352845891496,0
2023-07-28 11:04:46,895.8,561267,1,896.41,243185,295998,0.07261352845891496,0
2023-07-28 11:04:46,895.75,561267,50,896.41,243185,295998,0.0670278724236187,0
2023-07-28 11:04:49,895.75,561320,50,896.41,245634,295636,0.0670278724236187,0
2023-07-28 11:04:49,896.0,561401,1,896.41,243716,295593,0.09495615260012542,0
2023-07-28 11:04:51,896.0,561406,5,896.41,243766,295688,0.09495615260012542,0
2023-07-28 11:04:51,896.0,561406,20,896.41,243715,295839,0.09495615260012542,0
2023-07-28 11:04:52,896.0,561504,20,896.41,243242,295948,0.09495615260012542,0
2023-07-28 11:04:54,895.7,561518,1,896.41,244026,295788,0.06144221638832243,0
2023-07-28 11:04:54,895.7,561518,1,896.41,244026,295788,0.06144221638832243,0
2023-07-28 11:04:55,896.0,561519,1,896.41,244005,295740,0.09495615260012542,0
2023-07-28 11:04:55,896.0,561519,1,896.41,244009,295740,0.09495615260012542,0
2023-07-28 11:04:55,896.0,561519,1,896.41,244009,295755,0.09495615260012542,0
2023-07-28 11:04:55,895.7,561519,10,896.41,244009,295755,0.06144221638832243,0
2023-07-28 11:04:58,895.7,561529,1,896.41,243974,295732,0.06144221638832243,0
2023-07-28 11:05:00,895.7,561530,1,896.41,243973,295732,0.06144221638832243,0
2023-07-28 11:05:01,896.0,561735,14,896.41,243217,295527,0.09495615260012542,0
2023-07-28 11:05:01,896.0,561735,12,896.41,243217,295527,0.09495615260012542,0
2023-07-28 11:05:02,896.0,561749,1,896.41,243597,295483,0.09495615260012542,0
2023-07-28 11:05:03,896.0,561751,1,896.41,243809,295249,0.09495615260012542,0
2023-07-28 11:05:03,896.0,561751,1,896.41,243809,295249,0.09495615260012542,0
2023-07-28 11:05:03,896.0,561752,1,896.41,243786,295270,0.09495615260012542,0
2023-07-28 11:05:03,896.0,561752,1,896.41,244345,295341,0.09495615260012542,0
2023-07-28 11:05:07,895.75,561753,1,896.41,243041,295697,0.0670278724236187,0
2023-07-28 11:05:07,896.15,561753,1,896.41,243041,295697,0.11171312070602693,0
2023-07-28 11:05:08,895.75,561757,1,896.41,243430,296233,0.0670278724236187,0
2023-07-28 11:05:08,895.75,561757,1,896.41,243438,296233,0.0670278724236187,0
2023-07-28 11:05:08,895.75,561757,1,896.41,243438,296233,0.0670278724236187,0
2023-07-28 11:05:08,895.75,561757,1,896.41,243568,296233,0.0670278724236187,0
2023-07-28 11:05:12,895.75,561758,1,896.41,243693,296233,0.0670278724236187,0
2023-07-28 11:05:12,895.75,561758,1,896.41,243831,295932,0.0670278724236187,0
2023-07-28 11:05:12,895.75,561758,1,896.41,243831,295940,0.0670278724236187,0
2023-07-28 11:05:12,895.75,561758,1,896.41,243831,296142,0.0670278724236187,0
2023-07-28 11:05:12,895.75,561758,1,896.41,243831,296167,0.0670278724236187,0
2023-07-28 11:05:12,895.75,561758,1,896.41,243771,296167,0.0670278724236187,0
2023-07-28 11:05:12,895.75,561758,1,896.41,243771,296167,0.0670278724236187,0
2023-07-28 11:05:18,896.15,561760,3,896.41,243770,296166,0.11171312070602693,0
2023-07-28 11:05:19,896.15,561763,3,896.41,244300,296005,0.11171312070602693,0
2023-07-28 11:05:19,896.15,561763,3,896.41,244273,296005,0.11171312070602693,0
2023-07-28 11:05:19,896.2,561763,1,896.41,244273,296005,0.11729877674133589,0
2023-07-28 11:05:21,896.2,561814,7,896.41,243705,296437,0.11729877674133589,0
2023-07-28 11:05:22,895.8,561821,1,896.41,243992,296155,0.07261352845891496,0
2023-07-28 11:05:23,895.8,561828,1,896.41,243986,296097,0.07261352845891496,0
2023-07-28 11:05:23,895.8,561828,1,896.41,243986,296102,0.07261352845891496,0
2023-07-28 11:05:23,895.8,561828,1,896.41,243986,296102,0.07261352845891496,0
2023-07-28 11:05:25,895.8,561847,18,896.41,243856,296127,0.07261352845891496,0
2023-07-28 11:05:25,895.8,561847,18,896.41,243772,296127,0.07261352845891496,0
2023-07-28 11:05:25,895.8,561847,1,896.41,243772,296127,0.07261352845891496,0
2023-07-28 11:05:27,896.2,561850,2,896.41,243771,296125,0.11729877674133589,0
2023-07-28 11:05:27,896.2,561850,2,896.41,243771,296125,0.11729877674133589,0
2023-07-28 11:05:29,896.2,561853,2,896.41,243770,296123,0.11729877674133589,0
2023-07-28 11:05:29,896.2,561853,2,896.41,243771,296123,0.11729877674133589,0
2023-07-28 11:05:29,896.2,561853,2,896.41,243771,296123,0.11729877674133589,0
2023-07-28 11:05:31,896.2,561856,1,896.41,243770,296122,0.11729877674133589,0
2023-07-28 11:05:31,896.2,561856,1,896.41,243770,296122,0.11729877674133589,0
2023-07-28 11:05:32,896.2,561857,1,896.41,243770,296121,0.11729877674133589,0
2023-07-28 11:05:32,896.2,561857,1,896.41,243770,296121,0.11729877674133589,0
2023-07-28 11:05:32,896.2,561857,1,896.41,243770,296121,0.11729877674133589,0
2023-07-28 11:05:32,896.2,561857,1,896.41,243769,295925,0.11729877674133589,0
2023-07-28 11:05:32,895.8,561857,1,896.41,243769,295925,0.07261352845891496,0
2023-07-28 11:05:36,895.8,561859,1,896.41,244053,296110,0.07261352845891496,0
2023-07-28 11:05:37,896.2,561869,10,896.41,244007,296190,0.11729877674133589,0
2023-07-28 11:05:38,895.8,561870,1,896.41,243127,296975,0.07261352845891496,0
2023-07-28 11:05:39,896.15,561871,1,896.41,243128,296925,0.11171312070602693,0
2023-07-28 11:05:41,896.15,561872,1,896.41,243510,296655,0.11171312070602693,0
2023-07-28 11:05:41,896.15,561872,1,896.41,243590,296659,0.11171312070602693,0
2023-07-28 11:05:41,896.15,561872,1,896.41,243590,296659,0.11171312070602693,0
2023-07-28 11:05:42,896.15,561873,1,896.41,244137,296606,0.11171312070602693,0
2023-07-28 11:05:42,896.15,561873,1,896.41,244158,296893,0.11171312070602693,0
2023-07-28 11:05:42,896.15,561873,1,896.41,244324,296664,0.11171312070602693,0
2023-07-28 11:05:42,895.8,561873,1,896.41,244324,296664,0.07261352845891496,0
2023-07-28 11:05:47,895.8,561875,1,896.41,244322,296646,0.07261352845891496,0
2023-07-28 11:05:48,896.2,561877,1,896.41,244071,296659,0.11729877674133589,0
2023-07-28 11:05:48,896.2,561877,1,896.41,244071,296659,0.11729877674133589,0
2023-07-28 11:05:49,895.8,561927,45,896.41,243356,296864,0.07261352845891496,0
2023-07-28 11:05:49,895.8,561927,45,896.41,242393,297309,0.07261352845891496,0
2023-07-28 11:05:49,895.8,561927,45,896.41,242415,297588,0.07261352845891496,0
2023-07-28 11:05:52,895.8,561932,5,896.41,242410,297515,0.07261352845891496,0
2023-07-28 11:05:52,895.8,561932,5,896.41,242411,297357,0.07261352845891496,0
2023-07-28 11:05:52,895.95,561932,1,896.41,242411,297357,0.08937049656482916,0
2023-07-28 11:05:54,895.95,561933,1,896.41,242411,296843,0.08937049656482916,0
2023-07-28 11:05:54,895.95,561933,1,896.41,242411,296793,0.08937049656482916,0
2023-07-28 11:05:54,895.95,561933,1,896.41,242411,296793,0.08937049656482916,0
2023-07-28 11:05:54,895.95,561933,1,896.41,242411,296794,0.08937049656482916,0
2023-07-28 11:05:54,895.8,561933,1,896.41,242411,296794,0.07261352845891496,0
2023-07-28 11:05:59,895.8,561935,1,896.41,242409,296933,0.07261352845891496,0
2023-07-28 11:05:59,895.8,561935,1,896.41,242409,296933,0.07261352845891496,0
2023-07-28 11:05:59,895.8,561935,1,896.41,242409,297264,0.07261352845891496,0
2023-07-28 11:05:59,895.8,561935,1,896.41,242409,297309,0.07261352845891496,0
2023-07-28 11:06:03,896.0,562101,10,896.41,242403,297176,0.09495615260012542,0
2023-07-28 11:06:04,896.05,562104,1,896.41,242494,296723,0.1005418086354217,0
2023-07-28 11:06:05,896.05,562105,1,896.41,242654,296576,0.1005418086354217,0
2023-07-28 11:06:05,896.05,562105,1,896.41,242653,296532,0.1005418086354217,0
2023-07-28 11:06:05,896.05,562105,1,896.41,242653,296532,0.1005418086354217,0
2023-07-28 11:06:08,895.8,562107,1,896.41,242667,296530,0.07261352845891496,0
2023-07-28 11:06:08,895.8,562107,1,896.41,242604,296734,0.07261352845891496,0
2023-07-28 11:06:10,895.8,562108,1,896.41,242407,297075,0.07261352845891496,0
2023-07-28 11:06:10,895.8,562108,1,896.41,242407,297105,0.07261352845891496,0
2023-07-28 11:06:10,895.8,562108,1,896.41,242524,297056,0.07261352845891496,0
2023-07-28 11:06:14,896.05,562123,15,896.41,242580,296897,0.1005418086354217,0
2023-07-28 11:06:14,895.6,562123,10,896.41,242580,296897,0.0502709043177172,0
2023-07-28 11:06:14,895.6,562158,10,896.41,242977,296976,0.0502709043177172,0
2023-07-28 11:06:16,896.0,562159,1,896.41,242442,297422,0.09495615260012542,0
2023-07-28 11:06:16,896.0,562159,1,896.41,242803,297785,0.09495615260012542,0
2023-07-28 11:06:16,896.0,562159,1,896.41,242765,297785,0.09495615260012542,0
2023-07-28 11:06:16,896.0,562159,1,896.41,242774,297186,0.09495615260012542,0
2023-07-28 11:06:20,896.05,562171,12,896.41,242530,296831,0.1005418086354217,0
2023-07-28 11:06:20,896.05,562171,12,896.41,242811,296609,0.1005418086354217,0
2023-07-28 11:06:22,895.65,562176,2,896.41,244839,296383,0.055856560353013465,0
2023-07-28 11:06:22,895.65,562176,1,896.41,244871,296384,0.055856560353013465,0
2023-07-28 11:06:24,895.65,562177,1,896.41,244871,295843,0.055856560353013465,0
2023-07-28 11:06:25,895.55,562233,55,896.41,244815,295836,0.04468524828240823,0
2023-07-28 11:06:25,895.65,562233,1,896.41,244815,295836,0.055856560353013465,0
2023-07-28 11:06:27,895.95,562235,2,896.41,243116,295339,0.08937049656482916,0
2023-07-28 11:06:27,895.95,562237,2,896.41,243129,295540,0.08937049656482916,0
2023-07-28 11:06:27,895.6,562237,7,896.41,243152,295478,0.0502709043177172,0
2023-07-28 11:06:30,895.6,562246,1,896.41,243055,295557,0.0502709043177172,0
2023-07-28 11:06:30,895.6,562246,1,896.41,243063,295772,0.0502709043177172,0
2023-07-28 11:06:30,895.6,562246,1,896.41,243063,295944,0.0502709043177172,0
2023-07-28 11:06:30,895.6,562246,1,896.41,243063,295772,0.0502709043177172,0
2023-07-28 11:06:30,895.6,562246,1,896.41,242964,296183,0.0502709043177172,0
2023-07-28 11:06:36,895.6,562248,1,896.41,242962,296185,0.0502709043177172,0
2023-07-28 11:06:36,895.6,562248,1,896.41,243108,296187,0.0502709043177172,0
2023-07-28 11:06:36,895.6,562248,1,896.41,243117,296187,0.0502709043177172,0
2023-07-28 11:06:36,895.6,562248,1,896.41,243176,296043,0.0502709043177172,0
2023-07-28 11:06:36,896.0,562248,1,896.41,243176,296043,0.09495615260012542,0
2023-07-28 11:06:40,896.0,562249,1,896.41,243216,296127,0.09495615260012542,0
2023-07-28 11:06:42,895.6,562250,1,896.41,243223,296127,0.0502709043177172,0
2023-07-28 11:06:42,895.6,562250,1,896.41,243101,296333,0.0502709043177172,0
2023-07-28 11:06:42,895.6,562250,1,896.41,243047,296333,0.0502709043177172,0
2023-07-28 11:06:42,895.6,562250,1,896.41,243047,296353,0.0502709043177172,0
2023-07-28 11:06:45,895.6,562251,1,896.41,243046,296353,0.0502709043177172,0
2023-07-28 11:06:45,895.6,562251,1,896.41,243046,296353,0.0502709043177172,0
2023-07-28 11:06:49,895.6,562253,2,896.41,243052,296353,0.0502709043177172,0
2023-07-28 11:06:49,895.95,562253,25,896.41,243052,296353,0.08937049656482916,0
2023-07-28 11:06:50,895.95,562278,25,896.41,243055,296328,0.08937049656482916,0
2023-07-28 11:06:50,895.6,562278,1,896.41,243055,296328,0.0502709043177172,0
2023-07-28 11:06:52,895.6,562379,4,896.41,243049,296551,0.0502709043177172,0
2023-07-28 11:06:52,895.6,562623,31,896.41,242902,296486,0.0502709043177172,0
2023-07-28 11:06:53,895.85,562625,2,896.41,242912,296414,0.07819918449422393,0
2023-07-28 11:06:55,895.6,562633,8,896.41,242904,296414,0.0502709043177172,0
2023-07-28 11:06:55,895.6,562719,20,896.41,242924,296485,0.0502709043177172,0
2023-07-28 11:06:55,895.6,562719,20,896.41,242925,296485,0.0502709043177172,0
2023-07-28 11:06:59,895.95,562721,1,896.41,242932,296306,0.08937049656482916,0
2023-07-28 11:07:00,895.85,562722,1,896.41,242871,296155,0.07819918449422393,0
2023-07-28 11:07:00,895.85,562722,1,896.41,242871,296161,0.07819918449422393,0
2023-07-28 11:07:00,895.85,562722,1,896.41,242854,297122,0.07819918449422393,0
2023-07-28 11:07:04,895.65,562723,1,896.41,242880,297123,0.055856560353013465,0
2023-07-28 11:07:04,895.65,562723,1,896.41,242880,297078,0.055856560353013465,0
2023-07-28 11:07:06,895.65,562724,1,896.41,242879,297254,0.055856560353013465,0
2023-07-28 11:07:06,895.65,562724,1,896.41,242672,297449,0.055856560353013465,0
2023-07-28 11:07:06,895.65,562724,1,896.41,242689,297476,0.055856560353013465,0
2023-07-28 11:07:06,895.65,562724,1,896.41,242689,297476,0.055856560353013465,0
2023-07-28 11:07:14,895.85,562727,1,896.41,242689,297380,0.07819918449422393,0
2023-07-28 11:07:14,895.85,562727,1,896.41,242688,297445,0.07819918449422393,0
2023-07-28 11:07:14,895.55,562727,143,896.41,242688,297445,0.04468524828240823,0
2023-07-28 11:07:14,895.55,562727,1,896.41,242688,297445,0.04468524828240823,0
2023-07-28 11:07:14,895.5,562727,30,896.41,242688,297445,0.039099592247111965,0
2023-07-28 11:07:19,895.75,562903,15,896.41,242922,296991,0.0670278724236187,0
2023-07-28 11:07:22,895.75,562925,3,896.41,243097,296483,0.0670278724236187,0
2023-07-28 11:07:22,895.75,562925,4,896.41,243097,296483,0.0670278724236187,0
2023-07-28 11:07:23,895.65,562932,1,896.41,243248,296461,0.055856560353013465,0
2023-07-28 11:07:25,895.65,562933,1,896.41,242920,297353,0.055856560353013465,0
2023-07-28 11:07:25,895.65,562933,1,896.41,242920,297353,0.055856560353013465,0
2023-07-28 11:07:29,895.65,562951,2,896.41,242928,298555,0.055856560353013465,0
2023-07-28 11:07:29,895.7,562951,1,896.41,242928,298555,0.06144221638832243,0
2023-07-28 11:07:32,895.5,563005,53,896.41,242866,297980,0.039099592247111965,0
2023-07-28 11:07:32,895.5,563005,53,896.41,242866,297980,0.039099592247111965,0
2023-07-28 11:07:32,895.7,563005,5,896.41,242866,297980,0.06144221638832243,0
2023-07-28 11:07:33,895.75,563010,1,896.41,242870,297616,0.0670278724236187,0
2023-07-28 11:07:33,895.5,563010,1,896.41,242870,297616,0.039099592247111965,0
2023-07-28 11:07:37,895.75,563013,1,896.41,243503,297008,0.0670278724236187,0
2023-07-28 11:07:37,895.75,563013,1,896.41,243295,297158,0.0670278724236187,0
2023-07-28 11:07:37,895.45,563013,74,896.41,243295,297158,0.0335139362118157,0
2023-07-28 11:07:42,895.45,563113,74,896.41,242908,298940,0.0335139362118157,0
2023-07-28 11:07:42,895.8,563113,7,896.41,242908,298940,0.07261352845891496,0
2023-07-28 11:07:42,895.85,563113,4,896.41,242908,298940,0.07819918449422393,0
2023-07-28 11:07:42,895.8,563113,1,896.41,242908,298940,0.07261352845891496,0
2023-07-28 11:07:44,895.8,563128,1,896.41,243055,298354,0.07261352845891496,0
2023-07-28 11:07:44,895.85,563128,1,896.41,243055,298354,0.07819918449422393,0
2023-07-28 11:07:47,895.85,563130,1,896.41,243055,299662,0.07819918449422393,0
2023-07-28 11:07:47,895.85,563130,1,896.41,243055,299662,0.07819918449422393,0
2023-07-28 11:07:50,895.7,563132,1,896.41,243189,299642,0.06144221638832243,0
2023-07-28 11:07:52,895.5,563137,3,896.41,243637,299714,0.039099592247111965,0
2023-07-28 11:07:52,895.5,563137,3,896.41,244340,300083,0.039099592247111965,0
2023-07-28 11:07:52,895.45,563137,1,896.41,244340,300083,0.0335139362118157,0
2023-07-28 11:07:58,895.65,563139,1,896.41,245292,300107,0.055856560353013465,0
2023-07-28 11:07:58,895.65,563139,1,896.41,245403,299473,0.055856560353013465,0
2023-07-28 11:08:04,896.0,563140,1,896.41,247530,298672,0.09495615260012542,0
2023-07-28 11:08:04,895.65,563140,1,896.41,247530,298672,0.055856560353013465,0
2023-07-28 11:08:04,895.65,563140,1,896.41,247530,298672,0.055856560353013465,0
2023-07-28 11:08:07,895.7,563143,1,896.41,247257,298945,0.06144221638832243,0
2023-07-28 11:08:07,896.0,563143,4,896.41,247257,298945,0.09495615260012542,0
2023-07-28 11:08:08,896.0,563147,4,896.41,247484,298937,0.09495615260012542,0
2023-07-28 11:08:08,896.0,563147,4,896.41,247450,298920,0.09495615260012542,0
2023-07-28 11:08:08,895.65,563147,33,896.41,247450,298920,0.055856560353013465,0
2023-07-28 11:08:15,896.0,563248,1,896.41,246425,299023,0.09495615260012542,0
2023-07-28 11:08:15,896.0,563248,1,896.41,246425,299023,0.09495615260012542,0
2023-07-28 11:08:15,895.7,563248,12,896.41,246425,299023,0.06144221638832243,0
2023-07-28 11:08:18,895.7,563303,6,896.41,246609,299352,0.06144221638832243,0
2023-07-28 11:08:18,895.7,563303,1,896.41,246609,299352,0.06144221638832243,0
2023-07-28 11:08:20,895.95,563304,1,896.41,246650,299449,0.08937049656482916,0
2023-07-28 11:08:20,895.5,563304,5,896.41,246650,299449,0.039099592247111965,0
2023-07-28 11:08:22,895.5,563311,5,896.41,246673,299675,0.039099592247111965,0
2023-07-28 11:08:22,895.5,563311,5,896.41,246673,299675,0.039099592247111965,0
2023-07-28 11:08:22,895.5,563311,5,896.41,246673,299675,0.039099592247111965,0
2023-07-28 11:08:22,895.5,563311,5,896.41,246673,299675,0.039099592247111965,0
2023-07-28 11:08:22,895.5,563311,5,896.41,246673,299675,0.039099592247111965,0
2023-07-28 11:08:22,895.5,563311,5,896.41,247118,299609,0.039099592247111965,0
2023-07-28 11:08:22,895.5,563311,5,896.41,247118,299609,0.039099592247111965,0
2023-07-28 11:08:22,895.5,563311,5,896.41,247118,299609,0.039099592247111965,0
2023-07-28 11:08:22,895.5,563311,5,896.41,247118,299609,0.039099592247111965,0
2023-07-28 11:08:22,895.5,563311,1,896.41,247314,299784,0.039099592247111965,0
2023-07-28 11:08:22,895.5,563311,3,896.41,247314,299784,0.039099592247111965,0
2023-07-28 11:08:30,895.5,563315,3,896.41,247428,299518,0.039099592247111965,0
2023-07-28 11:08:30,895.5,563315,1,896.41,247428,299518,0.039099592247111965,0
2023-07-28 11:08:33,895.5,563316,1,896.41,247451,299568,0.039099592247111965,0
2023-07-28 11:08:33,895.5,563316,9,896.41,247451,299568,0.039099592247111965,0
2023-07-28 11:08:33,895.5,563316,1,896.41,247451,299568,0.039099592247111965,0
2023-07-28 11:08:37,895.95,563327,1,896.41,247483,299648,0.08937049656482916,0
2023-07-28 11:08:37,895.95,563327,24,896.41,247483,299648,0.08937049656482916,0
2023-07-28 11:08:40,895.9,563352,1,896.41,247387,300406,0.08378484052952019,0
2023-07-28 11:08:40,895.5,563352,1,896.41,247387,300406,0.039099592247111965,0
2023-07-28 11:08:43,895.8,563354,1,896.41,247276,299465,0.07261352845891496,0
2023-07-28 11:08:43,895.5,563354,8,896.41,247276,299465,0.039099592247111965,0
2023-07-28 11:08:43,895.9,563354,11,896.41,247276,299465,0.08378484052952019,0
2023-07-28 11:08:44,895.9,563377,11,896.41,246939,299351,0.08378484052952019,0
2023-07-28 11:08:44,895.5,563377,17,896.41,246939,299351,0.039099592247111965,0
2023-07-28 11:08:48,895.5,563403,1,896.41,247397,299515,0.039099592247111965,0
2023-07-28 11:08:48,895.8,563403,2,896.41,247397,299515,0.07261352845891496,0
2023-07-28 11:08:49,895.8,563405,2,896.41,247465,299461,0.07261352845891496,0
2023-07-28 11:08:49,895.9,563405,14,896.41,247465,299461,0.08378484052952019,0
2023-07-28 11:08:53,895.9,563430,14,896.41,247460,299411,0.08378484052952019,0
2023-07-28 11:08:55,896.0,563457,1,896.41,248191,298725,0.09495615260012542,0
2023-07-28 11:08:55,895.65,563457,1,896.41,248191,298725,0.055856560353013465,0
2023-07-28 11:08:58,896.0,563540,1,896.41,248158,298585,0.09495615260012542,0
2023-07-28 11:08:58,896.0,563540,1,896.41,248158,298585,0.09495615260012542,0
2023-07-28 11:08:58,896.0,563540,2,896.41,248158,298585,0.09495615260012542,0
2023-07-28 11:09:00,895.75,563595,52,896.41,247044,299351,0.0670278724236187,0
2023-07-28 11:09:00,895.75,563595,1,896.41,247044,299351,0.0670278724236187,0
2023-07-28 11:09:01,895.75,563596,1,896.41,246865,299237,0.0670278724236187,0
2023-07-28 11:09:01,895.75,563596,1,896.41,246865,299237,0.0670278724236187,0
2023-07-28 11:09:06,895.75,563597,1,896.41,246864,299243,0.0670278724236187,0
2023-07-28 11:09:06,895.75,563597,1,896.41,246864,299247,0.0670278724236187,0
2023-07-28 11:09:06,896.0,563597,3,896.41,246864,299247,0.09495615260012542,0
2023-07-28 11:09:08,896.0,563600,3,896.41,246889,299244,0.09495615260012542,0
2023-07-28 11:09:08,896.0,563600,3,896.41,246914,299244,0.09495615260012542,0
2023-07-28 11:09:08,896.0,563600,3,896.41,246914,299244,0.09495615260012542,0
2023-07-28 11:09:08,896.0,563600,3,896.41,246914,299344,0.09495615260012542,0
2023-07-28 11:09:08,896.0,563600,3,896.41,246756,299040,0.09495615260012542,0
2023-07-28 11:09:14,895.75,563601,1,896.41,246755,299117,0.0670278724236187,0
2023-07-28 11:09:14,896.0,563601,1,896.41,246755,299117,0.09495615260012542,0
2023-07-28 11:09:15,896.0,563602,1,896.41,246217,299061,0.09495615260012542,0
2023-07-28 11:09:15,896.0,563602,1,896.41,246217,299061,0.09495615260012542,0
2023-07-28 11:09:15,896.0,563602,1,896.41,246217,299062,0.09495615260012542,0
2023-07-28 11:09:15,896.0,563602,2,896.41,246217,299062,0.09495615260012542,0
2023-07-28 11:09:18,896.0,563604,2,896.41,246039,299062,0.09495615260012542,0
2023-07-28 11:09:19,896.0,563606,2,896.41,246153,299112,0.09495615260012542,0
2023-07-28 11:09:19,896.0,563606,2,896.41,246223,299113,0.09495615260012542,0
2023-07-28 11:09:21,895.75,563706,54,896.41,246134,299113,0.0670278724236187,0
2023-07-28 11:09:21,895.75,563706,54,896.41,246135,299113,0.0670278724236187,0
2023-07-28 11:09:22,895.75,563711,4,896.41,246185,299182,0.0670278724236187,0
2023-07-28 11:09:22,895.75,563711,4,896.41,246286,299185,0.0670278724236187,0
2023-07-28 11:09:25,895.75,563712,1,896.41,246298,299185,0.0670278724236187,0
2023-07-28 11:09:27,896.0,563713,1,896.41,246298,299184,0.09495615260012542,0
2023-07-28 11:09:27,896.0,563713,1,896.41,246298,299184,0.09495615260012542,0
2023-07-28 11:09:27,896.0,563713,1,896.41,246298,299434,0.09495615260012542,0
2023-07-28 11:09:27,896.0,563713,1,896.41,246393,299434,0.09495615260012542,0
2023-07-28 11:09:27,895.75,563713,1,896.41,246393,299434,0.0670278724236187,0
2023-07-28 11:09:33,895.75,563714,1,896.41,246394,299434,0.0670278724236187,0
2023-07-28 11:09:34,895.75,563719,1,896.41,246391,299434,0.0670278724236187,0
2023-07-28 11:09:35,895.75,563744,16,896.41,246370,299439,0.0670278724236187,0
2023-07-28 11:09:35,895.75,563744,1,896.41,246370,299439,0.0670278724236187,0
2023-07-28 11:09:36,895.75,563745,1,896.41,246374,299440,0.0670278724236187,0
2023-07-28 11:09:37,895.75,563795,12,896.41,246379,299439,0.0670278724236187,0
2023-07-28 11:09:37,895.75,563795,1,896.41,246379,299439,0.0670278724236187,0
2023-07-28 11:09:38,895.75,563796,1,896.41,246378,299440,0.0670278724236187,0
2023-07-28 11:09:38,895.75,563796,1,896.41,246383,299440,0.0670278724236187,0
2023-07-28 11:09:40,895.75,563806,10,896.41,246344,299439,0.0670278724236187,0
2023-07-28 11:09:40,896.0,563806,1,896.41,246344,299439,0.09495615260012542,0
2023-07-28 11:09:43,895.75,563857,50,896.41,246194,299438,0.0670278724236187,0
2023-07-28 11:09:43,895.75,563857,50,896.41,246194,299439,0.0670278724236187,0
2023-07-28 11:09:43,895.75,563857,50,896.41,246194,299438,0.0670278724236187,0
2023-07-28 11:09:45,895.75,563860,5,896.41,246194,299435,0.0670278724236187,0
2023-07-28 11:09:46,895.95,563920,2,896.41,246018,299403,0.08937049656482916,0
2023-07-28 11:09:46,895.95,563920,2,896.41,246018,299403,0.08937049656482916,0
2023-07-28 11:09:46,895.95,563920,2,896.41,246018,299419,0.08937049656482916,0
2023-07-28 11:09:48,895.75,563921,1,896.41,246128,299509,0.0670278724236187,0
2023-07-28 11:09:48,895.75,563921,1,896.41,246681,299171,0.0670278724236187,0
2023-07-28 11:09:48,895.75,563921,1,896.41,246711,299171,0.0670278724236187,0
2023-07-28 11:09:51,895.75,563922,1,896.41,246544,298794,0.0670278724236187,0
2023-07-28 11:09:51,895.75,563922,5,896.41,246544,298794,0.0670278724236187,0
2023-07-28 11:09:52,895.75,563927,5,896.41,246474,299157,0.0670278724236187,0
2023-07-28 11:09:52,896.0,563927,1,896.41,246474,299157,0.09495615260012542,0
2023-07-28 11:09:56,896.0,563928,1,896.41,246474,299161,0.09495615260012542,0
2023-07-28 11:09:56,896.0,563928,1,896.41,246474,299411,0.09495615260012542,0
2023-07-28 11:09:56,895.75,563928,14,896.41,246474,299411,0.0670278724236187,0
2023-07-28 11:10:00,895.75,564042,42,896.41,246150,299664,0.0670278724236187,0
2023-07-28 11:10:00,895.75,564042,42,896.41,246150,299664,0.0670278724236187,0
2023-07-28 11:10:00,895.75,564042,42,896.41,246052,299668,0.0670278724236187,0
2023-07-28 11:10:00,895.75,564042,42,896.41,245693,299742,0.0670278724236187,0
2023-07-28 11:10:04,895.75,564044,2,896.41,245801,299777,0.0670278724236187,0
2023-07-28 11:10:04,896.0,564044,1,896.41,245801,299777,0.09495615260012542,0
2023-07-28 11:10:05,896.0,564055,10,896.41,245636,299568,0.09495615260012542,0
2023-07-28 11:10:05,896.0,564055,10,896.41,245636,299568,0.09495615260012542,0
2023-07-28 11:10:05,895.75,564055,1,896.41,245636,299568,0.0670278724236187,0
2023-07-28 11:10:05,895.75,564055,1,896.41,245636,299568,0.0670278724236187,0
2023-07-28 11:10:08,895.75,564058,1,896.41,245753,299904,0.0670278724236187,0
2023-07-28 11:10:08,895.75,564058,1,896.41,245753,300014,0.0670278724236187,0
2023-07-28 11:10:08,896.0,564058,1,896.41,245753,300014,0.09495615260012542,0
2023-07-28 11:10:14,896.0,564059,1,896.41,245861,299998,0.09495615260012542,0
2023-07-28 11:10:14,896.0,564059,1,896.41,245861,299999,0.09495615260012542,0
2023-07-28 11:10:14,896.0,564059,1,896.41,245861,299999,0.09495615260012542,0
2023-07-28 11:10:19,896.0,564061,1,896.41,245505,300247,0.09495615260012542,0
2023-07-28 11:10:19,895.75,564061,6,896.41,245505,300247,0.0670278724236187,0
2023-07-28 11:10:22,895.75,564067,6,896.41,245499,300265,0.0670278724236187,0
2023-07-28 11:10:22,895.75,564067,6,896.41,245732,300228,0.0670278724236187,0
2023-07-28 11:10:22,895.75,564067,6,896.41,245732,300228,0.0670278724236187,0
2023-07-28 11:10:22,895.75,564067,1,896.41,245732,300228,0.0670278724236187,0
2023-07-28 11:10:30,895.75,564068,1,896.41,245652,300210,0.0670278724236187,0
2023-07-28 11:10:30,896.0,564068,10,896.41,245652,300210,0.09495615260012542,0
2023-07-28 11:10:30,895.75,564068,1,896.41,245652,300210,0.0670278724236187,0
2023-07-28 11:10:32,895.75,564079,1,896.41,245918,299763,0.0670278724236187,0
2023-07-28 11:10:32,896.0,564079,1,896.41,245918,299763,0.09495615260012542,0
2023-07-28 11:10:32,896.0,564079,800,896.41,245918,299763,0.09495615260012542,0
2023-07-28 11:10:35,896.1,564941,2,896.41,247412,300771,0.10612746467073066,0
2023-07-28 11:10:35,895.95,564941,21,896.41,247412,300771,0.08937049656482916,0
2023-07-28 11:10:35,896.1,564941,1,896.41,247412,300771,0.10612746467073066,0
2023-07-28 11:10:35,895.95,564941,21,896.41,247412,300771,0.08937049656482916,0
2023-07-28 11:10:38,895.95,565024,9,896.41,245262,299475,0.08937049656482916,0
2023-07-28 11:10:38,895.95,565024,7,896.41,245262,299475,0.08937049656482916,0
2023-07-28 11:10:39,895.75,565032,35,896.41,245921,299322,0.0670278724236187,0
2023-07-28 11:10:41,895.75,565249,35,896.41,245877,300078,0.0670278724236187,0
2023-07-28 11:10:41,896.1,565249,5,896.41,245877,300078,0.10612746467073066,0
2023-07-28 11:10:45,895.75,565258,1,896.41,246024,300053,0.0670278724236187,0
2023-07-28 11:10:45,896.1,565258,2,896.41,246024,300053,0.10612746467073066,0
2023-07-28 11:10:45,896.1,565258,11,896.41,246024,300053,0.10612746467073066,0
2023-07-28 11:10:47,896.1,565272,1,896.41,246024,300039,0.10612746467073066,0
2023-07-28 11:10:48,896.1,565273,1,896.41,246693,300737,0.10612746467073066,0
2023-07-28 11:10:48,895.95,565273,5,896.41,246693,300737,0.08937049656482916,0
2023-07-28 11:10:53,895.95,565279,1,896.41,246235,300762,0.08937049656482916,0
2023-07-28 11:10:53,896.0,565279,2,896.41,246235,300762,0.09495615260012542,0
2023-07-28 11:10:53,896.0,565281,2,896.41,246236,300760,0.09495615260012542,0
2023-07-28 11:10:53,895.95,565281,1,896.41,246236,300760,0.08937049656482916,0
2023-07-28 11:10:56,895.95,565282,1,896.41,246167,300359,0.08937049656482916,0
2023-07-28 11:10:56,896.0,565282,2,896.41,246167,300359,0.09495615260012542,0
2023-07-28 11:10:59,896.0,565285,2,896.41,246012,300415,0.09495615260012542,0
2023-07-28 11:10:59,896.0,565285,1,896.41,246012,300415,0.09495615260012542,0
2023-07-28 11:10:59,896.0,565285,2,896.41,246012,300415,0.09495615260012542,0
2023-07-28 11:11:03,896.15,565293,2,896.41,246725,300228,0.11171312070602693,0
2023-07-28 11:11:03,895.95,565293,3,896.41,246813,300275,0.08937049656482916,0
2023-07-28 11:11:05,895.95,565299,3,896.41,245310,300347,0.08937049656482916,0
2023-07-28 11:11:08,895.75,565324,4,896.41,245479,300349,0.0670278724236187,0
2023-07-28 11:11:08,895.75,565325,1,896.41,245677,299891,0.0670278724236187,0
2023-07-28 11:11:09,895.75,565326,1,896.41,245675,299937,0.0670278724236187,0
2023-07-28 11:11:09,895.75,565326,1,896.41,245675,299937,0.0670278724236187,0
2023-07-28 11:11:09,895.75,565326,1,896.41,245803,299950,0.0670278724236187,0
2023-07-28 11:11:09,895.75,565326,1,896.41,245893,299950,0.0670278724236187,0
2023-07-28 11:11:09,895.75,565326,1,896.41,245992,299950,0.0670278724236187,0
2023-07-28 11:11:14,895.75,565338,12,896.41,245980,299950,0.0670278724236187,0
2023-07-28 11:11:14,895.75,565338,12,896.41,245986,299784,0.0670278724236187,0
2023-07-28 11:11:17,896.05,565339,1,896.41,246047,299675,0.1005418086354217,0
2023-07-28 11:11:17,896.05,565339,1,896.41,246047,299675,0.1005418086354217,0
2023-07-28 11:11:17,896.15,565339,40,896.41,246047,299675,0.11171312070602693,0
2023-07-28 11:11:19,896.15,565379,40,896.41,246556,299236,0.11171312070602693,0
2023-07-28 11:11:20,896.2,565459,47,896.41,246518,299621,0.11729877674133589,0
2023-07-28 11:11:20,896.2,565459,47,896.41,246518,299621,0.11729877674133589,0
2023-07-28 11:11:20,896.2,565459,47,896.41,247294,300814,0.11729877674133589,0
2023-07-28 11:11:20,895.95,565459,5,896.41,247294,300814,0.08937049656482916,0
2023-07-28 11:11:22,895.95,565464,5,896.41,245876,301525,0.08937049656482916,0
2023-07-28 11:11:22,895.95,565464,5,896.41,246396,301490,0.08937049656482916,0
2023-07-28 11:11:22,896.0,565464,1,896.41,246396,301490,0.09495615260012542,0
2023-07-28 11:11:24,895.9,565466,1,896.41,246456,301636,0.08378484052952019,0
2023-07-28 11:11:24,895.9,565466,1,896.41,246456,301636,0.08378484052952019,0
2023-07-28 11:11:24,895.9,565466,1,896.41,246456,301651,0.08378484052952019,0
2023-07-28 11:11:26,896.0,565489,23,896.41,246456,301520,0.09495615260012542,0
2023-07-28 11:11:26,896.0,565489,23,896.41,246456,301520,0.09495615260012542,0
2023-07-28 11:11:26,896.0,565489,23,896.41,246456,301520,0.09495615260012542,0
2023-07-28 11:11:28,896.0,565490,1,896.41,246859,301614,0.09495615260012542,0
2023-07-28 11:11:28,896.0,565490,1,896.41,246581,301597,0.09495615260012542,0
2023-07-28 11:11:31,895.9,565699,3,896.41,246698,301483,0.08378484052952019,0
2023-07-28 11:11:32,895.9,565738,1,896.41,246670,301323,0.08378484052952019,0
2023-07-28 11:11:32,895.9,565740,2,896.41,246700,301468,0.08378484052952019,0
2023-07-28 11:11:32,895.9,565740,2,896.41,246700,301598,0.08378484052952019,0
2023-07-28 11:11:35,895.75,565850,1,896.41,246518,301467,0.0670278724236187,0
2023-07-28 11:11:36,895.75,565860,1,896.41,246239,301775,0.0670278724236187,0
2023-07-28 11:11:36,896.0,565860,1,896.41,246239,301775,0.09495615260012542,0
