2023-07-28 10:49:21,19000.0,5185,4,18932.58,6350,6825,0.6022900258124296,0
2023-07-28 10:49:21,19000.0,5185,4,18932.58,6349,6824,0.6022900258124296,0
2023-07-28 10:49:21,19000.0,5185,4,18932.58,6342,6827,0.6022900258124296,0
2023-07-28 10:49:21,19000.0,5185,4,18932.58,6602,6820,0.6022900258124296,0
2023-07-28 10:49:21,19000.0,5185,4,18932.58,6619,6817,0.6022900258124296,0
2023-07-28 10:49:21,19000.0,5185,4,18932.58,6617,6823,0.6022900258124296,0
2023-07-28 10:49:21,19000.0,5185,4,18932.58,6355,6821,0.6022900258124296,0
2023-07-28 10:49:21,19000.0,5185,4,18932.58,6592,6823,0.6022900258124296,0
2023-07-28 10:49:21,19000.0,5185,4,18932.58,6598,6825,0.6022900258124296,0
2023-07-28 10:49:21,19000.0,5185,4,18932.58,6601,6820,0.6022900258124296,0
2023-07-28 10:49:21,19000.0,5185,4,18932.58,6600,6823,0.6022900258124296,0
2023-07-28 10:49:21,19000.0,5185,4,18932.58,6597,6836,0.6022900258124296,0
2023-07-28 10:49:21,19000.0,5185,4,18932.58,6599,6834,0.6022900258124296,0
2023-07-28 10:49:21,19000.0,5185,4,18932.58,6345,6835,0.6022900258124296,0
2023-07-28 10:49:21,19000.0,5185,4,18932.58,6352,6838,0.6022900258124296,0
2023-07-28 10:49:21,19000.0,5185,4,18932.58,6372,6829,0.6022900258124296,0
2023-07-28 10:49:21,19000.0,5185,4,18932.58,6623,6827,0.6022900258124296,0
2023-07-28 10:49:21,19000.0,5185,4,18932.58,6628,6831,0.6022900258124296,0
2023-07-28 10:49:21,19000.0,5185,4,18932.58,6622,6841,0.6022900258124296,0
2023-07-28 10:49:21,19000.0,5185,4,18932.58,6593,6843,0.6022900258124296,0
2023-07-28 10:49:21,19000.0,5185,4,18932.58,6597,6836,0.6022900258124296,0
2023-07-28 10:49:21,19001.0,5185,1,18932.58,6597,6836,0.6075848831822093,0
2023-07-28 10:49:49,19001.0,5186,1,18932.6,6590,6837,0.6075848831822093,0
2023-07-28 10:49:52,18986.4,5190,1,18932.64,6612,6848,0.5302799655834348,0
2023-07-28 10:49:52,18986.4,5190,1,18932.64,6634,6827,0.5302799655834348,0
2023-07-28 10:49:52,18986.4,5190,1,18932.64,6354,6842,0.5302799655834348,0
2023-07-28 10:49:52,19001.75,5190,1,18932.64,6342,6842,0.611556026209544,0
2023-07-28 10:49:55,19001.75,5195,1,18932.7,6595,6827,0.611556026209544,0
2023-07-28 10:49:55,19001.75,5195,1,18932.7,6631,6843,0.611556026209544,0
2023-07-28 10:49:55,19001.75,5195,1,18932.7,6626,6840,0.611556026209544,0
2023-07-28 10:49:55,19001.75,5195,1,18932.7,6618,6839,0.611556026209544,0
2023-07-28 10:49:55,19001.75,5195,1,18932.7,6608,6831,0.611556026209544,0
2023-07-28 10:49:55,19001.75,5195,1,18932.7,6357,6834,0.611556026209544,0
2023-07-28 10:49:55,19001.75,5195,1,18932.7,6616,6827,0.611556026209544,0
2023-07-28 10:49:55,19001.75,5195,1,18932.7,6653,6823,0.611556026209544,0
2023-07-28 10:49:55,19001.75,5195,1,18932.7,6656,6822,0.611556026209544,0
2023-07-28 10:49:55,19001.75,5195,1,18932.7,6653,6823,0.611556026209544,0
2023-07-28 10:49:55,19001.75,5195,1,18932.7,6656,6823,0.611556026209544,0
2023-07-28 10:49:55,19001.75,5195,1,18932.7,6659,6819,0.611556026209544,0
2023-07-28 10:49:55,19001.75,5195,1,18932.7,6659,6825,0.611556026209544,0
2023-07-28 10:49:55,19001.75,5195,1,18932.7,6659,6827,0.611556026209544,0
2023-07-28 10:49:55,19001.75,5195,1,18932.7,6659,6826,0.611556026209544,0
2023-07-28 10:49:55,19001.5,5195,1,18932.7,6659,6826,0.610232311867099,0
2023-07-28 10:50:12,19001.5,5196,1,18932.72,6409,6825,0.610232311867099,0
2023-07-28 10:50:12,19001.5,5196,1,18932.72,6409,6826,0.610232311867099,0
2023-07-28 10:50:12,19001.5,5196,1,18932.72,6409,6820,0.610232311867099,0
2023-07-28 10:50:12,19001.5,5196,1,18932.72,6409,6826,0.610232311867099,0
2023-07-28 10:50:12,19001.5,5196,1,18932.72,6660,6825,0.610232311867099,0
2023-07-28 10:50:12,19001.5,5196,1,18932.72,6661,6818,0.610232311867099,0
2023-07-28 10:50:12,19001.5,5196,1,18932.72,6666,6826,0.610232311867099,0
2023-07-28 10:50:12,19001.5,5196,1,18932.72,6661,6824,0.610232311867099,0
2023-07-28 10:50:12,19001.5,5196,1,18932.72,6661,6824,0.610232311867099,0
2023-07-28 10:50:12,19001.5,5196,1,18932.72,6663,6826,0.610232311867099,0
2023-07-28 10:50:12,19001.5,5196,1,18932.72,6663,6826,0.610232311867099,0
2023-07-28 10:50:12,19001.5,5196,1,18932.72,6663,6826,0.610232311867099,0
2023-07-28 10:50:12,19001.5,5196,1,18932.72,6663,6826,0.610232311867099,0
2023-07-28 10:50:12,19001.5,5196,1,18932.72,6661,6825,0.610232311867099,0
2023-07-28 10:50:12,19001.5,5196,1,18932.72,6661,6825,0.610232311867099,0
2023-07-28 10:50:12,19001.5,5196,1,18932.72,6658,6824,0.610232311867099,0
2023-07-28 10:50:12,19001.5,5196,1,18932.72,6664,6825,0.610232311867099,0
2023-07-28 10:50:12,19001.5,5196,1,18932.72,6663,6826,0.610232311867099,0
2023-07-28 10:50:12,19001.5,5196,1,18932.72,6404,6826,0.610232311867099,0
2023-07-28 10:50:12,19007.3,5196,1,18932.72,6404,6825,0.6409424846118169,0
2023-07-28 10:50:30,19010.0,5204,1,18932.83,6664,6775,0.6552385995102257,0
2023-07-28 10:50:30,19010.0,5204,1,18932.83,6668,6827,0.6552385995102257,0
2023-07-28 10:50:30,19010.0,5204,1,18932.83,6672,6827,0.6552385995102257,0
2023-07-28 10:50:30,19010.0,5204,1,18932.83,6667,6829,0.6552385995102257,0
2023-07-28 10:50:30,19010.0,5204,1,18932.83,6673,6827,0.6552385995102257,0
2023-07-28 10:50:30,19010.0,5204,1,18932.83,6423,6833,0.6552385995102257,0
2023-07-28 10:50:30,19010.0,5204,1,18932.83,6671,6819,0.6552385995102257,0
2023-07-28 10:50:30,19010.0,5204,1,18932.83,6669,6832,0.6552385995102257,0
2023-07-28 10:50:30,19010.0,5204,1,18932.83,6673,6820,0.6552385995102257,0
2023-07-28 10:50:30,19010.0,5204,1,18932.83,6417,6819,0.6552385995102257,0
2023-07-28 10:50:30,19010.0,5204,1,18932.83,6671,6820,0.6552385995102257,0
2023-07-28 10:50:30,19010.0,5204,1,18932.83,6675,6817,0.6552385995102257,0
2023-07-28 10:50:30,19010.0,5204,1,18932.83,6672,6818,0.6552385995102257,0
2023-07-28 10:50:30,19010.0,5204,1,18932.83,6672,6818,0.6552385995102257,0
2023-07-28 10:50:30,19010.0,5204,1,18932.83,6673,6819,0.6552385995102257,0
2023-07-28 10:50:30,19010.0,5204,1,18932.83,6674,6822,0.6552385995102257,0
2023-07-28 10:50:30,19010.0,5204,1,18932.83,6674,6825,0.6552385995102257,0
2023-07-28 10:50:30,19010.0,5204,1,18932.83,6433,6830,0.6552385995102257,0
2023-07-28 10:50:30,19010.0,5204,1,18932.83,6670,6841,0.6552385995102257,0
2023-07-28 10:50:30,19010.0,5204,1,18932.83,6682,6817,0.6552385995102257,0
2023-07-28 10:50:30,19010.0,5204,1,18932.83,6683,6809,0.6552385995102257,0
2023-07-28 10:50:30,19010.0,5204,1,18932.83,6440,6807,0.6552385995102257,0
2023-07-28 10:50:30,19010.0,5204,1,18932.83,6674,6808,0.6552385995102257,0
2023-07-28 10:50:30,19010.0,5204,1,18932.83,6669,6809,0.6552385995102257,0
2023-07-28 10:50:30,19010.0,5204,1,18932.83,6420,6795,0.6552385995102257,0
2023-07-28 10:50:56,19010.0,5205,1,18932.84,6672,6803,0.6552385995102257,0
2023-07-28 10:50:56,19010.0,5205,1,18932.84,6669,6803,0.6552385995102257,0
2023-07-28 10:50:56,19010.0,5205,1,18932.84,6669,6802,0.6552385995102257,0
2023-07-28 10:50:56,19010.0,5205,1,18932.84,6435,6795,0.6552385995102257,0
2023-07-28 10:50:56,19010.0,5205,1,18932.84,6439,6793,0.6552385995102257,0
2023-07-28 10:50:56,19010.0,5205,1,18932.84,6698,6792,0.6552385995102257,0
2023-07-28 10:50:56,19010.0,5205,1,18932.84,6698,6792,0.6552385995102257,0
2023-07-28 10:50:56,19004.35,5205,1,18932.84,6698,6792,0.6253226553709632,0
2023-07-28 10:51:04,19004.35,5230,1,18933.2,6667,6797,0.6253226553709632,0
2023-07-28 10:51:04,19004.35,5230,1,18933.2,6416,6792,0.6253226553709632,0
2023-07-28 10:51:04,19000.95,5230,1,18933.2,6659,6795,0.6073201403137242,0
2023-07-28 10:51:07,19000.95,5232,1,18933.23,6656,6808,0.6073201403137242,0
2023-07-28 10:51:07,19000.95,5232,1,18933.23,6654,6800,0.6073201403137242,0
2023-07-28 10:51:07,19000.95,5232,1,18933.23,6656,6794,0.6073201403137242,0
2023-07-28 10:51:07,19000.95,5232,1,18933.23,6403,6801,0.6073201403137242,0
2023-07-28 10:51:07,19000.95,5232,1,18933.23,6657,6810,0.6073201403137242,0
2023-07-28 10:51:07,19000.95,5232,1,18933.23,6406,6798,0.6073201403137242,0
2023-07-28 10:51:07,19000.95,5232,1,18933.23,6659,6801,0.6073201403137242,0
2023-07-28 10:51:07,19000.95,5232,1,18933.23,6402,6817,0.6073201403137242,0
2023-07-28 10:51:07,19000.95,5232,1,18933.23,6657,6803,0.6073201403137242,0
2023-07-28 10:51:07,19000.95,5232,1,18933.23,6658,6804,0.6073201403137242,0
2023-07-28 10:51:07,19000.95,5232,1,18933.23,6655,6804,0.6073201403137242,0
2023-07-28 10:51:07,19000.95,5232,1,18933.23,6650,6814,0.6073201403137242,0
2023-07-28 10:51:07,19000.95,5232,1,18933.23,6658,6812,0.6073201403137242,0
2023-07-28 10:51:07,19000.95,5232,1,18933.23,6659,6812,0.6073201403137242,0
2023-07-28 10:51:07,19000.95,5232,1,18933.23,6651,6811,0.6073201403137242,0
2023-07-28 10:51:07,19000.95,5232,1,18933.23,6652,6811,0.6073201403137242,0
2023-07-28 10:51:07,19000.95,5232,1,18933.23,6654,6812,0.6073201403137242,0
2023-07-28 10:51:07,19000.95,5232,1,18933.23,6654,6813,0.6073201403137242,0
2023-07-28 10:51:07,19000.95,5232,1,18933.23,6654,6811,0.6073201403137242,0
2023-07-28 10:51:07,19000.95,5232,1,18933.23,6654,6811,0.6073201403137242,0
2023-07-28 10:51:07,19000.95,5232,1,18933.23,6654,6811,0.6073201403137242,0
2023-07-28 10:51:07,19000.95,5232,1,18933.23,6654,6811,0.6073201403137242,0
2023-07-28 10:51:07,19000.95,5232,1,18933.23,6650,6813,0.6073201403137242,0
2023-07-28 10:51:07,19000.95,5232,1,18933.23,6647,6811,0.6073201403137242,0
2023-07-28 10:51:07,19000.95,5232,1,18933.23,6648,6801,0.6073201403137242,0
2023-07-28 10:51:07,19000.95,5232,1,18933.23,6649,6801,0.6073201403137242,0
2023-07-28 10:51:07,19000.95,5232,1,18933.23,6650,6804,0.6073201403137242,0
2023-07-28 10:51:07,19000.95,5232,1,18933.23,6402,6804,0.6073201403137242,0
2023-07-28 10:51:07,19000.95,5232,1,18933.23,6402,6805,0.6073201403137242,0
2023-07-28 10:51:07,19000.95,5232,1,18933.23,6657,6786,0.6073201403137242,0
2023-07-28 10:51:07,19000.95,5232,1,18933.23,6647,6789,0.6073201403137242,0
2023-07-28 10:51:07,19000.95,5232,1,18933.23,6413,6791,0.6073201403137242,0
2023-07-28 10:51:07,19000.95,5232,1,18933.23,6407,6790,0.6073201403137242,0
2023-07-28 10:51:07,19000.95,5232,1,18933.23,6654,6793,0.6073201403137242,0
2023-07-28 10:51:07,19000.95,5232,1,18933.23,6654,6793,0.6073201403137242,0
2023-07-28 10:51:07,19000.95,5232,1,18933.23,6665,6793,0.6073201403137242,0
2023-07-28 10:51:07,19000.95,5232,1,18933.23,6654,6790,0.6073201403137242,0
2023-07-28 10:51:07,19000.95,5232,1,18933.23,6662,6791,0.6073201403137242,0
2023-07-28 10:51:07,19000.95,5232,1,18933.23,6644,6800,0.6073201403137242,0
2023-07-28 10:51:07,19000.95,5232,1,18933.23,6394,6800,0.6073201403137242,0
2023-07-28 10:51:07,19000.95,5232,1,18933.23,6644,6801,0.6073201403137242,0
2023-07-28 10:51:07,19000.95,5232,1,18933.23,6642,6822,0.6073201403137242,0
2023-07-28 10:51:07,19000.95,5232,1,18933.23,6631,6822,0.6073201403137242,0
2023-07-28 10:51:07,19000.95,5232,1,18933.23,6643,6822,0.6073201403137242,0
2023-07-28 10:51:07,19000.95,5232,1,18933.23,6648,6827,0.6073201403137242,0
2023-07-28 10:51:07,19000.95,5232,1,18933.23,6657,6827,0.6073201403137242,0
2023-07-28 10:51:07,19000.95,5232,1,18933.23,6656,6826,0.6073201403137242,0
2023-07-28 10:51:07,19000.95,5232,1,18933.23,6649,6825,0.6073201403137242,0
2023-07-28 10:51:07,19000.95,5232,1,18933.23,6649,6825,0.6073201403137242,0
2023-07-28 10:51:07,19000.95,5232,1,18933.23,6649,6825,0.6073201403137242,0
2023-07-28 10:51:07,19000.95,5232,1,18933.23,6649,6825,0.6073201403137242,0
2023-07-28 10:51:07,19000.95,5232,1,18933.23,6650,6825,0.6073201403137242,0
2023-07-28 10:52:31,19001.0,5233,1,18933.24,6405,6824,0.6075848831822093,0
2023-07-28 10:52:31,19001.0,5233,1,18933.24,6390,6824,0.6075848831822093,0
2023-07-28 10:52:31,19001.0,5233,1,18933.24,6391,6824,0.6075848831822093,0
2023-07-28 10:52:31,19001.0,5233,1,18933.24,6632,6818,0.6075848831822093,0
2023-07-28 10:52:31,19001.0,5233,1,18933.24,6646,6819,0.6075848831822093,0
2023-07-28 10:52:31,19001.0,5233,1,18933.24,6382,6819,0.6075848831822093,0
2023-07-28 10:52:31,19001.0,5233,1,18933.24,6640,6819,0.6075848831822093,0
2023-07-28 10:52:31,19001.0,5233,1,18933.24,6636,6819,0.6075848831822093,0
2023-07-28 10:52:31,19001.0,5233,1,18933.24,6379,6819,0.6075848831822093,0
2023-07-28 10:52:31,19001.0,5233,1,18933.24,6624,6819,0.6075848831822093,0
2023-07-28 10:52:31,19001.0,5233,1,18933.24,6641,6821,0.6075848831822093,0
2023-07-28 10:52:31,19001.0,5233,1,18933.24,6633,6822,0.6075848831822093,0
2023-07-28 10:52:31,19001.0,5233,1,18933.24,6622,6828,0.6075848831822093,0
2023-07-28 10:52:31,19001.0,5233,1,18933.24,6632,6826,0.6075848831822093,0
2023-07-28 10:52:31,19001.0,5233,1,18933.24,6632,6826,0.6075848831822093,0
2023-07-28 10:52:31,19001.0,5233,1,18933.24,6632,6826,0.6075848831822093,0
2023-07-28 10:52:31,19001.0,5233,1,18933.24,6632,6826,0.6075848831822093,0
2023-07-28 10:52:31,19001.0,5233,1,18933.24,6632,6826,0.6075848831822093,0
2023-07-28 10:52:31,19001.0,5233,1,18933.24,6639,6824,0.6075848831822093,0
2023-07-28 10:52:31,19001.0,5233,1,18933.24,6639,6824,0.6075848831822093,0
2023-07-28 10:52:31,19001.0,5233,1,18933.24,6639,6824,0.6075848831822093,0
2023-07-28 10:52:31,19001.0,5233,1,18933.24,6639,6824,0.6075848831822093,0
2023-07-28 10:52:31,19001.0,5233,1,18933.24,6638,6824,0.6075848831822093,0
2023-07-28 10:52:31,19001.0,5233,1,18933.24,6635,6822,0.6075848831822093,0
2023-07-28 10:52:31,19001.0,5233,1,18933.24,6359,6825,0.6075848831822093,0
2023-07-28 10:52:31,19001.0,5233,1,18933.24,6622,6824,0.6075848831822093,0
2023-07-28 10:52:31,19001.0,5233,1,18933.24,6633,6821,0.6075848831822093,0
2023-07-28 10:52:31,19001.0,5233,1,18933.24,6610,6821,0.6075848831822093,0
2023-07-28 10:52:31,19001.0,5233,1,18933.24,6628,6841,0.6075848831822093,0
2023-07-28 10:52:31,19001.0,5233,1,18933.24,6625,6839,0.6075848831822093,0
2023-07-28 10:52:31,19001.0,5233,2,18933.24,6625,6839,0.6075848831822093,0
2023-07-28 10:52:31,19000.0,5233,1,18933.24,6625,6839,0.6022900258124296,0
2023-07-28 10:53:47,19000.0,5237,1,18933.29,6619,6865,0.6022900258124296,0
2023-07-28 10:53:47,19005.0,5237,25,18933.29,6619,6865,0.6287643126613277,0
2023-07-28 10:53:50,19005.0,5290,25,18933.99,6627,6810,0.6287643126613277,0
2023-07-28 10:53:50,19005.0,5290,25,18933.99,6620,6840,0.6287643126613277,0
2023-07-28 10:53:50,19005.0,5290,25,18933.99,6384,6821,0.6287643126613277,0
2023-07-28 10:53:50,19005.0,5290,25,18933.99,6631,6835,0.6287643126613277,0
2023-07-28 10:53:50,19005.0,5290,25,18933.99,6629,6832,0.6287643126613277,0
2023-07-28 10:53:50,19005.0,5290,25,18933.99,6631,6829,0.6287643126613277,0
2023-07-28 10:53:50,19005.0,5290,25,18933.99,6630,6835,0.6287643126613277,0
2023-07-28 10:53:50,19005.0,5290,25,18933.99,6626,6834,0.6287643126613277,0
2023-07-28 10:54:11,18993.1,5291,1,18934.0,6625,6826,0.5657555099609427,0
2023-07-28 10:54:11,18993.1,5291,1,18934.0,6630,6826,0.5657555099609427,0
2023-07-28 10:54:11,18993.1,5291,1,18934.0,6633,6827,0.5657555099609427,0
2023-07-28 10:54:11,18988.8,5291,1,18934.0,6633,6827,0.5429876232708943,0
2023-07-28 10:54:14,18988.8,5293,1,18934.02,6630,6830,0.5429876232708943,0
2023-07-28 10:54:14,18988.8,5293,1,18934.02,6631,6830,0.5429876232708943,0
2023-07-28 10:54:14,18988.8,5293,1,18934.02,6380,6834,0.5429876232708943,0
2023-07-28 10:54:14,18988.8,5293,1,18934.02,6638,6823,0.5429876232708943,0
2023-07-28 10:54:14,18988.8,5293,1,18934.02,6621,6821,0.5429876232708943,0
2023-07-28 10:54:14,18988.8,5293,1,18934.02,6622,6820,0.5429876232708943,0
2023-07-28 10:54:14,18988.8,5293,1,18934.02,6625,6820,0.5429876232708943,0
2023-07-28 10:54:14,18988.8,5293,1,18934.02,6371,6823,0.5429876232708943,0
2023-07-28 10:54:14,18988.8,5293,1,18934.02,6618,6822,0.5429876232708943,0
2023-07-28 10:54:14,18988.8,5293,1,18934.02,6619,6822,0.5429876232708943,0
2023-07-28 10:54:14,18988.8,5293,1,18934.02,6621,6821,0.5429876232708943,0
2023-07-28 10:54:14,18988.8,5293,1,18934.02,6625,6821,0.5429876232708943,0
2023-07-28 10:54:14,18988.8,5293,1,18934.02,6605,6835,0.5429876232708943,0
2023-07-28 10:54:14,18988.8,5293,1,18934.02,6355,6835,0.5429876232708943,0
2023-07-28 10:54:14,18988.8,5293,1,18934.02,6608,6837,0.5429876232708943,0
2023-07-28 10:54:14,18988.8,5293,1,18934.02,6613,6838,0.5429876232708943,0
2023-07-28 10:54:14,18988.8,5293,1,18934.02,6634,6815,0.5429876232708943,0
2023-07-28 10:54:14,18988.8,5293,1,18934.02,6658,6809,0.5429876232708943,0
2023-07-28 10:54:14,18988.8,5293,1,18934.02,6659,6811,0.5429876232708943,0
2023-07-28 10:54:14,18988.8,5293,1,18934.02,6662,6814,0.5429876232708943,0
2023-07-28 10:54:14,18988.8,5293,1,18934.02,6403,6817,0.5429876232708943,0
2023-07-28 10:54:14,18988.8,5293,1,18934.02,6399,6831,0.5429876232708943,0
2023-07-28 10:54:14,18988.8,5293,1,18934.02,6653,6831,0.5429876232708943,0
2023-07-28 10:54:14,18988.8,5293,1,18934.02,6639,6839,0.5429876232708943,0
2023-07-28 10:54:14,18988.8,5293,1,18934.02,6639,6842,0.5429876232708943,0
2023-07-28 10:54:14,18988.8,5293,1,18934.02,6647,6850,0.5429876232708943,0
2023-07-28 10:54:14,18988.8,5293,1,18934.02,6630,6850,0.5429876232708943,0
2023-07-28 10:54:14,18988.8,5293,1,18934.02,6629,6851,0.5429876232708943,0
2023-07-28 10:54:14,18988.8,5293,5,18934.02,6629,6851,0.5429876232708943,0
2023-07-28 10:54:43,18988.8,5298,5,18934.08,6634,6837,0.5429876232708943,0
2023-07-28 10:54:43,18988.8,5298,5,18934.08,6391,6832,0.5429876232708943,0
2023-07-28 10:54:43,18988.8,5298,5,18934.08,6639,6854,0.5429876232708943,0
2023-07-28 10:54:43,18988.8,5298,5,18934.08,6635,6858,0.5429876232708943,0
2023-07-28 10:54:43,18988.8,5298,5,18934.08,6635,6849,0.5429876232708943,0
2023-07-28 10:54:43,18988.8,5298,5,18934.08,6642,6864,0.5429876232708943,0
2023-07-28 10:54:43,18988.8,5298,5,18934.08,6638,6864,0.5429876232708943,0
2023-07-28 10:54:43,18988.8,5298,5,18934.08,6638,6864,0.5429876232708943,0
2023-07-28 10:54:43,18988.8,5298,5,18934.08,6639,6867,0.5429876232708943,0
2023-07-28 10:54:43,18988.8,5298,5,18934.08,6639,6867,0.5429876232708943,0
2023-07-28 10:54:43,18988.8,5298,5,18934.08,6639,6865,0.5429876232708943,0
2023-07-28 10:54:43,18988.8,5298,5,18934.08,6645,6863,0.5429876232708943,0
2023-07-28 10:54:43,18988.8,5298,5,18934.08,6657,6866,0.5429876232708943,0
2023-07-28 10:54:43,18988.8,5298,5,18934.08,6385,6886,0.5429876232708943,0
2023-07-28 10:54:43,18999.85,5298,1,18934.08,6385,6886,0.601495797206955,0
2023-07-28 10:55:01,18999.85,5300,1,18934.1,6387,6892,0.601495797206955,0
2023-07-28 10:55:01,18999.85,5300,1,18934.1,6638,6892,0.601495797206955,0
2023-07-28 10:55:01,18999.85,5300,1,18934.1,6638,6892,0.601495797206955,0
2023-07-28 10:55:01,18999.85,5300,1,18934.1,6658,6853,0.601495797206955,0
2023-07-28 10:55:01,18999.85,5300,1,18934.1,6396,6903,0.601495797206955,0
2023-07-28 10:55:01,18999.85,5300,1,18934.1,6660,6832,0.601495797206955,0
2023-07-28 10:55:01,18999.85,5300,1,18934.1,6670,6852,0.601495797206955,0
2023-07-28 10:55:01,18999.85,5300,1,18934.1,6671,6897,0.601495797206955,0
2023-07-28 10:55:01,18999.85,5300,1,18934.1,6668,6892,0.601495797206955,0
2023-07-28 10:55:01,18999.85,5300,1,18934.1,6666,6902,0.601495797206955,0
2023-07-28 10:55:01,18999.85,5300,1,18934.1,6666,6905,0.601495797206955,0
2023-07-28 10:55:01,18999.85,5300,1,18934.1,6678,6905,0.601495797206955,0
2023-07-28 10:55:01,18999.85,5300,1,18934.1,6689,6905,0.601495797206955,0
2023-07-28 10:55:01,18999.85,5300,1,18934.1,6685,6923,0.601495797206955,0
2023-07-28 10:55:01,18999.85,5300,1,18934.1,6683,6927,0.601495797206955,0
2023-07-28 10:55:01,18999.85,5300,1,18934.1,6683,6927,0.601495797206955,0
2023-07-28 10:55:01,18999.85,5300,1,18934.1,6681,6945,0.601495797206955,0
2023-07-28 10:55:01,18999.85,5300,1,18934.1,6681,6949,0.601495797206955,0
2023-07-28 10:55:01,18999.85,5300,1,18934.1,6442,6936,0.601495797206955,0
2023-07-28 10:55:01,18999.85,5300,1,18934.1,6691,6964,0.601495797206955,0
2023-07-28 10:55:01,18999.85,5300,1,18934.1,6686,6971,0.601495797206955,0
2023-07-28 10:55:01,18999.85,5300,1,18934.1,6687,6972,0.601495797206955,0
2023-07-28 10:55:01,18999.85,5300,1,18934.1,6710,6921,0.601495797206955,0
2023-07-28 10:55:01,18999.85,5300,1,18934.1,6713,6954,0.601495797206955,0
2023-07-28 10:55:01,18999.85,5300,1,18934.1,6712,6953,0.601495797206955,0
2023-07-28 10:55:01,18999.85,5300,1,18934.1,6710,6954,0.601495797206955,0
2023-07-28 10:55:01,18999.85,5300,1,18934.1,6695,6965,0.601495797206955,0
2023-07-28 10:55:01,18999.85,5300,1,18934.1,6691,6970,0.601495797206955,0
2023-07-28 10:55:01,18988.85,5300,1,18934.1,6688,6973,0.5432523661393794,0
2023-07-28 10:55:45,18988.85,5302,1,18934.12,6686,6973,0.5432523661393794,0
2023-07-28 10:55:45,19000.0,5302,1,18934.12,6686,6973,0.6022900258124296,0
2023-07-28 10:55:48,19000.0,5303,1,18934.13,6693,6961,0.6022900258124296,0
2023-07-28 10:55:48,19000.0,5303,1,18934.13,6698,6962,0.6022900258124296,0
2023-07-28 10:55:48,19000.0,5303,1,18934.13,6694,6966,0.6022900258124296,0
2023-07-28 10:55:48,19000.0,5303,1,18934.13,6699,6962,0.6022900258124296,0
2023-07-28 10:55:48,19000.0,5303,1,18934.13,6698,6970,0.6022900258124296,0
2023-07-28 10:55:48,19000.0,5303,1,18934.13,6699,6976,0.6022900258124296,0
2023-07-28 10:55:48,19000.0,5303,1,18934.13,6697,6974,0.6022900258124296,0
2023-07-28 10:55:48,19000.0,5303,1,18934.13,6700,6973,0.6022900258124296,0
2023-07-28 10:55:48,19000.0,5303,1,18934.13,6699,6973,0.6022900258124296,0
2023-07-28 10:55:48,19000.0,5303,1,18934.13,6699,6973,0.6022900258124296,0
2023-07-28 10:55:48,19000.0,5303,1,18934.13,6449,6974,0.6022900258124296,0
2023-07-28 10:55:48,19000.0,5303,1,18934.13,6687,6983,0.6022900258124296,0
2023-07-28 10:55:48,19000.0,5303,1,18934.13,6433,6987,0.6022900258124296,0
2023-07-28 10:55:48,19000.0,5303,1,18934.13,6689,6984,0.6022900258124296,0
2023-07-28 10:56:03,19000.0,5310,1,18934.22,6686,6973,0.6022900258124296,0
2023-07-28 10:56:03,19000.0,5310,14,18934.22,6686,6973,0.6022900258124296,0
2023-07-28 10:56:04,19000.0,5324,14,18934.4,6701,6973,0.6022900258124296,0
2023-07-28 10:56:04,19000.0,5324,14,18934.4,6706,6976,0.6022900258124296,0
2023-07-28 10:56:04,19000.0,5324,14,18934.4,6702,6978,0.6022900258124296,0
2023-07-28 10:56:04,19000.0,5324,14,18934.4,6698,6978,0.6022900258124296,0
2023-07-28 10:56:04,19000.0,5324,14,18934.4,6702,6978,0.6022900258124296,0
2023-07-28 10:56:04,19000.0,5324,14,18934.4,6445,6983,0.6022900258124296,0
2023-07-28 10:56:04,19000.0,5324,14,18934.4,6445,6982,0.6022900258124296,0
2023-07-28 10:56:04,19000.0,5324,14,18934.4,6445,6982,0.6022900258124296,0
2023-07-28 10:56:04,19000.0,5324,14,18934.4,6695,6982,0.6022900258124296,0
2023-07-28 10:56:04,19000.0,5324,14,18934.4,6698,6982,0.6022900258124296,0
2023-07-28 10:56:04,19000.0,5324,14,18934.4,6446,6983,0.6022900258124296,0
2023-07-28 10:56:04,19000.0,5324,14,18934.4,6692,6977,0.6022900258124296,0
2023-07-28 10:56:17,19003.0,5327,1,18934.44,6710,6964,0.6181745979217684,0
2023-07-28 10:56:18,18990.1,5332,2,18934.49,6700,6967,0.5498709378516039,0
2023-07-28 10:56:18,18990.1,5332,2,18934.49,6692,6971,0.5498709378516039,0
2023-07-28 10:56:18,18990.1,5332,2,18934.49,6442,6971,0.5498709378516039,0
2023-07-28 10:56:18,18990.1,5332,2,18934.49,6441,6971,0.5498709378516039,0
2023-07-28 10:56:18,18990.1,5332,2,18934.49,6441,6971,0.5498709378516039,0
2023-07-28 10:56:22,19002.95,5333,1,18934.5,6698,6972,0.6179098550532833,0
2023-07-28 10:56:23,19003.0,5334,1,18934.51,6703,6972,0.6181745979217684,0
2023-07-28 10:56:23,19003.0,5334,1,18934.51,6703,6972,0.6181745979217684,0
2023-07-28 10:56:23,19003.0,5334,1,18934.51,6699,6978,0.6181745979217684,0
2023-07-28 10:56:23,19003.0,5334,1,18934.51,6699,6978,0.6181745979217684,0
2023-07-28 10:56:23,19003.0,5334,1,18934.51,6699,6978,0.6181745979217684,0
2023-07-28 10:56:23,19003.0,5334,1,18934.51,6683,6983,0.6181745979217684,0
2023-07-28 10:56:23,19003.0,5334,1,18934.51,6683,6983,0.6181745979217684,0
2023-07-28 10:56:23,19003.0,5334,1,18934.51,6687,6982,0.6181745979217684,0
2023-07-28 10:56:23,19003.0,5334,1,18934.51,6435,6979,0.6181745979217684,0
2023-07-28 10:56:23,19003.0,5334,1,18934.51,6423,6977,0.6181745979217684,0
2023-07-28 10:56:30,19003.95,5336,2,18934.54,6689,6971,0.623204712423063,0
2023-07-28 10:56:30,19003.95,5336,2,18934.54,6436,6971,0.623204712423063,0
2023-07-28 10:56:30,19003.95,5336,2,18934.54,6689,6971,0.623204712423063,0
2023-07-28 10:56:30,19003.95,5336,2,18934.54,6689,6973,0.623204712423063,0
2023-07-28 10:56:34,19004.2,5338,2,18934.57,6437,6967,0.6245284267655079,0
2023-07-28 10:56:34,19004.2,5338,2,18934.57,6686,6971,0.6245284267655079,0
2023-07-28 10:56:34,19004.2,5338,2,18934.57,6434,6971,0.6245284267655079,0
2023-07-28 10:56:34,19004.2,5338,2,18934.57,6680,6971,0.6245284267655079,0
2023-07-28 10:56:34,19004.2,5338,2,18934.57,6677,6976,0.6245284267655079,0
2023-07-28 10:56:34,19004.2,5338,2,18934.57,6431,6971,0.6245284267655079,0
2023-07-28 10:56:34,19004.2,5338,2,18934.57,6673,6975,0.6245284267655079,0
2023-07-28 10:56:34,19004.2,5338,2,18934.57,6670,6975,0.6245284267655079,0
2023-07-28 10:56:34,19004.2,5338,2,18934.57,6671,6976,0.6245284267655079,0
2023-07-28 10:56:34,19004.2,5338,2,18934.57,6671,6974,0.6245284267655079,0
2023-07-28 10:56:34,19004.2,5338,2,18934.57,6672,6974,0.6245284267655079,0
2023-07-28 10:56:34,19004.2,5338,2,18934.57,6674,6979,0.6245284267655079,0
2023-07-28 10:56:34,19004.2,5338,2,18934.57,6666,6980,0.6245284267655079,0
2023-07-28 10:56:34,19004.2,5338,2,18934.57,6666,6980,0.6245284267655079,0
2023-07-28 10:56:34,19004.85,5338,2,18934.57,6666,6980,0.6279700840558531,0
2023-07-28 10:56:50,19005.0,5358,15,18934.83,6675,6951,0.6287643126613277,0
2023-07-28 10:56:50,19005.0,5358,15,18934.83,6675,6951,0.6287643126613277,0
2023-07-28 10:56:50,19005.0,5358,15,18934.83,6681,6961,0.6287643126613277,0
2023-07-28 10:56:50,18995.05,5358,1,18934.83,6420,6957,0.5760804818320168,0
2023-07-28 10:56:53,18995.05,5363,1,18934.88,6421,6953,0.5760804818320168,0
2023-07-28 10:56:53,18995.05,5363,1,18934.88,6671,6955,0.5760804818320168,0
2023-07-28 10:56:53,18995.05,5363,1,18934.88,6421,6959,0.5760804818320168,0
2023-07-28 10:56:53,18995.05,5363,1,18934.88,6684,6957,0.5760804818320168,0
2023-07-28 10:56:53,18995.05,5363,1,18934.88,6682,6957,0.5760804818320168,0
2023-07-28 10:56:53,18995.05,5363,1,18934.88,6691,6957,0.5760804818320168,0
2023-07-28 10:56:53,18995.05,5363,1,18934.88,6681,6959,0.5760804818320168,0
2023-07-28 10:56:53,18995.05,5363,1,18934.88,6669,6960,0.5760804818320168,0
2023-07-28 10:56:53,18995.05,5363,1,18934.88,6672,6963,0.5760804818320168,0
2023-07-28 10:56:53,18995.05,5363,1,18934.88,6671,6963,0.5760804818320168,0
2023-07-28 10:56:53,18995.05,5363,1,18934.88,6675,6973,0.5760804818320168,0
2023-07-28 10:56:53,18995.05,5363,1,18934.88,6675,6970,0.5760804818320168,0
2023-07-28 10:56:53,18995.05,5363,1,18934.88,6686,6967,0.5760804818320168,0
2023-07-28 10:56:53,18995.05,5363,1,18934.88,6688,6966,0.5760804818320168,0
2023-07-28 10:56:53,18995.05,5363,1,18934.88,6688,6963,0.5760804818320168,0
2023-07-28 10:56:53,18995.05,5363,1,18934.88,6684,6964,0.5760804818320168,0
2023-07-28 10:56:53,18995.05,5363,1,18934.88,6684,6966,0.5760804818320168,0
2023-07-28 10:56:53,18995.05,5363,1,18934.88,6420,6970,0.5760804818320168,0
2023-07-28 10:56:53,18995.05,5363,1,18934.88,6674,6964,0.5760804818320168,0
2023-07-28 10:56:53,18995.05,5363,1,18934.88,6665,6975,0.5760804818320168,0
2023-07-28 10:56:53,18995.05,5363,1,18934.88,6655,6976,0.5760804818320168,0
2023-07-28 10:56:53,18995.05,5363,1,18934.88,6660,6975,0.5760804818320168,0
2023-07-28 10:56:53,18995.05,5363,1,18934.88,6661,6976,0.5760804818320168,0
2023-07-28 10:56:53,18995.05,5363,1,18934.88,6655,6973,0.5760804818320168,0
2023-07-28 10:56:53,18995.05,5363,1,18934.88,6662,6975,0.5760804818320168,0
2023-07-28 10:56:53,18995.05,5363,1,18934.88,6414,6976,0.5760804818320168,0
2023-07-28 10:56:53,18995.05,5363,1,18934.88,6670,6978,0.5760804818320168,0
2023-07-28 10:56:53,18995.05,5363,1,18934.88,6657,6975,0.5760804818320168,0
2023-07-28 10:56:53,18995.05,5363,1,18934.88,6671,6971,0.5760804818320168,0
2023-07-28 10:56:53,18995.05,5363,1,18934.88,6672,6983,0.5760804818320168,0
2023-07-28 10:56:53,18995.05,5363,1,18934.88,6675,6982,0.5760804818320168,0
2023-07-28 10:56:53,18995.05,5363,1,18934.88,6675,6979,0.5760804818320168,0
2023-07-28 10:56:53,18995.05,5363,1,18934.88,6672,6967,0.5760804818320168,0
2023-07-28 10:56:53,18995.05,5363,1,18934.88,6665,6970,0.5760804818320168,0
2023-07-28 10:56:53,18995.05,5363,1,18934.88,6663,6973,0.5760804818320168,0
2023-07-28 10:56:53,18995.05,5363,1,18934.88,6669,6973,0.5760804818320168,0
2023-07-28 10:56:53,18995.05,5363,1,18934.88,6414,6975,0.5760804818320168,0
2023-07-28 10:56:53,18995.05,5363,1,18934.88,6662,6968,0.5760804818320168,0
2023-07-28 10:56:53,18995.05,5363,1,18934.88,6667,6968,0.5760804818320168,0
2023-07-28 10:56:53,18995.05,5363,1,18934.88,6417,6968,0.5760804818320168,0
2023-07-28 10:56:53,18995.05,5363,1,18934.88,6669,6970,0.5760804818320168,0
2023-07-28 10:56:53,18995.05,5363,1,18934.88,6667,6979,0.5760804818320168,0
2023-07-28 10:56:53,18995.05,5363,1,18934.88,6666,6974,0.5760804818320168,0
2023-07-28 10:56:53,18995.05,5363,1,18934.88,6666,6974,0.5760804818320168,0
2023-07-28 10:56:53,18995.05,5363,1,18934.88,6667,6968,0.5760804818320168,0
2023-07-28 10:56:53,18995.05,5363,1,18934.88,6672,6977,0.5760804818320168,0
2023-07-28 10:56:53,18995.05,5363,1,18934.88,6665,6974,0.5760804818320168,0
2023-07-28 10:56:53,18995.05,5363,1,18934.88,6651,6974,0.5760804818320168,0
2023-07-28 10:56:53,18995.05,5363,1,18934.88,6634,6991,0.5760804818320168,0
2023-07-28 10:56:53,18995.05,5363,1,18934.88,6636,6993,0.5760804818320168,0
2023-07-28 10:56:53,18995.05,5363,1,18934.88,6386,6994,0.5760804818320168,0
2023-07-28 10:56:53,18995.05,5363,1,18934.88,6636,6997,0.5760804818320168,0
2023-07-28 10:56:53,18995.05,5363,1,18934.88,6636,6996,0.5760804818320168,0
2023-07-28 10:56:53,18995.05,5363,1,18934.88,6386,6995,0.5760804818320168,0
2023-07-28 10:56:53,18995.05,5363,1,18934.88,6636,6995,0.5760804818320168,0
2023-07-28 10:56:53,18995.05,5363,1,18934.88,6386,6995,0.5760804818320168,0
2023-07-28 10:56:53,18995.05,5363,1,18934.88,6636,6995,0.5760804818320168,0
2023-07-28 10:56:53,18995.05,5363,1,18934.88,6636,6995,0.5760804818320168,0
2023-07-28 10:56:53,18999.85,5363,1,18934.88,6636,6995,0.601495797206955,0
2023-07-28 10:57:54,18999.85,5364,1,18934.9,6631,6992,0.601495797206955,0
2023-07-28 10:57:54,18999.85,5364,1,18934.9,6634,6992,0.601495797206955,0
2023-07-28 10:57:54,18999.85,5364,1,18934.9,6636,6992,0.601495797206955,0
2023-07-28 10:57:54,18999.85,5364,1,18934.9,6637,6991,0.601495797206955,0
2023-07-28 10:57:54,18999.85,5364,1,18934.9,6640,6990,0.601495797206955,0
2023-07-28 10:57:54,18999.85,5364,1,18934.9,6640,6990,0.601495797206955,0
2023-07-28 10:57:54,18999.85,5364,1,18934.9,6640,6991,0.601495797206955,0
2023-07-28 10:57:54,18999.85,5364,1,18934.9,6640,6991,0.601495797206955,0
2023-07-28 10:57:54,18999.85,5364,1,18934.9,6640,6991,0.601495797206955,0
2023-07-28 10:57:54,18999.85,5364,1,18934.9,6639,6991,0.601495797206955,0
2023-07-28 10:57:54,18999.85,5364,1,18934.9,6639,6991,0.601495797206955,0
2023-07-28 10:58:08,19000.0,5366,1,18934.92,6398,6979,0.6022900258124296,0
2023-07-28 10:58:08,19000.0,5366,1,18934.92,6652,6980,0.6022900258124296,0
2023-07-28 10:58:08,19000.0,5366,1,18934.92,6653,6980,0.6022900258124296,0
2023-07-28 10:58:08,19000.0,5366,1,18934.92,6408,6980,0.6022900258124296,0
2023-07-28 10:58:08,19000.0,5366,1,18934.92,6432,6947,0.6022900258124296,0
2023-07-28 10:58:08,19000.0,5366,1,18934.92,6430,6971,0.6022900258124296,0
2023-07-28 10:58:08,19000.0,5366,1,18934.92,6668,6972,0.6022900258124296,0
2023-07-28 10:58:08,19000.0,5366,1,18934.92,6666,6973,0.6022900258124296,0
2023-07-28 10:58:16,19000.0,5367,1,18934.93,6669,6965,0.6022900258124296,0
2023-07-28 10:58:16,19000.0,5367,1,18934.93,6664,6965,0.6022900258124296,0
2023-07-28 10:58:16,19000.0,5367,1,18934.93,6670,6970,0.6022900258124296,0
2023-07-28 10:58:16,19000.0,5367,1,18934.93,6683,6971,0.6022900258124296,0
2023-07-28 10:58:16,19000.0,5367,1,18934.93,6687,6980,0.6022900258124296,0
2023-07-28 10:58:16,19000.0,5367,1,18934.93,6687,6980,0.6022900258124296,0
2023-07-28 10:58:22,19000.0,5368,1,18934.94,6680,6966,0.6022900258124296,0
2023-07-28 10:58:22,19000.0,5368,1,18934.94,6428,6969,0.6022900258124296,0
2023-07-28 10:58:22,19000.0,5368,1,18934.94,6662,6979,0.6022900258124296,0
2023-07-28 10:58:22,19000.0,5368,1,18934.94,6663,6937,0.6022900258124296,0
2023-07-28 10:58:22,19000.0,5368,1,18934.94,6677,6937,0.6022900258124296,0
2023-07-28 10:58:22,19000.0,5368,1,18934.94,6665,6937,0.6022900258124296,0
2023-07-28 10:58:22,19000.0,5368,1,18934.94,6665,6954,0.6022900258124296,0
2023-07-28 10:58:22,19000.0,5368,1,18934.94,6668,6958,0.6022900258124296,0
2023-07-28 10:58:22,19000.0,5368,1,18934.94,6690,6957,0.6022900258124296,0
2023-07-28 10:58:22,19000.0,5368,1,18934.94,6678,6955,0.6022900258124296,0
2023-07-28 10:58:22,19000.0,5368,1,18934.94,6436,6955,0.6022900258124296,0
2023-07-28 10:58:22,19000.0,5368,1,18934.94,6692,6954,0.6022900258124296,0
2023-07-28 10:58:22,19000.0,5368,1,18934.94,6444,6956,0.6022900258124296,0
2023-07-28 10:58:22,18995.0,5368,1,18934.94,6444,6956,0.5758157389635317,0
2023-07-28 10:58:36,18995.0,5369,1,18934.96,6685,6955,0.5758157389635317,0
2023-07-28 10:58:36,18995.0,5369,1,18934.96,6659,6956,0.5758157389635317,0
2023-07-28 10:58:36,18995.0,5369,1,18934.96,6677,6963,0.5758157389635317,0
2023-07-28 10:58:36,18995.0,5369,1,18934.96,6688,6957,0.5758157389635317,0
2023-07-28 10:58:36,18995.0,5369,1,18934.96,6667,6944,0.5758157389635317,0
2023-07-28 10:58:36,18995.0,5369,1,18934.96,6428,6964,0.5758157389635317,0
2023-07-28 10:58:36,18995.0,5369,1,18934.96,6413,6968,0.5758157389635317,0
2023-07-28 10:58:36,18995.0,5369,1,18934.96,6408,6965,0.5758157389635317,0
2023-07-28 10:58:36,18995.0,5369,1,18934.96,6672,6964,0.5758157389635317,0
2023-07-28 10:58:36,18995.0,5369,1,18934.96,6681,6961,0.5758157389635317,0
2023-07-28 10:58:36,18995.0,5369,1,18934.96,6684,6958,0.5758157389635317,0
2023-07-28 10:58:36,18995.0,5369,1,18934.96,6678,6999,0.5758157389635317,0
2023-07-28 10:58:36,18995.0,5369,1,18934.96,6662,6999,0.5758157389635317,0
2023-07-28 10:58:36,18995.0,5369,1,18934.96,6679,6996,0.5758157389635317,0
2023-07-28 10:58:36,18995.0,5369,1,18934.96,6663,7001,0.5758157389635317,0
2023-07-28 10:58:36,18995.0,5369,1,18934.96,6613,7002,0.5758157389635317,0
2023-07-28 10:58:36,18995.0,5369,1,18934.96,6633,7000,0.5758157389635317,0
2023-07-28 10:58:36,18995.0,5369,1,18934.96,6370,7005,0.5758157389635317,0
2023-07-28 10:58:36,18995.0,5369,1,18934.96,6616,7003,0.5758157389635317,0
2023-07-28 10:58:36,18995.0,5369,1,18934.96,6376,6996,0.5758157389635317,0
2023-07-28 10:58:36,18995.0,5369,1,18934.96,6651,6996,0.5758157389635317,0
2023-07-28 10:58:36,18995.0,5369,1,18934.96,6631,7001,0.5758157389635317,0
2023-07-28 10:58:36,18995.0,5369,1,18934.96,6650,6999,0.5758157389635317,0
2023-07-28 10:58:36,18995.0,5369,1,18934.96,6651,6999,0.5758157389635317,0
2023-07-28 10:58:36,18995.0,5369,1,18934.96,6652,6999,0.5758157389635317,0
2023-07-28 10:58:36,18995.0,5369,1,18934.96,6654,6999,0.5758157389635317,0
2023-07-28 10:58:36,18995.0,5369,1,18934.96,6655,7001,0.5758157389635317,0
2023-07-28 10:58:36,18995.0,5369,1,18934.96,6656,7001,0.5758157389635317,0
2023-07-28 10:58:36,18995.0,5369,1,18934.96,6653,7002,0.5758157389635317,0
2023-07-28 10:58:36,18995.0,5369,1,18934.96,6657,7000,0.5758157389635317,0
2023-07-28 10:58:36,18995.0,5369,1,18934.96,6659,7000,0.5758157389635317,0
2023-07-28 10:58:36,18995.0,5369,1,18934.96,6444,7000,0.5758157389635317,0
2023-07-28 10:58:36,18995.0,5369,1,18934.96,6428,7002,0.5758157389635317,0
2023-07-28 10:58:36,18995.0,5369,1,18934.96,6682,7002,0.5758157389635317,0
2023-07-28 10:58:36,18995.0,5369,1,18934.96,6676,7001,0.5758157389635317,0
2023-07-28 10:58:36,18995.0,5369,1,18934.96,6676,7001,0.5758157389635317,0
2023-07-28 10:58:36,18995.0,5369,1,18934.96,6682,6996,0.5758157389635317,0
2023-07-28 10:58:36,18995.0,5369,1,18934.96,6682,6996,0.5758157389635317,0
2023-07-28 10:58:36,18995.0,5369,1,18934.96,6690,6984,0.5758157389635317,0
2023-07-28 10:58:36,18995.0,5369,1,18934.96,6690,6984,0.5758157389635317,0
2023-07-28 10:58:36,18995.0,5369,1,18934.96,6679,6998,0.5758157389635317,0
2023-07-28 10:58:36,18995.0,5369,1,18934.96,6679,6998,0.5758157389635317,0
2023-07-28 10:58:36,18995.0,5369,1,18934.96,6680,7001,0.5758157389635317,0
2023-07-28 10:58:36,18995.0,5369,1,18934.96,6680,6998,0.5758157389635317,0
2023-07-28 10:58:36,18995.0,5369,1,18934.96,6680,6996,0.5758157389635317,0
2023-07-28 10:58:36,18995.0,5369,1,18934.96,6430,6995,0.5758157389635317,0
2023-07-28 10:58:36,18995.0,5369,1,18934.96,6681,6995,0.5758157389635317,0
2023-07-28 10:58:36,18995.0,5369,1,18934.96,6447,6995,0.5758157389635317,0
2023-07-28 10:58:36,18995.0,5369,1,18934.96,6439,6997,0.5758157389635317,0
2023-07-28 10:58:36,18995.0,5369,1,18934.96,6428,6998,0.5758157389635317,0
2023-07-28 10:58:36,18995.0,5369,1,18934.96,6701,6987,0.5758157389635317,0
2023-07-28 10:58:36,18995.0,5369,1,18934.96,6698,6995,0.5758157389635317,0
2023-07-28 10:58:36,18995.0,5369,1,18934.96,6436,6995,0.5758157389635317,0
2023-07-28 10:58:36,18995.0,5369,1,18934.96,6683,6997,0.5758157389635317,0
2023-07-28 10:58:36,18995.0,5369,1,18934.96,6454,6983,0.5758157389635317,0
2023-07-28 10:58:36,18995.0,5369,1,18934.96,6674,6995,0.5758157389635317,0
2023-07-28 10:58:36,18995.0,5369,1,18934.96,6681,6990,0.5758157389635317,0
2023-07-28 10:58:36,18995.0,5369,1,18934.96,6680,6990,0.5758157389635317,0
2023-07-28 10:58:36,18995.0,5369,1,18934.96,6698,6989,0.5758157389635317,0
2023-07-28 10:58:36,18995.0,5369,1,18934.96,6682,6989,0.5758157389635317,0
2023-07-28 10:58:36,18995.0,5369,1,18934.96,6692,6991,0.5758157389635317,0
2023-07-28 10:58:36,18995.0,5369,1,18934.96,6683,6990,0.5758157389635317,0
2023-07-28 10:58:36,18995.0,5369,1,18934.96,6682,6992,0.5758157389635317,0
2023-07-28 10:59:55,19000.0,5370,1,18934.97,6695,6966,0.6022900258124296,0
2023-07-28 10:59:55,19000.0,5370,1,18934.97,6699,6973,0.6022900258124296,0
2023-07-28 10:59:55,19000.0,5370,1,18934.97,6428,6976,0.6022900258124296,0
2023-07-28 10:59:55,19000.0,5370,1,18934.97,6684,6975,0.6022900258124296,0
2023-07-28 10:59:55,19000.0,5370,1,18934.97,6695,6974,0.6022900258124296,0
2023-07-28 10:59:55,19000.0,5370,1,18934.97,6687,7007,0.6022900258124296,0
2023-07-28 10:59:55,19000.0,5370,1,18934.97,6676,7003,0.6022900258124296,0
2023-07-28 10:59:55,19000.0,5370,1,18934.97,6444,7006,0.6022900258124296,0
2023-07-28 10:59:55,19000.0,5370,1,18934.97,6445,7006,0.6022900258124296,0
2023-07-28 10:59:55,19000.0,5370,1,18934.97,6708,6960,0.6022900258124296,0
2023-07-28 10:59:55,19000.0,5370,1,18934.97,6708,6987,0.6022900258124296,0
2023-07-28 10:59:55,19000.0,5370,1,18934.97,6459,6999,0.6022900258124296,0
2023-07-28 10:59:55,19000.0,5370,1,18934.97,6459,7001,0.6022900258124296,0
2023-07-28 10:59:55,19000.0,5370,1,18934.97,6711,7011,0.6022900258124296,0
2023-07-28 10:59:55,19000.0,5370,1,18934.97,6451,7012,0.6022900258124296,0
2023-07-28 10:59:55,19000.0,5370,1,18934.97,6693,7022,0.6022900258124296,0
2023-07-28 10:59:55,19000.0,5370,1,18934.97,6694,7033,0.6022900258124296,0
2023-07-28 10:59:55,19000.0,5370,1,18934.97,6697,7033,0.6022900258124296,0
2023-07-28 10:59:55,19000.0,5370,1,18934.97,6450,7009,0.6022900258124296,0
2023-07-28 11:00:21,18999.65,5371,1,18934.98,6682,7034,0.6004368257330145,0
2023-07-28 11:00:21,18999.65,5371,1,18934.98,6442,7034,0.6004368257330145,0
2023-07-28 11:00:21,18999.8,5371,2,18934.98,6436,7014,0.6012310543384699,0
2023-07-28 11:00:23,18999.8,5373,2,18935.0,6684,7026,0.6012310543384699,0
2023-07-28 11:00:23,18999.8,5373,2,18935.0,6686,7033,0.6012310543384699,0
2023-07-28 11:00:23,18999.8,5373,2,18935.0,6690,7033,0.6012310543384699,0
2023-07-28 11:00:23,18999.8,5373,2,18935.0,6689,7040,0.6012310543384699,0
2023-07-28 11:00:23,18999.8,5373,2,18935.0,6439,7040,0.6012310543384699,0
2023-07-28 11:00:23,18999.8,5373,2,18935.0,6445,7039,0.6012310543384699,0
2023-07-28 11:00:23,18999.8,5373,2,18935.0,6697,7038,0.6012310543384699,0
2023-07-28 11:00:23,18999.8,5373,2,18935.0,6701,7036,0.6012310543384699,0
2023-07-28 11:00:23,18999.8,5373,2,18935.0,6703,7036,0.6012310543384699,0
2023-07-28 11:00:33,18999.0,5375,2,18935.03,6714,6990,0.5969951684426501,0
2023-07-28 11:00:33,18999.0,5375,2,18935.03,6704,6981,0.5969951684426501,0
2023-07-28 11:00:33,18999.0,5375,2,18935.03,6716,6982,0.5969951684426501,0
2023-07-28 11:00:33,18999.0,5375,2,18935.03,6717,6983,0.5969951684426501,0
2023-07-28 11:00:33,18999.0,5375,2,18935.03,6701,6984,0.5969951684426501,0
2023-07-28 11:00:33,18999.0,5375,2,18935.03,6700,6986,0.5969951684426501,0
2023-07-28 11:00:33,18999.0,5375,2,18935.03,6700,6997,0.5969951684426501,0
2023-07-28 11:00:33,18999.0,5375,2,18935.03,6450,6986,0.5969951684426501,0
2023-07-28 11:00:33,18999.0,5375,2,18935.03,6700,6986,0.5969951684426501,0
2023-07-28 11:00:33,18999.0,5375,2,18935.03,6696,6992,0.5969951684426501,0
2023-07-28 11:00:33,18999.0,5375,2,18935.03,6454,6991,0.5969951684426501,0
2023-07-28 11:00:33,18999.0,5375,2,18935.03,6704,6987,0.5969951684426501,0
2023-07-28 11:00:33,18999.0,5375,2,18935.03,6704,6987,0.5969951684426501,0
2023-07-28 11:00:33,18999.0,5375,2,18935.03,6695,7001,0.5969951684426501,0
2023-07-28 11:00:33,18999.0,5375,2,18935.03,6708,7001,0.5969951684426501,0
2023-07-28 11:00:33,18999.0,5375,2,18935.03,6710,7003,0.5969951684426501,0
2023-07-28 11:00:33,18999.0,5375,2,18935.03,6448,7004,0.5969951684426501,0
2023-07-28 11:00:33,18999.0,5375,2,18935.03,6698,7014,0.5969951684426501,0
2023-07-28 11:00:33,18999.0,5375,2,18935.03,6446,7001,0.5969951684426501,0
2023-07-28 11:00:33,18999.0,5375,2,18935.03,6700,6998,0.5969951684426501,0
2023-07-28 11:00:33,18999.0,5375,2,18935.03,6448,7004,0.5969951684426501,0
2023-07-28 11:00:33,18999.0,5375,2,18935.03,6714,7003,0.5969951684426501,0
2023-07-28 11:00:33,18999.0,5375,2,18935.03,6701,6999,0.5969951684426501,0
2023-07-28 11:00:33,18999.0,5375,2,18935.03,6714,6999,0.5969951684426501,0
2023-07-28 11:00:33,18999.0,5375,2,18935.03,6690,7003,0.5969951684426501,0
2023-07-28 11:00:33,18999.0,5375,2,18935.03,6698,6996,0.5969951684426501,0
2023-07-28 11:00:33,18999.0,5375,2,18935.03,6689,6995,0.5969951684426501,0
2023-07-28 11:00:33,18999.0,5375,2,18935.03,6689,6995,0.5969951684426501,0
2023-07-28 11:00:33,18999.0,5375,2,18935.03,6685,6997,0.5969951684426501,0
2023-07-28 11:00:33,18999.0,5375,2,18935.03,6696,6997,0.5969951684426501,0
2023-07-28 11:00:33,18999.0,5375,2,18935.03,6441,6996,0.5969951684426501,0
2023-07-28 11:00:33,18999.0,5375,2,18935.03,6445,6996,0.5969951684426501,0
2023-07-28 11:00:33,18999.0,5375,2,18935.03,6695,7008,0.5969951684426501,0
2023-07-28 11:00:33,18999.0,5375,2,18935.03,6694,6997,0.5969951684426501,0
2023-07-28 11:00:33,18999.0,5375,2,18935.03,6692,6998,0.5969951684426501,0
2023-07-28 11:00:33,18999.0,5375,2,18935.03,6699,7007,0.5969951684426501,0
2023-07-28 11:00:33,18999.0,5375,2,18935.03,6696,7008,0.5969951684426501,0
2023-07-28 11:00:33,18999.0,5375,2,18935.03,6673,7003,0.5969951684426501,0
2023-07-28 11:00:33,18999.0,5375,2,18935.03,6679,7002,0.5969951684426501,0
2023-07-28 11:00:33,18999.0,5375,2,18935.03,6687,6998,0.5969951684426501,0
2023-07-28 11:00:33,18999.0,5375,2,18935.03,6689,6997,0.5969951684426501,0
2023-07-28 11:00:33,18999.0,5375,2,18935.03,6449,6998,0.5969951684426501,0
2023-07-28 11:00:33,18999.0,5375,2,18935.03,6698,6998,0.5969951684426501,0
2023-07-28 11:00:33,18999.0,5375,2,18935.03,6687,6998,0.5969951684426501,0
2023-07-28 11:00:33,18999.0,5375,2,18935.03,6688,6998,0.5969951684426501,0
2023-07-28 11:00:33,18996.0,5375,1,18935.03,6688,6998,0.5811105963333113,0
2023-07-28 11:01:22,18996.0,5400,1,18935.32,6656,7012,0.5811105963333113,0
2023-07-28 11:01:22,18996.0,5400,1,18935.32,6677,7009,0.5811105963333113,0
2023-07-28 11:01:22,18996.0,5400,1,18935.32,6674,7005,0.5811105963333113,0
2023-07-28 11:01:22,19014.4,5400,1,18935.32,6676,7002,0.6785359719372637,0
2023-07-28 11:01:26,19014.4,5401,1,18935.34,6683,6998,0.6785359719372637,0
2023-07-28 11:01:26,19014.4,5401,1,18935.34,6433,6998,0.6785359719372637,0
2023-07-28 11:01:26,19014.4,5401,1,18935.34,6435,6990,0.6785359719372637,0
2023-07-28 11:01:26,19014.4,5401,1,18935.34,6682,7004,0.6785359719372637,0
2023-07-28 11:01:26,19014.4,5401,1,18935.34,6685,6990,0.6785359719372637,0
2023-07-28 11:01:26,19014.4,5401,1,18935.34,6435,6991,0.6785359719372637,0
2023-07-28 11:01:26,19014.4,5401,1,18935.34,6688,6991,0.6785359719372637,0
2023-07-28 11:01:26,19014.4,5401,1,18935.34,6684,7003,0.6785359719372637,0
2023-07-28 11:01:26,19014.4,5401,1,18935.34,6432,7003,0.6785359719372637,0
2023-07-28 11:01:26,19014.4,5401,1,18935.34,6434,7024,0.6785359719372637,0
2023-07-28 11:01:26,19014.4,5401,1,18935.34,6687,7012,0.6785359719372637,0
2023-07-28 11:01:26,19014.4,5401,1,18935.34,6688,7012,0.6785359719372637,0
2023-07-28 11:01:26,18999.1,5401,2,18935.34,6688,7012,0.5975246541796203,0
2023-07-28 11:01:39,18999.1,5421,2,18935.57,6685,7013,0.5975246541796203,0
2023-07-28 11:01:39,18999.1,5421,2,18935.57,6690,7016,0.5975246541796203,0
2023-07-28 11:01:39,18999.1,5421,2,18935.57,6441,7018,0.5975246541796203,0
2023-07-28 11:01:39,18999.1,5421,2,18935.57,6678,7018,0.5975246541796203,0
2023-07-28 11:01:39,18999.1,5421,2,18935.57,6422,7024,0.5975246541796203,0
2023-07-28 11:01:39,18999.1,5421,2,18935.57,6681,7019,0.5975246541796203,0
2023-07-28 11:01:39,18999.1,5421,2,18935.57,6670,7024,0.5975246541796203,0
2023-07-28 11:01:39,18999.1,5421,2,18935.57,6672,7023,0.5975246541796203,0
2023-07-28 11:01:39,18999.1,5421,2,18935.57,6670,7024,0.5975246541796203,0
2023-07-28 11:01:39,18999.1,5421,2,18935.57,6672,7043,0.5975246541796203,0
2023-07-28 11:01:39,18999.1,5421,2,18935.57,6673,7044,0.5975246541796203,0
2023-07-28 11:01:39,18999.1,5421,2,18935.57,6672,7045,0.5975246541796203,0
2023-07-28 11:01:39,18999.1,5421,2,18935.57,6672,7046,0.5975246541796203,0
2023-07-28 11:01:39,18999.1,5421,2,18935.57,6423,7043,0.5975246541796203,0
2023-07-28 11:01:39,18999.1,5421,2,18935.57,6673,7044,0.5975246541796203,0
2023-07-28 11:01:39,18999.1,5421,2,18935.57,6674,7044,0.5975246541796203,0
2023-07-28 11:01:39,18999.1,5421,2,18935.57,6675,7044,0.5975246541796203,0
2023-07-28 11:01:39,18999.1,5421,2,18935.57,6423,7046,0.5975246541796203,0
2023-07-28 11:01:39,18999.1,5421,2,18935.57,6675,7049,0.5975246541796203,0
2023-07-28 11:01:39,18999.1,5421,2,18935.57,6426,7047,0.5975246541796203,0
2023-07-28 11:01:39,18999.1,5421,2,18935.57,6687,7047,0.5975246541796203,0
2023-07-28 11:01:39,18999.1,5421,2,18935.57,6690,7057,0.5975246541796203,0
2023-07-28 11:01:39,18999.1,5421,2,18935.57,6691,7057,0.5975246541796203,0
2023-07-28 11:01:39,18999.1,5421,2,18935.57,6686,7047,0.5975246541796203,0
2023-07-28 11:01:39,18999.1,5421,2,18935.57,6688,7046,0.5975246541796203,0
2023-07-28 11:01:39,18999.1,5421,2,18935.57,6688,7044,0.5975246541796203,0
2023-07-28 11:01:39,18999.1,5421,2,18935.57,6436,7055,0.5975246541796203,0
2023-07-28 11:01:39,18999.1,5421,2,18935.57,6686,7056,0.5975246541796203,0
2023-07-28 11:01:39,18999.1,5421,2,18935.57,6686,7056,0.5975246541796203,0
2023-07-28 11:01:39,18999.1,5421,2,18935.57,6688,7044,0.5975246541796203,0
2023-07-28 11:01:39,18999.1,5421,2,18935.57,6678,7054,0.5975246541796203,0
2023-07-28 11:01:39,18999.1,5421,2,18935.57,6676,7033,0.5975246541796203,0
2023-07-28 11:01:39,18999.1,5421,2,18935.57,6678,7033,0.5975246541796203,0
2023-07-28 11:01:39,18999.1,5421,2,18935.57,6676,7028,0.5975246541796203,0
2023-07-28 11:01:39,18999.1,5421,2,18935.57,6646,7044,0.5975246541796203,0
2023-07-28 11:01:39,18999.1,5421,2,18935.57,6685,7055,0.5975246541796203,0
2023-07-28 11:01:39,18999.1,5421,2,18935.57,6438,7038,0.5975246541796203,0
2023-07-28 11:01:39,18999.1,5421,2,18935.57,6691,7039,0.5975246541796203,0
2023-07-28 11:01:39,18999.1,5421,2,18935.57,6692,7039,0.5975246541796203,0
2023-07-28 11:01:39,18999.1,5421,2,18935.57,6441,7036,0.5975246541796203,0
2023-07-28 11:01:39,18999.1,5421,2,18935.57,6441,7036,0.5975246541796203,0
2023-07-28 11:01:39,18999.1,5421,2,18935.57,6691,7037,0.5975246541796203,0
2023-07-28 11:01:39,18999.1,5421,2,18935.57,6691,7037,0.5975246541796203,0
2023-07-28 11:01:39,18999.1,5421,2,18935.57,6691,7048,0.5975246541796203,0
2023-07-28 11:01:39,18999.1,5421,2,18935.57,6691,7048,0.5975246541796203,0
2023-07-28 11:01:39,18999.1,5421,2,18935.57,6692,7049,0.5975246541796203,0
2023-07-28 11:01:39,18999.1,5421,2,18935.57,6692,7049,0.5975246541796203,0
2023-07-28 11:01:39,19000.05,5421,1,18935.57,6692,7038,0.6025547686809148,0
2023-07-28 11:02:28,19000.05,5423,1,18935.6,6436,7054,0.6025547686809148,0
2023-07-28 11:02:28,19000.05,5423,1,18935.6,6685,7043,0.6025547686809148,0
2023-07-28 11:02:28,19000.05,5423,1,18935.6,6687,7053,0.6025547686809148,0
2023-07-28 11:02:28,19000.05,5423,1,18935.6,6687,7042,0.6025547686809148,0
2023-07-28 11:02:28,19000.05,5423,1,18935.6,6687,7053,0.6025547686809148,0
2023-07-28 11:02:28,19000.05,5423,1,18935.6,6687,7042,0.6025547686809148,0
2023-07-28 11:02:28,19000.05,5423,1,18935.6,6687,7053,0.6025547686809148,0
2023-07-28 11:02:28,19000.05,5423,1,18935.6,6687,7041,0.6025547686809148,0
2023-07-28 11:02:28,19000.05,5423,1,18935.6,6687,7041,0.6025547686809148,0
2023-07-28 11:02:28,19000.05,5423,1,18935.6,6687,7053,0.6025547686809148,0
2023-07-28 11:02:28,19000.05,5423,1,18935.6,6438,7053,0.6025547686809148,0
2023-07-28 11:02:28,19000.05,5423,1,18935.6,6439,7040,0.6025547686809148,0
2023-07-28 11:02:28,19000.05,5423,1,18935.6,6689,7040,0.6025547686809148,0
2023-07-28 11:02:28,19000.05,5423,1,18935.6,6686,7041,0.6025547686809148,0
2023-07-28 11:02:28,19000.05,5423,1,18935.6,6685,7044,0.6025547686809148,0
2023-07-28 11:02:28,19000.05,5423,1,18935.6,6688,7043,0.6025547686809148,0
2023-07-28 11:02:46,18996.75,5445,1,18935.85,6685,7047,0.585081739360646,0
2023-07-28 11:02:46,18996.75,5445,1,18935.85,6431,7043,0.585081739360646,0
2023-07-28 11:02:46,18996.75,5445,1,18935.85,6684,7044,0.585081739360646,0
2023-07-28 11:02:46,18996.75,5445,1,18935.85,6685,7044,0.585081739360646,0
2023-07-28 11:02:46,18996.75,5445,1,18935.85,6686,7044,0.585081739360646,0
2023-07-28 11:02:46,18996.75,5445,1,18935.85,6684,7045,0.585081739360646,0
2023-07-28 11:02:46,18996.75,5445,1,18935.85,6683,7042,0.585081739360646,0
2023-07-28 11:02:46,18996.75,5445,1,18935.85,6684,7045,0.585081739360646,0
2023-07-28 11:02:46,18996.75,5445,1,18935.85,6677,7046,0.585081739360646,0
2023-07-28 11:02:58,19013.75,5455,1,18935.99,6693,7034,0.6750943146468992,0
2023-07-28 11:02:58,19013.75,5455,1,18935.99,6699,7032,0.6750943146468992,0
2023-07-28 11:02:58,19013.75,5455,1,18935.99,6695,7032,0.6750943146468992,0
2023-07-28 11:02:58,19013.75,5455,1,18935.99,6691,7035,0.6750943146468992,0
2023-07-28 11:02:58,19013.75,5455,1,18935.99,6690,7034,0.6750943146468992,0
2023-07-28 11:02:58,19013.75,5455,1,18935.99,6691,7034,0.6750943146468992,0
2023-07-28 11:02:58,19013.75,5455,1,18935.99,6692,7031,0.6750943146468992,0
2023-07-28 11:02:58,19013.75,5455,1,18935.99,6690,7031,0.6750943146468992,0
2023-07-28 11:02:58,19013.75,5455,1,18935.99,6692,7030,0.6750943146468992,0
2023-07-28 11:02:58,19013.75,5455,1,18935.99,6693,7030,0.6750943146468992,0
2023-07-28 11:02:58,19013.75,5455,1,18935.99,6445,7030,0.6750943146468992,0
2023-07-28 11:02:58,19013.75,5455,1,18935.99,6692,7044,0.6750943146468992,0
2023-07-28 11:02:58,19013.75,5455,1,18935.99,6679,7020,0.6750943146468992,0
2023-07-28 11:02:58,19013.75,5455,1,18935.99,6429,7020,0.6750943146468992,0
2023-07-28 11:02:58,19013.75,5455,1,18935.99,6679,7021,0.6750943146468992,0
2023-07-28 11:02:58,19013.75,5455,1,18935.99,6685,6987,0.6750943146468992,0
2023-07-28 11:02:58,19013.75,5455,1,18935.99,6682,7018,0.6750943146468992,0
2023-07-28 11:02:58,19013.75,5455,1,18935.99,6437,7017,0.6750943146468992,0
2023-07-28 11:02:58,19013.75,5455,1,18935.99,6683,7017,0.6750943146468992,0
2023-07-28 11:02:58,19013.75,5455,1,18935.99,6683,7017,0.6750943146468992,0
2023-07-28 11:02:58,19013.75,5455,1,18935.99,6436,7017,0.6750943146468992,0
2023-07-28 11:02:58,19013.75,5455,1,18935.99,6686,7018,0.6750943146468992,0
2023-07-28 11:03:22,18998.45,5456,1,18936.01,6685,7017,0.5940829968892751,0
2023-07-28 11:03:22,18998.45,5456,1,18936.01,6682,7017,0.5940829968892751,0
2023-07-28 11:03:22,18998.45,5456,1,18936.01,6681,7018,0.5940829968892751,0
2023-07-28 11:03:22,18998.45,5456,1,18936.01,6682,7019,0.5940829968892751,0
2023-07-28 11:03:22,18998.45,5456,1,18936.01,6432,7018,0.5940829968892751,0
2023-07-28 11:03:22,18998.45,5456,1,18936.01,6682,7018,0.5940829968892751,0
2023-07-28 11:03:22,18998.45,5456,1,18936.01,6432,7017,0.5940829968892751,0
2023-07-28 11:03:22,18998.45,5456,1,18936.01,6682,7017,0.5940829968892751,0
2023-07-28 11:03:22,18998.45,5456,1,18936.01,6685,7008,0.5940829968892751,0
2023-07-28 11:03:22,18998.45,5456,1,18936.01,6686,7016,0.5940829968892751,0
2023-07-28 11:03:22,18998.45,5456,1,18936.01,6677,7020,0.5940829968892751,0
2023-07-28 11:03:22,18998.45,5456,1,18936.01,6677,7021,0.5940829968892751,0
2023-07-28 11:03:37,19013.0,5462,1,18936.09,6675,7028,0.6711231716195645,0
2023-07-28 11:03:37,19013.0,5462,1,18936.09,6675,7026,0.6711231716195645,0
2023-07-28 11:03:37,19013.0,5462,1,18936.09,6675,7026,0.6711231716195645,0
2023-07-28 11:03:37,19013.0,5462,1,18936.09,6675,7026,0.6711231716195645,0
2023-07-28 11:03:37,19013.0,5462,1,18936.09,6675,7029,0.6711231716195645,0
2023-07-28 11:03:37,19013.0,5462,1,18936.09,6675,7029,0.6711231716195645,0
2023-07-28 11:03:37,19013.0,5462,1,18936.09,6676,7029,0.6711231716195645,0
2023-07-28 11:03:37,19013.0,5462,1,18936.09,6676,7029,0.6711231716195645,0
2023-07-28 11:03:37,19013.0,5462,1,18936.09,6676,7029,0.6711231716195645,0
2023-07-28 11:03:37,19013.0,5462,1,18936.09,6677,7020,0.6711231716195645,0
2023-07-28 11:03:37,19013.0,5462,1,18936.09,6680,7028,0.6711231716195645,0
2023-07-28 11:03:37,19013.0,5462,1,18936.09,6676,7028,0.6711231716195645,0
2023-07-28 11:03:37,19013.0,5462,1,18936.09,6676,7028,0.6711231716195645,0
2023-07-28 11:03:37,19013.0,5462,1,18936.09,6676,7025,0.6711231716195645,0
2023-07-28 11:03:37,19013.0,5462,1,18936.09,6676,7028,0.6711231716195645,0
2023-07-28 11:03:37,19013.0,5462,1,18936.09,6676,7028,0.6711231716195645,0
2023-07-28 11:03:37,19013.0,5462,1,18936.09,6671,7032,0.6711231716195645,0
2023-07-28 11:03:37,19013.0,5462,1,18936.09,6671,7029,0.6711231716195645,0
2023-07-28 11:03:37,19013.0,5462,1,18936.09,6661,7038,0.6711231716195645,0
2023-07-28 11:03:37,19013.0,5462,1,18936.09,6661,7037,0.6711231716195645,0
2023-07-28 11:03:37,19013.0,5462,1,18936.09,6661,7040,0.6711231716195645,0
2023-07-28 11:03:37,19013.0,5462,1,18936.09,6661,7037,0.6711231716195645,0
2023-07-28 11:03:37,19013.0,5462,1,18936.09,6662,7037,0.6711231716195645,0
2023-07-28 11:03:37,19013.0,5462,1,18936.09,6654,7029,0.6711231716195645,0
2023-07-28 11:03:37,19013.0,5462,1,18936.09,6654,7029,0.6711231716195645,0
2023-07-28 11:03:37,19013.0,5462,1,18936.09,6654,7029,0.6711231716195645,0
2023-07-28 11:03:37,19013.0,5462,1,18936.09,6654,7029,0.6711231716195645,0
2023-07-28 11:03:37,19013.0,5462,1,18936.09,6652,7029,0.6711231716195645,0
2023-07-28 11:03:37,19013.0,5462,1,18936.09,6652,7029,0.6711231716195645,0
2023-07-28 11:03:37,19013.0,5462,1,18936.09,6652,7030,0.6711231716195645,0
2023-07-28 11:03:37,19013.0,5462,1,18936.09,6652,7031,0.6711231716195645,0
2023-07-28 11:03:37,19013.0,5462,1,18936.09,6652,7025,0.6711231716195645,0
2023-07-28 11:03:37,19013.0,5462,1,18936.09,6651,7026,0.6711231716195645,0
2023-07-28 11:03:37,19000.0,5462,1,18936.09,6651,7026,0.6022900258124296,0
2023-07-28 11:04:54,19000.0,5464,1,18936.11,6651,7027,0.6022900258124296,0
2023-07-28 11:04:54,19000.0,5464,1,18936.11,6651,7028,0.6022900258124296,0
2023-07-28 11:04:54,19000.0,5464,1,18936.11,6656,6994,0.6022900258124296,0
2023-07-28 11:04:54,19000.0,5464,1,18936.11,6654,7033,0.6022900258124296,0
2023-07-28 11:04:54,19000.0,5464,1,18936.11,6654,7035,0.6022900258124296,0
2023-07-28 11:04:54,19000.0,5464,1,18936.11,6654,7037,0.6022900258124296,0
2023-07-28 11:04:54,19000.0,5464,1,18936.11,6404,7037,0.6022900258124296,0
2023-07-28 11:04:54,19000.0,5464,1,18936.11,6404,7037,0.6022900258124296,0
2023-07-28 11:04:54,19000.0,5464,1,18936.11,6404,7037,0.6022900258124296,0
2023-07-28 11:04:54,19000.0,5464,1,18936.11,6404,7037,0.6022900258124296,0
2023-07-28 11:04:54,19000.0,5464,1,18936.11,6404,7037,0.6022900258124296,0
2023-07-28 11:04:54,19000.0,5464,1,18936.11,6404,7037,0.6022900258124296,0
2023-07-28 11:04:54,19000.0,5464,1,18936.11,6404,7037,0.6022900258124296,0
2023-07-28 11:04:54,19000.0,5464,1,18936.11,6404,7037,0.6022900258124296,0
2023-07-28 11:04:54,19000.0,5464,1,18936.11,6404,7037,0.6022900258124296,0
2023-07-28 11:04:54,19000.0,5464,1,18936.11,6404,7037,0.6022900258124296,0
2023-07-28 11:04:54,19000.0,5464,1,18936.11,6401,7037,0.6022900258124296,0
2023-07-28 11:04:54,19000.0,5464,1,18936.11,6647,7026,0.6022900258124296,0
2023-07-28 11:04:54,19000.0,5464,1,18936.11,6654,7037,0.6022900258124296,0
2023-07-28 11:04:54,19000.0,5464,1,18936.11,6656,7023,0.6022900258124296,0
2023-07-28 11:04:54,19000.0,5464,1,18936.11,6655,7034,0.6022900258124296,0
2023-07-28 11:04:54,19000.0,5464,1,18936.11,6655,7035,0.6022900258124296,0
2023-07-28 11:04:54,19000.0,5464,1,18936.11,6655,7005,0.6022900258124296,0
2023-07-28 11:04:54,19000.0,5464,1,18936.11,6653,7017,0.6022900258124296,0
2023-07-28 11:04:54,19000.0,5464,1,18936.11,6644,7013,0.6022900258124296,0
2023-07-28 11:04:54,19000.0,5464,1,18936.11,6385,7025,0.6022900258124296,0
2023-07-28 11:04:54,19000.0,5464,1,18936.11,6639,7030,0.6022900258124296,0
2023-07-28 11:04:54,19000.0,5464,1,18936.11,6647,7031,0.6022900258124296,0
2023-07-28 11:04:54,19000.0,5464,1,18936.11,6648,7032,0.6022900258124296,0
2023-07-28 11:04:54,19000.0,5464,1,18936.11,6650,7032,0.6022900258124296,0
2023-07-28 11:04:54,19000.0,5464,1,18936.11,6647,7039,0.6022900258124296,0
2023-07-28 11:04:54,18995.75,5464,1,18936.11,6647,7039,0.5797868819908664,0
2023-07-28 11:06:21,18995.75,5467,1,18936.15,6654,7040,0.5797868819908664,0
2023-07-28 11:06:21,18995.75,5467,1,18936.15,6654,7040,0.5797868819908664,0
2023-07-28 11:06:21,18995.75,5467,1,18936.15,6627,7037,0.5797868819908664,0
2023-07-28 11:06:21,18995.75,5467,1,18936.15,6629,7050,0.5797868819908664,0
2023-07-28 11:06:21,18995.75,5467,1,18936.15,6626,7046,0.5797868819908664,0
2023-07-28 11:06:21,18995.75,5467,1,18936.15,6629,7035,0.5797868819908664,0
2023-07-28 11:06:21,18995.75,5467,1,18936.15,6379,7046,0.5797868819908664,0
2023-07-28 11:06:21,18995.75,5467,1,18936.15,6374,7040,0.5797868819908664,0
2023-07-28 11:06:21,18995.75,5467,1,18936.15,6374,7052,0.5797868819908664,0
2023-07-28 11:06:21,18991.65,5467,3,18936.15,6374,7052,0.5580779667747777,0
2023-07-28 11:06:46,18991.65,5486,3,18936.34,6368,7054,0.5580779667747777,0
2023-07-28 11:06:46,18991.65,5486,3,18936.34,6373,7049,0.5580779667747777,0
2023-07-28 11:06:46,18991.65,5486,3,18936.34,6374,7051,0.5580779667747777,0
2023-07-28 11:06:46,18991.65,5486,3,18936.34,6617,7047,0.5580779667747777,0
2023-07-28 11:06:46,18996.05,5486,1,18936.34,6617,7047,0.5813753392017964,0
2023-07-28 11:06:55,18996.05,5487,1,18936.35,6625,7036,0.5813753392017964,0
2023-07-28 11:06:55,19004.0,5487,2,18936.35,6625,7036,0.6234694552915481,0
2023-07-28 11:06:59,19004.0,5489,2,18936.38,6659,7019,0.6234694552915481,0
2023-07-28 11:06:59,19004.0,5489,2,18936.38,6638,7025,0.6234694552915481,0
2023-07-28 11:06:59,19004.0,5489,2,18936.38,6639,7016,0.6234694552915481,0
2023-07-28 11:06:59,19004.0,5489,2,18936.38,6638,7024,0.6234694552915481,0
2023-07-28 11:06:59,19004.0,5489,2,18936.38,6637,7024,0.6234694552915481,0
2023-07-28 11:06:59,19004.0,5489,2,18936.38,6637,7024,0.6234694552915481,0
2023-07-28 11:06:59,19004.0,5489,2,18936.38,6639,7026,0.6234694552915481,0
2023-07-28 11:06:59,19004.0,5489,2,18936.38,6639,7026,0.6234694552915481,0
2023-07-28 11:06:59,19010.1,5489,2,18936.38,6639,7026,0.655768085247196,0
2023-07-28 11:07:22,19010.1,5497,2,18936.48,6639,7027,0.655768085247196,0
2023-07-28 11:07:22,19010.1,5497,2,18936.48,6639,7027,0.655768085247196,0
2023-07-28 11:07:22,19010.1,5497,2,18936.48,6639,7028,0.655768085247196,0
2023-07-28 11:07:22,19010.7,5497,2,18936.48,6639,7028,0.6589449996690753,0
2023-07-28 11:07:31,19010.7,5499,2,18936.51,6648,7024,0.6589449996690753,0
2023-07-28 11:07:31,19010.7,5499,2,18936.51,6651,7027,0.6589449996690753,0
2023-07-28 11:07:31,19011.8,5499,2,18936.51,6651,7027,0.6647693427758251,0
2023-07-28 11:07:36,19011.8,5507,2,18936.62,6689,7007,0.6647693427758251,0
2023-07-28 11:07:36,19011.8,5507,2,18936.62,6678,7009,0.6647693427758251,0
2023-07-28 11:07:36,19011.8,5507,2,18936.62,6678,7009,0.6647693427758251,0
2023-07-28 11:07:36,19011.8,5507,2,18936.62,6678,7009,0.6647693427758251,0
2023-07-28 11:07:36,19011.8,5507,2,18936.62,6675,7014,0.6647693427758251,0
2023-07-28 11:07:36,19011.8,5507,2,18936.62,6670,6983,0.6647693427758251,0
2023-07-28 11:07:36,19011.8,5507,2,18936.62,6672,7018,0.6647693427758251,0
2023-07-28 11:07:36,19011.8,5507,2,18936.62,6668,7019,0.6647693427758251,0
2023-07-28 11:07:36,19011.8,5507,2,18936.62,6669,7019,0.6647693427758251,0
2023-07-28 11:07:36,19011.8,5507,2,18936.62,6421,7020,0.6647693427758251,0
2023-07-28 11:07:36,19011.1,5507,6,18936.62,6421,7020,0.6610629426169755,0
2023-07-28 11:08:01,19011.1,5520,6,18936.79,6426,7016,0.6610629426169755,0
2023-07-28 11:08:01,19011.1,5520,6,18936.79,6429,7018,0.6610629426169755,0
2023-07-28 11:08:01,19011.1,5520,6,18936.79,6679,7016,0.6610629426169755,0
2023-07-28 11:08:01,19011.1,5520,6,18936.79,6677,7015,0.6610629426169755,0
2023-07-28 11:08:01,19011.1,5520,6,18936.79,6676,7030,0.6610629426169755,0
2023-07-28 11:08:01,19011.1,5520,6,18936.79,6677,7029,0.6610629426169755,0
2023-07-28 11:08:01,19011.1,5520,6,18936.79,6426,7030,0.6610629426169755,0
2023-07-28 11:08:01,19011.1,5520,5,18936.79,6426,7030,0.6610629426169755,0
2023-07-28 11:08:21,19011.1,5545,5,18937.13,6671,7043,0.6610629426169755,0
2023-07-28 11:08:21,19011.1,5545,5,18937.13,6671,7043,0.6610629426169755,0
2023-07-28 11:08:21,19011.1,5545,5,18937.13,6671,7043,0.6610629426169755,0
2023-07-28 11:08:21,19011.1,5545,5,18937.13,6671,7043,0.6610629426169755,0
2023-07-28 11:08:21,19000.0,5545,6,18937.13,6671,7043,0.6022900258124296,0
2023-07-28 11:08:25,19000.0,5555,6,18937.24,6666,7033,0.6022900258124296,0
2023-07-28 11:08:25,19000.0,5555,6,18937.24,6666,7033,0.6022900258124296,0
2023-07-28 11:08:25,19000.0,5555,6,18937.24,6666,7033,0.6022900258124296,0
2023-07-28 11:08:25,19000.0,5555,6,18937.24,6666,7033,0.6022900258124296,0
2023-07-28 11:08:25,19000.0,5555,6,18937.24,6667,7033,0.6022900258124296,0
2023-07-28 11:08:25,19000.0,5555,6,18937.24,6670,7033,0.6022900258124296,0
2023-07-28 11:08:25,19000.0,5555,6,18937.24,6671,7031,0.6022900258124296,0
2023-07-28 11:08:25,19011.1,5555,1,18937.24,6671,7031,0.6610629426169755,0
2023-07-28 11:08:35,19011.1,5556,1,18937.25,6673,7030,0.6610629426169755,0
2023-07-28 11:08:35,19011.1,5556,1,18937.25,6673,7031,0.6610629426169755,0
2023-07-28 11:08:35,19011.1,5556,1,18937.25,6673,7030,0.6610629426169755,0
2023-07-28 11:08:35,19011.1,5556,1,18937.25,6668,7031,0.6610629426169755,0
2023-07-28 11:08:35,19011.1,5556,1,18937.25,6672,7031,0.6610629426169755,0
2023-07-28 11:08:35,19011.1,5556,1,18937.25,6672,7031,0.6610629426169755,0
2023-07-28 11:08:35,19011.1,5556,1,18937.25,6672,7028,0.6610629426169755,0
2023-07-28 11:08:35,19005.0,5556,4,18937.25,6674,7028,0.6287643126613277,0
2023-07-28 11:08:55,19005.0,5560,4,18937.3,6693,7031,0.6287643126613277,0
2023-07-28 11:08:55,19005.0,5560,4,18937.3,6430,7049,0.6287643126613277,0
2023-07-28 11:08:55,19005.0,5560,4,18937.3,6669,7064,0.6287643126613277,0
2023-07-28 11:08:55,19005.0,5560,4,18937.3,6667,7065,0.6287643126613277,0
2023-07-28 11:08:55,19005.0,5560,4,18937.3,6418,7066,0.6287643126613277,0
2023-07-28 11:08:55,19005.0,5560,4,18937.3,6675,7065,0.6287643126613277,0
2023-07-28 11:08:55,19005.0,5560,4,18937.3,6676,7066,0.6287643126613277,0
2023-07-28 11:08:55,19005.0,5560,4,18937.3,6672,7066,0.6287643126613277,0
2023-07-28 11:08:55,19005.0,5560,4,18937.3,6671,7067,0.6287643126613277,0
2023-07-28 11:08:55,19001.5,5560,1,18937.3,6671,7067,0.610232311867099,0
2023-07-28 11:09:19,19001.5,5562,1,18937.33,6684,7031,0.610232311867099,0
2023-07-28 11:09:19,19001.5,5562,1,18937.33,6687,7035,0.610232311867099,0
2023-07-28 11:09:19,19001.5,5562,1,18937.33,6679,7034,0.610232311867099,0
2023-07-28 11:09:19,19001.5,5562,1,18937.33,6681,7031,0.610232311867099,0
2023-07-28 11:09:19,19001.5,5562,1,18937.33,6682,7030,0.610232311867099,0
2023-07-28 11:09:19,19001.5,5562,1,18937.33,6675,7032,0.610232311867099,0
2023-07-28 11:09:19,19001.5,5562,1,18937.33,6680,7031,0.610232311867099,0
2023-07-28 11:09:19,19001.5,5562,1,18937.33,6681,7030,0.610232311867099,0
2023-07-28 11:09:19,19001.5,5562,1,18937.33,6680,7031,0.610232311867099,0
2023-07-28 11:09:19,19001.5,5562,1,18937.33,6679,7031,0.610232311867099,0
2023-07-28 11:09:19,19001.5,5562,1,18937.33,6677,7031,0.610232311867099,0
2023-07-28 11:09:19,19001.5,5562,1,18937.33,6678,7031,0.610232311867099,0
2023-07-28 11:09:19,19001.5,5562,1,18937.33,6680,7031,0.610232311867099,0
2023-07-28 11:09:19,19001.5,5562,1,18937.33,6673,7037,0.610232311867099,0
2023-07-28 11:09:19,19001.5,5562,1,18937.33,6427,7037,0.610232311867099,0
2023-07-28 11:09:19,19001.5,5562,1,18937.33,6678,7038,0.610232311867099,0
2023-07-28 11:09:19,19001.5,5562,1,18937.33,6673,7038,0.610232311867099,0
2023-07-28 11:09:19,19001.5,5562,1,18937.33,6674,7038,0.610232311867099,0
2023-07-28 11:09:19,19001.5,5562,1,18937.33,6425,7038,0.610232311867099,0
2023-07-28 11:09:19,19001.5,5562,1,18937.33,6674,7038,0.610232311867099,0
2023-07-28 11:09:19,19001.5,5562,1,18937.33,6674,7038,0.610232311867099,0
2023-07-28 11:09:19,19001.5,5562,1,18937.33,6666,7038,0.610232311867099,0
2023-07-28 11:09:19,19001.5,5562,1,18937.33,6678,7037,0.610232311867099,0
2023-07-28 11:09:19,19001.5,5562,1,18937.33,6428,7037,0.610232311867099,0
2023-07-28 11:09:19,19011.1,5562,4,18937.33,6428,7037,0.6610629426169755,0
2023-07-28 11:10:32,19011.1,5566,4,18937.38,6678,7038,0.6610629426169755,0
2023-07-28 11:10:35,18996.0,5586,4,18937.6,6666,7042,0.5811105963333113,0
2023-07-28 11:10:35,18996.0,5586,4,18937.6,6667,7046,0.5811105963333113,0
2023-07-28 11:10:35,18995.65,5586,2,18937.6,6667,7046,0.5792573962538962,0
2023-07-28 11:10:39,18995.65,5604,2,18937.8,6663,7053,0.5792573962538962,0
2023-07-28 11:10:39,19001.0,5604,5,18937.8,6663,7053,0.6075848831822093,0
2023-07-28 11:10:42,19001.0,5609,5,18937.85,6420,7050,0.6075848831822093,0
2023-07-28 11:10:42,19001.0,5609,5,18937.85,6427,7054,0.6075848831822093,0
2023-07-28 11:10:42,19001.0,5609,5,18937.85,6679,7054,0.6075848831822093,0
2023-07-28 11:10:42,19001.0,5609,5,18937.85,6423,7053,0.6075848831822093,0
2023-07-28 11:10:42,19001.0,5609,5,18937.85,6669,7054,0.6075848831822093,0
2023-07-28 11:10:42,19001.0,5609,5,18937.85,6680,7054,0.6075848831822093,0
2023-07-28 11:10:42,19001.0,5609,5,18937.85,6669,7057,0.6075848831822093,0
2023-07-28 11:10:42,19001.0,5609,5,18937.85,6678,7057,0.6075848831822093,0
2023-07-28 11:10:42,19001.0,5609,5,18937.85,6427,7054,0.6075848831822093,0
2023-07-28 11:10:42,19001.0,5609,5,18937.85,6427,7054,0.6075848831822093,0
2023-07-28 11:10:42,19001.0,5609,5,18937.85,6666,7060,0.6075848831822093,0
2023-07-28 11:10:42,19001.0,5609,5,18937.85,6666,7059,0.6075848831822093,0
2023-07-28 11:10:42,19001.0,5609,5,18937.85,6666,7061,0.6075848831822093,0
2023-07-28 11:10:42,19001.0,5609,5,18937.85,6666,7061,0.6075848831822093,0
2023-07-28 11:10:42,19001.0,5609,5,18937.85,6663,7061,0.6075848831822093,0
2023-07-28 11:10:42,19001.0,5609,5,18937.85,6665,7065,0.6075848831822093,0
2023-07-28 11:10:42,19001.0,5609,5,18937.85,6671,7061,0.6075848831822093,0
2023-07-28 11:10:42,19001.0,5609,5,18937.85,6671,7061,0.6075848831822093,0
2023-07-28 11:10:42,19001.0,5609,5,18937.85,6671,7061,0.6075848831822093,0
2023-07-28 11:10:42,19001.0,5609,5,18937.85,6671,7061,0.6075848831822093,0
2023-07-28 11:10:42,19001.0,5609,5,18937.85,6671,7061,0.6075848831822093,0
2023-07-28 11:10:42,19001.0,5609,5,18937.85,6671,7061,0.6075848831822093,0
2023-07-28 11:10:42,19001.0,5609,5,18937.85,6671,7061,0.6075848831822093,0
2023-07-28 11:10:42,19001.0,5609,5,18937.85,6665,7061,0.6075848831822093,0
2023-07-28 11:10:42,19001.0,5609,5,18937.85,6665,7061,0.6075848831822093,0
2023-07-28 11:10:42,18998.15,5609,2,18937.85,6665,7061,0.5924945396783451,0
2023-07-28 11:11:29,18998.15,5611,2,18937.87,6664,7062,0.5924945396783451,0
2023-07-28 11:11:29,18998.15,5611,2,18937.87,6665,7063,0.5924945396783451,0
2023-07-28 11:11:29,18998.15,5611,2,18937.87,6665,7063,0.5924945396783451,0
2023-07-28 11:11:29,18998.15,5611,2,18937.87,6665,7063,0.5924945396783451,0
2023-07-28 11:11:29,18998.15,5611,2,18937.87,6664,7064,0.5924945396783451,0
2023-07-28 11:11:29,18998.15,5611,2,18937.87,6663,7064,0.5924945396783451,0
2023-07-28 11:11:29,18998.15,5611,2,18937.87,6663,7069,0.5924945396783451,0
2023-07-28 11:11:29,18998.15,5611,4,18937.87,6663,7069,0.5924945396783451,0
2023-07-28 11:11:48,18998.15,5615,4,18937.92,6669,7074,0.5924945396783451,0
2023-07-28 11:11:48,18998.15,5615,4,18937.92,6663,7073,0.5924945396783451,0
2023-07-28 11:11:48,18998.15,5615,4,18937.92,6413,7072,0.5924945396783451,0
2023-07-28 11:11:48,19007.35,5615,1,18937.92,6413,7072,0.641207227480302,0
2023-07-28 11:11:56,19007.35,5616,1,18937.93,6664,7067,0.641207227480302,0
2023-07-28 11:11:56,19007.35,5616,1,18937.93,6664,7072,0.641207227480302,0
2023-07-28 11:11:56,19007.35,5616,1,18937.93,6664,7072,0.641207227480302,0
2023-07-28 11:11:56,19007.35,5616,1,18937.93,6670,7070,0.641207227480302,0
2023-07-28 11:11:56,19007.35,5616,1,18937.93,6414,7070,0.641207227480302,0
2023-07-28 11:11:56,19007.35,5616,1,18937.93,6664,7070,0.641207227480302,0
2023-07-28 11:11:56,19007.35,5616,1,18937.93,6662,7072,0.641207227480302,0
2023-07-28 11:11:56,19007.35,5616,1,18937.93,6662,7073,0.641207227480302,0
2023-07-28 11:11:56,19007.35,5616,1,18937.93,6662,7083,0.641207227480302,0
2023-07-28 11:11:56,19007.35,5616,1,18937.93,6653,7083,0.641207227480302,0
2023-07-28 11:11:56,19007.35,5616,1,18937.93,6660,7084,0.641207227480302,0
2023-07-28 11:11:56,19007.35,5616,1,18937.93,6657,7085,0.641207227480302,0
2023-07-28 11:11:56,19007.35,5616,1,18937.93,6662,7084,0.641207227480302,0
2023-07-28 11:11:56,19007.9,5616,1,18937.93,6662,7084,0.6441193990336962,0
2023-07-28 11:12:44,19007.9,5617,1,18937.94,6417,7090,0.6441193990336962,0
2023-07-28 11:12:44,18995.1,5617,2,18937.94,6417,7090,0.576345224700502,0
2023-07-28 11:12:48,18995.1,5632,2,18938.09,6668,7090,0.576345224700502,0
2023-07-28 11:12:48,18995.1,5632,2,18938.09,6667,7095,0.576345224700502,0
2023-07-28 11:12:48,18995.1,5632,2,18938.09,6666,7095,0.576345224700502,0
2023-07-28 11:12:48,18995.1,5632,2,18938.09,6666,7095,0.576345224700502,0
2023-07-28 11:12:48,18995.1,5632,2,18938.09,6662,7096,0.576345224700502,0
2023-07-28 11:12:48,18995.1,5632,2,18938.09,6633,7097,0.576345224700502,0
2023-07-28 11:12:48,18995.1,5632,2,18938.09,6413,7098,0.576345224700502,0
2023-07-28 11:12:48,18995.1,5632,2,18938.09,6662,7097,0.576345224700502,0
2023-07-28 11:12:48,18995.1,5632,2,18938.09,6413,7097,0.576345224700502,0
2023-07-28 11:12:48,18995.1,5632,2,18938.09,6416,7093,0.576345224700502,0
2023-07-28 11:12:48,18995.1,5632,2,18938.09,6414,7010,0.576345224700502,0
2023-07-28 11:12:48,18995.1,5632,2,18938.09,6666,7011,0.576345224700502,0
2023-07-28 11:12:48,18995.1,5632,2,18938.09,6670,7012,0.576345224700502,0
2023-07-28 11:12:48,18995.1,5632,2,18938.09,6671,7144,0.576345224700502,0
2023-07-28 11:12:48,18995.1,5632,2,18938.09,6413,7148,0.576345224700502,0
2023-07-28 11:12:48,18995.1,5632,2,18938.09,6670,7146,0.576345224700502,0
2023-07-28 11:12:48,18995.1,5632,2,18938.09,6670,7187,0.576345224700502,0
2023-07-28 11:12:48,18995.1,5632,2,18938.09,6411,7188,0.576345224700502,0
2023-07-28 11:12:48,18995.1,5632,2,18938.09,6580,7190,0.576345224700502,0
2023-07-28 11:12:48,18995.1,5632,2,18938.09,6576,7189,0.576345224700502,0
2023-07-28 11:12:48,18995.1,5632,2,18938.09,6577,7189,0.576345224700502,0
2023-07-28 11:12:48,18995.1,5632,2,18938.09,6577,7194,0.576345224700502,0
2023-07-28 11:12:48,18995.1,5632,2,18938.09,6577,7191,0.576345224700502,0
2023-07-28 11:12:48,18995.1,5632,2,18938.09,6579,7192,0.576345224700502,0
2023-07-28 11:12:48,18995.1,5632,2,18938.09,6579,7195,0.576345224700502,0
2023-07-28 11:12:48,18995.1,5632,2,18938.09,6366,7197,0.576345224700502,0
2023-07-28 11:12:48,18995.1,5632,2,18938.09,6616,7193,0.576345224700502,0
2023-07-28 11:12:48,18995.1,5632,2,18938.09,6621,7186,0.576345224700502,0
2023-07-28 11:12:48,18995.1,5632,2,18938.09,6620,7187,0.576345224700502,0
2023-07-28 11:12:48,18995.1,5632,2,18938.09,6620,7184,0.576345224700502,0
2023-07-28 11:12:48,18995.1,5632,2,18938.09,6620,7184,0.576345224700502,0
2023-07-28 11:12:48,18995.1,5632,2,18938.09,6620,7184,0.576345224700502,0
2023-07-28 11:12:48,18995.1,5632,2,18938.09,6620,7184,0.576345224700502,0
2023-07-28 11:12:48,18995.1,5632,2,18938.09,6620,7184,0.576345224700502,0
2023-07-28 11:12:48,18995.1,5632,2,18938.09,6620,7184,0.576345224700502,0
2023-07-28 11:12:48,18995.1,5632,2,18938.09,6628,7189,0.576345224700502,0
2023-07-28 11:12:48,18995.1,5632,2,18938.09,6628,7189,0.576345224700502,0
2023-07-28 11:12:48,18995.1,5632,2,18938.09,6628,7189,0.576345224700502,0
2023-07-28 11:12:48,18995.1,5632,2,18938.09,6628,7189,0.576345224700502,0
2023-07-28 11:12:48,18995.1,5632,2,18938.09,6613,7204,0.576345224700502,0
2023-07-28 11:12:48,18995.1,5632,2,18938.09,6625,7203,0.576345224700502,0
2023-07-28 11:12:48,18995.1,5632,2,18938.09,6628,7203,0.576345224700502,0
2023-07-28 11:12:48,18995.1,5632,2,18938.09,6628,7202,0.576345224700502,0
2023-07-28 11:12:48,18995.1,5632,2,18938.09,6628,7196,0.576345224700502,0
2023-07-28 11:12:48,18995.1,5632,2,18938.09,6665,7194,0.576345224700502,0
2023-07-28 11:12:48,18995.1,5632,2,18938.09,6667,7194,0.576345224700502,0
2023-07-28 11:12:48,18995.1,5632,2,18938.09,6681,7189,0.576345224700502,0
2023-07-28 11:12:48,18995.1,5632,2,18938.09,6680,7189,0.576345224700502,0
2023-07-28 11:12:48,18995.1,5632,2,18938.09,6680,7190,0.576345224700502,0
2023-07-28 11:12:48,18995.1,5632,2,18938.09,6672,7192,0.576345224700502,0
2023-07-28 11:12:48,18995.1,5632,2,18938.09,6671,7194,0.576345224700502,0
2023-07-28 11:12:48,18995.1,5632,2,18938.09,6671,7195,0.576345224700502,0
2023-07-28 11:12:48,18995.1,5632,2,18938.09,6671,7188,0.576345224700502,0
2023-07-28 11:12:48,18995.1,5632,2,18938.09,6672,7188,0.576345224700502,0
2023-07-28 11:12:48,18995.1,5632,2,18938.09,6671,7227,0.576345224700502,0
2023-07-28 11:12:48,18995.1,5632,2,18938.09,6671,7227,0.576345224700502,0
2023-07-28 11:12:48,18995.1,5632,2,18938.09,6674,7227,0.576345224700502,0
2023-07-28 11:12:48,18999.1,5632,1,18938.09,6674,7227,0.5975246541796203,0
2023-07-28 11:15:22,18999.1,5634,1,18938.12,6673,7227,0.5975246541796203,0
2023-07-28 11:15:22,18999.1,5634,1,18938.12,6670,7227,0.5975246541796203,0
2023-07-28 11:15:22,18999.1,5634,1,18938.12,6679,7227,0.5975246541796203,0
2023-07-28 11:15:22,18999.1,5634,1,18938.12,6430,7227,0.5975246541796203,0
2023-07-28 11:15:22,18999.1,5634,1,18938.12,6647,7242,0.5975246541796203,0
2023-07-28 11:15:22,18999.1,5634,1,18938.12,6654,7236,0.5975246541796203,0
2023-07-28 11:15:22,18999.1,5634,1,18938.12,6656,7235,0.5975246541796203,0
2023-07-28 11:15:22,18999.1,5634,1,18938.12,6657,7231,0.5975246541796203,0
2023-07-28 11:15:22,18999.1,5634,1,18938.12,6656,7229,0.5975246541796203,0
2023-07-28 11:15:22,18999.1,5634,1,18938.12,6659,7229,0.5975246541796203,0
2023-07-28 11:15:22,19000.0,5634,1,18938.12,6659,7229,0.6022900258124296,0
2023-07-28 11:15:55,19000.0,5645,1,18938.24,6667,7211,0.6022900258124296,0
2023-07-28 11:15:55,19000.0,5645,1,18938.24,6667,7212,0.6022900258124296,0
2023-07-28 11:15:55,19000.0,5645,1,18938.24,6668,7211,0.6022900258124296,0
2023-07-28 11:15:55,19000.0,5645,1,18938.24,6668,7211,0.6022900258124296,0
2023-07-28 11:15:55,19008.0,5645,1,18938.24,6668,7211,0.6446488847706665,0
2023-07-28 11:16:07,19008.0,5646,1,18938.25,6412,7214,0.6446488847706665,0
2023-07-28 11:16:07,19008.0,5646,1,18938.25,6659,7215,0.6446488847706665,0
2023-07-28 11:16:07,19008.0,5646,1,18938.25,6663,7215,0.6446488847706665,0
2023-07-28 11:16:07,19008.0,5646,1,18938.25,6661,7213,0.6446488847706665,0
2023-07-28 11:16:18,18995.25,5651,1,18938.3,6661,7214,0.5771394533059766,0
2023-07-28 11:16:18,18995.25,5651,1,18938.3,6661,7214,0.5771394533059766,0
2023-07-28 11:16:18,18995.25,5651,1,18938.3,6669,7214,0.5771394533059766,0
2023-07-28 11:16:18,18995.25,5651,1,18938.3,6673,7214,0.5771394533059766,0
2023-07-28 11:16:18,18995.25,5651,1,18938.3,6674,7209,0.5771394533059766,0
2023-07-28 11:16:18,18995.25,5651,1,18938.3,6677,7209,0.5771394533059766,0
2023-07-28 11:16:18,19008.95,5651,3,18938.3,6677,7209,0.6496789992719609,0
2023-07-28 11:16:54,19008.95,5654,3,18938.34,6668,7206,0.6496789992719609,0
2023-07-28 11:16:54,19008.95,5654,3,18938.34,6669,7206,0.6496789992719609,0
2023-07-28 11:16:54,19008.95,5654,3,18938.34,6418,7204,0.6496789992719609,0
2023-07-28 11:16:54,19008.95,5654,3,18938.34,6432,7232,0.6496789992719609,0
2023-07-28 11:16:54,19008.95,5654,3,18938.34,6675,7232,0.6496789992719609,0
2023-07-28 11:16:54,19008.95,5654,3,18938.34,6678,7230,0.6496789992719609,0
2023-07-28 11:16:54,19008.95,5654,3,18938.34,6678,7231,0.6496789992719609,0
2023-07-28 11:16:54,19000.0,5654,1,18938.34,6680,7229,0.6022900258124296,0
2023-07-28 11:16:54,19000.0,5654,1,18938.34,6680,7229,0.6022900258124296,0
2023-07-28 11:16:54,19000.0,5654,1,18938.34,6680,7229,0.6022900258124296,0
2023-07-28 11:16:54,19000.0,5654,1,18938.34,6680,7229,0.6022900258124296,0
2023-07-28 11:17:24,19000.0,5655,1,18938.35,6677,7229,0.6022900258124296,0
2023-07-28 11:17:24,19000.0,5655,1,18938.35,6677,7229,0.6022900258124296,0
2023-07-28 11:17:24,19000.0,5655,1,18938.35,6677,7229,0.6022900258124296,0
2023-07-28 11:17:24,19000.0,5655,1,18938.35,6677,7229,0.6022900258124296,0
2023-07-28 11:17:24,19000.0,5655,1,18938.35,6677,7229,0.6022900258124296,0
2023-07-28 11:17:24,19000.0,5655,1,18938.35,6677,7251,0.6022900258124296,0
2023-07-28 11:17:24,19000.0,5655,1,18938.35,6677,7252,0.6022900258124296,0
2023-07-28 11:17:24,19000.0,5655,1,18938.35,6676,7252,0.6022900258124296,0
2023-07-28 11:17:24,19000.0,5655,1,18938.35,6675,7252,0.6022900258124296,0
2023-07-28 11:17:24,19000.0,5655,1,18938.35,6674,7252,0.6022900258124296,0
2023-07-28 11:17:24,19000.0,5655,1,18938.35,6675,7236,0.6022900258124296,0
2023-07-28 11:17:24,19000.0,5655,1,18938.35,6676,7225,0.6022900258124296,0
2023-07-28 11:17:24,19000.0,5655,2,18938.35,6676,7225,0.6022900258124296,0
2023-07-28 11:17:52,19000.0,5657,2,18938.37,6674,7225,0.6022900258124296,0
2023-07-28 11:17:52,19000.0,5657,2,18938.37,6673,7225,0.6022900258124296,0
2023-07-28 11:17:52,19000.0,5657,2,18938.37,6673,7225,0.6022900258124296,0
2023-07-28 11:17:52,19000.0,5657,2,18938.37,6672,7224,0.6022900258124296,0
2023-07-28 11:17:52,19000.0,5657,2,18938.37,6672,7224,0.6022900258124296,0
2023-07-28 11:17:52,19000.0,5657,2,18938.37,6671,7225,0.6022900258124296,0
2023-07-28 11:17:52,19000.0,5657,2,18938.37,6672,7225,0.6022900258124296,0
2023-07-28 11:17:52,19000.0,5657,2,18938.37,6672,7225,0.6022900258124296,0
2023-07-28 11:17:52,19000.0,5657,2,18938.37,6672,7225,0.6022900258124296,0
2023-07-28 11:18:26,19000.0,5696,1,18938.78,6620,7243,0.6022900258124296,0
2023-07-28 11:18:26,18999.1,5696,3,18938.78,6620,7243,0.5975246541796203,0
2023-07-28 11:18:27,18999.1,5701,3,18938.83,6628,7235,0.5975246541796203,0
2023-07-28 11:18:27,18999.1,5701,3,18938.83,6628,7236,0.5975246541796203,0
2023-07-28 11:18:27,18999.1,5701,3,18938.83,6633,7237,0.5975246541796203,0
2023-07-28 11:18:37,18999.95,5702,3,18938.84,6638,7229,0.6020252829439445,0
2023-07-28 11:18:37,19000.0,5702,5,18938.84,6638,7229,0.6022900258124296,0
2023-07-28 11:18:38,19000.0,5711,5,18938.94,6634,7221,0.6022900258124296,0
2023-07-28 11:18:38,19000.0,5711,5,18938.94,6635,7222,0.6022900258124296,0
2023-07-28 11:18:38,19000.0,5711,2,18938.94,6635,7220,0.6022900258124296,0
2023-07-28 11:18:46,19000.0,5713,2,18938.96,6636,7220,0.6022900258124296,0
2023-07-28 11:18:46,19000.0,5713,2,18938.96,6636,7220,0.6022900258124296,0
2023-07-28 11:18:54,18992.8,5715,1,18938.98,6635,7218,0.5641670527500127,0
2023-07-28 11:18:56,18992.9,5716,1,18938.99,6637,7220,0.5646965384870022,0
2023-07-28 11:18:56,18992.9,5716,1,18938.99,6637,7220,0.5646965384870022,0
2023-07-28 11:18:56,18992.9,5716,1,18938.99,6636,7222,0.5646965384870022,0
2023-07-28 11:18:56,18992.9,5716,1,18938.99,6636,7222,0.5646965384870022,0
2023-07-28 11:18:56,18992.9,5716,1,18938.99,6636,7222,0.5646965384870022,0
2023-07-28 11:18:56,19000.0,5716,1,18938.99,6636,7222,0.6022900258124296,0
2023-07-28 11:19:09,19000.0,5717,1,18939.0,6639,7222,0.6022900258124296,0
2023-07-28 11:19:09,19000.0,5717,1,18939.0,6639,7225,0.6022900258124296,0
2023-07-28 11:19:09,19000.0,5717,1,18939.0,6636,7225,0.6022900258124296,0
2023-07-28 11:19:09,19000.0,5717,1,18939.0,6637,7225,0.6022900258124296,0
2023-07-28 11:19:09,19002.9,5717,1,18939.0,6637,7225,0.6176451121847982,0
2023-07-28 11:19:18,19002.9,5718,1,18939.01,6424,7217,0.6176451121847982,0
2023-07-28 11:19:18,19002.9,5718,1,18939.01,6672,7224,0.6176451121847982,0
2023-07-28 11:19:18,19002.9,5718,1,18939.01,6673,7224,0.6176451121847982,0
2023-07-28 11:19:18,19002.9,5718,1,18939.01,6677,7220,0.6176451121847982,0
2023-07-28 11:19:18,19002.9,5718,1,18939.01,6662,7225,0.6176451121847982,0
2023-07-28 11:19:18,19002.9,5718,1,18939.01,6669,7221,0.6176451121847982,0
2023-07-28 11:19:18,19002.9,5718,1,18939.01,6672,7221,0.6176451121847982,0
2023-07-28 11:19:18,19002.9,5718,1,18939.01,6671,7221,0.6176451121847982,0
2023-07-28 11:19:18,19002.9,5718,1,18939.01,6667,7221,0.6176451121847982,0
2023-07-28 11:19:18,19002.9,5718,1,18939.01,6417,7223,0.6176451121847982,0
2023-07-28 11:19:18,19002.9,5718,1,18939.01,6669,7221,0.6176451121847982,0
2023-07-28 11:19:18,19002.9,5718,1,18939.01,6416,7222,0.6176451121847982,0
2023-07-28 11:19:18,19002.9,5718,1,18939.01,6659,7220,0.6176451121847982,0
2023-07-28 11:19:18,19002.9,5718,1,18939.01,6657,7223,0.6176451121847982,0
2023-07-28 11:19:18,19002.9,5718,1,18939.01,6657,7223,0.6176451121847982,0
2023-07-28 11:19:18,19002.9,5718,1,18939.01,6650,7223,0.6176451121847982,0
2023-07-28 11:19:18,19002.9,5718,1,18939.01,6647,7225,0.6176451121847982,0
2023-07-28 11:19:18,19002.9,5718,1,18939.01,6653,7223,0.6176451121847982,0
2023-07-28 11:19:18,19002.9,5718,1,18939.01,6654,7224,0.6176451121847982,0
2023-07-28 11:19:18,19002.9,5718,1,18939.01,6656,7220,0.6176451121847982,0
2023-07-28 11:19:18,19002.9,5718,1,18939.01,6656,7219,0.6176451121847982,0
2023-07-28 11:19:18,19002.9,5718,1,18939.01,6656,7219,0.6176451121847982,0
2023-07-28 11:19:18,19002.9,5718,1,18939.01,6654,7221,0.6176451121847982,0
2023-07-28 11:19:18,19002.9,5718,1,18939.01,6647,7222,0.6176451121847982,0
2023-07-28 11:19:18,19002.9,5718,1,18939.01,6648,7225,0.6176451121847982,0
2023-07-28 11:19:18,19002.9,5718,1,18939.01,6648,7230,0.6176451121847982,0
2023-07-28 11:19:18,19002.9,5718,1,18939.01,6648,7230,0.6176451121847982,0
2023-07-28 11:19:18,19002.9,5718,1,18939.01,6649,7229,0.6176451121847982,0
2023-07-28 11:19:18,19002.9,5718,1,18939.01,6649,7228,0.6176451121847982,0
2023-07-28 11:19:18,19002.9,5718,1,18939.01,6650,7227,0.6176451121847982,0
2023-07-28 11:19:18,19002.9,5718,1,18939.01,6650,7227,0.6176451121847982,0
2023-07-28 11:19:18,19002.9,5718,1,18939.01,6650,7226,0.6176451121847982,0
2023-07-28 11:19:18,19002.9,5718,1,18939.01,6650,7225,0.6176451121847982,0
2023-07-28 11:19:18,19002.9,5718,1,18939.01,6651,7224,0.6176451121847982,0
2023-07-28 11:19:18,19002.9,5718,1,18939.01,6651,7224,0.6176451121847982,0
2023-07-28 11:19:18,19002.9,5718,1,18939.01,6651,7224,0.6176451121847982,0
2023-07-28 11:19:18,19002.9,5718,1,18939.01,6651,7224,0.6176451121847982,0
2023-07-28 11:19:18,19002.9,5718,1,18939.01,6651,7224,0.6176451121847982,0
2023-07-28 11:19:18,19002.9,5718,1,18939.01,6650,7225,0.6176451121847982,0
2023-07-28 11:19:18,19002.9,5718,1,18939.01,6650,7226,0.6176451121847982,0
2023-07-28 11:19:18,19002.9,5718,1,18939.01,6650,7226,0.6176451121847982,0
2023-07-28 11:19:18,19002.9,5718,1,18939.01,6651,7223,0.6176451121847982,0
2023-07-28 11:19:18,19002.9,5718,1,18939.01,6651,7223,0.6176451121847982,0
2023-07-28 11:19:18,19002.9,5718,1,18939.01,6650,7223,0.6176451121847982,0
2023-07-28 11:19:18,19002.9,5718,1,18939.01,6651,7222,0.6176451121847982,0
2023-07-28 11:19:18,19002.9,5718,1,18939.01,6652,7222,0.6176451121847982,0
2023-07-28 11:19:18,19002.9,5718,1,18939.01,6652,7222,0.6176451121847982,0
2023-07-28 11:19:18,19002.9,5718,1,18939.01,6652,7223,0.6176451121847982,0
2023-07-28 11:19:18,19002.9,5718,1,18939.01,6657,7223,0.6176451121847982,0
2023-07-28 11:19:18,19002.9,5718,1,18939.01,6660,7223,0.6176451121847982,0
2023-07-28 11:19:18,19002.9,5718,1,18939.01,6661,7223,0.6176451121847982,0
2023-07-28 11:19:18,19002.9,5718,1,18939.01,6661,7223,0.6176451121847982,0
2023-07-28 11:19:18,19002.9,5718,1,18939.01,6660,7223,0.6176451121847982,0
2023-07-28 11:19:18,19002.9,5718,1,18939.01,6660,7223,0.6176451121847982,0
2023-07-28 11:19:18,19002.9,5718,1,18939.01,6660,7223,0.6176451121847982,0
2023-07-28 11:19:18,19002.9,5718,1,18939.01,6660,7223,0.6176451121847982,0
2023-07-28 11:19:18,19002.9,5718,1,18939.01,6660,7224,0.6176451121847982,0
2023-07-28 11:19:18,19002.9,5718,1,18939.01,6660,7223,0.6176451121847982,0
2023-07-28 11:19:18,19002.9,5718,1,18939.01,6660,7224,0.6176451121847982,0
2023-07-28 11:19:18,19002.9,5718,1,18939.01,6660,7224,0.6176451121847982,0
2023-07-28 11:19:18,19002.9,5718,1,18939.01,6660,7224,0.6176451121847982,0
2023-07-28 11:19:18,19002.9,5718,1,18939.01,6658,7233,0.6176451121847982,0
2023-07-28 11:19:18,19002.9,5718,1,18939.01,6658,7235,0.6176451121847982,0
2023-07-28 11:19:18,19002.9,5718,1,18939.01,6658,7235,0.6176451121847982,0
2023-07-28 11:19:18,19002.9,5718,1,18939.01,6658,7236,0.6176451121847982,0
2023-07-28 11:19:18,19002.9,5718,1,18939.01,6660,7233,0.6176451121847982,0
2023-07-28 11:19:18,19002.9,5718,1,18939.01,6410,7233,0.6176451121847982,0
2023-07-28 11:19:18,19002.9,5718,1,18939.01,6661,7233,0.6176451121847982,0
2023-07-28 11:19:18,19002.9,5718,1,18939.01,6661,7233,0.6176451121847982,0
2023-07-28 11:19:18,19002.9,5718,1,18939.01,6661,7233,0.6176451121847982,0
2023-07-28 11:19:18,19002.9,5718,1,18939.01,6410,7237,0.6176451121847982,0
2023-07-28 11:19:18,19002.9,5718,1,18939.01,6660,7236,0.6176451121847982,0
2023-07-28 11:19:18,19002.9,5718,1,18939.01,6662,7235,0.6176451121847982,0
2023-07-28 11:19:18,19002.9,5718,1,18939.01,6662,7235,0.6176451121847982,0
2023-07-28 11:19:18,19002.9,5718,1,18939.01,6662,7235,0.6176451121847982,0
2023-07-28 11:21:05,18995.05,5733,1,18939.16,6658,7238,0.5760804818320168,0
2023-07-28 11:21:05,18995.05,5733,1,18939.16,6659,7237,0.5760804818320168,0
2023-07-28 11:21:05,18995.05,5733,1,18939.16,6661,7234,0.5760804818320168,0
2023-07-28 11:21:05,18995.05,5733,1,18939.16,6661,7235,0.5760804818320168,0
2023-07-28 11:21:05,18995.05,5733,1,18939.16,6659,7242,0.5760804818320168,0
2023-07-28 11:21:05,18995.05,5733,1,18939.16,6662,7239,0.5760804818320168,0
2023-07-28 11:21:05,18995.05,5733,1,18939.16,6662,7240,0.5760804818320168,0
2023-07-28 11:21:05,18995.05,5733,1,18939.16,6662,7239,0.5760804818320168,0
2023-07-28 11:21:05,18995.05,5733,1,18939.16,6662,7241,0.5760804818320168,0
2023-07-28 11:21:05,18995.05,5733,1,18939.16,6662,7242,0.5760804818320168,0
2023-07-28 11:21:05,18995.05,5733,1,18939.16,6662,7242,0.5760804818320168,0
2023-07-28 11:21:05,18995.05,5733,1,18939.16,6662,7241,0.5760804818320168,0
2023-07-28 11:21:05,18995.05,5733,1,18939.16,6661,7242,0.5760804818320168,0
2023-07-28 11:21:05,18995.05,5733,1,18939.16,6411,7242,0.5760804818320168,0
2023-07-28 11:21:05,18995.05,5733,1,18939.16,6659,7242,0.5760804818320168,0
2023-07-28 11:21:05,18995.05,5733,1,18939.16,6661,7242,0.5760804818320168,0
2023-07-28 11:21:05,18995.05,5733,1,18939.16,6660,7241,0.5760804818320168,0
2023-07-28 11:21:05,18995.05,5733,1,18939.16,6659,7241,0.5760804818320168,0
2023-07-28 11:21:05,18995.05,5733,1,18939.16,6659,7240,0.5760804818320168,0
2023-07-28 11:21:05,18995.05,5733,1,18939.16,6408,7244,0.5760804818320168,0
2023-07-28 11:21:05,18995.05,5733,1,18939.16,6659,7244,0.5760804818320168,0
2023-07-28 11:21:05,18995.05,5733,1,18939.16,6409,7242,0.5760804818320168,0
2023-07-28 11:21:05,18995.05,5733,1,18939.16,6658,7242,0.5760804818320168,0
2023-07-28 11:21:05,18995.05,5733,1,18939.16,6408,7241,0.5760804818320168,0
2023-07-28 11:21:05,18995.05,5733,1,18939.16,6662,7241,0.5760804818320168,0
2023-07-28 11:21:05,18995.05,5733,1,18939.16,6660,7242,0.5760804818320168,0
2023-07-28 11:21:05,18995.05,5733,1,18939.16,6659,7243,0.5760804818320168,0
2023-07-28 11:21:05,18995.05,5733,1,18939.16,6666,7242,0.5760804818320168,0
2023-07-28 11:21:05,18995.05,5733,1,18939.16,6407,7243,0.5760804818320168,0
2023-07-28 11:21:05,18995.05,5733,1,18939.16,6659,7241,0.5760804818320168,0
2023-07-28 11:21:05,18995.05,5733,1,18939.16,6658,7240,0.5760804818320168,0
2023-07-28 11:21:05,18995.05,5733,1,18939.16,6659,7241,0.5760804818320168,0
2023-07-28 11:21:05,18995.05,5733,1,18939.16,6659,7241,0.5760804818320168,0
2023-07-28 11:21:05,18995.05,5733,1,18939.16,6660,7241,0.5760804818320168,0
2023-07-28 11:21:05,18995.05,5733,1,18939.16,6661,7241,0.5760804818320168,0
2023-07-28 11:21:05,18995.05,5733,1,18939.16,6411,7241,0.5760804818320168,0
2023-07-28 11:21:05,18995.05,5733,1,18939.16,6408,7236,0.5760804818320168,0
2023-07-28 11:21:05,18995.05,5733,1,18939.16,6642,7235,0.5760804818320168,0
2023-07-28 11:21:05,18995.05,5733,1,18939.16,6640,7234,0.5760804818320168,0
2023-07-28 11:21:05,18995.05,5733,1,18939.16,6643,7234,0.5760804818320168,0
2023-07-28 11:21:05,18995.05,5733,1,18939.16,6643,7235,0.5760804818320168,0
2023-07-28 11:21:05,18995.05,5733,1,18939.16,6393,7235,0.5760804818320168,0
2023-07-28 11:21:05,18995.05,5733,1,18939.16,6640,7233,0.5760804818320168,0
2023-07-28 11:21:05,18995.05,5733,1,18939.16,6640,7235,0.5760804818320168,0
2023-07-28 11:21:05,18995.05,5733,1,18939.16,6640,7235,0.5760804818320168,0
2023-07-28 11:21:05,18995.05,5733,1,18939.16,6392,7236,0.5760804818320168,0
2023-07-28 11:21:05,18995.05,5733,1,18939.16,6392,7236,0.5760804818320168,0
2023-07-28 11:21:05,18995.05,5733,1,18939.16,6392,7236,0.5760804818320168,0
2023-07-28 11:21:05,18995.05,5733,1,18939.16,6392,7236,0.5760804818320168,0
2023-07-28 11:21:05,18995.05,5733,1,18939.16,6640,7235,0.5760804818320168,0
2023-07-28 11:21:05,18995.05,5733,1,18939.16,6640,7235,0.5760804818320168,0
2023-07-28 11:21:05,18995.05,5733,1,18939.16,6640,7235,0.5760804818320168,0
2023-07-28 11:21:05,18995.05,5733,1,18939.16,6643,7233,0.5760804818320168,0
2023-07-28 11:21:05,18995.05,5733,1,18939.16,6640,7234,0.5760804818320168,0
2023-07-28 11:21:05,18995.05,5733,1,18939.16,6393,7234,0.5760804818320168,0
2023-07-28 11:21:05,18995.05,5733,1,18939.16,6643,7233,0.5760804818320168,0
2023-07-28 11:21:05,18995.05,5733,1,18939.16,6643,7234,0.5760804818320168,0
2023-07-28 11:21:05,18995.05,5733,1,18939.16,6643,7234,0.5760804818320168,0
2023-07-28 11:21:05,18995.05,5733,1,18939.16,6642,7233,0.5760804818320168,0
2023-07-28 11:21:05,18995.05,5733,1,18939.16,6392,7235,0.5760804818320168,0
2023-07-28 11:21:05,18995.05,5733,1,18939.16,6642,7234,0.5760804818320168,0
2023-07-28 11:23:50,18999.35,5736,1,18939.19,6640,7184,0.5988483685220652,0
2023-07-28 11:23:50,18999.35,5736,1,18939.19,6640,7235,0.5988483685220652,0
2023-07-28 11:23:50,18990.05,5736,1,18939.19,6640,7235,0.5496061949831188,0
2023-07-28 11:24:00,18990.05,5761,1,18939.43,6628,7238,0.5496061949831188,0
2023-07-28 11:24:00,18990.05,5761,1,18939.43,6636,7232,0.5496061949831188,0
2023-07-28 11:24:00,18990.05,5761,1,18939.43,6386,7229,0.5496061949831188,0
2023-07-28 11:24:00,18990.05,5761,1,18939.43,6635,7228,0.5496061949831188,0
2023-07-28 11:24:00,18990.05,5761,1,18939.43,6635,7242,0.5496061949831188,0
2023-07-28 11:24:00,18990.05,5761,1,18939.43,6636,7245,0.5496061949831188,0
2023-07-28 11:24:00,18990.05,5761,1,18939.43,6636,7242,0.5496061949831188,0
2023-07-28 11:24:00,18990.05,5761,1,18939.43,6634,7242,0.5496061949831188,0
2023-07-28 11:24:00,18990.05,5761,1,18939.43,6635,7244,0.5496061949831188,0
2023-07-28 11:24:00,18990.05,5761,1,18939.43,6385,7243,0.5496061949831188,0
2023-07-28 11:24:00,18990.05,5761,1,18939.43,6635,7245,0.5496061949831188,0
2023-07-28 11:24:00,18990.05,5761,1,18939.43,6635,7244,0.5496061949831188,0
2023-07-28 11:24:00,18990.05,5761,1,18939.43,6636,7244,0.5496061949831188,0
2023-07-28 11:24:18,18990.15,5762,1,18939.44,6385,7244,0.5501356807201083,0
2023-07-28 11:24:18,18990.15,5762,1,18939.44,6637,7244,0.5501356807201083,0
2023-07-28 11:24:18,18990.15,5762,1,18939.44,6635,7244,0.5501356807201083,0
2023-07-28 11:24:18,18990.15,5762,1,18939.44,6635,7260,0.5501356807201083,0
2023-07-28 11:24:18,18990.15,5762,1,18939.44,6636,7260,0.5501356807201083,0
2023-07-28 11:24:18,18990.15,5762,1,18939.44,6634,7260,0.5501356807201083,0
2023-07-28 11:24:18,18990.15,5762,1,18939.44,6635,7260,0.5501356807201083,0
2023-07-28 11:24:18,18990.15,5762,1,18939.44,6637,7260,0.5501356807201083,0
2023-07-28 11:24:18,18990.15,5762,1,18939.44,6634,7260,0.5501356807201083,0
2023-07-28 11:24:18,18990.15,5762,1,18939.44,6632,7260,0.5501356807201083,0
2023-07-28 11:24:18,18990.15,5762,1,18939.44,6634,7261,0.5501356807201083,0
2023-07-28 11:24:18,18990.15,5762,1,18939.44,6388,7260,0.5501356807201083,0
2023-07-28 11:24:18,18990.15,5762,1,18939.44,6634,7260,0.5501356807201083,0
2023-07-28 11:24:18,18990.15,5762,1,18939.44,6384,7260,0.5501356807201083,0
2023-07-28 11:24:18,18990.15,5762,1,18939.44,6632,7263,0.5501356807201083,0
2023-07-28 11:24:18,18990.15,5762,1,18939.44,6633,7261,0.5501356807201083,0
2023-07-28 11:24:36,18990.25,5767,5,18939.48,6631,7265,0.5506651664570785,0
2023-07-28 11:24:36,18990.25,5767,5,18939.48,6639,7263,0.5506651664570785,0
2023-07-28 11:24:36,18990.25,5767,5,18939.48,6639,7263,0.5506651664570785,0
2023-07-28 11:24:36,18990.25,5767,5,18939.48,6639,7263,0.5506651664570785,0
2023-07-28 11:24:36,18990.25,5767,5,18939.48,6389,7265,0.5506651664570785,0
2023-07-28 11:24:36,18990.25,5767,5,18939.48,6639,7264,0.5506651664570785,0
2023-07-28 11:24:36,18990.25,5767,5,18939.48,6389,7267,0.5506651664570785,0
2023-07-28 11:24:36,18990.25,5767,5,18939.48,6639,7268,0.5506651664570785,0
2023-07-28 11:24:36,18990.25,5767,2,18939.48,6639,7268,0.5506651664570785,0
2023-07-28 11:24:45,18990.25,5769,2,18939.5,6639,7268,0.5506651664570785,0
2023-07-28 11:24:45,18990.25,5769,2,18939.5,6630,7269,0.5506651664570785,0
2023-07-28 11:24:45,18990.25,5769,2,18939.5,6630,7269,0.5506651664570785,0
2023-07-28 11:24:45,18990.25,5769,2,18939.5,6355,7281,0.5506651664570785,0
2023-07-28 11:24:45,18990.25,5769,2,18939.5,6617,7273,0.5506651664570785,0
2023-07-28 11:24:45,18999.65,5769,1,18939.5,6588,7281,0.6004368257330145,0
2023-07-28 11:24:58,18999.65,5772,1,18939.53,6611,7266,0.6004368257330145,0
2023-07-28 11:24:58,18999.65,5772,1,18939.53,6373,7263,0.6004368257330145,0
2023-07-28 11:24:58,18999.65,5772,1,18939.53,6625,7269,0.6004368257330145,0
2023-07-28 11:24:58,18999.65,5772,1,18939.53,6625,7269,0.6004368257330145,0
2023-07-28 11:24:58,18999.65,5772,1,18939.53,6630,7268,0.6004368257330145,0
2023-07-28 11:24:58,18999.65,5772,1,18939.53,6627,7268,0.6004368257330145,0
2023-07-28 11:24:58,18999.65,5772,1,18939.53,6621,7272,0.6004368257330145,0
2023-07-28 11:24:58,18999.65,5772,1,18939.53,6369,7272,0.6004368257330145,0
2023-07-28 11:24:58,18999.65,5772,1,18939.53,6619,7272,0.6004368257330145,0
2023-07-28 11:24:58,18999.65,5772,1,18939.53,6619,7270,0.6004368257330145,0
2023-07-28 11:24:58,18999.65,5772,1,18939.53,6619,7270,0.6004368257330145,0
2023-07-28 11:24:58,18999.65,5772,1,18939.53,6620,7270,0.6004368257330145,0
2023-07-28 11:24:58,18999.65,5772,1,18939.53,6602,7278,0.6004368257330145,0
2023-07-28 11:24:58,18999.65,5772,1,18939.53,6598,7277,0.6004368257330145,0
2023-07-28 11:24:58,18999.65,5772,1,18939.53,6357,7277,0.6004368257330145,0
2023-07-28 11:24:58,18999.65,5772,1,18939.53,6608,7276,0.6004368257330145,0
2023-07-28 11:24:58,18999.65,5772,3,18939.53,6608,7276,0.6004368257330145,0
2023-07-28 11:25:24,18999.65,5775,3,18939.56,6603,7280,0.6004368257330145,0
2023-07-28 11:25:24,18999.65,5775,3,18939.56,6604,7288,0.6004368257330145,0
2023-07-28 11:25:24,18999.65,5775,3,18939.56,6352,7287,0.6004368257330145,0
2023-07-28 11:25:24,18999.65,5775,3,18939.56,6359,7280,0.6004368257330145,0
2023-07-28 11:25:24,18999.65,5775,3,18939.56,6609,7279,0.6004368257330145,0
2023-07-28 11:25:24,18999.65,5775,3,18939.56,6609,7280,0.6004368257330145,0
2023-07-28 11:25:24,18999.65,5775,3,18939.56,6359,7280,0.6004368257330145,0
2023-07-28 11:25:24,18999.65,5775,3,18939.56,6611,7278,0.6004368257330145,0
2023-07-28 11:25:24,18999.65,5775,3,18939.56,6611,7279,0.6004368257330145,0
2023-07-28 11:25:24,18999.65,5775,3,18939.56,6615,7276,0.6004368257330145,0
2023-07-28 11:25:24,18999.65,5775,3,18939.56,6610,7277,0.6004368257330145,0
2023-07-28 11:25:24,18999.65,5775,3,18939.56,6604,7279,0.6004368257330145,0
2023-07-28 11:25:24,18999.65,5775,3,18939.56,6608,7277,0.6004368257330145,0
2023-07-28 11:25:24,18999.65,5775,3,18939.56,6629,7273,0.6004368257330145,0
2023-07-28 11:25:24,18999.65,5775,3,18939.56,6369,7280,0.6004368257330145,0
2023-07-28 11:25:24,18999.65,5775,3,18939.56,6618,7280,0.6004368257330145,0
2023-07-28 11:25:24,18999.65,5775,3,18939.56,6370,7269,0.6004368257330145,0
2023-07-28 11:25:24,18999.65,5775,3,18939.56,6620,7269,0.6004368257330145,0
2023-07-28 11:25:24,18999.65,5775,3,18939.56,6621,7268,0.6004368257330145,0
2023-07-28 11:25:24,18999.65,5775,3,18939.56,6623,7269,0.6004368257330145,0
2023-07-28 11:25:24,18999.65,5775,3,18939.56,6623,7268,0.6004368257330145,0
2023-07-28 11:25:24,18999.65,5775,3,18939.56,6624,7263,0.6004368257330145,0
2023-07-28 11:25:24,18999.65,5775,3,18939.56,6368,7268,0.6004368257330145,0
2023-07-28 11:25:24,18999.65,5775,3,18939.56,6617,7274,0.6004368257330145,0
2023-07-28 11:26:14,18988.85,5777,1,18939.58,6623,7267,0.5432523661393794,0
2023-07-28 11:26:14,18988.85,5777,1,18939.58,6621,7269,0.5432523661393794,0
2023-07-28 11:26:14,18988.85,5777,1,18939.58,6623,7269,0.5432523661393794,0
2023-07-28 11:26:14,18988.85,5777,1,18939.58,6622,7272,0.5432523661393794,0
2023-07-28 11:26:14,18988.85,5777,1,18939.58,6624,7269,0.5432523661393794,0
2023-07-28 11:26:14,18988.85,5777,1,18939.58,6623,7270,0.5432523661393794,0
2023-07-28 11:26:14,18988.85,5777,1,18939.58,6620,7271,0.5432523661393794,0
2023-07-28 11:26:14,18988.85,5777,1,18939.58,6620,7270,0.5432523661393794,0
2023-07-28 11:26:14,18988.85,5777,1,18939.58,6619,7271,0.5432523661393794,0
2023-07-28 11:26:14,18988.85,5777,1,18939.58,6369,7272,0.5432523661393794,0
2023-07-28 11:26:14,18988.85,5777,1,18939.58,6611,7278,0.5432523661393794,0
