2023-07-28 10:49:16,376.9,1383602,2,375.6,570121,609921,-0.6196440342781866,0
2023-07-28 10:49:16,376.9,1383602,10,375.6,570121,609921,-0.6196440342781866,0
2023-07-28 10:49:29,376.9,1383647,2,375.6,570054,610381,-0.6196440342781866,0
2023-07-28 10:49:29,376.75,1383647,2,375.6,570054,610381,-0.6591957811470006,0
2023-07-28 10:49:33,376.75,1383787,2,375.6,570162,610472,-0.6591957811470006,0
2023-07-28 10:49:33,376.75,1383787,10,375.6,570162,610472,-0.6591957811470006,0
2023-07-28 10:49:35,376.75,1383897,10,375.6,570239,610555,-0.6591957811470006,0
2023-07-28 10:49:39,376.65,1384410,323,375.6,568588,614339,-0.6855636123928867,0
2023-07-28 10:49:39,376.75,1384410,1,375.6,568588,614339,-0.6591957811470006,0
2023-07-28 10:49:40,376.75,1384411,1,375.6,568600,614817,-0.6591957811470006,0
2023-07-28 10:49:40,376.75,1384411,2,375.6,568600,614817,-0.6591957811470006,0
2023-07-28 10:49:44,376.6,1384418,5,375.6,569203,614278,-0.6987475280158147,0
2023-07-28 10:49:44,376.6,1384418,8,375.6,569203,614278,-0.6987475280158147,0
2023-07-28 10:49:46,376.6,1384426,8,375.6,569638,613616,-0.6987475280158147,0
2023-07-28 10:49:46,376.6,1384426,8,375.6,569292,614196,-0.6987475280158147,0
2023-07-28 10:49:46,376.6,1384426,8,375.6,565003,615556,-0.6987475280158147,0
2023-07-28 10:49:46,376.7,1384426,98,375.6,565003,615556,-0.6723796967699437,0
2023-07-28 10:49:46,376.7,1384426,100,375.6,565003,615556,-0.6723796967699437,0
2023-07-28 10:49:55,376.7,1384626,100,375.6,565758,613929,-0.6723796967699437,0
2023-07-28 10:49:55,376.75,1384626,50,375.6,565758,613929,-0.6591957811470006,0
2023-07-28 10:49:58,376.6,1384746,25,375.6,566860,613549,-0.6987475280158147,0
2023-07-28 10:49:58,376.6,1384746,46,375.6,566860,613549,-0.6987475280158147,0
2023-07-28 10:50:01,376.75,1384917,18,375.6,565918,613766,-0.6591957811470006,0
2023-07-28 10:50:01,376.75,1384917,1,375.6,565918,613766,-0.6591957811470006,0
2023-07-28 10:50:01,376.7,1384917,5,375.6,565918,613766,-0.6723796967699437,0
2023-07-28 10:50:02,376.7,1385122,5,375.6,564689,615165,-0.6723796967699437,0
2023-07-28 10:50:02,376.6,1385122,22,375.6,564689,615165,-0.6987475280158147,0
2023-07-28 10:50:02,376.6,1385122,4,375.6,564689,615165,-0.6987475280158147,0
2023-07-28 10:50:06,376.7,1386089,1,375.6,563726,617028,-0.6723796967699437,0
2023-07-28 10:50:06,376.7,1386089,1,375.6,563726,617028,-0.6723796967699437,0
2023-07-28 10:50:06,376.6,1386089,78,375.6,563726,617028,-0.6987475280158147,0
2023-07-28 10:50:06,376.65,1386089,106,375.6,563726,617028,-0.6855636123928867,0
2023-07-28 10:50:09,376.65,1386460,1,375.61,564957,615126,-0.6855636123928867,0
2023-07-28 10:50:09,376.65,1386460,100,375.61,564957,615126,-0.6855636123928867,0
2023-07-28 10:50:09,376.6,1386460,63,375.61,564957,615126,-0.6987475280158147,0
2023-07-28 10:50:11,376.65,1386630,2,375.61,565126,614723,-0.6855636123928867,0
2023-07-28 10:50:11,376.6,1386630,2,375.61,565126,614723,-0.6987475280158147,0
2023-07-28 10:50:12,376.6,1386637,2,375.61,565475,614912,-0.6987475280158147,0
2023-07-28 10:50:12,376.6,1386637,2,375.61,566946,614831,-0.6987475280158147,0
2023-07-28 10:50:12,376.6,1386637,2,375.61,568073,614362,-0.6987475280158147,0
2023-07-28 10:50:12,376.6,1386637,2,375.61,568073,614362,-0.6987475280158147,0
2023-07-28 10:50:12,376.6,1386637,2,375.61,568073,614362,-0.6987475280158147,0
2023-07-28 10:50:12,376.6,1386637,2,375.61,568073,614362,-0.6987475280158147,0
2023-07-28 10:50:12,376.6,1386637,2,375.61,568073,614362,-0.6987475280158147,0
2023-07-28 10:50:12,376.6,1386637,2,375.61,567920,614492,-0.6987475280158147,0
2023-07-28 10:50:12,376.6,1386637,2,375.61,567920,614492,-0.6987475280158147,0
2023-07-28 10:50:12,376.6,1386637,2,375.61,567920,614492,-0.6987475280158147,0
2023-07-28 10:50:12,376.6,1386637,2,375.61,567920,614492,-0.6987475280158147,0
2023-07-28 10:50:25,376.6,1386662,3,375.61,567488,614301,-0.6987475280158147,0
2023-07-28 10:50:25,376.6,1386662,3,375.61,567303,614101,-0.6987475280158147,0
2023-07-28 10:50:25,376.6,1386662,3,375.61,568707,613682,-0.6987475280158147,0
2023-07-28 10:50:25,376.6,1386662,3,375.61,568886,614243,-0.6987475280158147,0
2023-07-28 10:50:25,376.6,1386662,128,375.61,568886,614243,-0.6987475280158147,0
2023-07-28 10:50:38,376.6,1386931,128,375.61,565488,614603,-0.6987475280158147,0
2023-07-28 10:50:38,376.6,1386931,128,375.61,568245,614579,-0.6987475280158147,0
2023-07-28 10:50:38,376.75,1386931,6,375.61,568245,614579,-0.6591957811470006,0
2023-07-28 10:50:43,376.75,1386937,6,375.61,568531,613542,-0.6591957811470006,0
2023-07-28 10:50:43,376.55,1386937,2,375.61,568531,613542,-0.7119314436387577,0
2023-07-28 10:50:43,376.55,1386937,13,375.61,568531,613542,-0.7119314436387577,0
2023-07-28 10:50:48,376.55,1386989,68,375.61,569557,613542,-0.7119314436387577,0
2023-07-28 10:50:51,376.6,1387079,2,375.61,570043,613739,-0.6987475280158147,0
2023-07-28 10:50:57,376.6,1387081,2,375.61,570043,613749,-0.6987475280158147,0
2023-07-28 10:50:57,376.6,1387081,2,375.61,570043,613748,-0.6987475280158147,0
2023-07-28 10:51:04,376.75,1387086,5,375.61,570148,613743,-0.6591957811470006,0
2023-07-28 10:51:04,376.65,1387086,35,375.61,570148,613743,-0.6855636123928867,0
2023-07-28 10:51:06,376.65,1387121,35,375.61,569255,613802,-0.6855636123928867,0
2023-07-28 10:51:06,376.65,1387121,35,375.61,569390,613625,-0.6855636123928867,0
2023-07-28 10:51:06,376.75,1387121,1,375.61,569390,613625,-0.6591957811470006,0
2023-07-28 10:51:13,376.75,1387122,1,375.61,569608,613244,-0.6591957811470006,0
2023-07-28 10:51:13,376.75,1387122,3,375.61,569608,613244,-0.6591957811470006,0
2023-07-28 10:51:14,376.75,1387271,3,375.61,569195,613198,-0.6591957811470006,0
2023-07-28 10:51:14,376.75,1387271,30,375.61,569195,613198,-0.6591957811470006,0
2023-07-28 10:51:14,376.6,1387271,124,375.61,569195,613198,-0.6987475280158147,0
2023-07-28 10:51:17,376.6,1387851,124,375.61,568696,613306,-0.6987475280158147,0
2023-07-28 10:51:17,376.55,1387851,15,375.61,568696,613306,-0.7119314436387577,0
2023-07-28 10:51:20,376.75,1387976,1,375.61,568989,613318,-0.6591957811470006,0
2023-07-28 10:51:20,376.55,1387976,1,375.61,568989,613318,-0.7119314436387577,0
2023-07-28 10:51:23,376.55,1387978,1,375.61,569050,613230,-0.7119314436387577,0
2023-07-28 10:51:23,376.55,1387978,1,375.61,569557,613230,-0.7119314436387577,0
2023-07-28 10:51:23,376.55,1387978,1,375.61,569557,613230,-0.7119314436387577,0
2023-07-28 10:51:27,376.55,1387979,1,375.61,569727,613230,-0.7119314436387577,0
2023-07-28 10:51:27,376.55,1387979,1,375.61,569835,613254,-0.7119314436387577,0
2023-07-28 10:51:27,376.75,1387979,1,375.61,569835,613254,-0.6591957811470006,0
2023-07-28 10:51:27,376.75,1387979,2,375.61,569835,613254,-0.6591957811470006,0
2023-07-28 10:51:27,376.55,1387979,68,375.61,569835,613254,-0.7119314436387577,0
2023-07-28 10:51:35,376.55,1388097,68,375.61,569893,613251,-0.7119314436387577,0
2023-07-28 10:51:35,376.75,1388097,1,375.61,569893,613251,-0.6591957811470006,0
2023-07-28 10:51:38,376.75,1388098,1,375.61,570240,613735,-0.6591957811470006,0
2023-07-28 10:51:38,376.75,1388098,1,375.61,570236,614222,-0.6591957811470006,0
2023-07-28 10:51:38,376.75,1388098,1,375.61,570900,613845,-0.6591957811470006,0
2023-07-28 10:51:38,376.75,1388098,1,375.61,569528,614375,-0.6591957811470006,0
2023-07-28 10:51:38,376.55,1388098,1,375.61,569528,614375,-0.7119314436387577,0
2023-07-28 10:51:47,376.55,1388099,1,375.61,569671,614737,-0.7119314436387577,0
2023-07-28 10:51:47,376.55,1388099,48,375.61,569671,614737,-0.7119314436387577,0
2023-07-28 10:51:51,376.75,1388381,1,375.61,568893,614551,-0.6591957811470006,0
2023-07-28 10:51:51,376.75,1388381,8,375.61,568893,614551,-0.6591957811470006,0
2023-07-28 10:51:51,376.75,1388381,37,375.61,568893,614551,-0.6591957811470006,0
2023-07-28 10:51:53,376.75,1388455,37,375.61,569684,614040,-0.6591957811470006,0
2023-07-28 10:51:53,376.75,1388455,30,375.61,569684,614040,-0.6591957811470006,0
2023-07-28 10:51:53,376.75,1388455,30,375.61,569684,614040,-0.6591957811470006,0
2023-07-28 10:51:56,376.75,1388515,30,375.61,569822,614040,-0.6591957811470006,0
2023-07-28 10:51:56,376.75,1388515,1,375.61,569822,614040,-0.6591957811470006,0
2023-07-28 10:51:59,376.75,1388574,29,375.61,569822,614105,-0.6591957811470006,0
2023-07-28 10:51:59,376.75,1388574,56,375.61,569822,614105,-0.6591957811470006,0
2023-07-28 10:51:59,376.8,1388574,13,375.61,569822,614105,-0.6460118655240576,0
2023-07-28 10:51:59,376.8,1388574,1,375.61,569822,614105,-0.6460118655240576,0
2023-07-28 10:51:59,376.8,1388574,13,375.61,569822,614105,-0.6460118655240576,0
2023-07-28 10:51:59,376.8,1388574,13,375.61,569822,614105,-0.6460118655240576,0
2023-07-28 10:52:05,376.8,1388759,13,375.61,570538,613786,-0.6460118655240576,0
2023-07-28 10:52:05,376.75,1388759,1,375.61,570538,613786,-0.6591957811470006,0
2023-07-28 10:52:05,376.8,1388759,2,375.61,570538,613786,-0.6460118655240576,0
2023-07-28 10:52:09,376.85,1388850,1,375.61,570992,614433,-0.6328279499011147,0
2023-07-28 10:52:09,376.9,1388850,400,375.61,570992,614433,-0.6196440342781866,0
2023-07-28 10:52:11,376.9,1389251,400,375.61,571172,613897,-0.6196440342781866,0
2023-07-28 10:52:11,376.9,1389251,400,375.61,571355,613702,-0.6196440342781866,0
2023-07-28 10:52:11,376.9,1389251,1,375.61,571355,613702,-0.6196440342781866,0
2023-07-28 10:52:11,376.9,1389251,10,375.61,571355,613702,-0.6196440342781866,0
2023-07-28 10:52:17,376.9,1389263,10,375.61,571344,613585,-0.6196440342781866,0
2023-07-28 10:52:17,376.9,1389263,15,375.61,571344,613585,-0.6196440342781866,0
2023-07-28 10:52:21,376.9,1389463,15,375.61,571520,613028,-0.6196440342781866,0
2023-07-28 10:52:21,376.9,1389463,15,375.61,571520,613038,-0.6196440342781866,0
2023-07-28 10:52:21,376.9,1389463,178,375.61,571520,613038,-0.6196440342781866,0
2023-07-28 10:52:21,376.9,1389463,15,375.61,571520,613038,-0.6196440342781866,0
2023-07-28 10:52:26,376.9,1389746,15,375.61,571570,613049,-0.6196440342781866,0
2023-07-28 10:52:26,376.9,1389746,76,375.61,571570,613049,-0.6196440342781866,0
2023-07-28 10:52:29,376.9,1389865,76,375.61,571560,612906,-0.6196440342781866,0
2023-07-28 10:52:29,376.9,1389865,76,375.61,571452,612859,-0.6196440342781866,0
2023-07-28 10:52:39,376.9,1389866,1,375.61,571272,613045,-0.6196440342781866,0
2023-07-28 10:52:39,376.9,1389866,1,375.61,571103,613176,-0.6196440342781866,0
2023-07-28 10:52:39,376.9,1389866,1,375.61,571149,613043,-0.6196440342781866,0
2023-07-28 10:52:39,376.9,1389866,5,375.61,571327,612890,-0.6196440342781866,0
2023-07-28 10:52:39,376.9,1389866,9,375.61,571327,612890,-0.6196440342781866,0
2023-07-28 10:52:48,376.9,1389880,9,375.61,571493,612584,-0.6196440342781866,0
2023-07-28 10:52:48,376.75,1389880,38,375.61,571493,612584,-0.6591957811470006,0
2023-07-28 10:52:51,376.75,1389930,38,375.61,571437,612645,-0.6591957811470006,0
2023-07-28 10:52:51,376.75,1389930,38,375.61,571860,612842,-0.6591957811470006,0
2023-07-28 10:52:51,376.75,1389930,38,375.61,571860,612647,-0.6591957811470006,0
2023-07-28 10:53:00,376.8,1389932,1,375.61,571955,612850,-0.6460118655240576,0
2023-07-28 10:53:00,376.65,1389932,34,375.61,571955,612850,-0.6855636123928867,0
2023-07-28 10:53:00,376.75,1389932,38,375.61,571955,612850,-0.6591957811470006,0
2023-07-28 10:53:03,376.8,1390306,5,375.61,571756,613897,-0.6460118655240576,0
2023-07-28 10:53:03,376.65,1390306,22,375.61,571756,613897,-0.6855636123928867,0
2023-07-28 10:53:06,376.8,1390378,27,375.61,571433,613706,-0.6460118655240576,0
2023-07-28 10:53:06,376.8,1390378,1,375.61,571433,613706,-0.6460118655240576,0
2023-07-28 10:53:09,376.9,1390506,45,375.61,572070,613571,-0.6196440342781866,0
2023-07-28 10:53:09,376.9,1390506,13,375.61,572070,613571,-0.6196440342781866,0
2023-07-28 10:53:11,376.9,1390658,13,375.61,573524,610533,-0.6196440342781866,0
2023-07-28 10:53:11,376.9,1390658,5,375.61,573524,610533,-0.6196440342781866,0
2023-07-28 10:53:15,376.95,1390858,23,375.61,575047,611885,-0.6064601186552436,0
2023-07-28 10:53:15,376.95,1390858,106,375.61,575047,611885,-0.6064601186552436,0
2023-07-28 10:53:15,376.95,1390858,106,375.61,575047,611885,-0.6064601186552436,0
2023-07-28 10:53:17,376.95,1391132,106,375.61,574478,611574,-0.6064601186552436,0
2023-07-28 10:53:17,376.95,1391132,15,375.61,574478,611574,-0.6064601186552436,0
2023-07-28 10:53:17,376.9,1391132,1,375.61,574478,611574,-0.6196440342781866,0
2023-07-28 10:53:19,376.9,1391256,1,375.61,575864,610505,-0.6196440342781866,0
2023-07-28 10:53:19,376.9,1391256,1,375.61,575864,610505,-0.6196440342781866,0
2023-07-28 10:53:19,376.9,1391256,1,375.61,575864,610505,-0.6196440342781866,0
2023-07-28 10:53:19,377.0,1391256,39,375.61,575864,610505,-0.5932762030323006,0
2023-07-28 10:53:22,377.0,1391509,39,375.61,576620,610643,-0.5932762030323006,0
2023-07-28 10:53:22,377.0,1391509,39,375.61,576620,610643,-0.5932762030323006,0
2023-07-28 10:53:22,377.0,1391509,39,375.61,576620,610643,-0.5932762030323006,0
2023-07-28 10:53:22,377.0,1391509,39,375.61,576620,610643,-0.5932762030323006,0
2023-07-28 10:53:25,377.0,1392158,5,375.61,576437,609994,-0.5932762030323006,0
2023-07-28 10:53:25,377.0,1392158,5,375.61,576437,609994,-0.5932762030323006,0
2023-07-28 10:53:26,377.0,1392363,5,375.61,575999,610043,-0.5932762030323006,0
2023-07-28 10:53:26,377.0,1392363,3,375.61,575999,610043,-0.5932762030323006,0
2023-07-28 10:53:29,377.0,1392627,3,375.61,576287,610023,-0.5932762030323006,0
2023-07-28 10:53:29,376.9,1392627,15,375.61,576287,610023,-0.6196440342781866,0
2023-07-28 10:53:29,376.95,1392627,1,375.61,576287,610023,-0.6064601186552436,0
2023-07-28 10:53:32,376.95,1392758,1,375.61,575364,609667,-0.6064601186552436,0
2023-07-28 10:53:32,376.9,1392758,1,375.61,575364,609667,-0.6196440342781866,0
2023-07-28 10:53:34,376.9,1392850,1,375.61,574497,612875,-0.6196440342781866,0
2023-07-28 10:53:34,376.9,1392850,1,375.61,574314,612740,-0.6196440342781866,0
2023-07-28 10:53:34,376.8,1392850,1,375.61,574314,612740,-0.6460118655240576,0
2023-07-28 10:53:34,376.95,1392850,1,375.61,574314,612740,-0.6064601186552436,0
2023-07-28 10:53:41,376.95,1392862,10,375.61,574232,612450,-0.6064601186552436,0
2023-07-28 10:53:41,376.8,1392862,2,375.61,574232,612450,-0.6460118655240576,0
2023-07-28 10:53:43,376.8,1392865,2,375.61,574793,612571,-0.6460118655240576,0
2023-07-28 10:53:43,376.95,1392865,1,375.61,574793,612571,-0.6064601186552436,0
2023-07-28 10:53:46,376.95,1392866,1,375.61,574895,612790,-0.6064601186552436,0
2023-07-28 10:53:46,376.95,1392866,100,375.61,574895,612790,-0.6064601186552436,0
2023-07-28 10:53:46,376.95,1392866,1,375.61,574895,612790,-0.6064601186552436,0
2023-07-28 10:53:50,376.95,1393076,5,375.61,575758,611607,-0.6064601186552436,0
2023-07-28 10:53:50,376.95,1393076,5,375.61,575758,611607,-0.6064601186552436,0
2023-07-28 10:53:50,376.95,1393076,5,375.61,575758,611607,-0.6064601186552436,0
2023-07-28 10:53:53,377.0,1393106,1,375.61,575760,611289,-0.5932762030323006,0
2023-07-28 10:53:53,376.95,1393106,1,375.61,575760,611289,-0.6064601186552436,0
2023-07-28 10:53:56,376.95,1393107,1,375.61,575039,611822,-0.6064601186552436,0
2023-07-28 10:53:56,376.95,1393107,1,375.61,575039,611822,-0.6064601186552436,0
2023-07-28 10:53:56,376.8,1393107,1,375.61,575039,611822,-0.6460118655240576,0
2023-07-28 10:53:59,376.95,1393113,4,375.61,575583,612279,-0.6064601186552436,0
2023-07-28 10:53:59,376.95,1393113,4,375.61,575583,612279,-0.6064601186552436,0
2023-07-28 10:54:00,376.95,1393117,1,375.61,575871,612079,-0.6064601186552436,0
2023-07-28 10:54:00,376.95,1393117,1,375.61,575871,612079,-0.6064601186552436,0
2023-07-28 10:54:03,376.95,1393119,4,375.61,575871,611999,-0.6064601186552436,0
2023-07-28 10:54:03,376.95,1393119,5,375.61,575871,611999,-0.6064601186552436,0
2023-07-28 10:54:03,376.8,1393119,19,375.61,575871,611999,-0.6460118655240576,0
2023-07-28 10:54:08,376.95,1393163,5,375.61,575391,612447,-0.6064601186552436,0
2023-07-28 10:54:08,376.95,1393163,5,375.61,575391,612447,-0.6064601186552436,0
2023-07-28 10:54:09,376.95,1393168,5,375.61,575634,612406,-0.6064601186552436,0
2023-07-28 10:54:09,376.95,1393168,5,375.61,575634,612406,-0.6064601186552436,0
2023-07-28 10:54:12,376.95,1393173,5,375.61,575813,612057,-0.6064601186552436,0
2023-07-28 10:54:12,376.95,1393173,1,375.61,575813,612057,-0.6064601186552436,0
2023-07-28 10:54:12,376.95,1393173,5,375.61,575813,612057,-0.6064601186552436,0
2023-07-28 10:54:15,376.95,1393179,5,375.61,576467,612087,-0.6064601186552436,0
2023-07-28 10:54:15,376.8,1393179,33,375.61,576467,612087,-0.6460118655240576,0
2023-07-28 10:54:18,376.95,1393220,3,375.61,576200,612278,-0.6064601186552436,0
2023-07-28 10:54:18,376.95,1393220,3,375.61,576200,612278,-0.6064601186552436,0
2023-07-28 10:54:18,376.95,1393220,3,375.61,576200,612278,-0.6064601186552436,0
2023-07-28 10:54:20,376.95,1393224,1,375.61,576250,612274,-0.6064601186552436,0
2023-07-28 10:54:20,376.95,1393224,1,375.61,576250,612274,-0.6064601186552436,0
2023-07-28 10:54:20,376.95,1393224,1,375.61,576250,612274,-0.6064601186552436,0
2023-07-28 10:54:23,376.95,1393297,1,375.61,576250,612193,-0.6064601186552436,0
2023-07-28 10:54:23,376.95,1393297,1,375.61,576250,612662,-0.6064601186552436,0
2023-07-28 10:54:23,376.8,1393297,1,375.61,576250,612662,-0.6460118655240576,0
2023-07-28 10:54:23,377.0,1393297,1,375.61,576250,612662,-0.5932762030323006,0
2023-07-28 10:54:27,377.0,1393410,1,375.61,576172,611986,-0.5932762030323006,0
2023-07-28 10:54:27,376.85,1393410,39,375.61,576172,611986,-0.6328279499011147,0
2023-07-28 10:54:29,376.8,1393449,71,375.61,575867,611980,-0.6460118655240576,0
2023-07-28 10:54:29,376.8,1393449,119,375.61,575867,611980,-0.6460118655240576,0
2023-07-28 10:54:31,376.8,1393639,119,375.61,575698,612002,-0.6460118655240576,0
2023-07-28 10:54:31,376.8,1393639,119,375.61,574287,611659,-0.6460118655240576,0
2023-07-28 10:54:31,376.8,1393639,119,375.61,573863,611820,-0.6460118655240576,0
2023-07-28 10:54:31,376.8,1393639,119,375.61,573283,612379,-0.6460118655240576,0
2023-07-28 10:54:31,376.8,1393639,119,375.61,573283,613648,-0.6460118655240576,0
2023-07-28 10:54:31,376.8,1393639,119,375.61,573352,613638,-0.6460118655240576,0
2023-07-28 10:54:31,376.8,1393639,119,375.61,573351,613639,-0.6460118655240576,0
2023-07-28 10:54:31,376.8,1393639,11,375.61,573351,613639,-0.6460118655240576,0
2023-07-28 10:54:55,376.8,1393650,11,375.61,573390,613624,-0.6460118655240576,0
2023-07-28 10:54:55,376.8,1393650,11,375.61,573286,615509,-0.6460118655240576,0
2023-07-28 10:54:55,376.95,1393650,2,375.61,573286,615509,-0.6064601186552436,0
2023-07-28 10:55:02,376.95,1393652,2,375.61,573329,615531,-0.6064601186552436,0
2023-07-28 10:55:02,376.8,1393652,2,375.61,573329,615531,-0.6460118655240576,0
2023-07-28 10:55:05,376.9,1394048,10,375.61,571937,617198,-0.6196440342781866,0
2023-07-28 10:55:05,376.9,1394048,10,375.61,572081,618644,-0.6196440342781866,0
2023-07-28 10:55:05,376.9,1394048,10,375.61,572214,618733,-0.6196440342781866,0
2023-07-28 10:55:05,376.9,1394048,10,375.61,572531,618280,-0.6196440342781866,0
2023-07-28 10:55:05,376.9,1394048,1,375.61,572531,618280,-0.6196440342781866,0
2023-07-28 10:55:15,376.9,1394049,1,375.61,572071,618581,-0.6196440342781866,0
2023-07-28 10:55:19,376.75,1394099,48,375.61,571260,619405,-0.6591957811470006,0
2023-07-28 10:55:19,376.75,1394099,52,375.61,571260,619405,-0.6591957811470006,0
2023-07-28 10:55:20,376.75,1394151,52,375.61,570537,619415,-0.6591957811470006,0
2023-07-28 10:55:20,376.75,1394151,52,375.61,573866,620100,-0.6591957811470006,0
2023-07-28 10:55:20,376.9,1394151,139,375.61,573866,620100,-0.6196440342781866,0
2023-07-28 10:55:26,376.9,1396651,139,375.61,574385,619023,-0.6196440342781866,0
2023-07-28 10:55:28,376.75,1396654,3,375.61,573283,620063,-0.6591957811470006,0
2023-07-28 10:55:28,376.65,1396654,1,375.61,573283,620063,-0.6855636123928867,0
2023-07-28 10:55:33,376.65,1396656,1,375.61,574302,620701,-0.6855636123928867,0
2023-07-28 10:55:33,376.65,1396656,107,375.61,574302,620701,-0.6855636123928867,0
2023-07-28 10:55:33,376.85,1396656,5,375.61,574302,620701,-0.6328279499011147,0
2023-07-28 10:55:36,376.85,1396869,5,375.61,574284,620636,-0.6328279499011147,0
2023-07-28 10:55:36,376.9,1396869,7,375.61,574284,620636,-0.6196440342781866,0
2023-07-28 10:55:39,376.65,1397145,9,375.61,574986,619946,-0.6855636123928867,0
2023-07-28 10:55:39,376.7,1397145,1,375.61,574986,619946,-0.6723796967699437,0
2023-07-28 10:55:41,376.7,1397196,1,375.61,574494,620604,-0.6723796967699437,0
2023-07-28 10:55:41,376.65,1397196,7,375.61,574494,620604,-0.6855636123928867,0
2023-07-28 10:55:43,376.65,1397469,7,375.61,574538,621779,-0.6855636123928867,0
2023-07-28 10:55:43,376.65,1397469,7,375.61,574908,622016,-0.6855636123928867,0
2023-07-28 10:55:43,376.65,1397469,7,375.61,575597,621835,-0.6855636123928867,0
2023-07-28 10:55:43,376.65,1397469,7,375.61,575596,621887,-0.6855636123928867,0
2023-07-28 10:55:56,376.85,1397472,3,375.61,575730,621780,-0.6328279499011147,0
2023-07-28 10:55:56,376.85,1397472,3,375.61,575594,621734,-0.6328279499011147,0
2023-07-28 10:56:02,376.6,1397575,20,375.61,575900,621710,-0.6987475280158147,0
2023-07-28 10:56:02,376.85,1397575,19,375.61,575900,621710,-0.6328279499011147,0
2023-07-28 10:56:04,376.85,1397675,19,375.61,574763,621268,-0.6328279499011147,0
2023-07-28 10:56:04,376.65,1397675,1,375.61,574763,621268,-0.6855636123928867,0
2023-07-28 10:56:06,376.65,1397686,10,375.61,583810,622456,-0.6855636123928867,0
2023-07-28 10:56:06,376.6,1397686,1,375.61,583810,622456,-0.6987475280158147,0
2023-07-28 10:56:06,376.6,1397686,2,375.61,583810,622456,-0.6987475280158147,0
2023-07-28 10:56:08,376.6,1397690,2,375.61,583796,622353,-0.6987475280158147,0
2023-07-28 10:56:08,376.65,1397690,1,375.61,583796,622353,-0.6855636123928867,0
2023-07-28 10:56:12,376.6,1397694,3,375.61,584356,622427,-0.6987475280158147,0
2023-07-28 10:56:12,376.6,1397694,3,375.61,584352,622427,-0.6987475280158147,0
2023-07-28 10:56:12,376.6,1397694,3,375.61,584664,622077,-0.6987475280158147,0
2023-07-28 10:56:12,376.6,1397694,3,375.61,584155,622416,-0.6987475280158147,0
2023-07-28 10:56:12,376.6,1397694,3,375.61,584155,622416,-0.6987475280158147,0
2023-07-28 10:56:12,376.6,1397694,3,375.61,584155,622416,-0.6987475280158147,0
2023-07-28 10:56:12,376.55,1397694,13,375.61,584155,622416,-0.7119314436387577,0
2023-07-28 10:56:22,376.55,1397783,13,375.61,584507,622211,-0.7119314436387577,0
2023-07-28 10:56:22,376.6,1397783,35,375.61,584507,622211,-0.6987475280158147,0
2023-07-28 10:56:22,376.3,1397783,25,375.61,584507,622211,-0.7778510217534578,0
2023-07-28 10:56:22,376.3,1397783,25,375.61,584507,622211,-0.7778510217534578,0
2023-07-28 10:56:25,376.35,1399418,1,375.62,566799,624788,-0.7646671061305148,0
2023-07-28 10:56:25,376.35,1399418,1,375.62,566799,624788,-0.7646671061305148,0
2023-07-28 10:56:25,376.35,1399418,25,375.62,566799,624788,-0.7646671061305148,0
2023-07-28 10:56:27,376.35,1399443,25,375.62,567449,625378,-0.7646671061305148,0
2023-07-28 10:56:27,376.2,1399443,9,375.62,567449,625378,-0.8042188529993438,0
2023-07-28 10:56:27,376.2,1399443,98,375.62,567449,625378,-0.8042188529993438,0
2023-07-28 10:56:30,376.35,1399550,10,375.62,567244,625426,-0.7646671061305148,0
2023-07-28 10:56:30,376.2,1399550,85,375.62,567244,625426,-0.8042188529993438,0
2023-07-28 10:56:33,376.2,1399645,85,375.62,567244,624716,-0.8042188529993438,0
2023-07-28 10:56:33,376.2,1399645,1,375.62,567244,624716,-0.8042188529993438,0
2023-07-28 10:56:33,376.35,1399645,5,375.62,567244,624716,-0.7646671061305148,0
2023-07-28 10:56:36,376.35,1399651,5,375.62,567204,624824,-0.7646671061305148,0
2023-07-28 10:56:36,376.2,1399651,3,375.62,567204,624824,-0.8042188529993438,0
2023-07-28 10:56:38,376.2,1399654,3,375.62,567393,625055,-0.8042188529993438,0
2023-07-28 10:56:38,376.35,1399654,100,375.62,567393,625055,-0.7646671061305148,0
2023-07-28 10:56:42,376.35,1399754,100,375.62,567521,624986,-0.7646671061305148,0
2023-07-28 10:56:42,376.35,1399754,10,375.62,567521,624986,-0.7646671061305148,0
2023-07-28 10:56:43,376.35,1399764,10,375.62,567513,624883,-0.7646671061305148,0
2023-07-28 10:56:43,376.35,1399764,10,375.62,567513,624883,-0.7646671061305148,0
2023-07-28 10:56:47,376.35,1399774,10,375.62,567703,624680,-0.7646671061305148,0
2023-07-28 10:56:47,376.2,1399774,5,375.62,567703,624680,-0.8042188529993438,0
2023-07-28 10:56:47,376.35,1399774,10,375.62,567703,624680,-0.7646671061305148,0
2023-07-28 10:56:50,376.35,1399789,10,375.62,567873,624564,-0.7646671061305148,0
2023-07-28 10:56:50,376.35,1399789,10,375.62,568153,624753,-0.7646671061305148,0
2023-07-28 10:56:50,376.35,1399789,1,375.62,568153,624753,-0.7646671061305148,0
2023-07-28 10:56:56,376.35,1399790,1,375.62,568846,624113,-0.7646671061305148,0
2023-07-28 10:56:56,376.35,1399790,1,375.62,568574,624459,-0.7646671061305148,0
2023-07-28 10:56:56,376.35,1399790,1,375.62,568574,624644,-0.7646671061305148,0
2023-07-28 10:57:04,376.35,1400803,238,375.62,580922,622995,-0.7646671061305148,0
2023-07-28 10:57:04,376.4,1400803,13,375.62,580922,622995,-0.7514831905075867,0
2023-07-28 10:57:04,376.35,1400803,33,375.62,580922,622995,-0.7646671061305148,0
2023-07-28 10:57:07,376.35,1401242,1,375.62,581738,620565,-0.7646671061305148,0
2023-07-28 10:57:07,376.35,1401242,1,375.62,581618,622243,-0.7646671061305148,0
2023-07-28 10:57:07,376.35,1401242,1,375.62,581311,622036,-0.7646671061305148,0
2023-07-28 10:57:07,376.4,1401242,18,375.62,581311,622036,-0.7514831905075867,0
2023-07-28 10:57:15,376.4,1401260,18,375.62,585059,621690,-0.7514831905075867,0
2023-07-28 10:57:15,376.4,1401260,17,375.62,585059,621690,-0.7514831905075867,0
2023-07-28 10:57:15,376.6,1401260,4,375.62,585059,621690,-0.6987475280158147,0
2023-07-28 10:57:19,376.6,1401370,4,375.62,581173,622109,-0.6987475280158147,0
2023-07-28 10:57:21,376.4,1401396,26,375.62,580313,623706,-0.7514831905075867,0
2023-07-28 10:57:21,376.4,1401396,26,375.62,579950,623730,-0.7514831905075867,0
2023-07-28 10:57:21,376.4,1401396,26,375.62,579946,623917,-0.7514831905075867,0
2023-07-28 10:57:21,376.4,1401396,26,375.62,580636,623430,-0.7514831905075867,0
2023-07-28 10:57:21,376.4,1401396,26,375.62,581135,623250,-0.7514831905075867,0
2023-07-28 10:57:21,376.4,1401396,26,375.62,581135,623287,-0.7514831905075867,0
2023-07-28 10:57:21,376.4,1401396,26,375.62,581133,623837,-0.7514831905075867,0
2023-07-28 10:57:21,376.4,1401396,26,375.62,580950,624446,-0.7514831905075867,0
2023-07-28 10:57:21,376.4,1401396,26,375.62,580950,624122,-0.7514831905075867,0
2023-07-28 10:57:21,376.4,1401396,26,375.62,580637,624463,-0.7514831905075867,0
2023-07-28 10:57:21,376.4,1401396,26,375.62,580810,624307,-0.7514831905075867,0
2023-07-28 10:57:21,376.4,1401396,26,375.62,580919,624267,-0.7514831905075867,0
2023-07-28 10:57:21,376.4,1401396,26,375.62,580921,624607,-0.7514831905075867,0
2023-07-28 10:57:21,376.5,1401396,25,375.62,580921,624607,-0.7251153592617007,0
2023-07-28 10:57:21,376.55,1401396,18,375.62,580921,624607,-0.7119314436387577,0
2023-07-28 10:57:58,376.55,1401521,18,375.62,581792,623386,-0.7119314436387577,0
2023-07-28 10:57:58,376.4,1401521,5,375.62,581792,623386,-0.7514831905075867,0
2023-07-28 10:58:01,376.4,1401526,5,375.62,581690,623107,-0.7514831905075867,0
2023-07-28 10:58:01,376.55,1401526,1,375.62,581531,623356,-0.7119314436387577,0
2023-07-28 10:58:01,376.5,1401526,20,375.62,581531,623356,-0.7251153592617007,0
2023-07-28 10:58:06,376.5,1401550,20,375.62,581533,623354,-0.7251153592617007,0
2023-07-28 10:58:10,376.5,1401562,2,375.62,581542,623348,-0.7251153592617007,0
2023-07-28 10:58:10,376.5,1401562,2,375.62,581542,623348,-0.7251153592617007,0
2023-07-28 10:58:10,376.4,1401562,2,375.62,581542,623348,-0.7514831905075867,0
2023-07-28 10:58:12,376.4,1401564,2,375.62,581705,623141,-0.7514831905075867,0
2023-07-28 10:58:12,376.4,1401564,2,375.62,581535,622923,-0.7514831905075867,0
2023-07-28 10:58:12,376.4,1401564,2,375.62,581535,622771,-0.7514831905075867,0
2023-07-28 10:58:12,376.5,1401564,100,375.62,581535,622771,-0.7251153592617007,0
2023-07-28 10:58:20,376.5,1401664,100,375.62,581718,622495,-0.7251153592617007,0
2023-07-28 10:58:20,376.35,1401664,18,375.62,581718,622495,-0.7646671061305148,0
2023-07-28 10:58:22,376.35,1401862,18,375.62,581942,623013,-0.7646671061305148,0
2023-07-28 10:58:22,376.35,1401862,18,375.62,581436,623304,-0.7646671061305148,0
2023-07-28 10:58:22,376.35,1401862,18,375.62,581999,623328,-0.7646671061305148,0
2023-07-28 10:58:22,376.35,1401862,18,375.62,581974,623043,-0.7646671061305148,0
2023-07-28 10:58:22,376.5,1401862,1,375.62,581974,623043,-0.7251153592617007,0
2023-07-28 10:58:32,376.5,1401863,1,375.62,582321,622696,-0.7251153592617007,0
2023-07-28 10:58:32,376.5,1401863,1,375.62,582321,622696,-0.7251153592617007,0
2023-07-28 10:58:32,376.5,1401863,1,375.62,582321,622696,-0.7251153592617007,0
2023-07-28 10:58:36,376.5,1401865,1,375.62,583098,621962,-0.7251153592617007,0
2023-07-28 10:58:36,376.55,1401865,41,375.62,583098,621962,-0.7119314436387577,0
2023-07-28 10:58:38,376.55,1401965,41,375.62,584596,620969,-0.7119314436387577,0
2023-07-28 10:58:38,376.55,1401965,41,375.62,584335,621308,-0.7119314436387577,0
2023-07-28 10:58:38,376.55,1401965,41,375.62,584272,621547,-0.7119314436387577,0
2023-07-28 10:58:38,376.55,1401965,41,375.62,584272,621745,-0.7119314436387577,0
2023-07-28 10:58:38,376.45,1401965,46,375.62,584272,621745,-0.7382992748846438,0
2023-07-28 10:58:48,376.45,1402013,46,375.62,581543,622632,-0.7382992748846438,0
2023-07-28 10:58:48,376.45,1402013,46,375.62,582344,622629,-0.7382992748846438,0
2023-07-28 10:58:48,376.45,1402013,46,375.62,582504,622474,-0.7382992748846438,0
2023-07-28 10:58:48,376.6,1402013,60,375.62,582504,622474,-0.6987475280158147,0
2023-07-28 10:58:58,376.35,1402320,6,375.62,582623,625900,-0.7646671061305148,0
2023-07-28 10:58:58,376.35,1402320,28,375.62,582623,625900,-0.7646671061305148,0
2023-07-28 10:58:59,376.35,1402370,28,375.62,583161,625959,-0.7646671061305148,0
2023-07-28 10:58:59,376.35,1402370,28,375.62,583181,625907,-0.7646671061305148,0
2023-07-28 10:58:59,376.35,1402370,28,375.62,583285,625693,-0.7646671061305148,0
2023-07-28 10:58:59,376.35,1402370,1,375.62,583228,626481,-0.7646671061305148,0
2023-07-28 10:59:09,376.35,1402371,1,375.62,580800,626365,-0.7646671061305148,0
2023-07-28 10:59:09,376.35,1402371,1,375.62,580810,626222,-0.7646671061305148,0
2023-07-28 10:59:14,376.35,1402388,17,375.62,584208,624558,-0.7646671061305148,0
2023-07-28 10:59:14,376.5,1402388,25,375.62,584208,624558,-0.7251153592617007,0
2023-07-28 10:59:14,376.4,1402388,2,375.62,584208,624558,-0.7514831905075867,0
2023-07-28 10:59:18,376.4,1402441,2,375.62,586780,624310,-0.7514831905075867,0
2023-07-28 10:59:18,376.5,1402441,140,375.62,586780,624310,-0.7251153592617007,0
2023-07-28 10:59:18,376.5,1402441,140,375.62,586780,624310,-0.7251153592617007,0
2023-07-28 10:59:21,376.5,1402581,140,375.62,587651,623889,-0.7251153592617007,0
2023-07-28 10:59:21,376.5,1402581,140,375.62,587651,623889,-0.7251153592617007,0
2023-07-28 10:59:21,376.5,1402581,140,375.62,587651,623889,-0.7251153592617007,0
2023-07-28 10:59:21,376.5,1402581,397,375.62,587651,623889,-0.7251153592617007,0
2023-07-28 10:59:24,376.5,1403277,397,375.62,589086,623363,-0.7251153592617007,0
2023-07-28 10:59:24,376.5,1403277,25,375.62,589086,623363,-0.7251153592617007,0
2023-07-28 10:59:24,376.5,1403277,98,375.62,589086,623363,-0.7251153592617007,0
2023-07-28 10:59:24,376.5,1403277,98,375.62,589086,623363,-0.7251153592617007,0
2023-07-28 10:59:24,376.5,1403277,98,375.62,589086,623363,-0.7251153592617007,0
2023-07-28 10:59:27,376.5,1403428,28,375.62,590598,622269,-0.7251153592617007,0
2023-07-28 10:59:27,376.5,1403428,28,375.62,590422,622626,-0.7251153592617007,0
2023-07-28 10:59:27,376.5,1403428,9,375.62,590422,622626,-0.7251153592617007,0
2023-07-28 10:59:32,376.9,1409170,14,375.62,581783,614548,-0.6196440342781866,0
2023-07-28 10:59:34,376.8,1409410,114,375.62,581735,619945,-0.6460118655240576,0
2023-07-28 10:59:34,376.8,1409410,13,375.62,581735,619945,-0.6460118655240576,0
2023-07-28 10:59:34,376.8,1409410,65,375.62,581735,619945,-0.6460118655240576,0
2023-07-28 10:59:36,376.8,1409613,65,375.62,581980,617313,-0.6460118655240576,0
2023-07-28 10:59:36,377.0,1409613,265,375.62,581980,617313,-0.5932762030323006,0
2023-07-28 10:59:39,377.0,1433777,20,375.65,580711,620210,-0.5932762030323006,0
2023-07-28 10:59:39,376.8,1433777,1110,375.65,580711,620210,-0.6460118655240576,0
2023-07-28 10:59:39,377.0,1433777,1031,375.65,580711,620210,-0.5932762030323006,0
2023-07-28 10:59:41,376.75,1454344,40,375.67,579216,620847,-0.6591957811470006,0
2023-07-28 10:59:41,377.0,1454344,291,375.67,579216,620847,-0.5932762030323006,0
2023-07-28 10:59:41,377.0,1454344,2205,375.67,579216,620847,-0.5932762030323006,0
2023-07-28 10:59:44,377.0,1477532,2205,375.69,578331,618344,-0.5932762030323006,0
2023-07-28 10:59:44,377.0,1477532,2319,375.69,578331,618344,-0.5932762030323006,0
2023-07-28 10:59:44,376.8,1477532,286,375.69,578331,618344,-0.6460118655240576,0
2023-07-28 10:59:47,376.8,1480395,286,375.69,573716,622877,-0.6460118655240576,0
2023-07-28 10:59:47,376.8,1480395,80,375.69,573716,622877,-0.6460118655240576,0
2023-07-28 10:59:47,376.6,1480395,102,375.69,573716,622877,-0.6987475280158147,0
2023-07-28 10:59:49,376.6,1481544,102,375.69,576214,620103,-0.6987475280158147,0
2023-07-28 10:59:49,376.6,1481544,165,375.69,576214,620103,-0.6987475280158147,0
2023-07-28 10:59:51,376.8,1481945,1,375.69,575145,620556,-0.6460118655240576,0
2023-07-28 10:59:51,376.75,1481945,43,375.69,575145,620556,-0.6591957811470006,0
2023-07-28 10:59:53,376.75,1483932,43,375.69,577774,619537,-0.6591957811470006,0
2023-07-28 10:59:53,376.7,1483932,22,375.69,577774,619537,-0.6723796967699437,0
2023-07-28 10:59:58,376.7,1484091,6,375.69,577248,620720,-0.6723796967699437,0
2023-07-28 10:59:58,376.7,1484091,78,375.69,577248,620720,-0.6723796967699437,0
2023-07-28 10:59:58,376.8,1484091,1,375.69,577248,620720,-0.6460118655240576,0
2023-07-28 11:00:01,376.8,1484172,1,375.69,578352,619348,-0.6460118655240576,0
2023-07-28 11:00:01,376.8,1484172,1,375.69,578352,619348,-0.6460118655240576,0
2023-07-28 11:00:03,376.8,1484183,9,375.69,579628,618933,-0.6460118655240576,0
2023-07-28 11:00:03,376.8,1484183,9,375.69,579728,618933,-0.6460118655240576,0
2023-07-28 11:00:03,376.8,1484183,9,375.69,579727,619114,-0.6460118655240576,0
2023-07-28 11:00:03,376.8,1484183,9,375.69,579727,619114,-0.6460118655240576,0
2023-07-28 11:00:03,376.8,1484183,9,375.69,579727,619241,-0.6460118655240576,0
2023-07-28 11:00:03,376.8,1484183,9,375.69,579378,619421,-0.6460118655240576,0
2023-07-28 11:00:03,376.8,1484183,9,375.69,579066,619783,-0.6460118655240576,0
2023-07-28 11:00:03,376.8,1484183,9,375.69,579066,619758,-0.6460118655240576,0
2023-07-28 11:00:03,376.8,1484183,9,375.69,579064,619582,-0.6460118655240576,0
2023-07-28 11:00:03,376.8,1484183,9,375.69,579067,619582,-0.6460118655240576,0
2023-07-28 11:00:03,376.8,1484183,9,375.69,579243,619397,-0.6460118655240576,0
2023-07-28 11:00:16,376.8,1484184,1,375.69,579319,619243,-0.6460118655240576,0
2023-07-28 11:00:16,376.8,1484184,1,375.69,579492,619369,-0.6460118655240576,0
2023-07-28 11:00:18,376.7,1484234,50,375.69,578190,619515,-0.6723796967699437,0
2023-07-28 11:00:18,376.7,1484234,50,375.69,578190,619668,-0.6723796967699437,0
2023-07-28 11:00:18,376.7,1484234,10,375.69,578190,619668,-0.6723796967699437,0
2023-07-28 11:00:20,376.7,1484244,10,375.69,578225,619561,-0.6723796967699437,0
2023-07-28 11:00:20,376.7,1484244,52,375.69,578227,620025,-0.6723796967699437,0
2023-07-28 11:00:22,376.7,1484343,52,375.69,578323,620084,-0.6723796967699437,0
2023-07-28 11:00:22,376.8,1484343,1,375.69,578326,620084,-0.6460118655240576,0
2023-07-28 11:00:25,376.8,1484344,1,375.69,578612,620226,-0.6460118655240576,0
2023-07-28 11:00:25,376.8,1484344,1,375.69,578308,620510,-0.6460118655240576,0
2023-07-28 11:00:25,376.8,1484344,1,375.69,578308,620510,-0.6460118655240576,0
2023-07-28 11:00:25,376.8,1484344,1,375.69,578308,620510,-0.6460118655240576,0
2023-07-28 11:00:25,376.8,1484344,1,375.69,578308,620510,-0.6460118655240576,0
2023-07-28 11:00:25,376.8,1484344,1,375.69,578470,620510,-0.6460118655240576,0
2023-07-28 11:00:25,376.8,1484344,1,375.69,578456,620599,-0.6460118655240576,0
2023-07-28 11:00:25,376.8,1484344,1,375.69,578444,620443,-0.6460118655240576,0
2023-07-28 11:00:25,376.8,1484344,1,375.69,578444,620443,-0.6460118655240576,0
2023-07-28 11:00:35,376.8,1484411,42,375.69,579527,619614,-0.6460118655240576,0
2023-07-28 11:00:35,376.8,1484411,42,375.69,579527,619614,-0.6460118655240576,0
2023-07-28 11:00:35,376.8,1484411,20,375.69,579527,619614,-0.6460118655240576,0
2023-07-28 11:00:36,376.8,1484431,20,375.69,579343,619779,-0.6460118655240576,0
2023-07-28 11:00:36,376.8,1484431,20,375.69,579230,619321,-0.6460118655240576,0
2023-07-28 11:00:36,376.8,1484431,20,375.69,579229,620224,-0.6460118655240576,0
2023-07-28 11:00:36,376.8,1484431,4,375.69,579229,620224,-0.6460118655240576,0
2023-07-28 11:00:40,376.8,1484469,4,375.69,579137,619638,-0.6460118655240576,0
2023-07-28 11:00:40,376.8,1484469,4,375.69,579237,619613,-0.6460118655240576,0
2023-07-28 11:00:40,376.8,1484469,4,375.69,579237,620451,-0.6460118655240576,0
2023-07-28 11:00:40,376.8,1484469,4,375.69,579237,620566,-0.6460118655240576,0
2023-07-28 11:00:40,376.8,1484469,4,375.69,579237,620566,-0.6460118655240576,0
2023-07-28 11:00:40,376.8,1484469,4,375.69,579237,620566,-0.6460118655240576,0
2023-07-28 11:00:40,376.8,1484469,4,375.69,579237,620566,-0.6460118655240576,0
2023-07-28 11:00:40,376.8,1484469,4,375.69,579237,620566,-0.6460118655240576,0
2023-07-28 11:00:40,376.8,1484469,4,375.69,579240,620566,-0.6460118655240576,0
2023-07-28 11:00:40,376.8,1484469,4,375.69,578556,620927,-0.6460118655240576,0
2023-07-28 11:00:40,376.8,1484469,4,375.69,578096,621917,-0.6460118655240576,0
2023-07-28 11:00:40,376.9,1484469,99,375.69,578096,621917,-0.6196440342781866,0
2023-07-28 11:00:53,376.9,1484569,99,375.69,579253,621572,-0.6196440342781866,0
2023-07-28 11:00:56,376.9,1484572,3,375.69,579369,621211,-0.6196440342781866,0
2023-07-28 11:00:56,376.9,1484572,1,375.69,579369,621211,-0.6196440342781866,0
2023-07-28 11:00:56,376.9,1484573,1,375.69,579369,621210,-0.6196440342781866,0
2023-07-28 11:00:56,376.9,1484573,1,375.69,579369,621422,-0.6196440342781866,0
2023-07-28 11:00:56,376.9,1484573,50,375.69,579369,621422,-0.6196440342781866,0
2023-07-28 11:00:58,376.9,1484623,50,375.69,579236,621372,-0.6196440342781866,0
2023-07-28 11:00:58,376.9,1484623,50,375.69,579336,621344,-0.6196440342781866,0
2023-07-28 11:00:58,376.9,1484623,50,375.69,579336,621344,-0.6196440342781866,0
2023-07-28 11:00:58,376.9,1484623,1,375.69,579336,621344,-0.6196440342781866,0
2023-07-28 11:01:01,376.9,1484624,1,375.69,579590,620618,-0.6196440342781866,0
2023-07-28 11:01:01,376.9,1484624,1,375.69,579467,620718,-0.6196440342781866,0
2023-07-28 11:01:01,376.9,1484624,1,375.69,579559,620718,-0.6196440342781866,0
2023-07-28 11:01:01,376.9,1484624,1,375.69,579559,620718,-0.6196440342781866,0
2023-07-28 11:01:01,376.9,1484624,1,375.69,579559,620637,-0.6196440342781866,0
2023-07-28 11:01:01,376.9,1484624,1,375.69,579559,620637,-0.6196440342781866,0
2023-07-28 11:01:08,376.9,1484625,1,375.69,579242,621771,-0.6196440342781866,0
2023-07-28 11:01:08,376.9,1484625,1,375.69,579278,621578,-0.6196440342781866,0
2023-07-28 11:01:08,376.9,1484625,20,375.69,579278,621578,-0.6196440342781866,0
2023-07-28 11:01:15,376.9,1484654,20,375.69,578828,621170,-0.6196440342781866,0
2023-07-28 11:01:15,376.9,1484654,9,375.69,578828,621170,-0.6196440342781866,0
2023-07-28 11:01:15,376.9,1484654,12,375.69,578828,621170,-0.6196440342781866,0
2023-07-28 11:01:20,376.9,1484676,1,375.69,583820,621312,-0.6196440342781866,0
2023-07-28 11:01:20,376.9,1484676,10,375.69,583820,621312,-0.6196440342781866,0
2023-07-28 11:01:22,376.9,1484686,10,375.69,581859,621471,-0.6196440342781866,0
2023-07-28 11:01:25,376.95,1484687,1,375.69,581859,621470,-0.6064601186552436,0
2023-07-28 11:01:25,376.95,1484687,2,375.69,584873,621403,-0.6064601186552436,0
2023-07-28 11:01:30,376.95,1484689,2,375.69,586003,620431,-0.6064601186552436,0
2023-07-28 11:01:30,376.95,1484689,2,375.69,585815,621072,-0.6064601186552436,0
2023-07-28 11:01:30,376.95,1484689,2,375.69,585234,621372,-0.6064601186552436,0
2023-07-28 11:01:30,376.95,1484689,2,375.69,585057,621265,-0.6064601186552436,0
2023-07-28 11:01:30,376.95,1484689,2,375.69,585157,620980,-0.6064601186552436,0
2023-07-28 11:01:30,376.9,1484689,1,375.69,585157,620980,-0.6196440342781866,0
2023-07-28 11:01:45,376.95,1484819,5,375.69,585068,620823,-0.6064601186552436,0
2023-07-28 11:01:45,376.95,1484819,5,375.69,585068,620823,-0.6064601186552436,0
2023-07-28 11:01:45,376.95,1484819,5,375.69,584732,621196,-0.6064601186552436,0
2023-07-28 11:01:45,376.9,1484819,27,375.69,584732,621196,-0.6196440342781866,0
2023-07-28 11:01:49,376.9,1484848,27,375.69,584185,621975,-0.6196440342781866,0
2023-07-28 11:01:49,376.9,1484848,4,375.69,584185,621975,-0.6196440342781866,0
2023-07-28 11:01:51,376.9,1484853,4,375.69,584452,621703,-0.6196440342781866,0
2023-07-28 11:01:51,376.9,1484853,2,375.69,584452,621703,-0.6196440342781866,0
2023-07-28 11:01:51,376.9,1484853,1,375.69,584452,621703,-0.6196440342781866,0
2023-07-28 11:01:54,376.9,1484856,1,375.69,584985,621700,-0.6196440342781866,0
2023-07-28 11:01:54,376.9,1484856,10,375.69,584985,621700,-0.6196440342781866,0
2023-07-28 11:01:54,376.9,1484856,1,375.69,584985,621700,-0.6196440342781866,0
2023-07-28 11:01:58,376.9,1484920,53,375.69,584932,621538,-0.6196440342781866,0
2023-07-28 11:01:58,376.9,1484920,1,375.69,584932,621538,-0.6196440342781866,0
2023-07-28 11:01:59,376.9,1484921,1,375.69,584789,621562,-0.6196440342781866,0
2023-07-28 11:01:59,376.9,1484921,1,375.69,584775,622287,-0.6196440342781866,0
2023-07-28 11:01:59,376.9,1484921,1,375.69,584739,622210,-0.6196440342781866,0
2023-07-28 11:01:59,376.9,1484921,1,375.69,584645,622210,-0.6196440342781866,0
2023-07-28 11:01:59,376.9,1484921,9,375.69,584645,622210,-0.6196440342781866,0
2023-07-28 11:01:59,376.95,1484921,1,375.69,584645,622210,-0.6064601186552436,0
2023-07-28 11:02:11,376.9,1485129,100,375.69,584205,621937,-0.6196440342781866,0
2023-07-28 11:02:11,376.85,1485129,4,375.69,584205,621937,-0.6328279499011147,0
2023-07-28 11:02:13,376.8,1485133,56,375.69,584921,621999,-0.6460118655240576,0
2023-07-28 11:02:13,376.8,1485133,1839,375.69,584921,621999,-0.6460118655240576,0
2023-07-28 11:02:16,376.9,1487055,4,375.69,582769,622046,-0.6196440342781866,0
2023-07-28 11:02:16,376.8,1487055,113,375.69,582769,622046,-0.6460118655240576,0
2023-07-28 11:02:18,376.8,1487177,113,375.69,583153,622059,-0.6460118655240576,0
2023-07-28 11:02:18,376.9,1487177,14,375.69,583153,622059,-0.6196440342781866,0
2023-07-28 11:02:18,376.8,1487177,75,375.69,583153,622059,-0.6460118655240576,0
2023-07-28 11:02:22,376.8,1487639,369,375.69,582551,622389,-0.6460118655240576,0
2023-07-28 11:02:22,376.8,1487639,369,375.69,582551,622389,-0.6460118655240576,0
2023-07-28 11:02:22,376.9,1487639,2,375.69,582551,622389,-0.6196440342781866,0
2023-07-28 11:02:24,376.9,1487699,10,375.69,582871,621287,-0.6196440342781866,0
2023-07-28 11:02:24,376.9,1487699,10,375.69,582871,621287,-0.6196440342781866,0
2023-07-28 11:02:24,376.9,1487699,10,375.69,582871,621287,-0.6196440342781866,0
2023-07-28 11:02:24,376.9,1487699,10,375.69,582871,621287,-0.6196440342781866,0
2023-07-28 11:02:24,376.9,1487699,10,375.69,582871,621287,-0.6196440342781866,0
2023-07-28 11:02:24,376.9,1487699,10,375.69,582871,621532,-0.6196440342781866,0
2023-07-28 11:02:24,376.9,1487699,10,375.69,582734,621674,-0.6196440342781866,0
2023-07-28 11:02:24,376.9,1487699,10,375.69,582734,621699,-0.6196440342781866,0
2023-07-28 11:02:24,376.9,1487699,10,375.69,582734,621699,-0.6196440342781866,0
2023-07-28 11:02:24,376.9,1487699,10,375.69,582302,621709,-0.6196440342781866,0
2023-07-28 11:02:24,376.9,1487699,9,375.69,582302,621709,-0.6196440342781866,0
2023-07-28 11:02:38,376.9,1487709,9,375.69,582127,621723,-0.6196440342781866,0
2023-07-28 11:02:38,376.9,1487709,9,375.69,582468,621521,-0.6196440342781866,0
2023-07-28 11:02:38,376.9,1487709,1,375.69,582468,621521,-0.6196440342781866,0
2023-07-28 11:02:38,376.9,1487709,5,375.69,582468,621521,-0.6196440342781866,0
2023-07-28 11:02:47,376.9,1487740,5,375.69,582443,621515,-0.6196440342781866,0
2023-07-28 11:02:49,376.9,1487745,1,375.69,582652,620494,-0.6196440342781866,0
2023-07-28 11:02:49,376.9,1487745,2,375.69,582652,620494,-0.6196440342781866,0
2023-07-28 11:02:53,376.9,1487747,2,375.69,582478,621197,-0.6196440342781866,0
2023-07-28 11:02:53,376.9,1487747,2,375.69,583017,620769,-0.6196440342781866,0
2023-07-28 11:02:53,376.9,1487747,2,375.69,583027,620366,-0.6196440342781866,0
2023-07-28 11:02:53,376.9,1487747,2,375.69,583527,619759,-0.6196440342781866,0
2023-07-28 11:02:53,376.9,1487747,2,375.69,584074,619553,-0.6196440342781866,0
2023-07-28 11:02:53,376.85,1487747,10,375.69,584074,619553,-0.6328279499011147,0
2023-07-28 11:03:05,376.85,1487757,10,375.69,583299,620412,-0.6328279499011147,0
2023-07-28 11:03:05,376.85,1487757,10,375.69,582893,621153,-0.6328279499011147,0
2023-07-28 11:03:05,376.9,1487757,6,375.69,582893,621153,-0.6196440342781866,0
2023-07-28 11:03:12,376.9,1487763,6,375.69,582964,620818,-0.6196440342781866,0
2023-07-28 11:03:12,376.9,1487763,6,375.69,583346,620977,-0.6196440342781866,0
2023-07-28 11:03:12,376.9,1487763,6,375.69,583346,620977,-0.6196440342781866,0
2023-07-28 11:03:12,376.9,1487763,6,375.69,583397,621119,-0.6196440342781866,0
2023-07-28 11:03:26,376.9,1487764,1,375.69,583213,621118,-0.6196440342781866,0
2023-07-28 11:03:26,376.9,1487764,1,375.69,583355,620976,-0.6196440342781866,0
2023-07-28 11:03:26,376.9,1487764,1,375.69,583376,621001,-0.6196440342781866,0
2023-07-28 11:03:26,376.9,1487764,1,375.69,583426,621001,-0.6196440342781866,0
2023-07-28 11:03:26,376.9,1487764,35,375.69,583426,621001,-0.6196440342781866,0
2023-07-28 11:03:35,376.9,1488135,8,375.69,582581,620883,-0.6196440342781866,0
2023-07-28 11:03:39,376.9,1488204,61,375.69,582095,620766,-0.6196440342781866,0
2023-07-28 11:03:39,377.15,1488204,111,375.69,582095,620766,-0.5537244561634865,0
2023-07-28 11:03:42,377.15,1502357,111,375.71,580182,619794,-0.5537244561634865,0
2023-07-28 11:03:42,377.2,1502357,2,375.71,580182,619794,-0.5405405405405436,0
2023-07-28 11:03:46,377.25,1505867,1,375.71,580401,619759,-0.5273566249176005,0
2023-07-28 11:03:46,377.25,1505867,1,375.71,580401,619759,-0.5273566249176005,0
2023-07-28 11:03:49,377.25,1506067,12,375.71,580422,619411,-0.5273566249176005,0
2023-07-28 11:03:49,377.25,1506067,47,375.71,580422,619411,-0.5273566249176005,0
2023-07-28 11:03:49,377.25,1506577,47,375.71,580283,619611,-0.5273566249176005,0
2023-07-28 11:03:49,377.15,1506577,71,375.71,580283,619611,-0.5537244561634865,0
2023-07-28 11:03:52,377.15,1506648,71,375.71,580450,619543,-0.5537244561634865,0
2023-07-28 11:03:52,377.15,1506648,71,375.71,580450,619177,-0.5537244561634865,0
2023-07-28 11:03:52,377.25,1506648,1,375.71,580450,619177,-0.5273566249176005,0
2023-07-28 11:03:52,377.35,1506648,47,375.71,580450,619177,-0.5009887936717146,0
2023-07-28 11:03:59,377.35,1507253,39,375.71,586016,607472,-0.5009887936717146,0
2023-07-28 11:04:01,377.4,1507330,2,375.71,585801,611512,-0.48780487804878647,0
2023-07-28 11:04:01,377.45,1507330,50,375.71,585801,611512,-0.47462096242584345,0
2023-07-28 11:04:02,377.45,1507380,50,375.71,583804,613438,-0.47462096242584345,0
2023-07-28 11:04:02,377.3,1507380,10,375.71,583804,613438,-0.5141727092946575,0
2023-07-28 11:04:02,377.45,1507380,40,375.71,583804,613438,-0.47462096242584345,0
2023-07-28 11:04:02,377.5,1507380,23,375.71,583804,613438,-0.4614370468029005,0
2023-07-28 11:04:12,377.5,1507908,23,375.71,583602,613001,-0.4614370468029005,0
2023-07-28 11:04:12,377.45,1507908,10,375.71,583602,613001,-0.47462096242584345,0
2023-07-28 11:04:14,377.45,1508037,10,375.71,582580,614040,-0.47462096242584345,0
2023-07-28 11:04:14,377.45,1508037,10,375.71,583297,614328,-0.47462096242584345,0
2023-07-28 11:04:14,377.5,1508037,18,375.71,583297,614328,-0.4614370468029005,0
2023-07-28 11:04:14,377.55,1508037,38,375.71,583297,614328,-0.44825313117995746,0
2023-07-28 11:04:21,377.55,1508295,38,375.71,585023,613757,-0.44825313117995746,0
2023-07-28 11:04:21,377.55,1508295,38,375.71,585322,614241,-0.44825313117995746,0
2023-07-28 11:04:21,377.45,1508295,1,375.71,585322,614241,-0.47462096242584345,0
2023-07-28 11:04:26,377.45,1508339,18,375.71,587465,614510,-0.47462096242584345,0
2023-07-28 11:04:26,377.5,1508339,10,375.71,587465,614510,-0.4614370468029005,0
2023-07-28 11:04:29,377.45,1508401,40,375.71,587236,615426,-0.47462096242584345,0
2023-07-28 11:04:29,377.5,1508401,6,375.71,587236,615426,-0.4614370468029005,0
2023-07-28 11:04:30,377.5,1508410,6,375.71,588471,616552,-0.4614370468029005,0
2023-07-28 11:04:30,377.45,1508410,240,375.71,588471,616552,-0.47462096242584345,0
2023-07-28 11:04:33,377.45,1508720,240,375.71,590318,617116,-0.47462096242584345,0
2023-07-28 11:04:33,377.45,1508720,39,375.71,590318,617116,-0.47462096242584345,0
2023-07-28 11:04:35,377.5,1508948,13,375.71,591085,616677,-0.4614370468029005,0
2023-07-28 11:04:35,377.5,1508948,5,375.71,591085,616677,-0.4614370468029005,0
2023-07-28 11:04:37,377.5,1509653,5,375.71,592293,617134,-0.4614370468029005,0
2023-07-28 11:04:37,377.15,1509653,130,375.71,592293,617134,-0.5537244561634865,0
2023-07-28 11:04:40,377.15,1510033,130,375.72,586710,620895,-0.5537244561634865,0
2023-07-28 11:04:40,377.0,1510033,1,375.72,586710,620895,-0.5932762030323006,0
2023-07-28 11:04:42,377.0,1510034,1,375.72,586828,621958,-0.5932762030323006,0
2023-07-28 11:04:46,377.0,1510059,25,375.72,587317,619751,-0.5932762030323006,0
2023-07-28 11:04:46,377.2,1510059,2,375.72,587317,619751,-0.5405405405405436,0
2023-07-28 11:04:47,377.2,1510061,214,375.72,588812,619729,-0.5405405405405436,0
2023-07-28 11:04:49,377.2,1510561,214,375.72,587368,618550,-0.5405405405405436,0
2023-07-28 11:04:49,377.1,1510561,38,375.72,587368,618550,-0.5669083717864146,0
2023-07-28 11:04:49,377.25,1510561,35,375.72,587368,618550,-0.5273566249176005,0
2023-07-28 11:04:54,377.25,1510703,35,375.72,587798,618673,-0.5273566249176005,0
2023-07-28 11:04:54,377.25,1510703,35,375.72,587005,620963,-0.5273566249176005,0
2023-07-28 11:04:54,377.0,1510703,125,375.72,587005,620963,-0.5932762030323006,0
2023-07-28 11:04:58,377.0,1510829,125,375.72,586473,620924,-0.5932762030323006,0
2023-07-28 11:04:58,377.0,1510829,125,375.72,586234,621264,-0.5932762030323006,0
2023-07-28 11:04:58,377.0,1510829,125,375.72,586244,621580,-0.5932762030323006,0
2023-07-28 11:04:58,377.0,1510829,125,375.72,587343,620829,-0.5932762030323006,0
2023-07-28 11:04:58,377.2,1510829,15,375.72,587343,620829,-0.5405405405405436,0
2023-07-28 11:05:09,377.25,1510845,1,375.72,587814,620258,-0.5273566249176005,0
2023-07-28 11:05:09,377.0,1510845,1,375.72,587814,620258,-0.5932762030323006,0
2023-07-28 11:05:09,377.25,1510845,2,375.72,587814,620258,-0.5273566249176005,0
2023-07-28 11:05:11,377.0,1510942,13,375.72,587261,621182,-0.5932762030323006,0
2023-07-28 11:05:11,377.0,1510942,851,375.72,587261,621182,-0.5932762030323006,0
2023-07-28 11:05:12,377.0,1511942,851,375.72,590082,619872,-0.5932762030323006,0
2023-07-28 11:05:12,376.95,1511942,81,375.72,590082,619872,-0.6064601186552436,0
2023-07-28 11:05:14,376.95,1512023,81,375.72,590041,620132,-0.6064601186552436,0
2023-07-28 11:05:14,376.95,1512023,73,375.72,590041,620132,-0.6064601186552436,0
2023-07-28 11:05:17,377.0,1512317,1,375.72,589744,621022,-0.5932762030323006,0
2023-07-28 11:05:17,377.0,1512317,2,375.72,589744,621022,-0.5932762030323006,0
2023-07-28 11:05:17,377.2,1512317,15,375.72,589744,621022,-0.5405405405405436,0
2023-07-28 11:05:21,377.2,1512410,15,375.72,590536,620142,-0.5405405405405436,0
2023-07-28 11:05:21,377.2,1512410,15,375.72,590536,620142,-0.5405405405405436,0
2023-07-28 11:05:21,377.2,1512410,15,375.72,590536,620142,-0.5405405405405436,0
2023-07-28 11:05:21,377.2,1512410,15,375.72,590848,619654,-0.5405405405405436,0
2023-07-28 11:05:21,377.2,1512410,15,375.72,590848,619654,-0.5405405405405436,0
2023-07-28 11:05:21,377.2,1512410,15,375.72,590848,619654,-0.5405405405405436,0
2023-07-28 11:05:21,377.2,1512410,15,375.72,590848,619654,-0.5405405405405436,0
2023-07-28 11:05:21,377.2,1512410,20,375.72,590350,619689,-0.5405405405405436,0
2023-07-28 11:05:21,377.2,1512410,20,375.72,590350,619689,-0.5405405405405436,0
2023-07-28 11:05:21,377.2,1512410,20,375.72,590350,619689,-0.5405405405405436,0
2023-07-28 11:05:21,377.25,1512410,1,375.72,590350,619689,-0.5273566249176005,0
2023-07-28 11:05:27,377.25,1512455,1,375.72,590459,620783,-0.5273566249176005,0
2023-07-28 11:05:27,377.25,1512455,1,375.72,590559,620794,-0.5273566249176005,0
2023-07-28 11:05:27,377.25,1512455,1,375.72,590559,620814,-0.5273566249176005,0
2023-07-28 11:05:27,377.0,1512455,3,375.72,590559,620814,-0.5932762030323006,0
2023-07-28 11:05:36,377.0,1512460,3,375.72,588113,618710,-0.5932762030323006,0
2023-07-28 11:05:36,377.0,1512460,11,375.72,588113,618710,-0.5932762030323006,0
2023-07-28 11:05:36,377.0,1512460,2,375.72,588113,618710,-0.5932762030323006,0
2023-07-28 11:05:36,377.0,1512460,2,375.72,588113,618710,-0.5932762030323006,0
2023-07-28 11:05:40,377.0,1512490,2,375.72,588408,619814,-0.5932762030323006,0
2023-07-28 11:05:40,377.2,1512490,2,375.72,588232,620224,-0.5405405405405436,0
2023-07-28 11:05:45,377.2,1512493,2,375.72,588233,619937,-0.5405405405405436,0
2023-07-28 11:05:45,377.2,1512493,2,375.72,588035,620073,-0.5405405405405436,0
2023-07-28 11:05:45,377.2,1512493,1,375.72,588035,620073,-0.5405405405405436,0
2023-07-28 11:05:51,377.2,1512494,1,375.72,588033,619919,-0.5405405405405436,0
2023-07-28 11:05:51,377.0,1512494,1,375.72,588033,619919,-0.5932762030323006,0
2023-07-28 11:05:55,377.0,1512495,1,375.72,588032,619919,-0.5932762030323006,0
2023-07-28 11:05:55,377.0,1512495,1,375.72,588033,619970,-0.5932762030323006,0
2023-07-28 11:05:55,377.2,1512495,50,375.72,588033,619970,-0.5405405405405436,0
2023-07-28 11:05:58,377.2,1512649,50,375.72,596046,619847,-0.5405405405405436,0
2023-07-28 11:06:02,377.25,1512739,54,375.72,595864,620029,-0.5273566249176005,0
2023-07-28 11:06:05,377.25,1512741,1,375.72,595994,619892,-0.5273566249176005,0
2023-07-28 11:06:08,377.3,1520995,1,375.73,591150,612978,-0.5141727092946575,0
2023-07-28 11:06:08,377.55,1520995,1,375.73,591150,612978,-0.44825313117995746,0
2023-07-28 11:06:08,377.55,1521095,1,375.73,589309,613948,-0.44825313117995746,0
2023-07-28 11:06:08,377.25,1521095,29,375.73,589309,613948,-0.5273566249176005,0
2023-07-28 11:06:11,377.25,1521416,29,375.73,590003,616447,-0.5273566249176005,0
2023-07-28 11:06:11,377.3,1521416,72,375.73,590003,616447,-0.5141727092946575,0
2023-07-28 11:06:14,377.5,1521672,132,375.73,594141,610784,-0.4614370468029005,0
2023-07-28 11:06:17,377.4,1521760,2,375.73,592937,614089,-0.48780487804878647,0
2023-07-28 11:06:20,377.55,1521761,1,375.73,592354,614557,-0.44825313117995746,0
2023-07-28 11:06:20,377.55,1521761,1,375.73,592916,613995,-0.44825313117995746,0
2023-07-28 11:06:26,377.4,1521772,11,375.73,592930,613145,-0.48780487804878647,0
2023-07-28 11:06:26,377.4,1521772,11,375.73,592700,613961,-0.48780487804878647,0
2023-07-28 11:06:26,377.55,1521772,10,375.73,592700,613961,-0.44825313117995746,0
2023-07-28 11:06:26,377.1,1521772,28,375.73,592700,613961,-0.5669083717864146,0
2023-07-28 11:06:26,377.25,1521772,106,375.73,592700,613961,-0.5273566249176005,0
2023-07-28 11:06:32,377.25,1525888,106,375.73,590478,616427,-0.5273566249176005,0
2023-07-28 11:06:32,377.3,1525888,28,375.73,590478,616427,-0.5141727092946575,0
2023-07-28 11:06:35,377.05,1526368,1,375.73,590857,616029,-0.5800922874093576,0
2023-07-28 11:06:35,377.0,1526368,142,375.73,590857,616029,-0.5932762030323006,0
2023-07-28 11:06:35,377.0,1526368,85,375.73,590857,616029,-0.5932762030323006,0
2023-07-28 11:06:38,377.0,1526955,85,375.73,590267,615478,-0.5932762030323006,0
2023-07-28 11:06:41,377.0,1527061,91,375.73,589078,617014,-0.5932762030323006,0
2023-07-28 11:06:41,377.0,1527061,17,375.73,589078,617014,-0.5932762030323006,0
2023-07-28 11:06:43,377.0,1527078,17,375.73,589234,617191,-0.5932762030323006,0
2023-07-28 11:06:43,377.05,1527078,1,375.73,589234,617191,-0.5800922874093576,0
2023-07-28 11:06:43,377.05,1527078,1,375.73,589234,617191,-0.5800922874093576,0
2023-07-28 11:06:47,377.05,1527280,200,375.73,587408,616198,-0.5800922874093576,0
2023-07-28 11:06:47,377.05,1527280,200,375.73,587538,616037,-0.5800922874093576,0
2023-07-28 11:06:47,376.95,1527280,1,375.73,587538,616037,-0.6064601186552436,0
2023-07-28 11:06:50,376.95,1527363,1,375.73,587937,615351,-0.6064601186552436,0
2023-07-28 11:06:54,377.05,1527365,2,375.73,588641,615332,-0.5800922874093576,0
2023-07-28 11:06:54,376.95,1527365,10,375.73,588641,615332,-0.6064601186552436,0
2023-07-28 11:06:54,377.05,1527365,24,375.73,588641,615332,-0.5800922874093576,0
2023-07-28 11:06:56,377.05,1527399,24,375.73,588517,615196,-0.5800922874093576,0
2023-07-28 11:06:56,377.05,1527399,24,375.73,589093,615171,-0.5800922874093576,0
2023-07-28 11:06:56,376.95,1527399,50,375.73,589093,615171,-0.6064601186552436,0
2023-07-28 11:07:01,376.95,1527449,50,375.73,589851,615477,-0.6064601186552436,0
2023-07-28 11:07:01,376.95,1527449,1,375.73,589851,615477,-0.6064601186552436,0
2023-07-28 11:07:01,377.05,1527449,10,375.73,589851,615477,-0.5800922874093576,0
2023-07-28 11:07:04,377.05,1527506,10,375.73,589692,615481,-0.5800922874093576,0
2023-07-28 11:07:04,377.05,1527506,10,375.73,589702,614981,-0.5800922874093576,0
2023-07-28 11:07:04,377.05,1527506,100,375.73,589702,614981,-0.5800922874093576,0
2023-07-28 11:07:10,377.05,1527606,100,375.73,589660,615000,-0.5800922874093576,0
2023-07-28 11:07:10,377.05,1527606,100,375.73,589660,614976,-0.5800922874093576,0
2023-07-28 11:07:10,377.05,1527606,2,375.73,589601,614976,-0.5800922874093576,0
2023-07-28 11:07:16,377.05,1527608,2,375.73,589838,614974,-0.5800922874093576,0
2023-07-28 11:07:16,377.05,1527608,64,375.73,589838,614974,-0.5800922874093576,0
2023-07-28 11:07:22,377.05,1527672,64,375.73,589400,615248,-0.5800922874093576,0
2023-07-28 11:07:22,377.1,1527672,95,375.73,589400,615248,-0.5669083717864146,0
2023-07-28 11:07:22,377.05,1527672,44,375.73,589400,615248,-0.5800922874093576,0
2023-07-28 11:07:25,377.05,1527896,44,375.73,590468,614776,-0.5800922874093576,0
2023-07-28 11:07:25,377.05,1527896,44,375.73,590468,614781,-0.5800922874093576,0
2023-07-28 11:07:25,377.05,1527896,44,375.73,591016,615004,-0.5800922874093576,0
2023-07-28 11:07:25,377.05,1527896,44,375.73,591376,614921,-0.5800922874093576,0
2023-07-28 11:07:25,377.15,1527896,4,375.73,591376,614921,-0.5537244561634865,0
2023-07-28 11:07:34,377.15,1527996,4,375.73,592033,614630,-0.5537244561634865,0
2023-07-28 11:07:39,377.2,1528076,77,375.73,592867,613685,-0.5405405405405436,0
2023-07-28 11:07:39,377.2,1528076,77,375.73,592282,614532,-0.5405405405405436,0
2023-07-28 11:07:39,377.1,1528076,100,375.73,592282,614532,-0.5669083717864146,0
2023-07-28 11:07:42,377.1,1528176,100,375.73,590893,614878,-0.5669083717864146,0
2023-07-28 11:07:42,377.2,1528176,1,375.73,590893,614878,-0.5405405405405436,0
2023-07-28 11:07:46,377.15,1528178,1,375.73,589355,616749,-0.5537244561634865,0
2023-07-28 11:07:46,377.0,1528178,139,375.73,589355,616749,-0.5932762030323006,0
2023-07-28 11:07:48,377.0,1528478,139,375.73,589346,616606,-0.5932762030323006,0
2023-07-28 11:07:48,377.1,1528478,10,375.73,589346,616606,-0.5669083717864146,0
2023-07-28 11:07:48,377.1,1528478,12,375.73,589346,616606,-0.5669083717864146,0
2023-07-28 11:07:48,377.15,1528478,101,375.73,589346,616606,-0.5537244561634865,0
2023-07-28 11:07:51,377.15,1529000,101,375.73,588443,615793,-0.5537244561634865,0
2023-07-28 11:07:51,376.95,1529000,5,375.73,588443,615793,-0.6064601186552436,0
2023-07-28 11:07:53,376.95,1529112,5,375.73,587658,615250,-0.6064601186552436,0
2023-07-28 11:07:53,376.95,1529112,5,375.73,588725,613632,-0.6064601186552436,0
2023-07-28 11:07:53,377.1,1529112,1,375.73,588725,613632,-0.5669083717864146,0
2023-07-28 11:08:00,376.95,1529146,27,375.73,587682,615639,-0.6064601186552436,0
2023-07-28 11:08:00,376.95,1529146,27,375.73,586924,616442,-0.6064601186552436,0
2023-07-28 11:08:00,376.95,1529146,27,375.73,587101,616291,-0.6064601186552436,0
2023-07-28 11:08:00,377.05,1529146,2,375.73,587101,616291,-0.5800922874093576,0
2023-07-28 11:08:08,377.05,1529148,2,375.73,587046,616988,-0.5800922874093576,0
2023-07-28 11:08:08,376.9,1529148,1,375.73,587046,616988,-0.6196440342781866,0
2023-07-28 11:08:11,376.9,1529159,1,375.73,583332,618694,-0.6196440342781866,0
2023-07-28 11:08:11,376.9,1529159,1,375.73,583233,619164,-0.6196440342781866,0
2023-07-28 11:08:11,376.95,1529159,72,375.73,583233,619164,-0.6064601186552436,0
2023-07-28 11:08:11,376.9,1529159,1,375.73,583233,619164,-0.6196440342781866,0
2023-07-28 11:08:16,376.9,1529396,1,375.73,583403,617557,-0.6196440342781866,0
2023-07-28 11:08:16,376.9,1529396,3,375.73,583403,617557,-0.6196440342781866,0
2023-07-28 11:08:19,376.9,1529409,10,375.73,583279,617901,-0.6196440342781866,0
2023-07-28 11:08:19,376.8,1529409,1,375.73,583086,617864,-0.6460118655240576,0
2023-07-28 11:08:19,376.8,1529409,1,375.73,583086,617864,-0.6460118655240576,0
2023-07-28 11:08:19,376.8,1529409,1,375.73,583086,617864,-0.6460118655240576,0
2023-07-28 11:08:19,376.8,1529409,1,375.73,583086,617864,-0.6460118655240576,0
2023-07-28 11:08:19,376.8,1529409,1,375.73,583086,617864,-0.6460118655240576,0
2023-07-28 11:08:22,376.75,1529424,27,375.73,582180,617902,-0.6591957811470006,0
2023-07-28 11:08:22,376.9,1529424,49,375.73,582180,617902,-0.6196440342781866,0
2023-07-28 11:08:22,376.9,1529424,49,375.73,582180,617902,-0.6196440342781866,0
2023-07-28 11:08:27,376.9,1529561,49,375.74,585256,613662,-0.6196440342781866,0
2023-07-28 11:08:27,376.9,1529561,50,375.74,585256,613662,-0.6196440342781866,0
2023-07-28 11:08:30,377.0,1529611,3,375.74,585181,614167,-0.5932762030323006,0
2023-07-28 11:08:31,377.0,1529711,3,375.74,585871,614436,-0.5932762030323006,0
2023-07-28 11:08:31,376.95,1529711,50,375.74,585871,614436,-0.6064601186552436,0
2023-07-28 11:08:36,377.05,1530138,4,375.74,586424,613734,-0.5800922874093576,0
2023-07-28 11:08:36,377.0,1530138,5,375.74,586424,613734,-0.5932762030323006,0
2023-07-28 11:08:39,377.0,1530228,50,375.74,586850,613205,-0.5932762030323006,0
2023-07-28 11:08:39,377.0,1530228,50,375.74,586850,613205,-0.5932762030323006,0
2023-07-28 11:08:39,377.0,1530228,50,375.74,586918,614076,-0.5932762030323006,0
2023-07-28 11:08:39,377.0,1530228,50,375.74,587370,613958,-0.5932762030323006,0
2023-07-28 11:08:39,376.9,1530228,92,375.74,587370,613958,-0.6196440342781866,0
2023-07-28 11:08:39,377.05,1530228,8,375.74,587370,613958,-0.5800922874093576,0
2023-07-28 11:08:46,377.05,1530338,8,375.74,589364,613293,-0.5800922874093576,0
2023-07-28 11:08:46,377.05,1530338,17,375.74,589364,613293,-0.5800922874093576,0
2023-07-28 11:08:49,377.05,1530468,16,375.74,591640,612077,-0.5800922874093576,0
2023-07-28 11:08:49,377.25,1530468,10,375.74,591640,612077,-0.5273566249176005,0
2023-07-28 11:08:49,377.05,1530468,8,375.74,591640,612077,-0.5800922874093576,0
2023-07-28 11:08:49,377.05,1530468,10,375.74,591640,612077,-0.5800922874093576,0
2023-07-28 11:08:51,377.05,1530498,10,375.74,592651,610225,-0.5800922874093576,0
2023-07-28 11:08:51,377.3,1530498,1,375.74,592651,610225,-0.5141727092946575,0
2023-07-28 11:08:54,377.4,1530710,20,375.74,595758,609037,-0.48780487804878647,0
2023-07-28 11:08:54,377.45,1530710,1,375.74,595758,609037,-0.47462096242584345,0
2023-07-28 11:08:54,377.3,1530710,95,375.74,595758,609037,-0.5141727092946575,0
2023-07-28 11:08:58,377.3,1530811,95,375.74,594417,610128,-0.5141727092946575,0
2023-07-28 11:08:58,377.35,1530811,2,375.74,594417,610128,-0.5009887936717146,0
2023-07-28 11:09:01,377.35,1530813,2,375.74,592495,613936,-0.5009887936717146,0
2023-07-28 11:09:01,377.35,1530813,2,375.74,593617,613139,-0.5009887936717146,0
2023-07-28 11:09:01,377.55,1530813,76,375.74,593617,613139,-0.44825313117995746,0
2023-07-28 11:09:07,377.55,1531412,76,375.74,593856,611568,-0.44825313117995746,0
2023-07-28 11:09:07,377.35,1531412,200,375.74,593856,611568,-0.5009887936717146,0
2023-07-28 11:09:07,377.5,1531412,1,375.74,593856,611568,-0.4614370468029005,0
2023-07-28 11:09:09,377.5,1531613,1,375.74,593659,612457,-0.4614370468029005,0
2023-07-28 11:09:12,377.55,1531713,100,375.74,593660,612048,-0.44825313117995746,0
2023-07-28 11:09:12,377.55,1531713,1,375.74,593660,612048,-0.44825313117995746,0
2023-07-28 11:09:12,377.55,1531713,3,375.74,593660,612048,-0.44825313117995746,0
2023-07-28 11:09:14,377.55,1531717,3,375.74,593485,612044,-0.44825313117995746,0
2023-07-28 11:09:17,377.4,1531777,10,375.74,592790,611751,-0.48780487804878647,0
2023-07-28 11:09:17,377.35,1531777,25,375.74,592790,611751,-0.5009887936717146,0
2023-07-28 11:09:17,377.35,1531842,25,375.74,593334,612107,-0.5009887936717146,0
2023-07-28 11:09:17,377.35,1531842,1,375.74,593334,612107,-0.5009887936717146,0
2023-07-28 11:09:22,377.35,1531864,1,375.74,592803,613598,-0.5009887936717146,0
2023-07-28 11:09:22,377.4,1531864,5,375.74,592803,613598,-0.48780487804878647,0
2023-07-28 11:09:22,377.35,1531864,47,375.74,592803,613598,-0.5009887936717146,0
2023-07-28 11:09:25,377.35,1531917,47,375.74,593231,613436,-0.5009887936717146,0
2023-07-28 11:09:25,377.35,1531917,47,375.74,593581,613763,-0.5009887936717146,0
2023-07-28 11:09:25,377.5,1531917,1,375.74,593581,613763,-0.4614370468029005,0
2023-07-28 11:09:30,377.5,1531918,1,375.74,593742,613612,-0.4614370468029005,0
2023-07-28 11:09:30,377.35,1531918,54,375.74,593742,613612,-0.5009887936717146,0
2023-07-28 11:09:34,377.35,1531972,54,375.74,591982,615239,-0.5009887936717146,0
2023-07-28 11:09:34,377.35,1531972,39,375.74,591982,615239,-0.5009887936717146,0
2023-07-28 11:09:35,377.35,1532013,39,375.74,592104,615220,-0.5009887936717146,0
2023-07-28 11:09:35,377.35,1532013,93,375.74,592104,615220,-0.5009887936717146,0
2023-07-28 11:09:35,377.45,1532013,19,375.74,592104,615220,-0.47462096242584345,0
2023-07-28 11:09:40,377.35,1532298,32,375.74,592320,615218,-0.5009887936717146,0
2023-07-28 11:09:42,377.35,1532309,11,375.74,592089,615487,-0.5009887936717146,0
2023-07-28 11:09:42,377.45,1532309,25,375.74,592089,615487,-0.47462096242584345,0
2023-07-28 11:09:42,377.4,1532309,1,375.74,592089,615487,-0.48780487804878647,0
2023-07-28 11:09:43,377.4,1532660,23,375.74,591275,613755,-0.48780487804878647,0
2023-07-28 11:09:43,377.45,1532660,1,375.74,591275,613755,-0.47462096242584345,0
2023-07-28 11:09:45,377.45,1532760,1,375.74,591278,614040,-0.47462096242584345,0
2023-07-28 11:09:45,377.35,1532760,93,375.74,591278,614040,-0.5009887936717146,0
2023-07-28 11:09:48,377.35,1532860,93,375.74,591350,615432,-0.5009887936717146,0
2023-07-28 11:09:48,377.35,1532860,62,375.74,591147,614694,-0.5009887936717146,0
2023-07-28 11:09:53,377.25,1532972,1,375.74,591280,614778,-0.5273566249176005,0
2023-07-28 11:09:53,377.2,1532972,11,375.74,591280,614778,-0.5405405405405436,0
2023-07-28 11:09:55,377.2,1532990,11,375.74,591184,615468,-0.5405405405405436,0
2023-07-28 11:09:55,377.2,1532990,100,375.74,591184,615468,-0.5405405405405436,0
2023-07-28 11:09:58,377.4,1533098,7,375.74,591395,615464,-0.48780487804878647,0
2023-07-28 11:09:58,377.4,1533098,7,375.74,591675,614379,-0.48780487804878647,0
2023-07-28 11:09:58,377.35,1533098,10,375.74,591675,614379,-0.5009887936717146,0
2023-07-28 11:10:03,377.35,1533108,10,375.74,591841,614382,-0.5009887936717146,0
2023-07-28 11:10:03,377.35,1533108,8,375.74,591841,614382,-0.5009887936717146,0
2023-07-28 11:10:03,377.35,1533108,4,375.74,591841,614382,-0.5009887936717146,0
2023-07-28 11:10:05,377.35,1533120,4,375.74,591609,613892,-0.5009887936717146,0
2023-07-28 11:10:05,377.35,1533120,4,375.74,591266,614057,-0.5009887936717146,0
2023-07-28 11:10:05,377.35,1533120,4,375.74,591664,613854,-0.5009887936717146,0
2023-07-28 11:10:05,377.35,1533120,47,375.74,591664,613854,-0.5009887936717146,0
2023-07-28 11:10:05,377.4,1533120,45,375.74,591664,613854,-0.48780487804878647,0
2023-07-28 11:10:20,377.2,1533373,1,375.74,591644,615459,-0.5405405405405436,0
2023-07-28 11:10:20,377.2,1533373,1,375.74,591773,615310,-0.5405405405405436,0
2023-07-28 11:10:20,377.4,1533373,5,375.74,591773,615310,-0.48780487804878647,0
2023-07-28 11:10:23,377.4,1533463,5,375.74,591773,615104,-0.48780487804878647,0
2023-07-28 11:10:23,377.4,1533463,5,375.74,591666,615374,-0.48780487804878647,0
2023-07-28 11:10:23,377.4,1533463,19,375.74,591666,615374,-0.48780487804878647,0
2023-07-28 11:10:28,377.4,1533488,19,375.74,591716,615355,-0.48780487804878647,0
2023-07-28 11:10:28,377.4,1533488,24,375.74,591716,615355,-0.48780487804878647,0
2023-07-28 11:10:31,377.4,1533512,24,375.74,591692,615461,-0.48780487804878647,0
2023-07-28 11:10:31,377.4,1533512,1,375.74,591692,615461,-0.48780487804878647,0
2023-07-28 11:10:34,377.4,1533513,1,375.74,591730,615286,-0.48780487804878647,0
2023-07-28 11:10:34,377.4,1533513,10,375.74,591730,615286,-0.48780487804878647,0
2023-07-28 11:10:36,377.4,1533523,13,375.74,592109,615113,-0.48780487804878647,0
2023-07-28 11:10:36,377.5,1533523,3,375.74,592109,615113,-0.4614370468029005,0
2023-07-28 11:10:38,377.5,1533641,3,375.74,592321,616171,-0.4614370468029005,0
2023-07-28 11:10:38,377.4,1533641,1,375.74,592321,616171,-0.48780487804878647,0
2023-07-28 11:10:41,377.4,1533642,1,375.74,592743,615511,-0.48780487804878647,0
2023-07-28 11:10:41,377.4,1533642,1,375.74,592847,616207,-0.48780487804878647,0
2023-07-28 11:10:41,377.4,1533642,201,375.74,592847,616207,-0.48780487804878647,0
2023-07-28 11:10:45,377.4,1533843,1,375.74,592553,616320,-0.48780487804878647,0
2023-07-28 11:10:47,377.4,1533844,1,375.74,592739,616046,-0.48780487804878647,0
2023-07-28 11:10:47,377.4,1533844,10,375.74,592739,616046,-0.48780487804878647,0
2023-07-28 11:10:50,377.4,1533854,10,375.74,593393,616025,-0.48780487804878647,0
2023-07-28 11:10:50,377.4,1533854,10,375.74,593618,616025,-0.48780487804878647,0
2023-07-28 11:10:50,377.4,1533854,50,375.74,593618,616025,-0.48780487804878647,0
2023-07-28 11:10:56,377.4,1533904,50,375.74,593618,616017,-0.48780487804878647,0
2023-07-28 11:10:59,377.4,1533907,3,375.74,593618,615923,-0.48780487804878647,0
2023-07-28 11:11:01,377.4,1534007,100,375.74,593635,616385,-0.48780487804878647,0
2023-07-28 11:11:01,377.4,1534007,250,375.74,593635,616385,-0.48780487804878647,0
2023-07-28 11:11:01,377.3,1534007,74,375.74,593635,616385,-0.5141727092946575,0
2023-07-28 11:11:04,377.3,1534331,74,375.74,593349,616283,-0.5141727092946575,0
2023-07-28 11:11:04,377.3,1534331,74,375.74,593535,616857,-0.5141727092946575,0
2023-07-28 11:11:04,377.3,1534331,74,375.74,593203,617015,-0.5141727092946575,0
2023-07-28 11:11:04,377.4,1534331,9,375.74,593203,617015,-0.48780487804878647,0
2023-07-28 11:11:11,377.4,1534341,9,375.74,593320,616421,-0.48780487804878647,0
2023-07-28 11:11:11,377.4,1534341,2,375.74,593320,616421,-0.48780487804878647,0
2023-07-28 11:11:13,377.4,1534343,2,375.74,593116,615476,-0.48780487804878647,0
2023-07-28 11:11:13,377.4,1534343,1,375.74,593116,615476,-0.48780487804878647,0
2023-07-28 11:11:17,377.25,1534345,1,375.74,593215,616021,-0.5273566249176005,0
2023-07-28 11:11:17,377.25,1534345,1,375.74,594100,615821,-0.5273566249176005,0
2023-07-28 11:11:17,377.25,1534345,1,375.74,594101,615821,-0.5273566249176005,0
2023-07-28 11:11:17,377.25,1534345,1,375.74,594101,615821,-0.5273566249176005,0
2023-07-28 11:11:17,377.25,1534345,1,375.74,594101,615821,-0.5273566249176005,0
2023-07-28 11:11:17,377.25,1534345,1,375.74,593628,616248,-0.5273566249176005,0
2023-07-28 11:11:17,377.4,1534345,1,375.74,593628,616248,-0.48780487804878647,0
2023-07-28 11:11:17,377.4,1534345,9,375.74,593628,616248,-0.48780487804878647,0
2023-07-28 11:11:17,377.4,1534345,9,375.74,593628,616248,-0.48780487804878647,0
2023-07-28 11:11:26,377.4,1534355,9,375.74,593658,616636,-0.48780487804878647,0
2023-07-28 11:11:26,377.4,1534355,9,375.74,593658,616636,-0.48780487804878647,0
2023-07-28 11:11:26,377.4,1534355,9,375.74,593529,616613,-0.48780487804878647,0
2023-07-28 11:11:26,377.4,1534355,9,375.74,593994,616739,-0.48780487804878647,0
2023-07-28 11:11:26,377.4,1534355,9,375.74,594171,616706,-0.48780487804878647,0
2023-07-28 11:11:26,377.25,1534355,1,375.74,594171,616706,-0.5273566249176005,0
2023-07-28 11:11:26,377.4,1534355,1,375.74,594171,616706,-0.48780487804878647,0
2023-07-28 11:11:38,377.25,1534358,1,375.74,593827,616705,-0.5273566249176005,0
2023-07-28 11:11:38,377.25,1534358,1,375.74,593827,616705,-0.5273566249176005,0
2023-07-28 11:11:38,377.25,1534358,1,375.74,593617,616479,-0.5273566249176005,0
2023-07-28 11:11:38,377.25,1534358,1,375.74,593576,616546,-0.5273566249176005,0
2023-07-28 11:11:38,377.25,1534358,1,375.74,593576,616546,-0.5273566249176005,0
2023-07-28 11:11:46,377.25,1534359,1,375.74,593764,616406,-0.5273566249176005,0
2023-07-28 11:11:46,377.35,1534359,1,375.74,593764,616406,-0.5009887936717146,0
2023-07-28 11:11:46,377.35,1534360,1,375.74,593834,616825,-0.5009887936717146,0
2023-07-28 11:11:46,377.35,1534360,1,375.74,593837,616323,-0.5009887936717146,0
2023-07-28 11:11:46,377.35,1534360,1,375.74,593837,616384,-0.5009887936717146,0
2023-07-28 11:11:46,377.35,1534360,1,375.74,594124,616514,-0.5009887936717146,0
2023-07-28 11:11:46,377.35,1534360,2,375.74,594124,616514,-0.5009887936717146,0
2023-07-28 11:12:00,377.35,1534362,2,375.74,594076,616512,-0.5009887936717146,0
2023-07-28 11:12:00,377.35,1534362,2,375.74,593948,616723,-0.5009887936717146,0
2023-07-28 11:12:00,377.35,1534362,2,375.74,594226,616769,-0.5009887936717146,0
2023-07-28 11:12:00,377.35,1534362,3,375.74,594041,616769,-0.5009887936717146,0
2023-07-28 11:12:08,377.35,1534365,3,375.74,594042,616767,-0.5009887936717146,0
2023-07-28 11:12:08,377.35,1534365,3,375.74,594042,616741,-0.5009887936717146,0
2023-07-28 11:12:08,377.2,1534365,68,375.74,594042,616741,-0.5405405405405436,0
2023-07-28 11:12:13,377.2,1534465,68,375.74,593094,617325,-0.5405405405405436,0
2023-07-28 11:12:13,377.5,1534465,19,375.74,593094,617325,-0.4614370468029005,0
2023-07-28 11:12:16,377.5,1536217,19,375.74,593252,616195,-0.4614370468029005,0
2023-07-28 11:12:16,377.5,1536217,19,375.74,593114,617383,-0.4614370468029005,0
2023-07-28 11:12:16,377.5,1536217,1,375.74,593114,617383,-0.4614370468029005,0
2023-07-28 11:12:16,377.35,1536217,26,375.74,593114,617383,-0.5009887936717146,0
2023-07-28 11:12:22,377.35,1536434,26,375.74,595295,613130,-0.5009887936717146,0
2023-07-28 11:12:22,377.35,1536434,88,375.74,595295,613130,-0.5009887936717146,0
2023-07-28 11:12:25,377.55,1536542,20,375.74,594239,613606,-0.44825313117995746,0
2023-07-28 11:12:27,377.5,1536545,3,375.74,594540,613603,-0.4614370468029005,0
2023-07-28 11:12:27,377.5,1536545,12,375.74,594540,613603,-0.4614370468029005,0
2023-07-28 11:12:28,377.5,1536557,12,375.74,595033,613395,-0.4614370468029005,0
2023-07-28 11:12:28,377.5,1536557,12,375.74,593692,614894,-0.4614370468029005,0
2023-07-28 11:12:28,377.4,1536557,10,375.74,593692,614894,-0.48780487804878647,0
2023-07-28 11:12:34,377.4,1536567,10,375.74,592952,616533,-0.48780487804878647,0
2023-07-28 11:12:37,377.2,1537480,1,375.74,586839,620102,-0.5405405405405436,0
2023-07-28 11:12:37,377.0,1537480,8,375.74,586839,620102,-0.5932762030323006,0
2023-07-28 11:12:38,377.0,1537550,8,375.74,590768,617924,-0.5932762030323006,0
2023-07-28 11:12:38,377.25,1537550,50,375.74,590768,617924,-0.5273566249176005,0
2023-07-28 11:12:42,377.25,1537600,50,375.74,591773,618333,-0.5273566249176005,0
2023-07-28 11:12:46,377.1,1537650,50,375.74,591723,618380,-0.5669083717864146,0
2023-07-28 11:12:46,377.1,1537650,50,375.74,592287,618363,-0.5669083717864146,0
2023-07-28 11:12:46,377.1,1537650,50,375.74,592984,617769,-0.5669083717864146,0
2023-07-28 11:12:46,377.15,1537650,7,375.74,592984,617769,-0.5537244561634865,0
2023-07-28 11:12:54,377.15,1537665,7,375.74,592420,617776,-0.5537244561634865,0
2023-07-28 11:12:54,377.15,1537665,7,375.74,592165,620008,-0.5537244561634865,0
2023-07-28 11:12:54,377.15,1537665,1,375.74,592165,620008,-0.5537244561634865,0
2023-07-28 11:12:58,377.15,1537700,1,375.74,590189,623714,-0.5537244561634865,0
2023-07-28 11:12:58,377.15,1537700,1,375.74,590137,623732,-0.5537244561634865,0
2023-07-28 11:12:58,377.05,1537700,100,375.74,590137,623732,-0.5800922874093576,0
2023-07-28 11:13:04,377.05,1537801,1,375.74,590822,627224,-0.5800922874093576,0
2023-07-28 11:13:04,377.05,1537801,1,375.74,590822,627224,-0.5800922874093576,0
2023-07-28 11:13:07,377.0,1537914,100,375.74,590257,627141,-0.5932762030323006,0
2023-07-28 11:13:07,377.05,1537914,3,375.74,590257,627141,-0.5800922874093576,0
2023-07-28 11:13:08,377.05,1537917,3,375.74,591419,626803,-0.5800922874093576,0
2023-07-28 11:13:08,377.0,1537917,369,375.74,591419,626803,-0.5932762030323006,0
2023-07-28 11:13:12,377.0,1538771,369,375.74,590504,625881,-0.5932762030323006,0
2023-07-28 11:13:12,377.0,1538771,8,375.74,590504,625881,-0.5932762030323006,0
2023-07-28 11:13:16,376.9,1539086,1,375.74,588065,626519,-0.6196440342781866,0
2023-07-28 11:13:16,376.85,1539086,66,375.74,588065,626519,-0.6328279499011147,0
2023-07-28 11:13:18,376.85,1539163,11,375.74,588459,626832,-0.6328279499011147,0
2023-07-28 11:13:18,376.85,1539163,11,375.74,587989,627245,-0.6328279499011147,0
2023-07-28 11:13:18,376.8,1539163,2595,375.74,587989,627245,-0.6460118655240576,0
2023-07-28 11:13:18,376.8,1539163,10,375.74,587989,627245,-0.6460118655240576,0
2023-07-28 11:13:18,376.85,1539163,106,375.74,587989,627245,-0.6328279499011147,0
2023-07-28 11:13:23,376.85,1549726,106,375.75,588543,621023,-0.6328279499011147,0
2023-07-28 11:13:23,376.8,1549726,119,375.75,588543,621023,-0.6460118655240576,0
2023-07-28 11:13:23,376.7,1549726,2,375.75,588543,621023,-0.6723796967699437,0
2023-07-28 11:13:24,376.7,1552068,39,375.75,579338,616431,-0.6723796967699437,0
2023-07-28 11:13:26,376.6,1552107,3,375.75,579061,622877,-0.6987475280158147,0
2023-07-28 11:13:28,376.5,1552110,5,375.75,578405,623477,-0.7251153592617007,0
2023-07-28 11:13:28,376.45,1552110,50,375.75,578405,623477,-0.7382992748846438,0
2023-07-28 11:13:32,376.45,1552465,2,375.75,580506,622463,-0.7382992748846438,0
2023-07-28 11:13:35,376.4,1552796,525,375.75,578115,623571,-0.7514831905075867,0
2023-07-28 11:13:38,376.5,1554161,800,375.75,578307,622945,-0.7251153592617007,0
2023-07-28 11:13:38,376.35,1554161,6,375.75,578307,622945,-0.7646671061305148,0
2023-07-28 11:13:41,376.35,1555617,243,375.76,577319,622482,-0.7646671061305148,0
2023-07-28 11:13:41,376.35,1555617,38,375.76,577319,622482,-0.7646671061305148,0
2023-07-28 11:13:43,376.35,1555762,38,375.76,577341,623826,-0.7646671061305148,0
2023-07-28 11:13:43,376.3,1555762,89,375.76,577341,623826,-0.7778510217534578,0
2023-07-28 11:13:46,376.2,1573073,6,375.76,565438,622871,-0.8042188529993438,0
2023-07-28 11:13:46,376.2,1573073,425,375.76,565438,622871,-0.8042188529993438,0
2023-07-28 11:13:49,376.2,1574659,425,375.76,571642,621624,-0.8042188529993438,0
2023-07-28 11:13:49,376.35,1574659,2,375.76,571642,621624,-0.7646671061305148,0
2023-07-28 11:13:49,376.15,1574659,42,375.76,571642,621624,-0.8174027686222868,0
2023-07-28 11:13:49,376.15,1574659,323,375.76,571642,621624,-0.8174027686222868,0
2023-07-28 11:13:52,376.1,1575350,40,375.76,565237,621886,-0.8305866842452149,0
2023-07-28 11:13:53,376.05,1575869,55,375.76,570957,621909,-0.8437705998681578,0
2023-07-28 11:13:58,376.05,1576223,42,375.76,580671,622975,-0.8437705998681578,0
2023-07-28 11:13:58,376.05,1576223,42,375.76,580671,622975,-0.8437705998681578,0
2023-07-28 11:13:58,376.05,1576223,31,375.76,580671,622975,-0.8437705998681578,0
2023-07-28 11:13:59,376.05,1576300,31,375.76,580802,622935,-0.8437705998681578,0
2023-07-28 11:13:59,376.05,1576300,31,375.76,583026,626165,-0.8437705998681578,0
2023-07-28 11:13:59,376.05,1576300,31,375.76,584090,626757,-0.8437705998681578,0
2023-07-28 11:14:06,376.1,1576500,199,375.76,582181,627687,-0.8305866842452149,0
2023-07-28 11:14:06,376.25,1576500,1,375.76,582181,627687,-0.7910349373764007,0
2023-07-28 11:14:07,376.25,1576501,1,375.76,582206,627701,-0.7910349373764007,0
2023-07-28 11:14:07,376.25,1576501,1,375.76,582256,627571,-0.7910349373764007,0
2023-07-28 11:14:07,376.25,1576501,2,375.76,582256,627571,-0.7910349373764007,0
2023-07-28 11:14:10,376.25,1576505,2,375.76,582257,627697,-0.7910349373764007,0
2023-07-28 11:14:10,376.25,1576505,100,375.76,582257,627697,-0.7910349373764007,0
2023-07-28 11:14:10,376.25,1576605,100,375.76,582433,627317,-0.7910349373764007,0
2023-07-28 11:14:10,376.25,1576605,100,375.76,582715,627219,-0.7910349373764007,0
2023-07-28 11:14:10,376.25,1576605,100,375.76,582930,627317,-0.7910349373764007,0
2023-07-28 11:14:10,376.25,1576605,100,375.76,582935,627317,-0.7910349373764007,0
2023-07-28 11:14:10,376.5,1576605,347,375.76,582934,627317,-0.7251153592617007,0
2023-07-28 11:14:16,376.35,1583842,53,375.76,592620,619249,-0.7646671061305148,0
2023-07-28 11:14:16,376.45,1583842,212,375.76,592731,619566,-0.7382992748846438,0
2023-07-28 11:14:18,376.45,1584054,212,375.76,590469,620684,-0.7382992748846438,0
2023-07-28 11:14:18,376.4,1584054,54,375.76,590649,621221,-0.7514831905075867,0
2023-07-28 11:14:18,376.55,1584054,1,375.76,590649,621221,-0.7119314436387577,0
2023-07-28 11:14:20,376.55,1584113,1,375.76,579485,619395,-0.7119314436387577,0
2023-07-28 11:14:20,376.55,1584113,1,375.76,579352,619857,-0.7119314436387577,0
2023-07-28 11:14:23,376.45,1584115,1,375.76,583958,621664,-0.7382992748846438,0
2023-07-28 11:14:23,376.45,1584115,1,375.76,583212,622463,-0.7382992748846438,0
2023-07-28 11:14:23,376.45,1584115,1,375.76,583200,622598,-0.7382992748846438,0
2023-07-28 11:14:23,376.45,1584115,50,375.76,583200,622598,-0.7382992748846438,0
2023-07-28 11:14:26,376.45,1584166,1,375.76,583617,622846,-0.7382992748846438,0
2023-07-28 11:14:26,376.45,1584166,1,375.76,583794,622713,-0.7382992748846438,0
2023-07-28 11:14:26,376.45,1584166,1,375.76,583794,622713,-0.7382992748846438,0
2023-07-28 11:14:26,376.45,1584166,1,375.76,583795,622811,-0.7382992748846438,0
2023-07-28 11:14:26,376.45,1584166,1,375.76,585300,621151,-0.7382992748846438,0
2023-07-28 11:14:26,376.45,1584166,1,375.76,585409,621730,-0.7382992748846438,0
2023-07-28 11:14:26,376.45,1584166,1,375.76,585509,621616,-0.7382992748846438,0
2023-07-28 11:14:26,376.45,1584166,1,375.76,585680,621617,-0.7382992748846438,0
2023-07-28 11:14:26,376.45,1584166,1,375.76,585680,621462,-0.7382992748846438,0
2023-07-28 11:14:26,376.45,1584166,1,375.76,586189,621152,-0.7382992748846438,0
2023-07-28 11:14:26,376.45,1584166,1,375.76,586189,621153,-0.7382992748846438,0
2023-07-28 11:14:26,376.45,1584166,1,375.76,585864,621021,-0.7382992748846438,0
2023-07-28 11:14:26,376.35,1584166,25,375.76,585864,621021,-0.7646671061305148,0
2023-07-28 11:14:40,376.45,1584629,5,375.76,582102,622827,-0.7382992748846438,0
2023-07-28 11:14:41,376.35,1584635,2,375.76,582366,622795,-0.7646671061305148,0
2023-07-28 11:14:41,376.3,1584635,1,375.76,582366,622795,-0.7778510217534578,0
2023-07-28 11:14:42,376.3,1584636,1,375.76,582611,623002,-0.7778510217534578,0
2023-07-28 11:14:44,376.25,1584698,10,375.76,582256,621907,-0.7910349373764007,0
2023-07-28 11:14:44,376.25,1584698,10,375.76,582256,621907,-0.7910349373764007,0
2023-07-28 11:14:44,376.25,1584698,10,375.76,582936,621609,-0.7910349373764007,0
2023-07-28 11:14:44,376.1,1584698,22,375.76,582936,621609,-0.8305866842452149,0
2023-07-28 11:14:47,376.25,1585289,23,375.76,581470,621930,-0.7910349373764007,0
2023-07-28 11:14:47,376.25,1585289,2,375.76,581470,621930,-0.7910349373764007,0
2023-07-28 11:14:49,376.25,1585291,2,375.76,581136,623079,-0.7910349373764007,0
2023-07-28 11:14:49,376.25,1585291,1,375.76,581136,623079,-0.7910349373764007,0
2023-07-28 11:14:50,376.1,1585361,69,375.76,581562,622766,-0.8305866842452149,0
2023-07-28 11:14:50,376.1,1585361,69,375.76,581562,622766,-0.8305866842452149,0
2023-07-28 11:14:50,376.1,1585361,69,375.76,581215,622776,-0.8305866842452149,0
2023-07-28 11:14:50,376.1,1585361,69,375.76,581224,622776,-0.8305866842452149,0
2023-07-28 11:14:50,376.05,1585361,3,375.76,581224,622776,-0.8437705998681578,0
2023-07-28 11:14:53,376.05,1585364,3,375.76,581176,622776,-0.8437705998681578,0
2023-07-28 11:14:55,376.25,1585389,19,375.76,582006,623620,-0.7910349373764007,0
2023-07-28 11:14:55,376.25,1585389,6,375.76,582006,623620,-0.7910349373764007,0
2023-07-28 11:14:56,376.25,1585401,6,375.76,582145,623965,-0.7910349373764007,0
2023-07-28 11:14:56,376.25,1585401,6,375.76,582145,624003,-0.7910349373764007,0
2023-07-28 11:14:56,376.25,1585401,6,375.76,582145,624006,-0.7910349373764007,0
2023-07-28 11:14:56,376.35,1585401,140,375.76,582145,624006,-0.7646671061305148,0
2023-07-28 11:15:00,376.35,1585640,140,375.76,581913,624042,-0.7646671061305148,0
2023-07-28 11:15:00,376.35,1585640,140,375.76,581913,624042,-0.7646671061305148,0
2023-07-28 11:15:00,376.35,1585640,140,375.76,581914,624042,-0.7646671061305148,0
2023-07-28 11:15:00,376.35,1585640,140,375.76,581914,624042,-0.7646671061305148,0
2023-07-28 11:15:00,376.35,1585640,140,375.76,582497,624042,-0.7646671061305148,0
2023-07-28 11:15:00,376.35,1585640,140,375.76,582497,624042,-0.7646671061305148,0
2023-07-28 11:15:00,376.35,1585640,140,375.76,582822,623680,-0.7646671061305148,0
2023-07-28 11:15:12,376.35,1585643,2,375.76,582417,623998,-0.7646671061305148,0
2023-07-28 11:15:12,376.35,1585643,2,375.76,582417,623998,-0.7646671061305148,0
2023-07-28 11:15:12,376.35,1585643,2,375.76,582275,623890,-0.7646671061305148,0
2023-07-28 11:15:12,376.35,1585643,2,375.76,582275,624190,-0.7646671061305148,0
2023-07-28 11:15:12,376.3,1585643,1,375.76,582942,625025,-0.7778510217534578,0
2023-07-28 11:15:12,376.1,1585643,23,375.76,582942,625025,-0.8305866842452149,0
2023-07-28 11:15:21,376.1,1585671,23,375.76,579055,626309,-0.8305866842452149,0
2023-07-28 11:15:21,376.2,1585671,1,375.76,579055,626309,-0.8042188529993438,0
2023-07-28 11:15:23,376.2,1585672,1,375.76,579132,626387,-0.8042188529993438,0
2023-07-28 11:15:23,376.2,1585672,1,375.76,580550,625164,-0.8042188529993438,0
2023-07-28 11:15:23,376.2,1585672,1,375.76,580037,624998,-0.8042188529993438,0
2023-07-28 11:15:23,376.2,1585672,1,375.76,580037,624998,-0.8042188529993438,0
2023-07-28 11:15:23,376.2,1585672,15,375.76,580037,624998,-0.8042188529993438,0
2023-07-28 11:15:33,376.0,1585694,1,375.76,579811,625100,-0.8569545154911009,0
2023-07-28 11:15:36,376.2,1585779,35,375.76,579441,625375,-0.8042188529993438,0
2023-07-28 11:15:36,376.0,1585779,13,375.76,579441,625375,-0.8569545154911009,0
2023-07-28 11:15:39,376.2,1585844,1,375.76,580183,625217,-0.8042188529993438,0
2023-07-28 11:15:39,376.2,1585844,1,375.76,579984,625266,-0.8042188529993438,0
2023-07-28 11:15:39,376.2,1585844,1,375.76,579984,625266,-0.8042188529993438,0
2023-07-28 11:15:43,376.2,1585845,1,375.76,580091,624783,-0.8042188529993438,0
2023-07-28 11:15:43,376.2,1585845,1,375.76,580091,624783,-0.8042188529993438,0
2023-07-28 11:15:46,376.2,1585848,1,375.76,579694,624914,-0.8042188529993438,0
2023-07-28 11:15:46,376.2,1585848,5,375.76,579694,624914,-0.8042188529993438,0
2023-07-28 11:15:51,376.2,1586048,5,375.76,581400,624520,-0.8042188529993438,0
2023-07-28 11:15:54,376.2,1586049,1,375.76,581072,625021,-0.8042188529993438,0
2023-07-28 11:15:54,376.2,1586049,1,375.76,580938,625197,-0.8042188529993438,0
2023-07-28 11:15:54,376.2,1586049,1,375.76,580645,625405,-0.8042188529993438,0
2023-07-28 11:15:54,376.2,1586049,1,375.76,580932,625196,-0.8042188529993438,0
2023-07-28 11:16:05,376.2,1586050,1,375.76,580982,625195,-0.8042188529993438,0
2023-07-28 11:16:05,376.2,1586050,16,375.76,580982,625195,-0.8042188529993438,0
2023-07-28 11:16:06,376.2,1586150,16,375.76,580817,625050,-0.8042188529993438,0
2023-07-28 11:16:06,376.2,1586150,16,375.76,578790,626070,-0.8042188529993438,0
2023-07-28 11:16:06,376.2,1586150,16,375.76,579521,626418,-0.8042188529993438,0
2023-07-28 11:16:06,376.2,1586150,16,375.76,580054,625892,-0.8042188529993438,0
2023-07-28 11:16:06,376.15,1586150,1,375.76,580054,625892,-0.8174027686222868,0
2023-07-28 11:16:16,376.15,1586151,1,375.76,580739,625866,-0.8174027686222868,0
2023-07-28 11:16:16,376.15,1586151,1,375.76,581554,625866,-0.8174027686222868,0
2023-07-28 11:16:16,376.15,1586151,1,375.76,581564,625888,-0.8174027686222868,0
2023-07-28 11:16:16,376.15,1586151,1,375.76,581564,625888,-0.8174027686222868,0
2023-07-28 11:16:25,376.15,1586152,1,375.76,580226,626217,-0.8174027686222868,0
2023-07-28 11:16:25,376.05,1586152,1,375.76,580385,626040,-0.8437705998681578,0
2023-07-28 11:16:28,376.05,1586153,1,375.76,579488,625672,-0.8437705998681578,0
2023-07-28 11:16:28,376.15,1586153,5,375.76,579488,625672,-0.8174027686222868,0
2023-07-28 11:16:32,376.0,1586175,1,375.76,580038,626047,-0.8569545154911009,0
2023-07-28 11:16:35,376.0,1586176,1,375.76,579881,625637,-0.8569545154911009,0
2023-07-28 11:16:35,376.1,1586176,3,375.76,579881,625637,-0.8305866842452149,0
2023-07-28 11:16:35,376.1,1586181,3,375.76,575805,625099,-0.8305866842452149,0
2023-07-28 11:16:35,376.0,1586181,100,375.76,575805,625099,-0.8569545154911009,0
2023-07-28 11:16:39,376.0,1586282,1,375.76,575704,625709,-0.8569545154911009,0
2023-07-28 11:16:39,376.0,1586282,1,375.76,576052,625494,-0.8569545154911009,0
2023-07-28 11:16:39,376.0,1586282,21,375.76,576052,625494,-0.8569545154911009,0
2023-07-28 11:16:39,376.05,1586282,30,375.76,576052,625494,-0.8437705998681578,0
2023-07-28 11:16:44,376.1,1586757,1,375.76,574978,626267,-0.8305866842452149,0
2023-07-28 11:16:44,376.0,1586757,111,375.76,574978,626267,-0.8569545154911009,0
2023-07-28 11:16:44,376.0,1586868,111,375.76,575531,625438,-0.8569545154911009,0
2023-07-28 11:16:44,376.0,1586868,111,375.76,576001,622566,-0.8569545154911009,0
2023-07-28 11:16:44,376.0,1586868,111,375.76,575291,624049,-0.8569545154911009,0
2023-07-28 11:16:44,376.0,1586868,111,375.76,576080,623499,-0.8569545154911009,0
2023-07-28 11:16:44,376.05,1586868,1,375.76,576080,623499,-0.8437705998681578,0
2023-07-28 11:16:44,376.05,1586868,21,375.76,576080,623499,-0.8437705998681578,0
2023-07-28 11:16:58,376.05,1586891,21,375.76,575761,622081,-0.8437705998681578,0
2023-07-28 11:16:58,376.05,1586891,21,375.76,576125,623799,-0.8437705998681578,0
2023-07-28 11:16:58,376.0,1586891,1,375.76,576125,623799,-0.8569545154911009,0
2023-07-28 11:17:02,376.0,1586920,1,375.76,575569,623840,-0.8569545154911009,0
2023-07-28 11:17:02,376.0,1586920,1,375.76,574879,624744,-0.8569545154911009,0
2023-07-28 11:17:02,376.05,1586920,11,375.76,574879,624744,-0.8437705998681578,0
2023-07-28 11:17:08,376.05,1586931,11,375.76,575336,624436,-0.8437705998681578,0
2023-07-28 11:17:08,376.05,1586931,11,375.76,574705,624978,-0.8437705998681578,0
2023-07-28 11:17:08,375.95,1586931,1,375.76,574705,624978,-0.8701384311140439,0
2023-07-28 11:17:13,375.95,1588166,1,375.76,570588,626720,-0.8701384311140439,0
2023-07-28 11:17:13,375.8,1588166,5,375.76,570588,626720,-0.9096901779828579,0
2023-07-28 11:17:16,375.8,1588196,3,375.76,570461,628230,-0.9096901779828579,0
2023-07-28 11:17:16,375.8,1588196,39,375.76,570461,628230,-0.9096901779828579,0
2023-07-28 11:17:16,375.8,1588196,81,375.76,570461,628230,-0.9096901779828579,0
2023-07-28 11:17:20,375.8,1588319,81,375.76,571064,624674,-0.9096901779828579,0
2023-07-28 11:17:20,375.8,1588319,1,375.76,571064,624674,-0.9096901779828579,0
2023-07-28 11:17:20,375.95,1588319,5,375.76,571064,624674,-0.8701384311140439,0
2023-07-28 11:17:24,375.8,1588526,93,375.76,571364,624525,-0.9096901779828579,0
2023-07-28 11:17:24,375.8,1588526,93,375.76,571364,624525,-0.9096901779828579,0
2023-07-28 11:17:24,375.95,1588526,13,375.76,571364,624525,-0.8701384311140439,0
2023-07-28 11:17:24,375.95,1588526,13,375.76,571364,624525,-0.8701384311140439,0
2023-07-28 11:17:24,375.95,1588526,60,375.76,571364,624525,-0.8701384311140439,0
2023-07-28 11:17:25,375.95,1588619,60,375.76,571159,624140,-0.8701384311140439,0
2023-07-28 11:17:25,375.95,1588619,60,375.76,571159,624140,-0.8701384311140439,0
2023-07-28 11:17:25,375.95,1588619,60,375.76,571159,624140,-0.8701384311140439,0
2023-07-28 11:17:25,375.95,1588619,60,375.76,571159,624140,-0.8701384311140439,0
2023-07-28 11:17:25,375.95,1588619,60,375.76,571159,624140,-0.8701384311140439,0
2023-07-28 11:17:25,375.95,1588619,60,375.76,571159,624140,-0.8701384311140439,0
2023-07-28 11:17:25,375.85,1588619,25,375.76,571159,624140,-0.8965062623599149,0
2023-07-28 11:17:31,375.85,1588646,25,375.76,569673,624744,-0.8965062623599149,0
2023-07-28 11:17:31,375.6,1588646,106,375.76,569673,624744,-0.962425840474615,0
2023-07-28 11:17:32,375.6,1589052,106,375.76,570359,626038,-0.962425840474615,0
2023-07-28 11:17:32,375.6,1589052,106,375.76,570359,626009,-0.962425840474615,0
2023-07-28 11:17:32,375.7,1589052,1,375.76,570359,626009,-0.9360580092287439,0
2023-07-28 11:17:40,375.8,1589056,1,375.76,570360,627459,-0.9096901779828579,0
2023-07-28 11:17:40,375.6,1589056,100,375.76,570360,627459,-0.962425840474615,0
2023-07-28 11:17:40,375.6,1589056,15,375.76,570360,627459,-0.962425840474615,0
2023-07-28 11:17:42,375.6,1589181,94,375.76,570401,627486,-0.962425840474615,0
2023-07-28 11:17:42,375.5,1589181,6,375.76,570401,627486,-0.988793671720501,0
2023-07-28 11:17:44,375.5,1590003,34,375.76,563675,628324,-0.988793671720501,0
2023-07-28 11:17:44,375.5,1590003,100,375.76,563675,628324,-0.988793671720501,0
2023-07-28 11:17:44,375.6,1590003,50,375.76,563675,628324,-0.962425840474615,0
2023-07-28 11:17:48,375.5,1590255,5,375.76,565154,628000,-0.988793671720501,0
2023-07-28 11:17:48,375.5,1590255,68,375.76,565154,628000,-0.988793671720501,0
2023-07-28 11:17:48,375.5,1590255,50,375.76,565154,628000,-0.988793671720501,0
2023-07-28 11:17:49,375.4,1591518,20,375.76,564120,629285,-1.015161502966387,0
2023-07-28 11:17:49,375.4,1591518,1,375.76,564120,629285,-1.015161502966387,0
2023-07-28 11:17:53,375.4,1591607,25,375.76,563472,629380,-1.015161502966387,0
2023-07-28 11:17:53,375.35,1591607,8,375.76,563472,629380,-1.028345418589315,0
2023-07-28 11:17:54,375.35,1591715,8,375.76,563855,623865,-1.028345418589315,0
2023-07-28 11:17:54,375.4,1591715,1,375.76,563855,623865,-1.015161502966387,0
2023-07-28 11:17:54,375.4,1591715,28,375.76,563855,623865,-1.015161502966387,0
2023-07-28 11:17:57,375.4,1592232,28,375.76,566962,623547,-1.015161502966387,0
2023-07-28 11:17:57,375.4,1592232,28,375.76,567453,623145,-1.015161502966387,0
2023-07-28 11:17:57,375.55,1592232,318,375.76,567453,623145,-0.975609756097558,0
2023-07-28 11:18:01,375.55,1592632,318,375.76,567472,622892,-0.975609756097558,0
2023-07-28 11:18:05,375.45,1592738,106,375.76,566272,625107,-1.001977587343444,0
2023-07-28 11:18:05,375.6,1592738,80,375.76,566272,625107,-0.962425840474615,0
2023-07-28 11:18:05,375.6,1592738,1,375.76,566272,625107,-0.962425840474615,0
2023-07-28 11:18:08,375.4,1592840,1,375.76,566237,624994,-1.015161502966387,0
2023-07-28 11:18:08,375.6,1592840,50,375.76,566237,624994,-0.962425840474615,0
2023-07-28 11:18:11,375.5,1592921,10,375.76,567022,625006,-0.988793671720501,0
2023-07-28 11:18:11,375.5,1592921,88,375.76,567022,625006,-0.988793671720501,0
2023-07-28 11:18:11,375.5,1593009,88,375.76,566757,625396,-0.988793671720501,0
2023-07-28 11:18:11,375.6,1593009,1,375.76,566757,625396,-0.962425840474615,0
2023-07-28 11:18:16,375.6,1593011,1,375.76,571165,624196,-0.962425840474615,0
2023-07-28 11:18:16,375.6,1593011,17,375.76,571165,624196,-0.962425840474615,0
2023-07-28 11:18:16,375.6,1593011,2,375.76,571165,624196,-0.962425840474615,0
2023-07-28 11:18:18,375.6,1593043,2,375.76,571759,626508,-0.962425840474615,0
2023-07-28 11:18:18,375.5,1593043,33,375.76,571759,626508,-0.988793671720501,0
2023-07-28 11:18:21,375.5,1593079,3,375.76,571708,626581,-0.988793671720501,0
2023-07-28 11:18:21,375.5,1593079,3,375.76,572947,628397,-0.988793671720501,0
2023-07-28 11:18:21,375.5,1593079,1,375.76,572947,628397,-0.988793671720501,0
2023-07-28 11:18:24,375.5,1593080,1,375.76,572978,628265,-0.988793671720501,0
2023-07-28 11:18:24,375.6,1593080,25,375.76,572978,628265,-0.962425840474615,0
2023-07-28 11:18:28,375.6,1593105,25,375.76,572978,628240,-0.962425840474615,0
2023-07-28 11:18:28,375.6,1593105,4,375.76,572978,628240,-0.962425840474615,0
2023-07-28 11:18:29,375.6,1593109,1,375.76,573316,627763,-0.962425840474615,0
2023-07-28 11:18:29,375.5,1593109,2,375.76,573316,627763,-0.988793671720501,0
2023-07-28 11:18:34,375.55,1593123,10,375.76,572560,628186,-0.975609756097558,0
2023-07-28 11:18:34,375.55,1593123,10,375.76,572560,628186,-0.975609756097558,0
2023-07-28 11:18:37,375.5,1593133,10,375.76,572249,628312,-0.988793671720501,0
2023-07-28 11:18:37,375.55,1593133,29,375.76,571983,628619,-0.975609756097558,0
2023-07-28 11:18:37,375.5,1593133,2,375.76,571983,628619,-0.988793671720501,0
2023-07-28 11:18:37,375.5,1593133,126,375.76,571983,628619,-0.988793671720501,0
2023-07-28 11:18:37,375.5,1593133,24,375.76,571983,628619,-0.988793671720501,0
2023-07-28 11:18:42,375.55,1593627,10,375.76,572526,628835,-0.975609756097558,0
2023-07-28 11:18:42,375.5,1593627,1,375.76,572526,628835,-0.988793671720501,0
2023-07-28 11:18:44,375.5,1593628,1,375.76,573040,628530,-0.988793671720501,0
2023-07-28 11:18:44,375.5,1593628,1,375.76,572909,627245,-0.988793671720501,0
2023-07-28 11:18:44,375.6,1593628,3,375.76,572909,627245,-0.962425840474615,0
2023-07-28 11:18:51,375.55,1593633,5,375.76,572918,627061,-0.975609756097558,0
2023-07-28 11:18:51,375.55,1593638,5,375.76,572968,627089,-0.975609756097558,0
2023-07-28 11:18:56,375.5,1593651,5,375.76,573217,626784,-0.988793671720501,0
2023-07-28 11:18:56,375.5,1593651,46,375.76,573217,626784,-0.988793671720501,0
2023-07-28 11:18:59,375.55,1593698,1,375.76,573019,626966,-0.975609756097558,0
2023-07-28 11:18:59,375.55,1593698,100,375.76,573019,626966,-0.975609756097558,0
2023-07-28 11:18:59,375.5,1593698,1,375.76,573019,626966,-0.988793671720501,0
2023-07-28 11:19:01,375.5,1593799,1,375.76,572704,627149,-0.988793671720501,0
2023-07-28 11:19:01,375.5,1593799,99,375.76,572704,627149,-0.988793671720501,0
2023-07-28 11:19:04,375.5,1593988,90,375.76,572517,627149,-0.988793671720501,0
2023-07-28 11:19:04,375.5,1593988,90,375.76,572476,627413,-0.988793671720501,0
2023-07-28 11:19:04,375.5,1593988,90,375.76,571947,627066,-0.988793671720501,0
2023-07-28 11:19:04,375.6,1593988,100,375.76,571947,627066,-0.962425840474615,0
2023-07-28 11:19:11,375.6,1594088,100,375.76,572122,626875,-0.962425840474615,0
2023-07-28 11:19:11,375.5,1594088,80,375.76,572122,626875,-0.988793671720501,0
2023-07-28 11:19:14,375.6,1594268,33,375.76,572092,626306,-0.962425840474615,0
2023-07-28 11:19:14,375.6,1594268,33,375.76,572394,625940,-0.962425840474615,0
2023-07-28 11:19:14,375.6,1594268,100,375.76,572394,625940,-0.962425840474615,0
2023-07-28 11:19:18,375.6,1594368,100,375.76,572394,625946,-0.962425840474615,0
