2023-07-28 10:49:29,4875.8,173234,1,4895.73,34603,34080,0.04924693232651836,0
2023-07-28 10:49:28,4875.8,173233,1,4895.73,34630,34075,0.04924693232651836,0
2023-07-28 10:49:29,4875.8,173234,1,4895.73,34588,34094,0.04924693232651836,0
2023-07-28 10:49:29,4875.8,173234,1,4895.73,33591,34112,0.04924693232651836,0
2023-07-28 10:49:29,4875.8,173234,1,4895.73,34601,34101,0.04924693232651836,0
2023-07-28 10:49:29,4875.8,173234,1,4895.73,34590,33949,0.04924693232651836,0
2023-07-28 10:49:35,4876.9,173235,1,4895.73,34559,33944,0.07181844297615628,0
2023-07-28 10:49:35,4876.9,173235,1,4895.73,34570,33944,0.07181844297615628,0
2023-07-28 10:49:35,4876.9,173235,1,4895.73,34570,33944,0.07181844297615628,0
2023-07-28 10:49:38,4875.8,173237,2,4895.73,34567,33943,0.04924693232651836,0
2023-07-28 10:49:38,4877.45,173247,9,4895.73,34584,34121,0.08310419830098457,0
2023-07-28 10:49:38,4877.45,173247,9,4895.73,34576,34121,0.08310419830098457,0
2023-07-28 10:49:38,4877.45,173247,9,4895.73,34576,34120,0.08310419830098457,0
2023-07-28 10:49:38,4877.45,173247,9,4895.73,34576,34120,0.08310419830098457,0
2023-07-28 10:49:38,4877.45,173247,9,4895.73,34632,33683,0.08310419830098457,0
2023-07-28 10:49:43,4875.7,173248,1,4895.73,34635,33894,0.04719497681290643,0
2023-07-28 10:49:43,4875.7,173248,1,4895.73,34636,33665,0.04719497681290643,0
2023-07-28 10:49:43,4875.7,173248,1,4895.73,34653,33667,0.04719497681290643,0
2023-07-28 10:49:46,4877.8,173268,6,4895.73,34707,33627,0.09028604259860766,0
2023-07-28 10:49:46,4877.8,173268,6,4895.73,33602,33743,0.09028604259860766,0
2023-07-28 10:49:46,4877.8,173268,6,4895.73,34657,33661,0.09028604259860766,0
2023-07-28 10:49:46,4877.8,173268,6,4895.73,34624,34142,0.09028604259860766,0
2023-07-28 10:49:46,4877.8,173268,6,4895.73,34653,33646,0.09028604259860766,0
2023-07-28 10:49:46,4877.8,173268,6,4895.73,34542,34134,0.09028604259860766,0
2023-07-28 10:49:46,4877.8,173268,6,4895.73,33563,33676,0.09028604259860766,0
2023-07-28 10:49:46,4877.8,173268,6,4895.73,33553,33707,0.09028604259860766,0
2023-07-28 10:49:46,4877.8,173268,6,4895.73,34544,33707,0.09028604259860766,0
2023-07-28 10:49:46,4877.8,173268,6,4895.73,34773,33669,0.09028604259860766,0
2023-07-28 10:49:46,4875.8,173268,1,4895.73,34817,33666,0.04924693232651836,0
2023-07-28 10:49:46,4872.05,173268,7,4895.73,34817,33666,-0.027701399433649083,0
2023-07-28 10:49:57,4874.95,174721,11,4895.56,31946,34239,0.03180531046087294,0
2023-07-28 10:49:58,4874.95,174974,11,4895.53,34448,33912,0.03180531046087294,0
2023-07-28 10:49:58,4874.95,174974,11,4895.53,34463,33915,0.03180531046087294,0
2023-07-28 10:49:58,4874.95,174974,11,4895.53,34447,33863,0.03180531046087294,0
2023-07-28 10:49:58,4875.3,174974,1,4895.53,34447,33863,0.03898715475849604,0
2023-07-28 10:49:58,4877.3,174974,2,4895.53,34447,33863,0.08002626503058534,0
2023-07-28 10:50:02,4877.3,175179,2,4895.5,34613,33560,0.08002626503058534,0
2023-07-28 10:50:05,4875.0,175180,1,4895.5,34703,33658,0.03283128821767891,0
2023-07-28 10:50:05,4877.65,175185,5,4895.5,34687,33614,0.08720810932818977,0
2023-07-28 10:50:05,4877.65,175185,5,4895.5,34705,33637,0.08720810932818977,0
2023-07-28 10:50:05,4877.65,175185,5,4895.5,34667,33903,0.08720810932818977,0
2023-07-28 10:50:05,4877.65,175185,5,4895.5,34764,33898,0.08720810932818977,0
2023-07-28 10:50:05,4875.0,175185,1,4895.5,34764,33898,0.03283128821767891,0
2023-07-28 10:50:09,4875.0,175186,1,4895.5,34828,33570,0.03283128821767891,0
2023-07-28 10:50:09,4875.1,175186,1,4895.5,34843,33631,0.03488324373129084,0
2023-07-28 10:50:09,4875.0,175186,200,4895.5,34843,33631,0.03283128821767891,0
2023-07-28 10:50:12,4875.0,175863,200,4895.42,34728,33648,0.03283128821767891,0
2023-07-28 10:50:12,4875.0,175863,200,4895.42,34718,33652,0.03283128821767891,0
2023-07-28 10:50:12,4875.0,175863,200,4895.42,34719,33637,0.03283128821767891,0
2023-07-28 10:50:12,4875.0,175863,200,4895.42,34636,33674,0.03283128821767891,0
2023-07-28 10:50:12,4873.0,175863,85,4895.42,34646,33671,-0.008207822054410396,0
2023-07-28 10:50:12,4875.75,175863,2,4895.42,34646,33671,0.0482209545697124,0
2023-07-28 10:50:18,4875.75,176065,2,4895.4,34177,33322,0.0482209545697124,0
2023-07-28 10:50:20,4876.25,176158,8,4895.39,34079,33600,0.05848073213773472,0
2023-07-28 10:50:20,4876.25,176158,8,4895.39,34079,33600,0.05848073213773472,0
2023-07-28 10:50:20,4876.25,176158,8,4895.39,34189,33642,0.05848073213773472,0
2023-07-28 10:50:20,4876.25,176158,8,4895.39,34229,33572,0.05848073213773472,0
2023-07-28 10:50:20,4876.25,176158,8,4895.39,34229,33572,0.05848073213773472,0
2023-07-28 10:50:20,4876.25,176158,8,4895.39,34223,33744,0.05848073213773472,0
2023-07-28 10:50:20,4876.25,176158,8,4895.39,34223,33744,0.05848073213773472,0
2023-07-28 10:50:20,4876.25,176158,8,4895.39,34223,33749,0.05848073213773472,0
2023-07-28 10:50:20,4872.8,176158,1,4895.39,34225,33749,-0.012311733081615595,0
2023-07-28 10:50:25,4872.8,176159,1,4895.39,34258,33571,-0.012311733081615595,0
2023-07-28 10:50:25,4872.8,176159,1,4895.39,34255,33571,-0.012311733081615595,0
2023-07-28 10:50:25,4875.8,176159,3,4895.39,34255,33571,0.04924693232651836,0
2023-07-28 10:50:28,4875.8,176165,3,4895.39,34274,33546,0.04924693232651836,0
2023-07-28 10:50:28,4875.65,176165,3,4895.39,34274,33546,0.04616899905610047,0
2023-07-28 10:50:30,4875.65,176168,3,4895.39,34290,33543,0.04616899905610047,0
2023-07-28 10:50:30,4875.65,176168,3,4895.39,33275,33550,0.04616899905610047,0
2023-07-28 10:50:30,4875.65,176168,3,4895.39,34251,33553,0.04616899905610047,0
2023-07-28 10:50:34,4876.45,176170,1,4895.39,33240,33476,0.06258464316493992,0
2023-07-28 10:50:34,4876.45,176170,1,4895.39,34345,33490,0.06258464316493992,0
2023-07-28 10:50:34,4876.45,176170,1,4895.39,34339,33508,0.06258464316493992,0
2023-07-28 10:50:34,4876.45,176170,1,4895.39,34341,33427,0.06258464316493992,0
2023-07-28 10:50:34,4876.45,176170,1,4895.39,33343,33422,0.06258464316493992,0
2023-07-28 10:50:34,4876.25,176170,2,4895.39,34293,33414,0.05848073213773472,0
2023-07-28 10:50:39,4876.25,176172,2,4895.39,34245,33470,0.05848073213773472,0
2023-07-28 10:50:39,4876.25,176172,2,4895.39,34264,33468,0.05848073213773472,0
2023-07-28 10:50:39,4876.25,176172,2,4895.39,34251,33574,0.05848073213773472,0
2023-07-28 10:50:39,4876.25,176172,2,4895.39,34285,33504,0.05848073213773472,0
2023-07-28 10:50:39,4876.25,176172,2,4895.39,34292,33495,0.05848073213773472,0
2023-07-28 10:50:39,4874.35,176172,1,4895.39,34292,33495,0.01949357737925735,0
2023-07-28 10:50:45,4874.35,176183,1,4895.38,34255,33608,0.01949357737925735,0
2023-07-28 10:50:45,4874.35,176183,1,4895.38,34255,33823,0.01949357737925735,0
2023-07-28 10:50:45,4874.35,176183,1,4895.38,34250,33825,0.01949357737925735,0
2023-07-28 10:50:45,4874.35,176183,1,4895.38,34250,33837,0.01949357737925735,0
2023-07-28 10:50:45,4874.35,176183,1,4895.38,34214,33788,0.01949357737925735,0
2023-07-28 10:50:45,4874.35,176183,1,4895.38,34174,33817,0.01949357737925735,0
2023-07-28 10:50:52,4874.4,176185,1,4895.38,34096,33885,0.020519555136044653,0
2023-07-28 10:50:52,4874.4,176185,1,4895.38,32114,33738,0.020519555136044653,0
2023-07-28 10:50:52,4874.4,176185,1,4895.38,32114,33738,0.020519555136044653,0
2023-07-28 10:50:53,4874.4,176186,1,4895.38,34143,33779,0.020519555136044653,0
2023-07-28 10:50:53,4874.4,176186,1,4895.38,34136,34029,0.020519555136044653,0
2023-07-28 10:50:53,4874.4,176186,1,4895.38,34162,33933,0.020519555136044653,0
2023-07-28 10:50:53,4874.4,176186,1,4895.38,34173,33693,0.020519555136044653,0
2023-07-28 10:50:53,4874.4,176186,1,4895.38,34155,33718,0.020519555136044653,0
2023-07-28 10:50:53,4874.4,176186,1,4895.38,34167,33698,0.020519555136044653,0
2023-07-28 10:50:53,4874.4,176186,1,4895.38,34130,33722,0.020519555136044653,0
2023-07-28 10:50:53,4874.5,176186,1,4895.38,34130,33722,0.02257151064965658,0
2023-07-28 10:51:01,4874.5,176189,1,4895.38,34133,33741,0.02257151064965658,0
2023-07-28 10:51:01,4874.5,176189,1,4895.38,34133,33740,0.02257151064965658,0
2023-07-28 10:51:01,4874.5,176189,1,4895.38,34115,33994,0.02257151064965658,0
2023-07-28 10:51:01,4874.95,176189,2,4895.38,34115,33994,0.03180531046087294,0
2023-07-28 10:51:04,4872.65,176241,2,4895.38,34166,34082,-0.015389666352033489,0
2023-07-28 10:51:04,4872.65,176241,2,4895.38,34119,33652,-0.015389666352033489,0
2023-07-28 10:51:04,4875.05,176241,1,4895.38,34114,33671,0.03385726597448487,0
2023-07-28 10:51:07,4875.05,176242,1,4895.38,34153,33644,0.03385726597448487,0
2023-07-28 10:51:07,4875.05,176242,1,4895.38,34159,33655,0.03385726597448487,0
2023-07-28 10:51:07,4875.05,176242,1,4895.38,34144,33630,0.03385726597448487,0
2023-07-28 10:51:11,4875.05,176243,1,4895.38,34194,33684,0.03385726597448487,0
2023-07-28 10:51:11,4875.05,176243,1,4895.38,34158,33683,0.03385726597448487,0
2023-07-28 10:51:11,4875.05,176243,1,4895.38,34159,34085,0.03385726597448487,0
2023-07-28 10:51:11,4875.05,176243,1,4895.38,34188,33692,0.03385726597448487,0
2023-07-28 10:51:11,4875.05,176243,1,4895.38,34196,33707,0.03385726597448487,0
2023-07-28 10:51:11,4875.05,176243,1,4895.38,34119,33743,0.03385726597448487,0
2023-07-28 10:51:11,4875.05,176243,1,4895.38,34106,34128,0.03385726597448487,0
2023-07-28 10:51:11,4875.05,176243,1,4895.38,34163,33808,0.03385726597448487,0
2023-07-28 10:51:11,4875.05,176243,1,4895.38,34157,33849,0.03385726597448487,0
2023-07-28 10:51:21,4875.05,176244,3,4895.38,34169,33824,0.03385726597448487,0
2023-07-28 10:51:22,4875.05,176247,3,4895.38,34159,33823,0.03385726597448487,0
2023-07-28 10:51:22,4875.05,176247,3,4895.38,34153,34202,0.03385726597448487,0
2023-07-28 10:51:22,4875.05,176247,3,4895.38,34175,33832,0.03385726597448487,0
2023-07-28 10:51:22,4875.05,176247,3,4895.38,34162,34207,0.03385726597448487,0
2023-07-28 10:51:22,4875.05,176247,3,4895.38,34188,33810,0.03385726597448487,0
2023-07-28 10:51:22,4875.05,176247,3,4895.38,34187,34211,0.03385726597448487,0
2023-07-28 10:51:22,4875.05,176247,3,4895.38,34181,33811,0.03385726597448487,0
2023-07-28 10:51:22,4875.05,176247,3,4895.38,34193,33825,0.03385726597448487,0
2023-07-28 10:51:34,4875.2,176249,1,4895.38,34225,33699,0.03693519924488411,0
2023-07-28 10:51:35,4875.15,176250,1,4895.38,34236,34092,0.03590922148807814,0
2023-07-28 10:51:35,4875.15,176250,1,4895.38,34236,34088,0.03590922148807814,0
2023-07-28 10:51:35,4875.15,176250,1,4895.38,34236,34088,0.03590922148807814,0
2023-07-28 10:51:35,4875.15,176250,1,4895.38,33222,33714,0.03590922148807814,0
2023-07-28 10:51:35,4875.15,176250,1,4895.38,34224,34288,0.03590922148807814,0
2023-07-28 10:51:35,4875.15,176250,1,4895.38,34235,33904,0.03590922148807814,0
2023-07-28 10:51:35,4875.15,176250,1,4895.38,34224,34302,0.03590922148807814,0
2023-07-28 10:51:35,4875.15,176250,1,4895.38,34224,34339,0.03590922148807814,0
2023-07-28 10:51:35,4875.15,176250,1,4895.38,34236,33951,0.03590922148807814,0
2023-07-28 10:51:35,4875.15,176250,1,4895.38,34200,34334,0.03590922148807814,0
2023-07-28 10:51:35,4875.15,176250,1,4895.38,34219,34254,0.03590922148807814,0
2023-07-28 10:51:49,4875.15,176251,1,4895.38,34188,34405,0.03590922148807814,0
2023-07-28 10:51:49,4875.2,176251,1,4895.38,34188,34405,0.03693519924488411,0
2023-07-28 10:51:49,4875.2,176251,2,4895.38,34188,34405,0.03693519924488411,0
2023-07-28 10:51:51,4875.2,176255,2,4895.38,34197,34125,0.03693519924488411,0
2023-07-28 10:51:53,4875.75,176260,2,4895.37,34197,33844,0.0482209545697124,0
2023-07-28 10:51:53,4875.75,176260,2,4895.37,34205,33838,0.0482209545697124,0
2023-07-28 10:51:53,4875.75,176260,2,4895.37,34181,33903,0.0482209545697124,0
2023-07-28 10:51:53,4875.75,176260,2,4895.37,34180,33904,0.0482209545697124,0
2023-07-28 10:51:53,4875.75,176260,2,4895.37,34219,33907,0.0482209545697124,0
2023-07-28 10:51:58,4875.1,176290,8,4895.37,34216,33918,0.03488324373129084,0
2023-07-28 10:51:58,4875.1,176290,8,4895.37,34216,33995,0.03488324373129084,0
2023-07-28 10:51:58,4875.1,176290,8,4895.37,34204,33974,0.03488324373129084,0
2023-07-28 10:51:58,4875.75,176290,3,4895.37,34204,33974,0.0482209545697124,0
2023-07-28 10:52:02,4875.75,176293,3,4895.37,34192,33926,0.0482209545697124,0
2023-07-28 10:52:02,4875.15,176293,1,4895.37,34192,33926,0.03590922148807814,0
2023-07-28 10:52:04,4875.45,176295,1,4895.37,34196,33938,0.04206508802889527,0
2023-07-28 10:52:04,4875.45,176295,1,4895.37,34219,33931,0.04206508802889527,0
2023-07-28 10:52:04,4875.45,176295,1,4895.37,34219,33911,0.04206508802889527,0
2023-07-28 10:52:04,4875.3,176295,1,4895.37,34209,33932,0.03898715475849604,0
2023-07-28 10:52:08,4875.3,176296,1,4895.37,34205,34015,0.03898715475849604,0
2023-07-28 10:52:08,4875.3,176296,1,4895.37,34210,33919,0.03898715475849604,0
2023-07-28 10:52:08,4875.3,176296,1,4895.37,34210,33919,0.03898715475849604,0
2023-07-28 10:52:08,4875.3,176296,1,4895.37,34209,34366,0.03898715475849604,0
2023-07-28 10:52:08,4875.3,176296,1,4895.37,34191,34370,0.03898715475849604,0
2023-07-28 10:52:08,4875.3,176296,1,4895.37,34203,34364,0.03898715475849604,0
2023-07-28 10:52:08,4875.3,176296,1,4895.37,34209,34367,0.03898715475849604,0
2023-07-28 10:52:08,4875.75,176296,1,4895.37,34209,34367,0.0482209545697124,0
2023-07-28 10:52:17,4875.35,176302,1,4895.37,34256,33997,0.040013132515302,0
2023-07-28 10:52:17,4875.35,176302,1,4895.37,34313,34362,0.040013132515302,0
2023-07-28 10:52:17,4875.35,176302,1,4895.37,34292,33866,0.040013132515302,0
2023-07-28 10:52:17,4875.35,176302,1,4895.37,34292,33840,0.040013132515302,0
2023-07-28 10:52:17,4875.35,176302,1,4895.37,34306,33819,0.040013132515302,0
2023-07-28 10:52:17,4875.35,176302,1,4895.37,34268,33933,0.040013132515302,0
2023-07-28 10:52:17,4875.35,176302,1,4895.37,34269,34278,0.040013132515302,0
2023-07-28 10:52:25,4877.75,176322,4,4895.37,34461,33787,0.0892600648418017,0
2023-07-28 10:52:25,4877.75,176322,4,4895.37,34461,33787,0.0892600648418017,0
2023-07-28 10:52:25,4877.75,176322,4,4895.37,34483,34136,0.0892600648418017,0
2023-07-28 10:52:25,4877.75,176322,4,4895.37,32392,34134,0.0892600648418017,0
2023-07-28 10:52:28,4878.6,176337,9,4895.37,34380,34106,0.10670168670744712,0
2023-07-28 10:52:28,4878.6,176337,9,4895.37,32456,34108,0.10670168670744712,0
2023-07-28 10:52:28,4878.6,176337,9,4895.37,34459,34104,0.10670168670744712,0
2023-07-28 10:52:28,4878.0,176337,1,4895.37,34459,34104,0.09438995362581286,0
2023-07-28 10:52:31,4878.0,176338,1,4895.37,34432,33739,0.09438995362581286,0
2023-07-28 10:52:31,4878.0,176338,1,4895.37,34407,34104,0.09438995362581286,0
2023-07-28 10:52:31,4878.0,176338,1,4895.37,34436,34111,0.09438995362581286,0
2023-07-28 10:52:31,4878.0,176338,1,4895.37,34433,34128,0.09438995362581286,0
2023-07-28 10:52:31,4878.5,176338,17,4895.37,34433,34128,0.1046497311938352,0
2023-07-28 10:52:36,4878.5,176363,17,4895.36,34397,34106,0.1046497311938352,0
2023-07-28 10:52:36,4878.5,176363,17,4895.36,34419,33746,0.1046497311938352,0
2023-07-28 10:52:36,4878.45,176363,53,4895.36,34419,33746,0.10362375343702923,0
2023-07-28 10:52:38,4878.45,176416,53,4895.36,34586,33208,0.10362375343702923,0
2023-07-28 10:52:38,4878.45,176416,53,4895.36,34539,33831,0.10362375343702923,0
2023-07-28 10:52:38,4878.45,176416,53,4895.36,33509,33694,0.10362375343702923,0
2023-07-28 10:52:38,4878.5,176416,1,4895.36,33509,33694,0.1046497311938352,0
2023-07-28 10:52:42,4878.5,176417,1,4895.36,34520,33691,0.1046497311938352,0
2023-07-28 10:52:42,4878.5,176417,6,4895.36,34520,33691,0.1046497311938352,0
2023-07-28 10:52:43,4878.6,176438,6,4895.36,34546,33522,0.10670168670744712,0
2023-07-28 10:52:45,4879.95,176440,2,4895.36,34513,33525,0.1344030861410962,0
2023-07-28 10:52:45,4878.0,176440,1,4895.36,34513,33525,0.09438995362581286,0
2023-07-28 10:52:46,4879.95,176446,5,4895.36,34468,33796,0.1344030861410962,0
2023-07-28 10:52:46,4879.95,176446,5,4895.36,34468,33796,0.1344030861410962,0
2023-07-28 10:52:46,4879.95,176446,5,4895.36,34514,33953,0.1344030861410962,0
2023-07-28 10:52:46,4879.95,176446,5,4895.36,34524,33549,0.1344030861410962,0
2023-07-28 10:52:46,4879.95,176446,5,4895.36,34528,33540,0.1344030861410962,0
2023-07-28 10:52:46,4879.95,176446,5,4895.36,34524,33640,0.1344030861410962,0
2023-07-28 10:52:46,4879.85,176446,1,4895.36,34524,33640,0.13235113062750292,0
2023-07-28 10:52:51,4879.85,176450,1,4895.36,34528,33625,0.13235113062750292,0
2023-07-28 10:52:51,4879.85,176450,1,4895.36,34543,33647,0.13235113062750292,0
2023-07-28 10:52:51,4879.85,176450,1,4895.36,34549,33640,0.13235113062750292,0
2023-07-28 10:52:51,4879.85,176450,1,4895.36,34542,33626,0.13235113062750292,0
2023-07-28 10:52:51,4879.85,176450,1,4895.36,34537,33637,0.13235113062750292,0
2023-07-28 10:52:51,4879.85,176450,1,4895.36,34534,33628,0.13235113062750292,0
2023-07-28 10:52:51,4879.85,176450,1,4895.36,34533,33642,0.13235113062750292,0
2023-07-28 10:52:51,4878.0,176450,1,4895.36,34519,33602,0.09438995362581286,0
2023-07-28 10:53:00,4879.95,176453,2,4895.36,34517,33817,0.1344030861410962,0
2023-07-28 10:53:00,4879.95,176453,2,4895.36,34497,34024,0.1344030861410962,0
2023-07-28 10:53:00,4879.95,176453,2,4895.36,34555,33611,0.1344030861410962,0
2023-07-28 10:53:00,4879.95,176453,2,4895.36,34524,33602,0.1344030861410962,0
2023-07-28 10:53:00,4879.95,176453,2,4895.36,34524,33802,0.1344030861410962,0
2023-07-28 10:53:00,4878.0,176453,1,4895.36,34539,33584,0.09438995362581286,0
2023-07-28 10:53:07,4878.0,176455,1,4895.36,34537,33583,0.09438995362581286,0
2023-07-28 10:53:07,4878.0,176455,1,4895.36,33580,33592,0.09438995362581286,0
2023-07-28 10:53:07,4878.0,176455,1,4895.36,34563,33578,0.09438995362581286,0
2023-07-28 10:53:07,4878.0,176455,1,4895.36,34550,33598,0.09438995362581286,0
2023-07-28 10:53:07,4878.0,176455,1,4895.36,34546,33606,0.09438995362581286,0
2023-07-28 10:53:13,4879.0,176456,8,4895.36,34517,33987,0.11490950876185752,0
2023-07-28 10:53:13,4879.0,176465,8,4895.35,34570,33594,0.11490950876185752,0
2023-07-28 10:53:13,4879.0,176465,8,4895.35,34573,33572,0.11490950876185752,0
2023-07-28 10:53:13,4879.0,176465,8,4895.35,34542,33595,0.11490950876185752,0
2023-07-28 10:53:13,4879.0,176465,8,4895.35,34578,33608,0.11490950876185752,0
2023-07-28 10:53:13,4879.0,176465,8,4895.35,34553,33797,0.11490950876185752,0
2023-07-28 10:53:13,4879.0,176465,8,4895.35,34523,33588,0.11490950876185752,0
2023-07-28 10:53:13,4879.0,176465,8,4895.35,34548,33590,0.11490950876185752,0
2023-07-28 10:53:13,4878.0,176465,3,4895.35,33521,33583,0.09438995362581286,0
2023-07-28 10:53:13,4878.0,176465,3,4895.35,33521,33583,0.09438995362581286,0
2023-07-28 10:53:22,4878.0,176468,3,4895.35,34501,33616,0.09438995362581286,0
2023-07-28 10:53:22,4878.0,176468,3,4895.35,34629,33578,0.09438995362581286,0
2023-07-28 10:53:22,4878.0,176468,3,4895.35,34629,33578,0.09438995362581286,0
2023-07-28 10:53:22,4878.0,176468,3,4895.35,34629,33617,0.09438995362581286,0
2023-07-28 10:53:22,4879.7,176468,1,4895.35,34629,33617,0.12927319735708503,0
2023-07-28 10:53:26,4879.7,176469,1,4895.35,34627,33776,0.12927319735708503,0
2023-07-28 10:53:26,4878.0,176469,1,4895.35,34627,33776,0.09438995362581286,0
2023-07-28 10:53:27,4878.0,176470,1,4895.35,34608,33817,0.09438995362581286,0
2023-07-28 10:53:27,4878.0,176470,1,4895.35,34631,33587,0.09438995362581286,0
2023-07-28 10:53:27,4878.0,176470,1,4895.35,34622,33586,0.09438995362581286,0
2023-07-28 10:53:27,4878.0,176470,1,4895.35,34642,33586,0.09438995362581286,0
2023-07-28 10:53:27,4878.0,176470,1,4895.35,34635,33784,0.09438995362581286,0
2023-07-28 10:53:27,4878.0,176470,1,4895.35,34641,33807,0.09438995362581286,0
2023-07-28 10:53:27,4878.0,176470,1,4895.35,34637,33587,0.09438995362581286,0
2023-07-28 10:53:27,4878.0,176470,1,4895.35,34612,33637,0.09438995362581286,0
2023-07-28 10:53:27,4878.0,176470,1,4895.35,34599,33635,0.09438995362581286,0
2023-07-28 10:53:37,4878.0,176472,2,4895.35,34594,33638,0.09438995362581286,0
2023-07-28 10:53:37,4878.0,176476,4,4895.35,34571,33640,0.09438995362581286,0
2023-07-28 10:53:37,4875.9,176476,12,4895.35,34571,33640,0.05129888784011163,0
2023-07-28 10:53:39,4875.9,176501,12,4895.35,34509,34130,0.05129888784011163,0
2023-07-28 10:53:39,4878.05,176501,8,4895.35,34509,34130,0.09541593138261883,0
2023-07-28 10:53:40,4878.05,176509,8,4895.35,34575,34128,0.09541593138261883,0
2023-07-28 10:53:41,4875.75,176511,1,4895.35,34568,34142,0.0482209545697124,0
2023-07-28 10:53:41,4875.75,176511,1,4895.35,34569,34142,0.0482209545697124,0
2023-07-28 10:53:41,4875.75,176511,1,4895.35,34608,34117,0.0482209545697124,0
2023-07-28 10:53:41,4878.6,176511,1,4895.35,34581,33926,0.10670168670744712,0
2023-07-28 10:53:46,4878.0,176515,1,4895.35,34565,33960,0.09438995362581286,0
2023-07-28 10:53:47,4878.6,176518,2,4895.35,34553,34172,0.10670168670744712,0
2023-07-28 10:53:47,4878.6,176518,2,4895.35,34552,34194,0.10670168670744712,0
2023-07-28 10:53:47,4877.25,176518,1,4895.35,34552,34194,0.07900028727377938,0
2023-07-28 10:53:49,4877.25,176519,1,4895.35,34531,34192,0.07900028727377938,0
2023-07-28 10:53:49,4877.25,176519,1,4895.35,34531,34182,0.07900028727377938,0
2023-07-28 10:53:51,4878.2,176524,5,4895.35,34552,34157,0.09849386465301806,0
2023-07-28 10:53:53,4878.2,176526,2,4895.35,34552,34185,0.09849386465301806,0
2023-07-28 10:53:53,4878.2,176526,2,4895.35,34552,34185,0.09849386465301806,0
2023-07-28 10:53:55,4878.0,176528,1,4895.35,34571,34133,0.09438995362581286,0
2023-07-28 10:53:56,4878.3,176823,5,4895.32,34778,33594,0.10054582016663,0
2023-07-28 10:53:57,4878.95,176826,1,4895.32,34677,33611,0.11388353100505155,0
2023-07-28 10:53:57,4878.95,176826,1,4895.32,34685,33606,0.11388353100505155,0
2023-07-28 10:54:00,4879.5,177201,1,4895.29,34763,33014,0.12516928632987984,0
2023-07-28 10:54:01,4880.0,177251,50,4895.28,34755,33448,0.13542906389790216,0
2023-07-28 10:54:02,4880.0,177314,13,4895.28,34558,33292,0.13542906389790216,0
2023-07-28 10:54:02,4880.0,177314,13,4895.28,34555,33321,0.13542906389790216,0
2023-07-28 10:54:02,4880.0,177314,13,4895.28,34353,34270,0.13542906389790216,0
2023-07-28 10:54:02,4880.0,177314,13,4895.28,34463,34259,0.13542906389790216,0
2023-07-28 10:54:02,4880.0,177314,13,4895.28,34493,34120,0.13542906389790216,0
2023-07-28 10:54:02,4880.0,177314,13,4895.28,34510,33738,0.13542906389790216,0
2023-07-28 10:54:02,4880.0,177314,13,4895.28,34506,34133,0.13542906389790216,0
2023-07-28 10:54:02,4875.9,177314,1,4895.28,34515,33939,0.05129888784011163,0
2023-07-28 10:54:09,4877.95,177315,1,4895.28,34505,33713,0.0933639758690069,0
2023-07-28 10:54:09,4878.1,177315,15,4895.28,34505,33713,0.0964419091394248,0
2023-07-28 10:54:11,4878.1,177331,15,4895.28,34547,33949,0.0964419091394248,0
2023-07-28 10:54:11,4878.1,177331,15,4895.28,34581,33746,0.0964419091394248,0
2023-07-28 10:54:11,4878.1,177331,15,4895.28,34545,34168,0.0964419091394248,0
2023-07-28 10:54:11,4878.1,177331,15,4895.28,34592,33751,0.0964419091394248,0
2023-07-28 10:54:11,4878.1,177331,15,4895.28,34556,33770,0.0964419091394248,0
2023-07-28 10:54:11,4878.1,177331,15,4895.28,34553,34174,0.0964419091394248,0
2023-07-28 10:54:11,4878.1,177331,15,4895.28,34553,34185,0.0964419091394248,0
2023-07-28 10:54:11,4878.1,177331,15,4895.28,34572,34183,0.0964419091394248,0
2023-07-28 10:54:11,4878.1,177331,15,4895.28,34564,34175,0.0964419091394248,0
2023-07-28 10:54:11,4878.1,177331,15,4895.28,34564,34160,0.0964419091394248,0
2023-07-28 10:54:11,4878.1,177331,15,4895.28,34565,34155,0.0964419091394248,0
2023-07-28 10:54:22,4876.0,177415,11,4895.27,33552,34023,0.05335084335372356,0
2023-07-28 10:54:22,4876.0,177415,11,4895.27,33552,34023,0.05335084335372356,0
2023-07-28 10:54:23,4876.05,177416,1,4895.27,34561,34091,0.05437682111052953,0
2023-07-28 10:54:23,4876.05,177416,1,4895.27,34561,34093,0.05437682111052953,0
2023-07-28 10:54:23,4876.05,177416,1,4895.27,34572,34097,0.05437682111052953,0
2023-07-28 10:54:23,4876.05,177416,1,4895.27,34561,34088,0.05437682111052953,0
2023-07-28 10:54:23,4876.05,177416,1,4895.27,34561,34088,0.05437682111052953,0
2023-07-28 10:54:23,4876.05,177416,1,4895.27,34555,33733,0.05437682111052953,0
2023-07-28 10:54:23,4876.05,177416,1,4895.27,34567,33882,0.05437682111052953,0
2023-07-28 10:54:23,4876.05,177416,1,4895.27,34555,34083,0.05437682111052953,0
2023-07-28 10:54:23,4876.05,177416,1,4895.27,33544,34088,0.05437682111052953,0
2023-07-28 10:54:23,4876.05,177416,1,4895.27,34544,34088,0.05437682111052953,0
2023-07-28 10:54:23,4876.05,177416,1,4895.27,34544,34088,0.05437682111052953,0
2023-07-28 10:54:23,4876.05,177416,1,4895.27,34544,34088,0.05437682111052953,0
2023-07-28 10:54:23,4876.05,177416,1,4895.27,34556,34088,0.05437682111052953,0
2023-07-28 10:54:37,4876.1,177417,2,4895.27,34553,34088,0.05540279886733549,0
2023-07-28 10:54:37,4876.1,177419,2,4895.27,34548,34231,0.05540279886733549,0
2023-07-28 10:54:37,4876.1,177419,2,4895.27,33548,34230,0.05540279886733549,0
2023-07-28 10:54:37,4876.1,177419,2,4895.27,34550,34233,0.05540279886733549,0
2023-07-28 10:54:37,4876.1,177419,2,4895.27,34551,34317,0.05540279886733549,0
2023-07-28 10:54:37,4876.1,177419,2,4895.27,33561,34317,0.05540279886733549,0
2023-07-28 10:54:37,4876.1,177419,2,4895.27,33562,34397,0.05540279886733549,0
2023-07-28 10:54:37,4876.1,177419,2,4895.27,34449,34397,0.05540279886733549,0
2023-07-28 10:54:37,4876.1,177419,2,4895.27,34526,34397,0.05540279886733549,0
2023-07-28 10:54:37,4876.1,177419,2,4895.27,34530,34472,0.05540279886733549,0
2023-07-28 10:54:37,4876.1,177419,2,4895.27,34520,34472,0.05540279886733549,0
2023-07-28 10:54:37,4876.1,177419,2,4895.27,34520,34450,0.05540279886733549,0
2023-07-28 10:54:37,4876.1,177419,2,4895.27,34519,34450,0.05540279886733549,0
2023-07-28 10:54:51,4876.15,177420,1,4895.27,34557,34450,0.056428776624122795,0
2023-07-28 10:54:52,4876.15,177422,2,4895.27,34603,34449,0.056428776624122795,0
2023-07-28 10:54:52,4876.15,177422,2,4895.27,34603,34469,0.056428776624122795,0
2023-07-28 10:54:52,4876.15,177422,2,4895.27,34523,34471,0.056428776624122795,0
2023-07-28 10:54:52,4876.65,177422,1,4895.27,34523,34471,0.06668855419214512,0
2023-07-28 10:54:55,4876.65,177423,1,4895.27,34522,34470,0.06668855419214512,0
2023-07-28 10:54:55,4876.65,177423,1,4895.27,34528,34468,0.06668855419214512,0
2023-07-28 10:54:55,4876.65,177423,1,4895.27,34519,34472,0.06668855419214512,0
2023-07-28 10:54:55,4876.65,177423,1,4895.27,34520,34472,0.06668855419214512,0
2023-07-28 10:54:55,4876.65,177423,1,4895.27,34520,34472,0.06668855419214512,0
2023-07-28 10:54:55,4876.15,177423,1,4895.27,34520,34472,0.056428776624122795,0
2023-07-28 10:55:00,4876.15,177428,1,4895.26,34578,34472,0.056428776624122795,0
2023-07-28 10:55:00,4876.15,177428,1,4895.26,34566,34121,0.056428776624122795,0
2023-07-28 10:55:00,4876.15,177428,1,4895.26,33579,34169,0.056428776624122795,0
2023-07-28 10:55:00,4876.15,177428,1,4895.26,34589,34568,0.056428776624122795,0
2023-07-28 10:55:00,4876.15,177428,1,4895.26,34589,34620,0.056428776624122795,0
2023-07-28 10:55:05,4876.35,177434,4,4895.26,33561,34568,0.06053268765134665,0
2023-07-28 10:55:05,4876.0,177434,100,4895.26,34454,34661,0.05335084335372356,0
2023-07-28 10:55:07,4876.15,177553,52,4895.25,34301,34949,0.056428776624122795,0
2023-07-28 10:55:08,4876.15,177605,52,4895.25,34301,34972,0.056428776624122795,0
2023-07-28 10:55:08,4876.15,177605,52,4895.25,34301,34972,0.056428776624122795,0
2023-07-28 10:55:08,4876.15,177605,52,4895.25,34296,35055,0.056428776624122795,0
2023-07-28 10:55:08,4876.15,177605,52,4895.25,34295,35055,0.056428776624122795,0
2023-07-28 10:55:08,4876.15,177605,52,4895.25,34295,35043,0.056428776624122795,0
2023-07-28 10:55:08,4876.15,177605,52,4895.25,34295,35034,0.056428776624122795,0
2023-07-28 10:55:08,4876.15,177605,52,4895.25,34295,35035,0.056428776624122795,0
2023-07-28 10:55:08,4876.15,177605,52,4895.25,34295,35035,0.056428776624122795,0
2023-07-28 10:55:08,4876.15,177605,52,4895.25,34295,35046,0.056428776624122795,0
2023-07-28 10:55:19,4875.1,177656,1,4895.24,34327,35057,0.03488324373129084,0
2023-07-28 10:55:19,4875.1,177656,1,4895.24,34327,35057,0.03488324373129084,0
2023-07-28 10:55:19,4875.1,177656,2,4895.24,34302,35057,0.03488324373129084,0
2023-07-28 10:55:22,4875.1,177658,2,4895.24,34302,35056,0.03488324373129084,0
2023-07-28 10:55:22,4875.1,177658,2,4895.24,33272,35057,0.03488324373129084,0
2023-07-28 10:55:22,4875.1,177658,2,4895.24,34272,35055,0.03488324373129084,0
2023-07-28 10:55:22,4875.1,177658,2,4895.24,34263,35055,0.03488324373129084,0
2023-07-28 10:55:22,4875.1,177658,2,4895.24,34264,35055,0.03488324373129084,0
2023-07-28 10:55:22,4875.1,177658,2,4895.24,34266,35055,0.03488324373129084,0
2023-07-28 10:55:22,4875.1,177658,2,4895.24,34266,35056,0.03488324373129084,0
2023-07-28 10:55:22,4875.1,177658,2,4895.24,34266,35056,0.03488324373129084,0
2023-07-28 10:55:22,4875.1,177658,2,4895.24,34268,35056,0.03488324373129084,0
2023-07-28 10:55:33,4875.2,177659,1,4895.24,34309,35055,0.03693519924488411,0
2023-07-28 10:55:34,4875.25,177660,1,4895.24,34270,35064,0.03796117700169007,0
2023-07-28 10:55:34,4875.2,177660,9,4895.24,34270,35064,0.03693519924488411,0
2023-07-28 10:55:36,4875.2,177669,9,4895.24,34313,35055,0.03693519924488411,0
2023-07-28 10:55:37,4875.2,177671,2,4895.24,34286,35045,0.03693519924488411,0
2023-07-28 10:55:37,4875.2,177671,2,4895.24,34286,35039,0.03693519924488411,0
2023-07-28 10:55:37,4875.2,177671,2,4895.24,34286,35039,0.03693519924488411,0
2023-07-28 10:55:37,4875.2,177671,2,4895.24,34286,35039,0.03693519924488411,0
2023-07-28 10:55:37,4875.2,177671,2,4895.24,34286,35041,0.03693519924488411,0
2023-07-28 10:55:42,4874.05,177854,13,4895.22,34229,34952,0.013337710838440221,0
2023-07-28 10:55:42,4874.05,177854,13,4895.22,34229,34949,0.013337710838440221,0
2023-07-28 10:55:42,4874.05,177854,13,4895.22,34246,34944,0.013337710838440221,0
2023-07-28 10:55:42,4874.05,177854,13,4895.22,34246,34945,0.013337710838440221,0
2023-07-28 10:55:42,4874.05,177854,13,4895.22,34247,34945,0.013337710838440221,0
2023-07-28 10:55:42,4874.1,177854,1,4895.22,34247,34945,0.014363688595246187,0
2023-07-28 10:55:47,4874.1,177855,1,4895.22,34244,34947,0.014363688595246187,0
2023-07-28 10:55:47,4874.1,177855,1,4895.22,34260,34913,0.014363688595246187,0
2023-07-28 10:55:47,4874.1,177855,1,4895.22,34260,34892,0.014363688595246187,0
2023-07-28 10:55:53,4874.1,177857,2,4895.22,34239,34936,0.014363688595246187,0
2023-07-28 10:55:53,4874.1,177857,2,4895.22,34223,34945,0.014363688595246187,0
2023-07-28 10:55:53,4874.1,177857,14,4895.22,34223,34945,0.014363688595246187,0
2023-07-28 10:55:54,4874.1,177871,5,4895.22,34306,34945,0.014363688595246187,0
2023-07-28 10:55:55,4874.1,177881,5,4895.21,34227,34995,0.014363688595246187,0
2023-07-28 10:55:57,4874.25,177882,1,4895.21,34145,35035,0.01744162186564542,0
2023-07-28 10:55:57,4874.25,177882,1,4895.21,34128,35023,0.01744162186564542,0
2023-07-28 10:55:57,4874.25,177882,1,4895.21,34128,35024,0.01744162186564542,0
2023-07-28 10:55:57,4874.1,177882,19,4895.21,34128,35024,0.014363688595246187,0
2023-07-28 10:56:00,4873.85,177902,2,4895.21,34118,35072,0.009233799811235023,0
2023-07-28 10:56:01,4873.25,177905,1,4895.21,34124,35065,-0.0030779332703992327,0
2023-07-28 10:56:01,4873.25,177905,1,4895.21,34124,35065,-0.0030779332703992327,0
2023-07-28 10:56:01,4873.25,177905,1,4895.21,34104,35068,-0.0030779332703992327,0
2023-07-28 10:56:01,4873.15,177905,4,4895.21,34104,35068,-0.005129888784011163,0
2023-07-28 10:56:07,4873.15,177911,2,4895.21,34069,35067,-0.005129888784011163,0
2023-07-28 10:56:07,4873.15,177911,2,4895.21,34069,35067,-0.005129888784011163,0
2023-07-28 10:56:07,4873.15,177911,2,4895.21,34088,35067,-0.005129888784011163,0
2023-07-28 10:56:07,4872.0,177911,7,4895.21,34088,35067,-0.02872737719045505,0
2023-07-28 10:56:12,4873.85,178142,8,4895.18,34242,34488,0.009233799811235023,0
2023-07-28 10:56:12,4874.75,178142,1,4895.18,34242,34488,0.027701399433667746,0
2023-07-28 10:56:12,4874.75,178142,1,4895.18,34242,34488,0.027701399433667746,0
2023-07-28 10:56:15,4875.25,178148,2,4895.18,34316,34408,0.03796117700169007,0
2023-07-28 10:56:15,4875.25,178148,1,4895.18,34316,34408,0.03796117700169007,0
2023-07-28 10:56:18,4875.95,178153,4,4895.18,34341,34391,0.0523248655969176,0
2023-07-28 10:56:18,4875.95,178153,4,4895.18,34341,34391,0.0523248655969176,0
2023-07-28 10:56:18,4876.45,178153,2,4895.18,34341,34391,0.06258464316493992,0
2023-07-28 10:56:18,4876.45,178153,2,4895.18,34341,34391,0.06258464316493992,0
2023-07-28 10:56:22,4876.45,178233,2,4895.17,33813,34199,0.06258464316493992,0
2023-07-28 10:56:22,4876.45,178233,2,4895.17,33813,34199,0.06258464316493992,0
2023-07-28 10:56:22,4876.4,178233,3,4895.17,33813,34199,0.061558665408133956,0
2023-07-28 10:56:25,4876.4,178236,3,4895.17,34396,34422,0.061558665408133956,0
2023-07-28 10:56:25,4876.4,178236,3,4895.17,34396,34422,0.061558665408133956,0
2023-07-28 10:56:29,4875.0,178239,3,4895.17,34362,34529,0.03283128821767891,0
2023-07-28 10:56:29,4875.0,178239,1,4895.17,34362,34529,0.03283128821767891,0
2023-07-28 10:56:29,4875.0,178240,1,4895.17,34385,34535,0.03283128821767891,0
2023-07-28 10:56:29,4875.0,178240,1,4895.17,34382,34906,0.03283128821767891,0
2023-07-28 10:56:29,4875.0,178240,1,4895.17,34362,34496,0.03283128821767891,0
2023-07-28 10:56:29,4875.0,178240,2,4895.17,34362,34496,0.03283128821767891,0
2023-07-28 10:56:37,4875.0,178242,2,4895.17,34379,34496,0.03283128821767891,0
2023-07-28 10:56:37,4875.0,178242,1,4895.17,34359,34503,0.03283128821767891,0
2023-07-28 10:56:37,4876.1,178242,4,4895.17,34359,34503,0.05540279886733549,0
2023-07-28 10:56:46,4876.4,178252,5,4895.17,34366,34744,0.061558665408133956,0
2023-07-28 10:56:46,4876.4,178252,5,4895.17,34348,34698,0.061558665408133956,0
2023-07-28 10:56:46,4876.4,178252,5,4895.17,34321,34466,0.061558665408133956,0
2023-07-28 10:56:46,4875.05,178252,1,4895.17,34321,34466,0.03385726597448487,0
2023-07-28 10:56:53,4875.05,178277,1,4895.17,34375,34489,0.03385726597448487,0
2023-07-28 10:56:53,4875.05,178277,1,4895.17,34411,34477,0.03385726597448487,0
2023-07-28 10:56:53,4875.1,178277,1,4895.17,34411,34477,0.03488324373129084,0
2023-07-28 10:56:57,4875.1,178278,1,4895.17,34368,34582,0.03488324373129084,0
2023-07-28 10:56:57,4875.1,178278,1,4895.17,34340,34756,0.03488324373129084,0
2023-07-28 10:56:57,4875.1,178278,1,4895.17,34350,34443,0.03488324373129084,0
2023-07-28 10:56:57,4875.1,178278,1,4895.17,34368,34513,0.03488324373129084,0
2023-07-28 10:56:57,4875.1,178278,1,4895.17,34370,34499,0.03488324373129084,0
2023-07-28 10:56:57,4875.1,178278,1,4895.17,34370,34902,0.03488324373129084,0
2023-07-28 10:56:57,4875.1,178278,2,4895.17,34370,34902,0.03488324373129084,0
2023-07-28 10:57:07,4876.4,178280,1,4895.17,34377,34857,0.061558665408133956,0
2023-07-28 10:57:09,4876.4,178281,1,4895.17,34373,34669,0.061558665408133956,0
2023-07-28 10:57:09,4876.4,178281,1,4895.17,34372,34908,0.061558665408133956,0
2023-07-28 10:57:09,4875.2,178281,1,4895.17,34372,34908,0.03693519924488411,0
2023-07-28 10:57:11,4875.2,178282,1,4895.17,34329,35010,0.03693519924488411,0
2023-07-28 10:57:11,4875.2,178282,1,4895.17,34332,34660,0.03693519924488411,0
2023-07-28 10:57:13,4876.05,178283,1,4895.17,34335,34774,0.05437682111052953,0
2023-07-28 10:57:13,4876.05,178283,1,4895.17,34335,34776,0.05437682111052953,0
2023-07-28 10:57:13,4876.05,178283,1,4895.17,34366,34692,0.05437682111052953,0
2023-07-28 10:57:13,4875.95,178283,3,4895.17,34366,34692,0.0523248655969176,0
2023-07-28 10:57:16,4875.2,178287,1,4895.17,34359,34745,0.03693519924488411,0
2023-07-28 10:57:16,4875.2,178287,1,4895.17,34359,34745,0.03693519924488411,0
2023-07-28 10:57:16,4875.2,178287,1,4895.17,34353,34781,0.03693519924488411,0
2023-07-28 10:57:16,4875.2,178287,1,4895.17,34371,34986,0.03693519924488411,0
2023-07-28 10:57:16,4875.2,178287,1,4895.17,34341,35008,0.03693519924488411,0
2023-07-28 10:57:16,4875.2,178287,1,4895.17,34329,34778,0.03693519924488411,0
2023-07-28 10:57:16,4875.0,178287,3,4895.17,34334,34801,0.03283128821767891,0
2023-07-28 10:57:22,4874.45,178317,6,4895.16,33860,35203,0.021545532892850616,0
2023-07-28 10:57:22,4874.45,178317,6,4895.16,33871,35203,0.021545532892850616,0
2023-07-28 10:57:25,4873.2,178319,2,4895.16,34070,34469,-0.004103911027205198,0
2023-07-28 10:57:25,4873.2,178319,2,4895.16,34093,34561,-0.004103911027205198,0
2023-07-28 10:57:25,4873.2,178319,2,4895.16,34083,34550,-0.004103911027205198,0
2023-07-28 10:57:25,4873.2,178319,2,4895.16,34083,34558,-0.004103911027205198,0
2023-07-28 10:57:25,4874.0,178319,1,4895.16,34082,34920,0.012311733081634257,0
2023-07-28 10:57:31,4874.0,178320,1,4895.16,34077,34840,0.012311733081634257,0
2023-07-28 10:57:31,4874.0,178320,1,4895.16,34079,34475,0.012311733081634257,0
2023-07-28 10:57:31,4874.0,178320,1,4895.16,34086,34498,0.012311733081634257,0
2023-07-28 10:57:31,4874.0,178320,1,4895.16,34090,34698,0.012311733081634257,0
2023-07-28 10:57:31,4874.0,178320,1,4895.16,34089,34694,0.012311733081634257,0
2023-07-28 10:57:31,4873.0,178320,2,4895.16,34106,34694,-0.008207822054410396,0
2023-07-28 10:57:37,4873.0,178322,2,4895.16,34096,34740,-0.008207822054410396,0
2023-07-28 10:57:37,4873.0,178322,2,4895.16,34097,34549,-0.008207822054410396,0
2023-07-28 10:57:39,4873.0,178323,1,4895.16,34077,34736,-0.008207822054410396,0
2023-07-28 10:57:39,4873.0,178323,1,4895.16,34081,34538,-0.008207822054410396,0
2023-07-28 10:57:39,4873.0,178323,1,4895.16,34042,34500,-0.008207822054410396,0
2023-07-28 10:57:39,4873.0,178323,1,4895.16,34041,34746,-0.008207822054410396,0
2023-07-28 10:57:39,4873.0,178323,1,4895.16,34041,34747,-0.008207822054410396,0
2023-07-28 10:57:46,4874.95,178333,5,4895.16,34052,34866,0.03180531046087294,0
2023-07-28 10:57:46,4874.95,178333,5,4895.16,34062,34867,0.03180531046087294,0
2023-07-28 10:57:46,4874.95,178333,5,4895.16,34063,34867,0.03180531046087294,0
2023-07-28 10:57:46,4874.95,178333,5,4895.16,34116,34476,0.03180531046087294,0
2023-07-28 10:57:46,4874.95,178333,5,4895.16,34168,34727,0.03180531046087294,0
2023-07-28 10:57:46,4874.95,178333,5,4895.16,34197,34502,0.03180531046087294,0
2023-07-28 10:57:46,4873.45,178333,1,4895.16,34197,34502,0.001025977756805965,0
2023-07-28 10:57:53,4873.45,178334,1,4895.16,34197,34526,0.001025977756805965,0
2023-07-28 10:57:53,4873.45,178334,1,4895.16,34182,34818,0.001025977756805965,0
2023-07-28 10:57:53,4873.45,178334,1,4895.16,34175,34947,0.001025977756805965,0
2023-07-28 10:57:57,4875.85,178335,1,4895.16,34187,34689,0.05027291008332433,0
2023-07-28 10:57:57,4875.85,178335,1,4895.16,34187,34703,0.05027291008332433,0
2023-07-28 10:57:57,4875.85,178335,46,4895.16,34187,34703,0.05027291008332433,0
2023-07-28 10:57:59,4875.85,178382,46,4895.16,34187,34693,0.05027291008332433,0
2023-07-28 10:57:59,4875.85,178382,46,4895.16,34179,34556,0.05027291008332433,0
2023-07-28 10:57:59,4875.85,178382,46,4895.16,34187,34876,0.05027291008332433,0
2023-07-28 10:57:59,4875.85,178382,46,4895.16,34146,34883,0.05027291008332433,0
2023-07-28 10:57:59,4875.85,178382,46,4895.16,34146,34884,0.05027291008332433,0
2023-07-28 10:57:59,4875.85,178382,46,4895.16,34177,34837,0.05027291008332433,0
2023-07-28 10:58:06,4873.5,178383,1,4895.16,34169,34829,0.00205195551361193,0
2023-07-28 10:58:07,4873.5,178386,1,4895.16,34160,34622,0.00205195551361193,0
2023-07-28 10:58:07,4873.5,178386,1,4895.16,34141,34666,0.00205195551361193,0
2023-07-28 10:58:07,4873.5,178386,1,4895.16,34141,34669,0.00205195551361193,0
2023-07-28 10:58:07,4873.5,178386,1,4895.16,34161,34514,0.00205195551361193,0
2023-07-28 10:58:07,4873.5,178386,1,4895.16,34149,34840,0.00205195551361193,0
2023-07-28 10:58:07,4873.5,178386,1,4895.16,34148,34840,0.00205195551361193,0
2023-07-28 10:58:14,4875.45,178391,5,4895.16,34148,34835,0.04206508802889527,0
2023-07-28 10:58:14,4875.45,178391,5,4895.16,34121,34836,0.04206508802889527,0
2023-07-28 10:58:14,4875.45,178391,5,4895.16,34125,34525,0.04206508802889527,0
2023-07-28 10:58:14,4875.45,178391,5,4895.16,34146,34831,0.04206508802889527,0
2023-07-28 10:58:20,4873.5,178403,9,4895.15,34099,34524,0.00205195551361193,0
2023-07-28 10:58:22,4873.55,178405,1,4895.15,34138,34515,0.0030779332704178953,0
2023-07-28 10:58:22,4873.55,178405,1,4895.15,34138,34515,0.0030779332704178953,0
2023-07-28 10:58:22,4873.55,178405,1,4895.15,34152,34661,0.0030779332704178953,0
2023-07-28 10:58:22,4873.55,178405,1,4895.15,34152,34511,0.0030779332704178953,0
2023-07-28 10:58:22,4873.55,178405,1,4895.15,34151,34383,0.0030779332704178953,0
2023-07-28 10:58:22,4873.55,178405,1,4895.15,34152,34382,0.0030779332704178953,0
2023-07-28 10:58:22,4873.55,178405,1,4895.15,34167,34741,0.0030779332704178953,0
2023-07-28 10:58:22,4873.55,178405,1,4895.15,34157,34544,0.0030779332704178953,0
2023-07-28 10:58:22,4873.55,178405,1,4895.15,34142,34667,0.0030779332704178953,0
2023-07-28 10:58:22,4873.55,178405,1,4895.15,34145,34711,0.0030779332704178953,0
2023-07-28 10:58:22,4873.55,178405,1,4895.15,34124,34905,0.0030779332704178953,0
2023-07-28 10:58:22,4873.55,178405,1,4895.15,34120,34812,0.0030779332704178953,0
2023-07-28 10:58:35,4873.55,178406,1,4895.15,34146,34923,0.0030779332704178953,0
2023-07-28 10:58:35,4873.55,178406,1,4895.15,34146,34923,0.0030779332704178953,0
2023-07-28 10:58:38,4873.55,178408,1,4895.15,34133,34963,0.0030779332704178953,0
2023-07-28 10:58:38,4873.0,178420,7,4895.15,34193,34970,-0.008207822054410396,0
2023-07-28 10:58:38,4873.0,178420,7,4895.15,34135,34726,-0.008207822054410396,0
2023-07-28 10:58:38,4873.0,178420,7,4895.15,34212,34906,-0.008207822054410396,0
2023-07-28 10:58:38,4873.0,178420,7,4895.15,34211,34934,-0.008207822054410396,0
2023-07-28 10:58:38,4873.0,178420,7,4895.15,34180,34933,-0.008207822054410396,0
2023-07-28 10:58:38,4873.0,178420,7,4895.15,34172,34937,-0.008207822054410396,0
2023-07-28 10:58:45,4875.0,178422,2,4895.15,34179,34922,0.03283128821767891,0
2023-07-28 10:58:45,4875.0,178422,2,4895.15,34180,34922,0.03283128821767891,0
2023-07-28 10:58:45,4875.0,178422,2,4895.15,34180,34995,0.03283128821767891,0
2023-07-28 10:58:49,4873.45,178423,1,4895.15,34170,35073,0.001025977756805965,0
2023-07-28 10:58:49,4873.45,178423,1,4895.15,34189,35084,0.001025977756805965,0
2023-07-28 10:58:49,4873.45,178423,1,4895.15,34190,35084,0.001025977756805965,0
2023-07-28 10:58:52,4874.65,178425,1,4895.15,34197,35087,0.025649443920055814,0
2023-07-28 10:58:53,4874.65,178426,10,4895.15,34040,35086,0.025649443920055814,0
2023-07-28 10:58:55,4874.65,178436,10,4895.15,34040,35076,0.025649443920055814,0
2023-07-28 10:58:55,4874.65,178436,10,4895.15,34043,35065,0.025649443920055814,0
2023-07-28 10:58:59,4873.0,178456,9,4895.15,34040,35065,-0.008207822054410396,0
2023-07-28 10:58:59,4873.0,178456,9,4895.15,34049,35042,-0.008207822054410396,0
2023-07-28 10:59:02,4874.6,178460,4,4895.15,34059,35079,0.024623466163268513,0
2023-07-28 10:59:02,4874.6,178460,4,4895.15,34071,35020,0.024623466163268513,0
2023-07-28 10:59:02,4873.0,178460,1,4895.15,34071,35020,-0.008207822054410396,0
2023-07-28 10:59:03,4873.0,178461,1,4895.15,34045,35049,-0.008207822054410396,0
2023-07-28 10:59:03,4873.0,178461,1,4895.15,34045,35049,-0.008207822054410396,0
2023-07-28 10:59:03,4873.0,178461,1,4895.15,34060,35049,-0.008207822054410396,0
2023-07-28 10:59:07,4873.8,178463,1,4895.15,34185,34702,0.008207822054429059,0
2023-07-28 10:59:07,4873.8,178463,1,4895.15,34048,34896,0.008207822054429059,0
2023-07-28 10:59:07,4873.8,178463,1,4895.15,34045,34880,0.008207822054429059,0
2023-07-28 10:59:07,4873.8,178463,1,4895.15,34062,34880,0.008207822054429059,0
2023-07-28 10:59:07,4873.8,178463,1,4895.15,34104,34981,0.008207822054429059,0
2023-07-28 10:59:07,4873.8,178463,1,4895.15,34019,35082,0.008207822054429059,0
2023-07-28 10:59:07,4873.8,178463,1,4895.15,34038,35097,0.008207822054429059,0
2023-07-28 10:59:07,4873.8,178463,1,4895.15,34077,35103,0.008207822054429059,0
2023-07-28 10:59:07,4873.8,178463,1,4895.15,34077,35098,0.008207822054429059,0
2023-07-28 10:59:17,4873.5,178464,1,4895.15,34066,35086,0.00205195551361193,0
2023-07-28 10:59:17,4874.05,178464,1,4895.15,34066,35086,0.013337710838440221,0
2023-07-28 10:59:19,4874.05,178465,1,4895.15,34268,34963,0.013337710838440221,0
2023-07-28 10:59:19,4873.5,178465,1,4895.15,34268,34963,0.00205195551361193,0
2023-07-28 10:59:19,4873.5,178467,1,4895.15,34267,34963,0.00205195551361193,0
2023-07-28 10:59:19,4873.5,178467,1,4895.15,34267,34964,0.00205195551361193,0
2023-07-28 10:59:22,4873.5,178468,1,4895.15,34257,34974,0.00205195551361193,0
2023-07-28 10:59:22,4873.5,178468,1,4895.15,34257,34974,0.00205195551361193,0
2023-07-28 10:59:22,4873.5,178468,1,4895.15,34257,34974,0.00205195551361193,0
2023-07-28 10:59:22,4873.5,178468,1,4895.15,34255,34974,0.00205195551361193,0
2023-07-28 10:59:22,4873.5,178468,1,4895.15,34255,34974,0.00205195551361193,0
2023-07-28 10:59:22,4873.5,178468,1,4895.15,34255,34974,0.00205195551361193,0
2023-07-28 10:59:26,4874.6,178473,4,4895.15,34277,35058,0.024623466163268513,0
2023-07-28 10:59:26,4874.6,178473,4,4895.15,34277,35058,0.024623466163268513,0
2023-07-28 10:59:26,4874.6,178473,4,4895.15,34372,34979,0.024623466163268513,0
2023-07-28 10:59:26,4874.6,178473,4,4895.15,34361,35056,0.024623466163268513,0
2023-07-28 10:59:26,4874.6,178473,4,4895.15,34361,35056,0.024623466163268513,0
2023-07-28 10:59:26,4874.6,178473,4,4895.15,34221,34772,0.024623466163268513,0
2023-07-28 10:59:26,4873.8,178473,1,4895.15,34215,34763,0.008207822054429059,0
2023-07-28 10:59:31,4873.8,178474,1,4895.15,34207,34754,0.008207822054429059,0
2023-07-28 10:59:31,4873.8,178474,1,4895.15,34220,34760,0.008207822054429059,0
2023-07-28 10:59:31,4873.8,178474,1,4895.15,34210,34960,0.008207822054429059,0
2023-07-28 10:59:31,4873.8,178474,1,4895.15,34199,34961,0.008207822054429059,0
2023-07-28 10:59:31,4873.8,178474,1,4895.15,34199,34979,0.008207822054429059,0
2023-07-28 10:59:31,4873.8,178474,1,4895.15,34199,34979,0.008207822054429059,0
2023-07-28 10:59:38,4873.55,178476,1,4895.15,34175,35049,0.0030779332704178953,0
2023-07-28 10:59:38,4873.55,178476,1,4895.15,34229,34951,0.0030779332704178953,0
2023-07-28 10:59:40,4874.95,178481,2,4895.14,34244,35169,0.03180531046087294,0
2023-07-28 10:59:40,4874.95,178481,2,4895.14,34244,35169,0.03180531046087294,0
2023-07-28 10:59:40,4874.95,178481,2,4895.14,34216,35166,0.03180531046087294,0
2023-07-28 10:59:40,4874.95,178481,2,4895.14,34216,35166,0.03180531046087294,0
2023-07-28 10:59:42,4874.95,178483,2,4895.14,34326,35097,0.03180531046087294,0
2023-07-28 10:59:42,4874.95,178483,2,4895.14,34352,35059,0.03180531046087294,0
2023-07-28 10:59:44,4874.95,178487,4,4895.14,34286,35025,0.03180531046087294,0
2023-07-28 10:59:45,4874.95,178488,1,4895.14,34295,35025,0.03180531046087294,0
2023-07-28 10:59:45,4874.95,178488,1,4895.14,34299,34764,0.03180531046087294,0
2023-07-28 10:59:45,4874.95,178488,1,4895.14,34264,35053,0.03180531046087294,0
2023-07-28 10:59:45,4874.95,178488,1,4895.14,34264,35053,0.03180531046087294,0
2023-07-28 10:59:45,4874.95,178488,1,4895.14,34264,35053,0.03180531046087294,0
2023-07-28 10:59:45,4874.95,178488,1,4895.14,34292,35023,0.03180531046087294,0
2023-07-28 10:59:45,4875.0,178488,15,4895.14,34292,35023,0.03283128821767891,0
2023-07-28 10:59:51,4875.0,178503,2,4895.14,33213,34957,0.03283128821767891,0
2023-07-28 10:59:52,4875.0,178505,2,4895.14,34252,35043,0.03283128821767891,0
2023-07-28 10:59:52,4875.0,178505,2,4895.14,34252,35054,0.03283128821767891,0
2023-07-28 10:59:52,4875.0,178505,2,4895.14,34252,35054,0.03283128821767891,0
2023-07-28 10:59:52,4875.0,178505,2,4895.14,34263,35054,0.03283128821767891,0
2023-07-28 10:59:59,4875.0,178506,1,4895.14,34253,35054,0.03283128821767891,0
2023-07-28 10:59:59,4875.0,178506,1,4895.14,34253,35054,0.03283128821767891,0
2023-07-28 11:00:01,4875.3,178507,1,4895.14,34250,35066,0.03898715475849604,0
2023-07-28 11:00:01,4875.3,178507,1,4895.14,34263,35008,0.03898715475849604,0
2023-07-28 11:00:01,4875.3,178507,1,4895.14,34273,35008,0.03898715475849604,0
2023-07-28 11:00:01,4875.3,178507,1,4895.14,34284,35012,0.03898715475849604,0
2023-07-28 11:00:01,4875.3,178507,1,4895.14,34284,35012,0.03898715475849604,0
2023-07-28 11:00:06,4875.3,178509,1,4895.14,34277,35025,0.03898715475849604,0
2023-07-28 11:00:06,4875.3,178509,1,4895.14,34187,35057,0.03898715475849604,0
2023-07-28 11:00:06,4875.3,178509,1,4895.14,34166,35063,0.03898715475849604,0
2023-07-28 11:00:06,4875.3,178509,1,4895.14,34206,35063,0.03898715475849604,0
2023-07-28 11:00:06,4875.3,178509,1,4895.14,34367,34729,0.03898715475849604,0
2023-07-28 11:00:10,4875.3,178510,1,4895.14,34372,34771,0.03898715475849604,0
2023-07-28 11:00:10,4875.3,178510,1,4895.14,34377,34952,0.03898715475849604,0
2023-07-28 11:00:10,4875.3,178510,1,4895.14,34377,34952,0.03898715475849604,0
2023-07-28 11:00:13,4875.1,178511,1,4895.14,33375,34952,0.03488324373129084,0
2023-07-28 11:00:13,4875.1,178511,1,4895.14,34383,34952,0.03488324373129084,0
2023-07-28 11:00:13,4875.1,178511,1,4895.14,34381,34952,0.03488324373129084,0
2023-07-28 11:00:13,4875.1,178511,1,4895.14,34460,34949,0.03488324373129084,0
2023-07-28 11:00:13,4875.1,178511,1,4895.14,34461,34936,0.03488324373129084,0
2023-07-28 11:00:13,4875.1,178511,1,4895.14,34291,34839,0.03488324373129084,0
2023-07-28 11:00:13,4875.1,178511,1,4895.14,34301,34844,0.03488324373129084,0
2023-07-28 11:00:21,4876.55,178512,1,4895.14,34285,34913,0.06463659867855186,0
2023-07-28 11:00:21,4876.55,178512,1,4895.14,34303,34701,0.06463659867855186,0
2023-07-28 11:00:21,4875.9,178512,1,4895.14,34303,34701,0.05129888784011163,0
2023-07-28 11:00:24,4875.9,178601,32,4895.13,34391,34863,0.05129888784011163,0
2023-07-28 11:00:24,4876.55,178602,1,4895.13,34407,34859,0.06463659867855186,0
2023-07-28 11:00:24,4876.55,178602,1,4895.13,34408,34849,0.06463659867855186,0
2023-07-28 11:00:24,4876.55,178602,1,4895.13,34408,34849,0.06463659867855186,0
2023-07-28 11:00:26,4877.45,178603,1,4895.13,34412,34937,0.08310419830098457,0
2023-07-28 11:00:27,4875.95,178605,1,4895.13,34350,34941,0.0523248655969176,0
2023-07-28 11:00:27,4875.95,178605,1,4895.13,34357,34916,0.0523248655969176,0
2023-07-28 11:00:27,4875.95,178605,1,4895.13,34341,34923,0.0523248655969176,0
2023-07-28 11:00:27,4875.95,178605,1,4895.13,34341,34935,0.0523248655969176,0
2023-07-28 11:00:27,4875.95,178605,1,4895.13,34291,34912,0.0523248655969176,0
2023-07-28 11:00:27,4875.95,178605,1,4895.13,34290,34912,0.0523248655969176,0
2023-07-28 11:00:27,4875.95,178605,1,4895.13,34433,34881,0.0523248655969176,0
2023-07-28 11:00:37,4878.15,178735,2,4895.12,34609,34909,0.0974678868962121,0
2023-07-28 11:00:38,4878.1,178841,100,4895.11,34630,34818,0.0964419091394248,0
2023-07-28 11:00:38,4878.1,178841,1,4895.11,34630,34818,0.0964419091394248,0
2023-07-28 11:00:39,4878.1,178905,1,4895.1,34599,34436,0.0964419091394248,0
2023-07-28 11:00:39,4878.1,178905,3,4895.1,34599,34436,0.0964419091394248,0
2023-07-28 11:00:40,4878.15,178936,3,4895.1,34555,34802,0.0974678868962121,0
2023-07-28 11:00:40,4878.9,178936,2,4895.1,34555,34802,0.11285755324824559,0
2023-07-28 11:00:41,4878.6,178939,1,4895.1,34604,34796,0.10670168670744712,0
2023-07-28 11:00:41,4878.6,178939,1,4895.1,34602,34805,0.10670168670744712,0
2023-07-28 11:00:41,4878.6,178939,1,4895.1,34612,34819,0.10670168670744712,0
2023-07-28 11:00:41,4878.6,178939,1,4895.1,34612,34810,0.10670168670744712,0
2023-07-28 11:00:41,4876.95,178939,7,4895.1,34612,34810,0.07284442073296225,0
2023-07-28 11:00:48,4876.95,178952,7,4895.1,34574,34820,0.07284442073296225,0
2023-07-28 11:00:48,4876.95,178952,7,4895.1,34566,34511,0.07284442073296225,0
2023-07-28 11:00:48,4876.95,178952,7,4895.1,34583,34497,0.07284442073296225,0
2023-07-28 11:00:48,4877.7,178952,2,4895.1,34579,34295,0.08823408708499574,0
2023-07-28 11:00:52,4877.7,178954,2,4895.1,34589,34283,0.08823408708499574,0
2023-07-28 11:00:52,4877.7,178954,2,4895.1,34582,34483,0.08823408708499574,0
2023-07-28 11:00:55,4879.95,179024,40,4895.09,34629,34596,0.1344030861410962,0
2023-07-28 11:00:56,4880.0,179063,8,4895.09,34623,34571,0.13542906389790216,0
2023-07-28 11:00:56,4880.0,179066,3,4895.09,34640,34549,0.13542906389790216,0
2023-07-28 11:00:57,4877.9,179067,1,4895.09,34603,34562,0.09233799811220093,0
2023-07-28 11:00:57,4877.9,179067,1,4895.09,34604,34579,0.09233799811220093,0
2023-07-28 11:00:57,4877.9,179067,1,4895.09,34600,34570,0.09233799811220093,0
2023-07-28 11:01:02,4880.0,179071,3,4895.09,34598,34573,0.13542906389790216,0
2023-07-28 11:01:02,4880.0,179071,3,4895.09,34598,34573,0.13542906389790216,0
2023-07-28 11:01:02,4880.0,179071,3,4895.09,34572,34401,0.13542906389790216,0
2023-07-28 11:01:03,4880.0,179131,3,4895.08,34591,34609,0.13542906389790216,0
2023-07-28 11:01:03,4879.95,179131,4,4895.08,34591,34609,0.1344030861410962,0
2023-07-28 11:01:04,4879.95,179135,2,4895.08,34601,34602,0.1344030861410962,0
2023-07-28 11:01:06,4881.7,179754,2,4895.03,35275,34056,0.17031230762917435,0
2023-07-28 11:01:07,4881.7,180228,73,4894.99,34759,33588,0.17031230762917435,0
2023-07-28 11:01:08,4881.7,180301,2,4894.99,34899,33841,0.17031230762917435,0
2023-07-28 11:01:09,4880.2,180304,1,4894.99,35002,33839,0.13953297492510736,0
2023-07-28 11:01:09,4880.2,180304,1,4894.99,35043,33839,0.13953297492510736,0
2023-07-28 11:01:09,4880.2,180304,1,4894.99,35041,33839,0.13953297492510736,0
2023-07-28 11:01:09,4880.2,180304,1,4894.99,35042,33839,0.13953297492510736,0
2023-07-28 11:01:09,4880.2,180304,1,4894.99,35061,33901,0.13953297492510736,0
2023-07-28 11:01:09,4881.7,180304,10,4894.99,35061,33901,0.17031230762917435,0
2023-07-28 11:01:14,4881.7,180314,10,4894.99,34989,33901,0.17031230762917435,0
2023-07-28 11:01:16,4881.7,180318,4,4894.99,35033,33614,0.17031230762917435,0
2023-07-28 11:01:16,4881.7,180320,2,4894.99,32022,33661,0.17031230762917435,0
2023-07-28 11:01:16,4881.7,180320,2,4894.99,34054,33556,0.17031230762917435,0
2023-07-28 11:01:16,4881.7,180320,2,4894.99,35054,33550,0.17031230762917435,0
2023-07-28 11:01:16,4881.7,180320,2,4894.99,35047,33786,0.17031230762917435,0
2023-07-28 11:01:16,4881.7,180320,2,4894.99,35023,34064,0.17031230762917435,0
2023-07-28 11:01:16,4881.7,180320,2,4894.99,35043,33615,0.17031230762917435,0
2023-07-28 11:01:16,4880.05,180320,9,4894.99,35043,33615,0.13645504165470812,0
2023-07-28 11:01:23,4880.05,180357,1,4894.98,34933,33997,0.13645504165470812,0
2023-07-28 11:01:23,4880.05,180357,1,4894.98,34967,33687,0.13645504165470812,0
2023-07-28 11:01:23,4880.05,180357,1,4894.98,34967,33687,0.13645504165470812,0
2023-07-28 11:01:25,4880.05,180358,1,4894.98,34960,33988,0.13645504165470812,0
2023-07-28 11:01:25,4880.05,180358,1,4894.98,34974,33989,0.13645504165470812,0
2023-07-28 11:01:25,4880.05,180358,1,4894.98,34861,33910,0.13645504165470812,0
2023-07-28 11:01:29,4880.0,180388,30,4894.98,34904,34052,0.13542906389790216,0
2023-07-28 11:01:29,4880.0,180388,30,4894.98,34898,34052,0.13542906389790216,0
2023-07-28 11:01:29,4880.0,180388,30,4894.98,34899,34025,0.13542906389790216,0
2023-07-28 11:01:31,4880.1,180841,7,4894.95,34968,33841,0.1374810194115141,0
2023-07-28 11:01:31,4880.1,180841,7,4894.95,34983,33917,0.1374810194115141,0
2023-07-28 11:01:31,4880.1,180841,7,4894.95,34929,33917,0.1374810194115141,0
2023-07-28 11:01:37,4880.95,180842,1,4894.95,34927,33919,0.15492264127714087,0
2023-07-28 11:01:37,4880.1,180842,10,4894.95,34927,33919,0.1374810194115141,0
2023-07-28 11:01:38,4880.1,180881,10,4894.94,34875,33861,0.1374810194115141,0
2023-07-28 11:01:38,4880.1,180881,10,4894.94,34880,33862,0.1374810194115141,0
2023-07-28 11:01:38,4880.1,180881,10,4894.94,34880,33862,0.1374810194115141,0
2023-07-28 11:01:38,4880.1,180881,10,4894.94,34900,34070,0.1374810194115141,0
2023-07-28 11:01:38,4880.1,180881,10,4894.94,34900,34060,0.1374810194115141,0
2023-07-28 11:01:38,4880.1,180881,10,4894.94,34901,34060,0.1374810194115141,0
2023-07-28 11:01:38,4880.1,180881,10,4894.94,34836,33824,0.1374810194115141,0
2023-07-28 11:01:38,4880.1,180881,10,4894.94,34863,33748,0.1374810194115141,0
2023-07-28 11:01:38,4880.1,180881,10,4894.94,34869,33738,0.1374810194115141,0
2023-07-28 11:01:38,4880.1,180881,10,4894.94,34877,33718,0.1374810194115141,0
2023-07-28 11:01:38,4880.1,180881,10,4894.94,34867,33718,0.1374810194115141,0
2023-07-28 11:01:38,4880.1,180881,10,4894.94,34852,33728,0.1374810194115141,0
2023-07-28 11:01:38,4880.1,180881,10,4894.94,34884,33731,0.1374810194115141,0
2023-07-28 11:01:52,4880.0,181354,200,4894.91,34536,33925,0.13542906389790216,0
2023-07-28 11:01:52,4880.0,181354,200,4894.91,34665,34286,0.13542906389790216,0
2023-07-28 11:01:52,4880.0,181354,5,4894.91,34732,34198,0.13542906389790216,0
2023-07-28 11:01:55,4880.0,181554,5,4894.89,35066,34087,0.13542906389790216,0
2023-07-28 11:01:55,4880.0,181554,5,4894.89,35090,34079,0.13542906389790216,0
2023-07-28 11:01:55,4881.65,181554,1,4894.89,35090,34079,0.16928632987236839,0
2023-07-28 11:01:57,4881.65,181555,1,4894.89,35115,34120,0.16928632987236839,0
2023-07-28 11:01:57,4881.65,181555,1,4894.89,35133,34099,0.16928632987236839,0
2023-07-28 11:01:57,4881.65,181555,1,4894.89,35133,34099,0.16928632987236839,0
2023-07-28 11:01:57,4881.65,181555,1,4894.89,35319,34088,0.16928632987236839,0
2023-07-28 11:01:57,4881.65,181555,1,4894.89,35319,34139,0.16928632987236839,0
2023-07-28 11:02:03,4880.5,181558,3,4894.89,35188,34198,0.1456888414659245,0
2023-07-28 11:02:03,4882.15,181558,21,4894.89,35188,34198,0.1795461074403907,0
2023-07-28 11:02:03,4882.15,181598,21,4894.89,35094,34190,0.1795461074403907,0
2023-07-28 11:02:03,4882.3,181598,7,4894.89,35094,34190,0.1826240407108086,0
2023-07-28 11:02:05,4882.3,181605,7,4894.89,35072,34174,0.1826240407108086,0
2023-07-28 11:02:05,4880.5,181606,1,4894.89,35108,34176,0.1456888414659245,0
2023-07-28 11:02:05,4880.5,181606,1,4894.89,35144,34178,0.1456888414659245,0
2023-07-28 11:02:08,4880.35,181806,9,4894.87,35156,34089,0.14261090819552527,0
2023-07-28 11:02:08,4880.35,181806,9,4894.87,35240,34146,0.14261090819552527,0
2023-07-28 11:02:10,4882.1,181811,5,4894.87,35240,34153,0.1785201296836034,0
2023-07-28 11:02:10,4882.1,181811,5,4894.87,35249,34160,0.1785201296836034,0
2023-07-28 11:02:10,4882.1,181811,5,4894.87,35251,34169,0.1785201296836034,0
2023-07-28 11:02:10,4882.1,181811,5,4894.87,35251,34169,0.1785201296836034,0
2023-07-28 11:02:14,4882.0,181816,5,4894.87,35251,34144,0.17646817416999147,0
2023-07-28 11:02:14,4882.0,181816,5,4894.87,35251,34154,0.17646817416999147,0
2023-07-28 11:02:14,4882.0,181816,5,4894.87,35251,34154,0.17646817416999147,0
2023-07-28 11:02:14,4882.0,181816,5,4894.87,35252,34154,0.17646817416999147,0
2023-07-28 11:02:14,4880.5,181816,1,4894.87,35252,34154,0.1456888414659245,0
2023-07-28 11:02:19,4880.5,181817,1,4894.87,35240,34187,0.1456888414659245,0
2023-07-28 11:02:19,4880.5,181817,1,4894.87,35131,34212,0.1456888414659245,0
2023-07-28 11:02:19,4880.5,181817,1,4894.87,35131,34212,0.1456888414659245,0
2023-07-28 11:02:19,4880.5,181817,1,4894.87,35143,34201,0.1456888414659245,0
2023-07-28 11:02:19,4882.0,181817,1,4894.87,35143,34201,0.17646817416999147,0
2023-07-28 11:02:23,4882.0,181818,1,4894.87,35143,34180,0.17646817416999147,0
2023-07-28 11:02:23,4882.0,181818,1,4894.87,35143,34180,0.17646817416999147,0
2023-07-28 11:02:23,4882.0,181818,1,4894.87,35170,34180,0.17646817416999147,0
2023-07-28 11:02:23,4882.0,181818,1,4894.87,35170,34180,0.17646817416999147,0
2023-07-28 11:02:23,4882.0,181818,1,4894.87,35170,34180,0.17646817416999147,0
2023-07-28 11:02:23,4882.0,181818,1,4894.87,35170,34180,0.17646817416999147,0
2023-07-28 11:02:23,4882.1,181818,37,4894.87,33140,34198,0.1785201296836034,0
2023-07-28 11:02:28,4882.1,181868,37,4894.87,35165,34148,0.1785201296836034,0
2023-07-28 11:02:28,4882.1,181868,37,4894.87,35203,34173,0.1785201296836034,0
2023-07-28 11:02:28,4882.1,181868,37,4894.87,35179,34174,0.1785201296836034,0
2023-07-28 11:02:28,4882.1,181868,37,4894.87,35188,34209,0.1785201296836034,0
2023-07-28 11:02:28,4882.3,181868,11,4894.87,35223,34206,0.1826240407108086,0
2023-07-28 11:02:33,4880.6,181880,1,4894.87,35196,34195,0.14774079697953643,0
2023-07-28 11:02:33,4880.6,181880,1,4894.87,35197,34258,0.14774079697953643,0
2023-07-28 11:02:35,4882.3,181930,50,4894.86,35196,34197,0.1826240407108086,0
2023-07-28 11:02:35,4882.3,181930,50,4894.86,35177,34208,0.1826240407108086,0
2023-07-28 11:02:38,4880.0,182330,200,4894.83,34820,34315,0.13542906389790216,0
2023-07-28 11:02:38,4880.0,182330,200,4894.83,34929,34215,0.13542906389790216,0
2023-07-28 11:02:38,4880.0,182330,200,4894.83,34922,34197,0.13542906389790216,0
2023-07-28 11:02:38,4880.0,182330,200,4894.83,34922,34188,0.13542906389790216,0
2023-07-28 11:02:38,4880.0,182330,200,4894.83,34920,34188,0.13542906389790216,0
2023-07-28 11:02:38,4880.05,182330,3,4894.83,34922,34188,0.13645504165470812,0
2023-07-28 11:02:44,4880.05,182333,3,4894.83,34919,34190,0.13645504165470812,0
2023-07-28 11:02:44,4880.05,182333,3,4894.83,34889,34188,0.13645504165470812,0
2023-07-28 11:02:47,4880.05,182334,1,4894.83,34888,34190,0.13645504165470812,0
2023-07-28 11:02:47,4880.05,182334,1,4894.83,34892,34188,0.13645504165470812,0
2023-07-28 11:02:47,4880.05,182334,1,4894.83,34893,34188,0.13645504165470812,0
2023-07-28 11:02:58,4881.95,182335,1,4894.83,34909,34187,0.1754421964131855,0
2023-07-28 11:02:58,4881.95,182335,1,4894.83,34909,34187,0.1754421964131855,0
2023-07-28 11:02:58,4881.95,182335,1,4894.83,34926,34187,0.1754421964131855,0
2023-07-28 11:02:58,4880.05,182335,1,4894.83,34926,34187,0.13645504165470812,0
2023-07-28 11:03:01,4880.05,182336,1,4894.83,34936,34212,0.13645504165470812,0
2023-07-28 11:03:03,4881.95,182378,42,4894.83,34943,34245,0.1754421964131855,0
2023-07-28 11:03:03,4881.95,182378,42,4894.83,34943,34301,0.1754421964131855,0
2023-07-28 11:03:03,4881.95,182378,42,4894.83,34944,34301,0.1754421964131855,0
2023-07-28 11:03:03,4881.95,182378,42,4894.83,34944,34301,0.1754421964131855,0
2023-07-28 11:03:03,4881.95,182378,42,4894.83,34934,34301,0.1754421964131855,0
2023-07-28 11:03:03,4881.95,182378,42,4894.83,34957,34301,0.1754421964131855,0
2023-07-28 11:03:09,4880.1,182409,21,4894.82,34932,34271,0.1374810194115141,0
2023-07-28 11:03:09,4881.9,182409,2,4894.82,34934,34276,0.17441621865637955,0
2023-07-28 11:03:10,4881.9,182411,2,4894.82,34934,34269,0.17441621865637955,0
2023-07-28 11:03:10,4881.9,182411,2,4894.82,33932,34285,0.17441621865637955,0
2023-07-28 11:03:10,4881.9,182411,2,4894.82,34932,34285,0.17441621865637955,0
2023-07-28 11:03:10,4881.9,182411,2,4894.82,34933,34285,0.17441621865637955,0
2023-07-28 11:03:10,4881.9,182411,2,4894.82,34933,34285,0.17441621865637955,0
2023-07-28 11:03:10,4880.15,182411,1,4894.82,34933,34285,0.1385069971683014,0
2023-07-28 11:03:15,4880.15,182412,1,4894.82,34939,34285,0.1385069971683014,0
2023-07-28 11:03:17,4881.9,182414,2,4894.82,34939,34283,0.17441621865637955,0
2023-07-28 11:03:17,4881.9,182414,2,4894.82,34892,34337,0.17441621865637955,0
2023-07-28 11:03:17,4881.9,182414,2,4894.82,34876,34346,0.17441621865637955,0
2023-07-28 11:03:17,4881.9,182414,2,4894.82,34876,34346,0.17441621865637955,0
2023-07-28 11:03:17,4881.9,182414,2,4894.82,34877,34346,0.17441621865637955,0
2023-07-28 11:03:17,4881.9,182414,2,4894.82,33886,34187,0.17441621865637955,0
2023-07-28 11:03:17,4881.9,182414,2,4894.82,33896,34286,0.17441621865637955,0
2023-07-28 11:03:17,4881.9,182414,2,4894.82,34895,34280,0.17441621865637955,0
2023-07-28 11:03:17,4881.9,182414,9,4894.82,34895,34280,0.17441621865637955,0
2023-07-28 11:03:25,4881.9,182426,9,4894.82,34875,34355,0.17441621865637955,0
2023-07-28 11:03:25,4881.9,182426,9,4894.82,34875,34332,0.17441621865637955,0
2023-07-28 11:03:29,4882.05,182561,115,4894.81,35438,34199,0.17749415192679743,0
2023-07-28 11:03:29,4880.2,182562,1,4894.81,35456,34190,0.13953297492510736,0
2023-07-28 11:03:29,4880.2,182562,1,4894.81,35404,34129,0.13953297492510736,0
2023-07-28 11:03:29,4880.2,182562,1,4894.81,35642,34095,0.13953297492510736,0
2023-07-28 11:03:29,4882.55,182562,50,4894.81,35642,34095,0.18775392949481975,0
2023-07-28 11:03:33,4882.55,182612,50,4894.81,35770,34323,0.18775392949481975,0
2023-07-28 11:03:35,4882.4,182618,1,4894.81,35565,34425,0.18467599622440187,0
2023-07-28 11:03:35,4882.4,182618,1,4894.81,35594,34317,0.18467599622440187,0
2023-07-28 11:03:35,4882.25,182618,3,4894.81,35594,34317,0.18159806295400263,0
2023-07-28 11:03:38,4882.25,182621,3,4894.81,35595,34303,0.18159806295400263,0
2023-07-28 11:03:39,4880.25,182635,9,4894.81,35560,34295,0.14055895268191332,0
2023-07-28 11:03:39,4880.2,182635,196,4894.81,35560,34295,0.13953297492510736,0
2023-07-28 11:03:41,4880.2,182835,196,4894.79,35446,33850,0.13953297492510736,0
2023-07-28 11:03:41,4882.15,182835,15,4894.79,35446,33850,0.1795461074403907,0
2023-07-28 11:03:42,4882.15,182851,15,4894.79,35662,34225,0.1795461074403907,0
2023-07-28 11:03:42,4880.3,182851,1,4894.79,35662,34225,0.1415849304387193,0
2023-07-28 11:03:43,4880.3,182852,1,4894.79,35664,34026,0.1415849304387193,0
2023-07-28 11:03:43,4880.3,182852,1,4894.79,35664,34026,0.1415849304387193,0
2023-07-28 11:03:46,4880.2,182953,13,4894.78,35597,34044,0.13953297492510736,0
2023-07-28 11:03:46,4882.15,182953,2,4894.78,35597,34044,0.1795461074403907,0
2023-07-28 11:03:47,4882.15,182955,2,4894.78,35622,34045,0.1795461074403907,0
2023-07-28 11:03:47,4882.15,182955,2,4894.78,35619,34036,0.1795461074403907,0
2023-07-28 11:03:47,4882.15,182955,2,4894.78,35612,34036,0.1795461074403907,0
2023-07-28 11:03:47,4882.15,182955,2,4894.78,35612,34046,0.1795461074403907,0
2023-07-28 11:03:47,4882.15,182955,2,4894.78,35640,34046,0.1795461074403907,0
2023-07-28 11:03:47,4882.15,182955,2,4894.78,35640,34046,0.1795461074403907,0
2023-07-28 11:03:47,4882.15,182955,2,4894.78,35640,34043,0.1795461074403907,0
2023-07-28 11:03:47,4882.15,182955,2,4894.78,35629,34180,0.1795461074403907,0
2023-07-28 11:03:47,4882.15,182955,2,4894.78,35634,33994,0.1795461074403907,0
2023-07-28 11:03:57,4880.3,182956,1,4894.78,35604,34196,0.1415849304387193,0
2023-07-28 11:03:58,4882.15,182959,1,4894.78,35598,34194,0.1795461074403907,0
2023-07-28 11:03:58,4882.15,182959,1,4894.78,35598,34194,0.1795461074403907,0
2023-07-28 11:03:58,4882.15,182959,1,4894.78,35646,34349,0.1795461074403907,0
2023-07-28 11:03:58,4882.15,182959,1,4894.78,35646,34349,0.1795461074403907,0
2023-07-28 11:04:03,4883.2,183012,1,4894.78,35679,34330,0.2010916403332413,0
2023-07-28 11:04:03,4883.2,183012,1,4894.78,35666,34373,0.2010916403332413,0
2023-07-28 11:04:03,4883.2,183012,1,4894.78,35667,34373,0.2010916403332413,0
2023-07-28 11:04:03,4883.2,183012,1,4894.78,35667,34373,0.2010916403332413,0
2023-07-28 11:04:03,4883.2,183012,1,4894.78,35597,34373,0.2010916403332413,0
2023-07-28 11:04:03,4883.2,183012,1,4894.78,35592,34351,0.2010916403332413,0
2023-07-28 11:04:03,4883.2,183012,1,4894.78,35592,34351,0.2010916403332413,0
2023-07-28 11:04:03,4880.35,183012,2,4894.78,35592,34351,0.14261090819552527,0
2023-07-28 11:04:11,4880.35,183014,2,4894.78,35569,34003,0.14261090819552527,0
2023-07-28 11:04:11,4880.35,183014,2,4894.78,35569,34401,0.14261090819552527,0
2023-07-28 11:04:11,4883.1,183014,2,4894.78,35569,34401,0.19903968481964807,0
2023-07-28 11:04:14,4883.1,183024,2,4894.78,35575,34391,0.19903968481964807,0
2023-07-28 11:04:14,4883.1,183024,2,4894.78,35573,34432,0.19903968481964807,0
2023-07-28 11:04:14,4883.1,183024,2,4894.78,35573,34446,0.19903968481964807,0
2023-07-28 11:04:14,4883.1,183024,2,4894.78,35571,34454,0.19903968481964807,0
2023-07-28 11:04:14,4882.9,183024,1,4894.78,35564,34494,0.1949357737924242,0
2023-07-28 11:04:19,4882.9,183025,1,4894.78,35564,34476,0.1949357737924242,0
2023-07-28 11:04:19,4882.9,183025,1,4894.78,35564,34476,0.1949357737924242,0
2023-07-28 11:04:19,4882.9,183025,1,4894.78,35588,34087,0.1949357737924242,0
2023-07-28 11:04:19,4882.9,183025,1,4894.78,35559,34481,0.1949357737924242,0
2023-07-28 11:04:19,4880.35,183025,1,4894.78,35558,34481,0.14261090819552527,0
2023-07-28 11:04:25,4880.35,183026,1,4894.78,35573,34510,0.14261090819552527,0
2023-07-28 11:04:25,4880.35,183026,1,4894.78,35568,34510,0.14261090819552527,0
2023-07-28 11:04:28,4882.9,183036,10,4894.78,35571,34507,0.1949357737924242,0
2023-07-28 11:04:28,4882.9,183036,10,4894.78,35561,34460,0.1949357737924242,0
2023-07-28 11:04:30,4882.9,183038,2,4894.78,35561,34468,0.1949357737924242,0
2023-07-28 11:04:30,4880.3,183038,9,4894.78,35562,34468,0.1415849304387193,0
2023-07-28 11:04:31,4880.3,183338,9,4894.76,35409,34137,0.1415849304387193,0
2023-07-28 11:04:31,4880.3,183338,9,4894.76,35420,34130,0.1415849304387193,0
2023-07-28 11:04:31,4882.0,183338,35,4894.76,35420,34130,0.17646817416999147,0
2023-07-28 11:04:34,4882.0,183373,35,4894.75,35438,34094,0.17646817416999147,0
2023-07-28 11:04:36,4882.0,183375,2,4894.75,35438,34082,0.17646817416999147,0
2023-07-28 11:04:36,4882.0,183375,2,4894.75,35439,34082,0.17646817416999147,0
2023-07-28 11:04:36,4882.0,183375,2,4894.75,35430,34082,0.17646817416999147,0
2023-07-28 11:04:36,4880.3,183375,1,4894.75,35430,34082,0.1415849304387193,0
2023-07-28 11:04:39,4880.3,183376,1,4894.75,35429,34129,0.1415849304387193,0
2023-07-28 11:04:41,4882.0,183385,9,4894.75,35418,34120,0.17646817416999147,0
2023-07-28 11:04:41,4882.0,183385,9,4894.75,35418,34120,0.17646817416999147,0
2023-07-28 11:04:41,4882.0,183385,9,4894.75,35528,34103,0.17646817416999147,0
2023-07-28 11:04:41,4882.0,183385,9,4894.75,35528,34103,0.17646817416999147,0
2023-07-28 11:04:41,4882.0,183385,9,4894.75,35528,34103,0.17646817416999147,0
2023-07-28 11:04:41,4882.0,183385,9,4894.75,35533,34098,0.17646817416999147,0
2023-07-28 11:04:41,4882.0,183385,9,4894.75,35528,34098,0.17646817416999147,0
2023-07-28 11:04:41,4882.0,183385,9,4894.75,35581,34098,0.17646817416999147,0
2023-07-28 11:04:41,4882.0,183385,9,4894.75,35581,34098,0.17646817416999147,0
2023-07-28 11:04:41,4881.8,183385,2,4894.75,35581,34098,0.17236426314278627,0
2023-07-28 11:04:50,4881.8,183387,2,4894.75,35581,34105,0.17236426314278627,0
2023-07-28 11:04:50,4881.8,183387,2,4894.75,35581,34105,0.17236426314278627,0
2023-07-28 11:04:50,4881.8,183387,2,4894.75,35581,34105,0.17236426314278627,0
2023-07-28 11:04:50,4880.35,183387,13,4894.75,35581,34105,0.14261090819552527,0
2023-07-28 11:04:53,4880.35,183401,1,4894.75,35567,34113,0.14261090819552527,0
2023-07-28 11:04:54,4881.8,183409,8,4894.75,35567,34117,0.17236426314278627,0
2023-07-28 11:04:54,4881.8,183409,8,4894.75,35667,34109,0.17236426314278627,0
2023-07-28 11:04:54,4881.8,183409,8,4894.75,35677,34121,0.17236426314278627,0
2023-07-28 11:04:54,4881.8,183409,8,4894.75,35677,34133,0.17236426314278627,0
2023-07-28 11:04:54,4880.4,183409,1,4894.75,35577,34134,0.14363688595231255,0
2023-07-28 11:04:54,4883.55,183409,9,4894.75,35577,34134,0.20827348463086442,0
2023-07-28 11:05:08,4883.55,183481,9,4894.75,35605,34519,0.20827348463086442,0
2023-07-28 11:05:08,4883.35,183481,26,4894.75,35605,34519,0.20416957360365923,0
2023-07-28 11:05:10,4883.35,183507,26,4894.74,35591,34555,0.20416957360365923,0
2023-07-28 11:05:10,4883.35,183507,26,4894.74,35589,34393,0.20416957360365923,0
2023-07-28 11:05:16,4883.15,183509,2,4894.74,35643,34375,0.20006566257643535,0
2023-07-28 11:05:19,4883.2,183530,1,4894.74,35685,34365,0.2010916403332413,0
2023-07-28 11:05:21,4880.4,183551,11,4894.74,35577,34415,0.14363688595231255,0
2023-07-28 11:05:21,4883.25,183551,4,4894.74,35577,34415,0.2021176180900473,0
2023-07-28 11:05:21,4883.25,183551,4,4894.74,35577,34415,0.2021176180900473,0
2023-07-28 11:05:23,4883.25,183571,4,4894.74,35561,34397,0.2021176180900473,0
2023-07-28 11:05:23,4882.6,183571,6,4894.74,35561,34397,0.18877990725162572,0
2023-07-28 11:05:23,4880.55,183571,24,4894.74,35561,34397,0.14671481922273047,0
2023-07-28 11:05:23,4880.55,183571,24,4894.74,35561,34397,0.14671481922273047,0
2023-07-28 11:05:25,4880.55,183755,24,4894.73,35644,34415,0.14671481922273047,0
2023-07-28 11:05:25,4883.15,183755,1,4894.73,35644,34415,0.20006566257643535,0
2023-07-28 11:05:25,4883.15,183755,1,4894.73,35644,34415,0.20006566257643535,0
2023-07-28 11:05:27,4883.15,183756,1,4894.73,35672,34421,0.20006566257643535,0
2023-07-28 11:05:27,4883.2,183756,1,4894.73,35672,34421,0.2010916403332413,0
2023-07-28 11:05:27,4881.0,183756,2,4894.73,35672,34421,0.15594861903394683,0
2023-07-28 11:05:31,4881.0,183760,2,4894.72,35760,34410,0.15594861903394683,0
2023-07-28 11:05:31,4883.15,183760,3,4894.72,35760,34410,0.20006566257643535,0
2023-07-28 11:05:33,4883.15,183763,3,4894.72,35735,34441,0.20006566257643535,0
2023-07-28 11:05:33,4883.15,183763,25,4894.72,35735,34441,0.20006566257643535,0
2023-07-28 11:05:33,4881.0,183763,1,4894.72,35735,34441,0.15594861903394683,0
2023-07-28 11:05:35,4881.0,183789,1,4894.72,35748,34389,0.15594861903394683,0
2023-07-28 11:05:35,4881.0,183789,1,4894.72,35706,34409,0.15594861903394683,0
2023-07-28 11:05:35,4881.0,183789,1,4894.72,35702,34414,0.15594861903394683,0
2023-07-28 11:05:35,4883.15,183789,1,4894.72,35702,34414,0.20006566257643535,0
2023-07-28 11:05:43,4883.15,183790,1,4894.72,35696,34415,0.20006566257643535,0
2023-07-28 11:05:43,4883.15,183790,6,4894.72,35696,34415,0.20006566257643535,0
2023-07-28 11:05:45,4883.15,183797,6,4894.72,35696,34408,0.20006566257643535,0
2023-07-28 11:05:45,4881.0,183797,1,4894.72,35696,34408,0.15594861903394683,0
2023-07-28 11:05:49,4881.0,183798,1,4894.72,35695,34434,0.15594861903394683,0
2023-07-28 11:05:49,4881.0,183798,1,4894.72,35710,34467,0.15594861903394683,0
2023-07-28 11:05:49,4881.0,183798,1,4894.72,35711,34467,0.15594861903394683,0
2023-07-28 11:05:49,4881.0,183798,1,4894.72,35801,34467,0.15594861903394683,0
2023-07-28 11:05:49,4881.0,183798,1,4894.72,35901,34443,0.15594861903394683,0
2023-07-28 11:05:49,4881.0,183798,1,4894.72,35877,34479,0.15594861903394683,0
2023-07-28 11:05:49,4881.0,183798,1,4894.72,35877,34479,0.15594861903394683,0
2023-07-28 11:06:03,4881.0,183799,1,4894.72,35858,34497,0.15594861903394683,0
2023-07-28 11:06:03,4881.0,183799,1,4894.72,35827,34497,0.15594861903394683,0
2023-07-28 11:06:03,4881.0,183799,1,4894.72,35760,34497,0.15594861903394683,0
2023-07-28 11:06:03,4883.15,183799,1,4894.72,35760,34497,0.20006566257643535,0
2023-07-28 11:06:11,4883.15,183805,1,4894.72,35785,34549,0.20006566257643535,0
2023-07-28 11:06:11,4883.15,183805,1,4894.72,35792,34606,0.20006566257643535,0
2023-07-28 11:06:17,4882.0,183806,1,4894.72,35780,34604,0.17646817416999147,0
2023-07-28 11:06:17,4880.4,183806,56,4894.72,35780,34604,0.14363688595231255,0
2023-07-28 11:06:18,4880.4,184010,56,4894.71,35547,34858,0.14363688595231255,0
2023-07-28 11:06:23,4880.95,185111,4,4894.62,34222,34641,0.15492264127714087,0
2023-07-28 11:06:23,4880.95,185151,4,4894.61,33847,34894,0.15492264127714087,0
2023-07-28 11:06:23,4880.95,185151,4,4894.61,34820,34616,0.15492264127714087,0
2023-07-28 11:06:23,4877.45,185151,1,4894.61,34820,34616,0.08310419830098457,0
2023-07-28 11:06:31,4877.45,185152,1,4894.61,34866,34810,0.08310419830098457,0
2023-07-28 11:06:31,4877.45,185152,1,4894.61,34850,34604,0.08310419830098457,0
2023-07-28 11:06:31,4877.45,185152,1,4894.61,34887,34802,0.08310419830098457,0
2023-07-28 11:06:31,4877.45,185152,1,4894.61,34892,34602,0.08310419830098457,0
2023-07-28 11:06:31,4877.45,185152,1,4894.61,34921,34597,0.08310419830098457,0
2023-07-28 11:06:31,4877.4,185152,1,4894.61,34921,34597,0.08207822054417861,0
2023-07-28 11:06:31,4877.4,185152,1,4894.61,34921,34597,0.08207822054417861,0
2023-07-28 11:06:45,4877.4,185154,1,4894.61,34909,34757,0.08207822054417861,0
2023-07-28 11:06:45,4877.4,185154,1,4894.61,34930,34527,0.08207822054417861,0
2023-07-28 11:06:45,4877.4,185154,1,4894.61,34894,34767,0.08207822054417861,0
2023-07-28 11:06:45,4877.4,185154,1,4894.61,34911,34764,0.08207822054417861,0
2023-07-28 11:06:45,4877.4,185154,1,4894.61,34889,34758,0.08207822054417861,0
2023-07-28 11:06:45,4877.4,185154,2,4894.61,34889,34758,0.08207822054417861,0
2023-07-28 11:06:59,4877.4,185157,1,4894.61,34844,34943,0.08207822054417861,0
2023-07-28 11:06:59,4877.4,185157,1,4894.61,34844,34943,0.08207822054417861,0
2023-07-28 11:07:02,4879.4,185159,2,4894.61,34853,34726,0.12311733081626791,0
2023-07-28 11:07:02,4879.4,185159,2,4894.61,34873,34512,0.12311733081626791,0
2023-07-28 11:07:02,4879.4,185159,2,4894.61,34847,34530,0.12311733081626791,0
2023-07-28 11:07:02,4879.4,185159,2,4894.61,34405,34565,0.12311733081626791,0
2023-07-28 11:07:02,4879.4,185159,2,4894.61,34590,34564,0.12311733081626791,0
2023-07-28 11:07:02,4879.4,185159,2,4894.61,34606,34532,0.12311733081626791,0
2023-07-28 11:07:02,4879.4,185159,2,4894.61,34601,34543,0.12311733081626791,0
2023-07-28 11:07:11,4877.15,185160,1,4894.61,34556,34544,0.07694833176016745,0
2023-07-28 11:07:11,4877.15,185160,1,4894.61,34597,34746,0.07694833176016745,0
2023-07-28 11:07:11,4875.5,185160,1,4894.61,34597,34746,0.04309106578570123,0
2023-07-28 11:07:13,4875.5,185161,1,4894.61,34623,34544,0.04309106578570123,0
2023-07-28 11:07:13,4875.5,185161,1,4894.61,34606,34558,0.04309106578570123,0
2023-07-28 11:07:15,4875.5,185163,2,4894.61,34583,34699,0.04309106578570123,0
2023-07-28 11:07:15,4875.5,185163,2,4894.61,34586,34635,0.04309106578570123,0
2023-07-28 11:07:15,4875.5,185163,2,4894.61,34603,34687,0.04309106578570123,0
2023-07-28 11:07:15,4875.5,185163,2,4894.61,34603,34586,0.04309106578570123,0
2023-07-28 11:07:15,4875.5,185163,2,4894.61,34604,34541,0.04309106578570123,0
2023-07-28 11:07:15,4875.5,185163,2,4894.61,34593,34750,0.04309106578570123,0
2023-07-28 11:07:15,4875.5,185163,2,4894.61,34620,35049,0.04309106578570123,0
2023-07-28 11:07:22,4875.5,185169,6,4894.61,34581,35066,0.04309106578570123,0
2023-07-28 11:07:22,4875.5,185169,6,4894.61,34575,35079,0.04309106578570123,0
2023-07-28 11:07:22,4875.5,185169,6,4894.61,34574,35069,0.04309106578570123,0
2023-07-28 11:07:25,4876.85,185172,3,4894.61,34694,34516,0.07079246521936898,0
2023-07-28 11:07:25,4876.85,185172,3,4894.61,33656,34567,0.07079246521936898,0
2023-07-28 11:07:25,4875.5,185172,1,4894.61,33656,34567,0.04309106578570123,0
2023-07-28 11:07:27,4875.5,185173,1,4894.61,34659,34681,0.04309106578570123,0
2023-07-28 11:07:27,4875.5,185173,1,4894.61,34672,35112,0.04309106578570123,0
2023-07-28 11:07:27,4875.55,185173,2,4894.61,34672,35112,0.0441170435425072,0
2023-07-28 11:07:33,4875.55,185175,2,4894.61,34671,35112,0.0441170435425072,0
2023-07-28 11:07:33,4875.55,185175,2,4894.61,34671,35112,0.0441170435425072,0
2023-07-28 11:07:33,4875.55,185175,2,4894.61,34671,35112,0.0441170435425072,0
2023-07-28 11:07:33,4875.55,185175,2,4894.61,34670,35113,0.0441170435425072,0
2023-07-28 11:07:33,4875.55,185175,2,4894.61,34670,35113,0.0441170435425072,0
2023-07-28 11:07:33,4875.55,185175,2,4894.61,34670,35113,0.0441170435425072,0
2023-07-28 11:07:33,4875.55,185175,2,4894.61,34670,35113,0.0441170435425072,0
2023-07-28 11:07:33,4875.55,185175,2,4894.61,34620,35136,0.0441170435425072,0
2023-07-28 11:07:41,4875.55,185176,1,4894.61,34617,35132,0.0441170435425072,0
2023-07-28 11:07:41,4875.55,185176,1,4894.61,34617,35127,0.0441170435425072,0
2023-07-28 11:07:41,4875.55,185176,1,4894.61,34617,35127,0.0441170435425072,0
2023-07-28 11:07:41,4875.55,185176,1,4894.61,34617,35127,0.0441170435425072,0
2023-07-28 11:07:41,4875.55,185176,1,4894.61,34617,35127,0.0441170435425072,0
2023-07-28 11:07:41,4875.55,185176,1,4894.61,34617,35127,0.0441170435425072,0
2023-07-28 11:07:41,4875.55,185176,1,4894.61,34617,35118,0.0441170435425072,0
2023-07-28 11:07:41,4875.55,185176,1,4894.61,34617,35122,0.0441170435425072,0
2023-07-28 11:07:41,4875.55,185176,1,4894.61,34617,35122,0.0441170435425072,0
2023-07-28 11:07:41,4875.55,185176,2,4894.61,34617,35122,0.0441170435425072,0
2023-07-28 11:07:50,4875.55,185178,2,4894.61,34617,35122,0.0441170435425072,0
2023-07-28 11:07:50,4875.55,185178,2,4894.61,34617,35122,0.0441170435425072,0
2023-07-28 11:07:50,4875.55,185178,2,4894.61,34617,35122,0.0441170435425072,0
2023-07-28 11:07:55,4875.55,185179,1,4894.61,34616,35122,0.0441170435425072,0
2023-07-28 11:07:55,4875.55,185179,1,4894.61,34616,35122,0.0441170435425072,0
2023-07-28 11:07:55,4875.55,185179,1,4894.61,34616,35118,0.0441170435425072,0
2023-07-28 11:07:55,4875.55,185179,1,4894.61,34626,35118,0.0441170435425072,0
2023-07-28 11:07:55,4875.55,185179,1,4894.61,34626,35125,0.0441170435425072,0
2023-07-28 11:07:55,4875.55,185179,1,4894.61,34650,35099,0.0441170435425072,0
2023-07-28 11:07:55,4875.55,185179,1,4894.61,34638,35106,0.0441170435425072,0
2023-07-28 11:07:55,4875.55,185179,1,4894.61,34639,35106,0.0441170435425072,0
2023-07-28 11:07:55,4875.55,185179,1,4894.61,34639,35106,0.0441170435425072,0
2023-07-28 11:07:55,4875.55,185179,1,4894.61,34639,35106,0.0441170435425072,0
2023-07-28 11:08:08,4876.65,185181,2,4894.61,34639,35104,0.06668855419214512,0
2023-07-28 11:08:08,4876.65,185181,2,4894.61,34639,35106,0.06668855419214512,0
2023-07-28 11:08:08,4875.55,185181,5,4894.61,34639,35106,0.0441170435425072,0
2023-07-28 11:08:09,4876.6,185237,50,4894.61,34636,35100,0.06566257643535782,0
2023-07-28 11:08:09,4876.6,185237,50,4894.61,34636,35082,0.06566257643535782,0
2023-07-28 11:08:09,4876.6,185237,50,4894.61,34636,35082,0.06566257643535782,0
2023-07-28 11:08:09,4876.6,185237,50,4894.61,34636,35082,0.06566257643535782,0
2023-07-28 11:08:09,4876.6,185237,50,4894.61,34639,35084,0.06566257643535782,0
2023-07-28 11:08:09,4876.6,185237,50,4894.61,34639,35084,0.06566257643535782,0
2023-07-28 11:08:09,4876.6,185237,50,4894.61,34640,35084,0.06566257643535782,0
2023-07-28 11:08:09,4876.6,185237,50,4894.61,34639,35084,0.06566257643535782,0
2023-07-28 11:08:09,4875.55,185237,5,4894.61,34629,35047,0.0441170435425072,0
2023-07-28 11:08:19,4875.55,185242,5,4894.61,34622,34764,0.0441170435425072,0
2023-07-28 11:08:19,4875.55,185242,1,4894.61,34622,34764,0.0441170435425072,0
2023-07-28 11:08:21,4880.0,189905,500,4894.24,34238,34155,0.13542906389790216,0
2023-07-28 11:08:21,4875.05,189905,2,4894.24,34238,34155,0.03385726597448487,0
2023-07-28 11:08:21,4881.0,189905,32,4894.24,34238,34155,0.15594861903394683,0
2023-07-28 11:08:22,4880.0,192849,113,4894.0,34697,33907,0.13542906389790216,0
2023-07-28 11:08:22,4880.0,192849,113,4894.0,34697,33907,0.13542906389790216,0
2023-07-28 11:08:23,4880.8,192858,8,4894.0,34746,34586,0.15184470800674163,0
2023-07-28 11:08:23,4880.8,192858,8,4894.0,34746,34586,0.15184470800674163,0
2023-07-28 11:08:23,4880.8,192858,8,4894.0,34947,34576,0.15184470800674163,0
2023-07-28 11:08:23,4880.8,192858,8,4894.0,34972,34782,0.15184470800674163,0
2023-07-28 11:08:23,4880.8,192858,8,4894.0,34999,34727,0.15184470800674163,0
2023-07-28 11:08:23,4880.8,192858,8,4894.0,34999,34727,0.15184470800674163,0
2023-07-28 11:08:23,4880.8,192858,8,4894.0,34990,34732,0.15184470800674163,0
2023-07-28 11:08:23,4880.8,192858,8,4894.0,34990,34749,0.15184470800674163,0
2023-07-28 11:08:23,4880.8,192858,8,4894.0,35005,34749,0.15184470800674163,0
2023-07-28 11:08:23,4880.8,192858,8,4894.0,35025,34743,0.15184470800674163,0
2023-07-28 11:08:23,4880.8,192858,8,4894.0,35026,34743,0.15184470800674163,0
2023-07-28 11:08:23,4880.8,192858,8,4894.0,35026,34755,0.15184470800674163,0
2023-07-28 11:08:23,4880.8,192858,8,4894.0,35026,34766,0.15184470800674163,0
2023-07-28 11:08:23,4880.8,192858,8,4894.0,35016,34762,0.15184470800674163,0
2023-07-28 11:08:23,4880.8,192858,8,4894.0,35003,34768,0.15184470800674163,0
2023-07-28 11:08:37,4880.8,192859,1,4894.0,35000,34770,0.15184470800674163,0
2023-07-28 11:08:37,4880.8,192859,1,4894.0,34986,34763,0.15184470800674163,0
2023-07-28 11:08:37,4880.8,192859,1,4894.0,34993,34763,0.15184470800674163,0
2023-07-28 11:08:37,4880.8,192859,1,4894.0,34993,34752,0.15184470800674163,0
2023-07-28 11:08:37,4880.8,192859,1,4894.0,34984,34752,0.15184470800674163,0
2023-07-28 11:08:37,4880.8,192859,1,4894.0,34984,34771,0.15184470800674163,0
2023-07-28 11:08:37,4880.8,192859,1,4894.0,34984,34771,0.15184470800674163,0
2023-07-28 11:08:37,4880.8,192859,1,4894.0,34984,34773,0.15184470800674163,0
2023-07-28 11:08:37,4880.8,192859,1,4894.0,34984,34773,0.15184470800674163,0
2023-07-28 11:08:46,4883.5,193374,23,4893.97,35363,34540,0.20724750687405846,0
2023-07-28 11:08:46,4883.5,193374,23,4893.97,35346,34736,0.20724750687405846,0
2023-07-28 11:08:46,4883.5,193374,23,4893.97,35356,34731,0.20724750687405846,0
2023-07-28 11:08:46,4883.5,193374,23,4893.97,35367,34747,0.20724750687405846,0
2023-07-28 11:08:46,4883.5,193374,23,4893.97,35867,34717,0.20724750687405846,0
2023-07-28 11:08:51,4881.05,193375,1,4893.97,35970,34728,0.1569745967907528,0
2023-07-28 11:08:51,4882.9,193375,1,4893.97,35970,34728,0.1949357737924242,0
2023-07-28 11:08:52,4882.9,193376,1,4893.97,35960,34727,0.1949357737924242,0
2023-07-28 11:08:53,4880.8,193382,4,4893.97,35832,34613,0.15184470800674163,0
2023-07-28 11:08:53,4880.8,193382,4,4893.97,35907,34575,0.15184470800674163,0
2023-07-28 11:08:53,4880.8,193382,4,4893.97,35926,34575,0.15184470800674163,0
2023-07-28 11:08:53,4880.8,193382,4,4893.97,35927,34560,0.15184470800674163,0
2023-07-28 11:08:53,4882.5,193382,1,4893.97,35938,34564,0.1867279517380138,0
2023-07-28 11:08:59,4882.5,193383,1,4893.97,35928,34564,0.1867279517380138,0
2023-07-28 11:08:59,4882.5,193383,1,4893.97,35840,34578,0.1867279517380138,0
2023-07-28 11:08:59,4882.5,193383,1,4893.97,35860,34578,0.1867279517380138,0
2023-07-28 11:08:59,4882.5,193383,1,4893.97,35843,34800,0.1867279517380138,0
2023-07-28 11:08:59,4882.45,193383,1,4893.97,35843,34800,0.18570197398120783,0
2023-07-28 11:09:03,4882.45,193384,1,4893.97,35843,34779,0.18570197398120783,0
2023-07-28 11:09:03,4882.45,193384,1,4893.97,35833,34789,0.18570197398120783,0
2023-07-28 11:09:03,4880.4,193384,1,4893.97,35833,34789,0.14363688595231255,0
2023-07-28 11:09:05,4880.4,193385,1,4893.97,35765,34789,0.14363688595231255,0
2023-07-28 11:09:05,4880.4,193385,1,4893.97,35848,34570,0.14363688595231255,0
2023-07-28 11:09:05,4882.3,193385,2,4893.97,35848,34570,0.1826240407108086,0
2023-07-28 11:09:07,4882.3,193387,2,4893.97,35775,34818,0.1826240407108086,0
2023-07-28 11:09:07,4882.3,193387,2,4893.97,35776,34841,0.1826240407108086,0
2023-07-28 11:09:07,4882.3,193387,2,4893.97,35794,34847,0.1826240407108086,0
2023-07-28 11:09:07,4882.3,193387,2,4893.97,35874,34627,0.1826240407108086,0
2023-07-28 11:09:07,4882.3,193387,2,4893.97,35897,34827,0.1826240407108086,0
2023-07-28 11:09:07,4882.3,193387,2,4893.97,35897,34827,0.1826240407108086,0
2023-07-28 11:09:07,4882.3,193387,2,4893.97,35897,34827,0.1826240407108086,0
2023-07-28 11:09:07,4882.3,193387,2,4893.97,35898,34827,0.1826240407108086,0
2023-07-28 11:09:07,4882.3,193387,2,4893.97,35899,34827,0.1826240407108086,0
2023-07-28 11:09:07,4880.3,193387,1,4893.97,35899,34827,0.1415849304387193,0
2023-07-28 11:09:19,4880.3,193388,1,4893.97,35906,34827,0.1415849304387193,0
2023-07-28 11:09:19,4880.3,193388,1,4893.97,35897,34656,0.1415849304387193,0
2023-07-28 11:09:19,4880.3,193388,1,4893.97,35897,34682,0.1415849304387193,0
2023-07-28 11:09:19,4880.3,193388,1,4893.97,35897,34674,0.1415849304387193,0
2023-07-28 11:09:19,4880.3,193388,1,4893.97,35901,34620,0.1415849304387193,0
2023-07-28 11:09:19,4880.3,193388,1,4893.97,35901,34622,0.1415849304387193,0
2023-07-28 11:09:19,4880.3,193388,1,4893.97,35892,34620,0.1415849304387193,0
2023-07-28 11:09:19,4880.3,193388,1,4893.97,35900,34425,0.1415849304387193,0
2023-07-28 11:09:19,4880.3,193388,1,4893.97,35900,34425,0.1415849304387193,0
2023-07-28 11:09:19,4880.3,193388,1,4893.97,35900,34625,0.1415849304387193,0
2023-07-28 11:09:19,4880.3,193388,1,4893.97,35901,34630,0.1415849304387193,0
2023-07-28 11:09:34,4880.0,193392,3,4893.97,35897,34630,0.13542906389790216,0
2023-07-28 11:09:34,4881.6,193393,1,4893.97,35898,34602,0.16826035211558107,0
2023-07-28 11:09:34,4881.6,193393,1,4893.97,35907,34423,0.16826035211558107,0
2023-07-28 11:09:34,4881.6,193393,1,4893.97,35868,34422,0.16826035211558107,0
2023-07-28 11:09:34,4881.6,193393,1,4893.97,35830,34422,0.16826035211558107,0
2023-07-28 11:09:38,4881.6,193413,8,4893.97,35802,34368,0.16826035211558107,0
2023-07-28 11:09:38,4881.6,193413,8,4893.97,35812,34355,0.16826035211558107,0
2023-07-28 11:09:38,4881.6,193413,8,4893.97,35800,34363,0.16826035211558107,0
2023-07-28 11:09:38,4881.6,193413,8,4893.97,35800,34377,0.16826035211558107,0
2023-07-28 11:09:38,4881.6,193413,1,4893.97,35800,34377,0.16826035211558107,0
2023-07-28 11:09:42,4881.6,193414,1,4893.97,35800,34389,0.16826035211558107,0
2023-07-28 11:09:42,4880.0,193414,19,4893.97,35800,34389,0.13542906389790216,0
2023-07-28 11:09:43,4880.0,193444,19,4893.96,35789,34415,0.13542906389790216,0
2023-07-28 11:09:43,4881.2,193444,1,4893.96,35788,34378,0.16005253006115203,0
2023-07-28 11:09:45,4881.2,193445,1,4893.96,35784,34181,0.16005253006115203,0
2023-07-28 11:09:45,4880.0,193445,1,4893.96,35788,34182,0.13542906389790216,0
2023-07-28 11:09:47,4880.85,193446,12,4893.96,35801,34191,0.1528706857635476,0
2023-07-28 11:09:48,4880.85,193458,12,4893.96,35792,34198,0.1528706857635476,0
2023-07-28 11:09:48,4880.0,193458,63,4893.96,35792,34198,0.13542906389790216,0
2023-07-28 11:09:51,4880.0,193708,63,4893.95,35743,34293,0.13542906389790216,0
2023-07-28 11:09:51,4880.0,193708,63,4893.95,35729,34255,0.13542906389790216,0
2023-07-28 11:09:51,4881.0,193708,24,4893.95,35729,34255,0.15594861903394683,0
2023-07-28 11:09:53,4881.0,193732,24,4893.94,35736,34221,0.15594861903394683,0
2023-07-28 11:09:53,4881.0,193732,24,4893.94,35786,34200,0.15594861903394683,0
2023-07-28 11:09:53,4881.0,193732,24,4893.94,35784,34200,0.15594861903394683,0
2023-07-28 11:09:53,4881.0,193732,24,4893.94,35784,34211,0.15594861903394683,0
2023-07-28 11:09:53,4881.0,193732,24,4893.94,35686,34211,0.15594861903394683,0
2023-07-28 11:09:53,4881.0,193732,24,4893.94,35684,34211,0.15594861903394683,0
2023-07-28 11:09:53,4881.0,193732,24,4893.94,35686,34211,0.15594861903394683,0
2023-07-28 11:09:53,4881.0,193732,24,4893.94,35748,34168,0.15594861903394683,0
2023-07-28 11:09:53,4881.0,193732,5,4893.94,35748,34168,0.15594861903394683,0
2023-07-28 11:10:01,4880.85,193738,1,4893.94,35689,34181,0.1528706857635476,0
2023-07-28 11:10:01,4880.85,193738,1,4893.94,35680,34180,0.1528706857635476,0
2023-07-28 11:10:01,4880.85,193738,1,4893.94,35680,34190,0.1528706857635476,0
2023-07-28 11:10:01,4880.85,193738,1,4893.94,35680,34190,0.1528706857635476,0
2023-07-28 11:10:01,4880.85,193738,1,4893.94,35681,34195,0.1528706857635476,0
2023-07-28 11:10:01,4880.85,193738,1,4893.94,35681,34195,0.1528706857635476,0
2023-07-28 11:10:01,4880.85,193738,1,4893.94,35681,34193,0.1528706857635476,0
2023-07-28 11:10:01,4880.85,193738,1,4893.94,35582,34407,0.1528706857635476,0
2023-07-28 11:10:01,4880.85,193738,1,4893.94,35582,34394,0.1528706857635476,0
2023-07-28 11:10:01,4880.85,193738,1,4893.94,35585,34392,0.1528706857635476,0
2023-07-28 11:10:01,4880.85,193738,1,4893.94,35585,34364,0.1528706857635476,0
2023-07-28 11:10:01,4880.85,193738,1,4893.94,35585,34364,0.1528706857635476,0
2023-07-28 11:10:01,4880.8,193738,1,4893.94,35585,34364,0.15184470800674163,0
2023-07-28 11:10:15,4880.8,193739,1,4893.94,35585,34364,0.15184470800674163,0
2023-07-28 11:10:15,4880.8,193739,1,4893.94,35585,34370,0.15184470800674163,0
2023-07-28 11:10:15,4880.8,193739,1,4893.94,35585,34380,0.15184470800674163,0
2023-07-28 11:10:15,4880.8,193739,1,4893.94,35585,34385,0.15184470800674163,0
2023-07-28 11:10:15,4880.8,193739,1,4893.94,35585,34385,0.15184470800674163,0
2023-07-28 11:10:15,4880.8,193739,1,4893.94,35585,34373,0.15184470800674163,0
2023-07-28 11:10:15,4880.8,193739,1,4893.94,35585,34373,0.15184470800674163,0
2023-07-28 11:10:24,4880.85,193741,2,4893.94,35585,34373,0.1528706857635476,0
2023-07-28 11:10:24,4880.85,193741,2,4893.94,35593,34373,0.1528706857635476,0
2023-07-28 11:10:24,4880.85,193741,2,4893.94,35593,34373,0.1528706857635476,0
2023-07-28 11:10:24,4880.8,193741,1,4893.94,35593,34373,0.15184470800674163,0
2023-07-28 11:10:26,4880.8,193742,1,4893.94,35591,34376,0.15184470800674163,0
2023-07-28 11:10:26,4880.8,193742,1,4893.94,35592,34376,0.15184470800674163,0
2023-07-28 11:10:29,4880.8,193743,1,4893.94,35593,34509,0.15184470800674163,0
2023-07-28 11:10:29,4880.8,193743,1,4893.94,35593,34509,0.15184470800674163,0
2023-07-28 11:10:29,4880.8,193743,1,4893.94,35593,34509,0.15184470800674163,0
2023-07-28 11:10:29,4880.8,193743,1,4893.94,35591,34480,0.15184470800674163,0
2023-07-28 11:10:29,4880.8,193743,1,4893.94,35591,34520,0.15184470800674163,0
2023-07-28 11:10:29,4880.8,193743,1,4893.94,35589,34561,0.15184470800674163,0
2023-07-28 11:10:29,4880.85,193743,5,4893.94,35589,34561,0.1528706857635476,0
2023-07-28 11:10:38,4881.0,193789,21,4893.94,35621,34412,0.15594861903394683,0
2023-07-28 11:10:38,4881.0,193789,21,4893.94,35596,34418,0.15594861903394683,0
2023-07-28 11:10:38,4881.0,193789,21,4893.94,35597,34434,0.15594861903394683,0
2023-07-28 11:10:38,4881.0,193789,21,4893.94,35591,34425,0.15594861903394683,0
2023-07-28 11:10:38,4881.0,193789,21,4893.94,35593,34465,0.15594861903394683,0
2023-07-28 11:10:43,4881.0,193794,1,4893.94,35596,34444,0.15594861903394683,0
2023-07-28 11:10:43,4880.8,193794,1,4893.94,35596,34444,0.15184470800674163,0
2023-07-28 11:10:43,4880.8,193795,1,4893.94,35588,34456,0.15184470800674163,0
2023-07-28 11:10:43,4880.8,193795,1,4893.94,35596,34444,0.15184470800674163,0
2023-07-28 11:10:43,4880.8,193795,1,4893.94,35596,34444,0.15184470800674163,0
2023-07-28 11:10:43,4880.8,193795,1,4893.94,35596,34423,0.15184470800674163,0
2023-07-28 11:10:43,4880.8,193795,1,4893.94,35592,34444,0.15184470800674163,0
2023-07-28 11:10:43,4880.8,193795,1,4893.94,35593,34444,0.15184470800674163,0
2023-07-28 11:10:43,4880.8,193795,1,4893.94,35593,34442,0.15184470800674163,0
2023-07-28 11:10:43,4880.8,193795,1,4893.94,35609,35027,0.15184470800674163,0
2023-07-28 11:10:43,4880.8,193795,1,4893.94,35598,35022,0.15184470800674163,0
2023-07-28 11:10:43,4880.8,193795,1,4893.94,35598,35022,0.15184470800674163,0
2023-07-28 11:10:43,4880.8,193795,1,4893.94,35668,34517,0.15184470800674163,0
2023-07-28 11:10:43,4880.8,193795,1,4893.94,35722,34525,0.15184470800674163,0
2023-07-28 11:10:43,4880.8,193795,2,4893.94,35722,34525,0.15184470800674163,0
2023-07-28 11:10:57,4880.8,193797,2,4893.94,35708,34525,0.15184470800674163,0
2023-07-28 11:10:57,4880.8,193797,2,4893.94,35708,34525,0.15184470800674163,0
2023-07-28 11:10:57,4881.0,193797,1,4893.94,35708,34525,0.15594861903394683,0
2023-07-28 11:10:59,4881.0,193799,1,4893.94,35708,34523,0.15594861903394683,0
2023-07-28 11:10:59,4880.8,193819,20,4893.94,35624,34659,0.15184470800674163,0
2023-07-28 11:11:01,4880.4,193844,17,4893.94,35616,34646,0.14363688595231255,0
2023-07-28 11:11:01,4880.4,193844,17,4893.94,35616,34633,0.14363688595231255,0
2023-07-28 11:11:01,4880.4,193844,17,4893.94,35616,34683,0.14363688595231255,0
2023-07-28 11:11:01,4880.4,193844,17,4893.94,35616,34695,0.14363688595231255,0
2023-07-28 11:11:01,4882.0,193844,1,4893.94,35616,34695,0.17646817416999147,0
2023-07-28 11:11:05,4882.0,193866,1,4893.94,35540,34571,0.17646817416999147,0
2023-07-28 11:11:05,4882.0,193866,1,4893.94,35540,34570,0.17646817416999147,0
2023-07-28 11:11:05,4882.0,193866,1,4893.94,35539,34554,0.17646817416999147,0
2023-07-28 11:11:08,4880.0,193876,25,4893.93,35445,34656,0.13542906389790216,0
2023-07-28 11:11:09,4880.0,193901,25,4893.93,35372,34650,0.13542906389790216,0
2023-07-28 11:11:09,4880.0,193901,25,4893.93,35372,34650,0.13542906389790216,0
2023-07-28 11:11:09,4880.0,193901,1,4893.93,35372,34650,0.13542906389790216,0
2023-07-28 11:11:11,4880.0,193902,1,4893.93,35433,34650,0.13542906389790216,0
2023-07-28 11:11:11,4880.0,193902,1,4893.93,35433,34650,0.13542906389790216,0
2023-07-28 11:11:15,4880.0,193942,40,4893.93,35398,34652,0.13542906389790216,0
2023-07-28 11:11:15,4880.0,193942,40,4893.93,35405,34650,0.13542906389790216,0
2023-07-28 11:11:15,4880.0,193942,40,4893.93,35416,34652,0.13542906389790216,0
2023-07-28 11:11:15,4880.0,193942,40,4893.93,35416,34652,0.13542906389790216,0
2023-07-28 11:11:15,4880.0,193942,40,4893.93,35347,35073,0.13542906389790216,0
2023-07-28 11:11:15,4880.0,193942,40,4893.93,35477,35089,0.13542906389790216,0
2023-07-28 11:11:15,4880.0,193942,40,4893.93,35477,35089,0.13542906389790216,0
2023-07-28 11:11:15,4880.0,193942,40,4893.93,35477,35089,0.13542906389790216,0
2023-07-28 11:11:15,4880.0,193942,40,4893.93,35477,35089,0.13542906389790216,0
2023-07-28 11:11:25,4880.0,193943,1,4893.93,35519,35091,0.13542906389790216,0
2023-07-28 11:11:25,4880.0,193943,1,4893.93,35519,35091,0.13542906389790216,0
2023-07-28 11:11:26,4881.0,193944,1,4893.93,35519,35088,0.15594861903394683,0
2023-07-28 11:11:26,4881.0,193944,1,4893.93,35519,35088,0.15594861903394683,0
2023-07-28 11:11:26,4881.0,193944,1,4893.93,35519,35088,0.15594861903394683,0
2023-07-28 11:11:26,4881.0,193944,1,4893.93,35559,35083,0.15594861903394683,0
2023-07-28 11:11:26,4881.0,193944,1,4893.93,35559,35083,0.15594861903394683,0
2023-07-28 11:11:26,4881.0,193944,1,4893.93,35597,34824,0.15594861903394683,0
2023-07-28 11:11:31,4880.0,193945,1,4893.93,35628,34910,0.13542906389790216,0
2023-07-28 11:11:31,4880.0,193945,17,4893.93,35628,34910,0.13542906389790216,0
2023-07-28 11:11:32,4880.0,193967,17,4893.93,35752,34899,0.13542906389790216,0
2023-07-28 11:11:32,4880.0,193967,17,4893.93,35753,34899,0.13542906389790216,0
2023-07-28 11:11:32,4880.0,193967,17,4893.93,35753,34899,0.13542906389790216,0
2023-07-28 11:11:32,4880.0,193967,17,4893.93,35754,34899,0.13542906389790216,0
2023-07-28 11:11:32,4880.0,193967,1,4893.93,35754,34899,0.13542906389790216,0
2023-07-28 11:11:39,4880.0,193968,1,4893.93,35753,34901,0.13542906389790216,0
2023-07-28 11:11:39,4880.0,193968,1,4893.93,35753,34901,0.13542906389790216,0
2023-07-28 11:11:44,4881.2,193989,1,4893.93,35733,34889,0.16005253006115203,0
2023-07-28 11:11:44,4881.2,193989,1,4893.93,35733,34889,0.16005253006115203,0
2023-07-28 11:11:44,4881.2,193989,1,4893.93,35733,34789,0.16005253006115203,0
2023-07-28 11:11:44,4881.2,193989,1,4893.93,35739,34789,0.16005253006115203,0
2023-07-28 11:11:44,4881.2,193989,1,4893.93,35739,34789,0.16005253006115203,0
2023-07-28 11:11:44,4881.2,193989,1,4893.93,35739,34789,0.16005253006115203,0
2023-07-28 11:11:44,4881.2,193989,1,4893.93,35739,34789,0.16005253006115203,0
2023-07-28 11:11:44,4881.2,193989,1,4893.93,35738,34789,0.16005253006115203,0
2023-07-28 11:11:44,4880.0,193989,1,4893.93,35738,34789,0.13542906389790216,0
2023-07-28 11:11:53,4880.0,193990,1,4893.93,35737,34798,0.13542906389790216,0
2023-07-28 11:11:53,4880.0,193990,1,4893.93,35737,34798,0.13542906389790216,0
2023-07-28 11:11:53,4880.0,193990,1,4893.93,35737,34798,0.13542906389790216,0
2023-07-28 11:11:53,4880.0,193990,1,4893.93,35737,34798,0.13542906389790216,0
2023-07-28 11:11:53,4880.0,193990,1,4893.93,35737,34798,0.13542906389790216,0
2023-07-28 11:11:53,4880.0,193990,1,4893.93,35696,34305,0.13542906389790216,0
2023-07-28 11:11:53,4880.0,193990,1,4893.93,35649,34398,0.13542906389790216,0
2023-07-28 11:11:53,4880.0,193990,131,4893.93,35649,34398,0.13542906389790216,0
2023-07-28 11:12:01,4880.0,194190,131,4893.91,35487,34404,0.13542906389790216,0
2023-07-28 11:12:04,4882.3,194212,6,4893.91,35498,34356,0.1826240407108086,0
2023-07-28 11:12:04,4882.3,194212,6,4893.91,35480,34765,0.1826240407108086,0
2023-07-28 11:12:04,4880.05,194212,1,4893.91,35480,34765,0.13645504165470812,0
