2023-07-28 10:49:28,345.35,2869873,80,344.57,799092,1157276,0.15951276102088496,0
2023-07-28 10:49:25,345.35,2869423,80,344.57,797992,1156933,0.15951276102088496,0
2023-07-28 10:49:28,345.35,2869873,95,344.57,799092,1157276,0.15951276102088496,0
2023-07-28 10:49:28,345.35,2869873,72,344.57,799092,1157276,0.15951276102088496,0
2023-07-28 10:49:34,345.35,2870073,72,344.57,798060,1157301,0.15951276102088496,0
2023-07-28 10:49:34,345.35,2870073,1,344.57,798060,1157301,0.15951276102088496,0
2023-07-28 10:49:37,345.35,2870173,1,344.57,798441,1157301,0.15951276102088496,0
2023-07-28 10:49:41,345.35,2870203,30,344.57,800680,1157316,0.15951276102088496,0
2023-07-28 10:49:41,345.4,2870203,2,344.57,800680,1157316,0.1740139211136792,0
2023-07-28 10:49:41,345.15,2870203,1793,344.57,800680,1157316,0.10150812064964208,0
2023-07-28 10:49:42,345.15,2887708,1793,344.57,793844,1157052,0.10150812064964208,0
2023-07-28 10:49:42,345.15,2887708,1793,344.57,796416,1155324,0.10150812064964208,0
2023-07-28 10:49:42,345.2,2887708,25,344.57,796416,1155324,0.1160092807424528,0
2023-07-28 10:49:42,345.3,2887708,45,344.57,796416,1155324,0.14501160092807425,0
2023-07-28 10:49:48,345.3,2887778,45,344.57,794832,1155725,0.14501160092807425,0
2023-07-28 10:49:48,345.3,2887778,1,344.57,794832,1155725,0.14501160092807425,0
2023-07-28 10:49:48,345.3,2887778,1,344.57,794832,1155725,0.14501160092807425,0
2023-07-28 10:49:50,345.3,2887780,1,344.57,793787,1157141,0.14501160092807425,0
2023-07-28 10:49:54,345.3,2888192,412,344.57,794336,1158700,0.14501160092807425,0
2023-07-28 10:49:54,345.4,2888192,40,344.57,794336,1158700,0.1740139211136792,0
2023-07-28 10:49:55,345.4,2888232,40,344.57,794572,1160159,0.1740139211136792,0
2023-07-28 10:49:55,345.25,2888232,7,344.57,794572,1160159,0.13051044083526353,0
2023-07-28 10:49:59,345.25,2888367,7,344.57,794380,1159041,0.13051044083526353,0
2023-07-28 10:49:59,345.25,2888367,7,344.57,794294,1160499,0.13051044083526353,0
2023-07-28 10:50:04,345.35,2888371,4,344.57,794846,1161346,0.15951276102088496,0
2023-07-28 10:50:04,345.35,2888371,2,344.57,794846,1161346,0.15951276102088496,0
2023-07-28 10:50:04,345.25,2888371,1,344.57,794846,1161346,0.13051044083526353,0
2023-07-28 10:50:07,345.35,2888429,53,344.57,797797,1161314,0.15951276102088496,0
2023-07-28 10:50:07,345.35,2888429,53,344.57,797940,1160528,0.15951276102088496,0
2023-07-28 10:50:07,345.35,2888429,1,344.57,797940,1160528,0.15951276102088496,0
2023-07-28 10:50:12,345.35,2888430,1,344.57,798422,1160127,0.15951276102088496,0
2023-07-28 10:50:12,345.25,2888430,92,344.57,798422,1160127,0.13051044083526353,0
2023-07-28 10:50:12,345.3,2888430,20,344.57,798422,1160127,0.14501160092807425,0
2023-07-28 10:50:12,345.3,2888430,250,344.57,798422,1160127,0.14501160092807425,0
2023-07-28 10:50:20,345.25,2888892,107,344.57,801195,1162318,0.13051044083526353,0
2023-07-28 10:50:20,345.25,2888892,107,344.57,801195,1162318,0.13051044083526353,0
2023-07-28 10:50:20,345.3,2888892,135,344.57,801195,1162318,0.14501160092807425,0
2023-07-28 10:50:20,345.3,2888892,135,344.57,801195,1162318,0.14501160092807425,0
2023-07-28 10:50:20,345.3,2888892,135,344.57,801195,1162318,0.14501160092807425,0
2023-07-28 10:50:22,345.3,2889227,135,344.57,800527,1162083,0.14501160092807425,0
2023-07-28 10:50:22,345.3,2889227,1,344.57,800527,1162083,0.14501160092807425,0
2023-07-28 10:50:22,345.3,2889227,1,344.57,800527,1162083,0.14501160092807425,0
2023-07-28 10:50:26,345.25,2889237,9,344.57,800613,1162252,0.13051044083526353,0
2023-07-28 10:50:26,345.3,2889237,146,344.57,800613,1162252,0.14501160092807425,0
2023-07-28 10:50:26,345.35,2889237,9,344.57,800613,1162252,0.15951276102088496,0
2023-07-28 10:50:28,345.35,2890053,9,344.57,803083,1160676,0.15951276102088496,0
2023-07-28 10:50:28,345.35,2890053,1,344.57,803083,1160676,0.15951276102088496,0
2023-07-28 10:50:30,345.35,2890054,1,344.57,803144,1158062,0.15951276102088496,0
2023-07-28 10:50:30,345.35,2890054,30,344.57,803144,1158062,0.15951276102088496,0
2023-07-28 10:50:36,345.3,2890090,5,344.57,801970,1159534,0.14501160092807425,0
2023-07-28 10:50:36,345.3,2890090,5,344.57,801970,1159534,0.14501160092807425,0
2023-07-28 10:50:36,345.3,2890090,1,344.57,801970,1159534,0.14501160092807425,0
2023-07-28 10:50:37,345.3,2890117,1,344.57,802406,1159748,0.14501160092807425,0
2023-07-28 10:50:37,345.35,2890117,10,344.57,802406,1159748,0.15951276102088496,0
2023-07-28 10:50:37,345.4,2890117,19,344.57,802406,1159748,0.1740139211136792,0
2023-07-28 10:50:40,345.45,2890894,17,344.57,804386,1160077,0.1885150812064899,0
2023-07-28 10:50:40,345.45,2890894,30,344.57,804386,1160077,0.1885150812064899,0
2023-07-28 10:50:43,345.45,2890925,1,344.57,803791,1159639,0.1885150812064899,0
2023-07-28 10:50:43,345.45,2890925,1,344.57,803791,1159639,0.1885150812064899,0
2023-07-28 10:50:46,345.45,2890951,15,344.57,803391,1159658,0.1885150812064899,0
2023-07-28 10:50:46,345.45,2890951,3,344.57,803391,1159658,0.1885150812064899,0
2023-07-28 10:50:47,345.45,2890954,3,344.57,803460,1159859,0.1885150812064899,0
2023-07-28 10:50:47,345.45,2890954,10,344.57,803460,1159859,0.1885150812064899,0
2023-07-28 10:50:51,345.45,2890965,10,344.57,789960,1159559,0.1885150812064899,0
2023-07-28 10:50:51,345.45,2890965,1,344.57,789960,1159559,0.1885150812064899,0
2023-07-28 10:50:54,345.45,2890966,1,344.57,803788,1158714,0.1885150812064899,0
2023-07-28 10:50:54,345.45,2890966,4,344.57,803788,1158714,0.1885150812064899,0
2023-07-28 10:50:58,345.45,2890971,1,344.57,803788,1159560,0.1885150812064899,0
2023-07-28 10:50:58,345.45,2890971,2,344.57,803788,1159560,0.1885150812064899,0
2023-07-28 10:50:58,345.45,2890971,20,344.57,803788,1159560,0.1885150812064899,0
2023-07-28 10:50:59,345.45,2890993,20,344.57,803750,1158687,0.1885150812064899,0
2023-07-28 10:50:59,345.45,2890993,3,344.57,803750,1158687,0.1885150812064899,0
2023-07-28 10:51:02,345.45,2891011,3,344.57,803744,1158647,0.1885150812064899,0
2023-07-28 10:51:02,345.45,2891011,3,344.57,803416,1158652,0.1885150812064899,0
2023-07-28 10:51:02,345.45,2891011,3,344.57,803386,1158886,0.1885150812064899,0
2023-07-28 10:51:02,345.45,2891011,50,344.57,803386,1158886,0.1885150812064899,0
2023-07-28 10:51:12,345.45,2891141,5,344.57,803650,1158841,0.1885150812064899,0
2023-07-28 10:51:12,345.45,2891141,5,344.57,803777,1158796,0.1885150812064899,0
2023-07-28 10:51:12,345.45,2891141,5,344.57,803771,1158795,0.1885150812064899,0
2023-07-28 10:51:12,345.45,2891141,5,344.57,804320,1160187,0.1885150812064899,0
2023-07-28 10:51:12,345.35,2891141,1,344.57,804320,1160187,0.15951276102088496,0
2023-07-28 10:51:21,345.35,2891143,1,344.57,804168,1160430,0.15951276102088496,0
2023-07-28 10:51:21,345.35,2891143,259,344.57,804168,1160430,0.15951276102088496,0
2023-07-28 10:51:24,345.35,2891643,259,344.57,804059,1159082,0.15951276102088496,0
2023-07-28 10:51:24,345.35,2891643,59,344.57,804059,1159082,0.15951276102088496,0
2023-07-28 10:51:25,345.35,2891848,59,344.57,803859,1159087,0.15951276102088496,0
2023-07-28 10:51:25,345.45,2891848,50,344.57,803859,1159087,0.1885150812064899,0
2023-07-28 10:51:25,345.5,2891848,1,344.57,803859,1159087,0.20301624129930065,0
2023-07-28 10:51:28,345.5,2892401,1,344.57,803766,1158688,0.20301624129930065,0
2023-07-28 10:51:28,345.35,2892401,30,344.57,803766,1158688,0.15951276102088496,0
2023-07-28 10:51:31,345.35,2892461,30,344.57,804559,1158307,0.15951276102088496,0
2023-07-28 10:51:31,345.35,2892461,30,344.57,804781,1158407,0.15951276102088496,0
2023-07-28 10:51:31,345.35,2892461,30,344.57,804791,1158407,0.15951276102088496,0
2023-07-28 10:51:31,345.35,2892461,30,344.57,804791,1158407,0.15951276102088496,0
2023-07-28 10:51:31,345.35,2892461,30,344.57,804867,1158407,0.15951276102088496,0
2023-07-28 10:51:31,345.5,2892461,176,344.57,804867,1158407,0.20301624129930065,0
2023-07-28 10:51:31,345.5,2892461,36,344.57,804867,1158407,0.20301624129930065,0
2023-07-28 10:51:43,345.5,2892697,36,344.57,805170,1157308,0.20301624129930065,0
2023-07-28 10:51:43,345.45,2892697,100,344.57,805170,1157308,0.1885150812064899,0
2023-07-28 10:51:46,345.45,2892797,100,344.57,805777,1160359,0.1885150812064899,0
2023-07-28 10:51:46,345.45,2892797,10,344.57,805777,1160359,0.1885150812064899,0
2023-07-28 10:51:49,345.45,2892807,10,344.57,805777,1160896,0.1885150812064899,0
2023-07-28 10:51:53,345.45,2892857,50,344.57,784176,1160565,0.1885150812064899,0
2023-07-28 10:51:53,345.45,2892857,50,344.57,784176,1160565,0.1885150812064899,0
2023-07-28 10:51:53,345.5,2892857,2860,344.57,784176,1160565,0.20301624129930065,0
2023-07-28 10:51:54,345.5,2895857,2860,344.57,805776,1157437,0.20301624129930065,0
2023-07-28 10:51:54,345.5,2895857,2860,344.57,806276,1157437,0.20301624129930065,0
2023-07-28 10:51:54,345.35,2895857,40,344.57,806276,1157437,0.15951276102088496,0
2023-07-28 10:51:59,345.35,2895897,40,344.57,806572,1156922,0.15951276102088496,0
2023-07-28 10:51:59,345.35,2895897,50,344.57,806572,1156922,0.15951276102088496,0
2023-07-28 10:52:01,345.35,2895947,50,344.57,806522,1156922,0.15951276102088496,0
2023-07-28 10:52:01,345.45,2895947,50,344.57,806522,1156922,0.1885150812064899,0
2023-07-28 10:52:01,345.45,2895947,2,344.57,806522,1156922,0.1885150812064899,0
2023-07-28 10:52:04,345.45,2895999,2,344.57,806622,1156970,0.1885150812064899,0
2023-07-28 10:52:04,345.5,2895999,81,344.57,806622,1156970,0.20301624129930065,0
2023-07-28 10:52:07,345.5,2896099,81,344.57,805760,1156762,0.20301624129930065,0
2023-07-28 10:52:07,345.5,2896099,667,344.57,805760,1156762,0.20301624129930065,0
2023-07-28 10:52:07,345.5,2896099,75,344.57,805760,1156762,0.20301624129930065,0
2023-07-28 10:52:11,345.5,2896841,75,344.57,806020,1156341,0.20301624129930065,0
2023-07-28 10:52:11,345.35,2896841,92,344.57,806020,1156341,0.15951276102088496,0
2023-07-28 10:52:13,345.35,2900101,92,344.57,804605,1154425,0.15951276102088496,0
2023-07-28 10:52:13,345.35,2900101,92,344.57,805080,1153738,0.15951276102088496,0
2023-07-28 10:52:13,345.5,2900101,200,344.57,805080,1153738,0.20301624129930065,0
2023-07-28 10:52:19,345.45,2900302,1,344.57,801978,1155111,0.1885150812064899,0
2023-07-28 10:52:19,345.3,2900302,50,344.57,801978,1155111,0.14501160092807425,0
2023-07-28 10:52:19,345.35,2900302,101,344.57,801978,1155111,0.15951276102088496,0
2023-07-28 10:52:22,345.3,2901288,165,344.57,804501,1153476,0.14501160092807425,0
2023-07-28 10:52:22,345.35,2901288,8,344.57,804501,1153476,0.15951276102088496,0
2023-07-28 10:52:24,345.35,2901296,8,344.57,802745,1154269,0.15951276102088496,0
2023-07-28 10:52:24,345.5,2901296,10,344.57,802745,1154269,0.20301624129930065,0
2023-07-28 10:52:26,345.5,2901306,10,344.57,802775,1154329,0.20301624129930065,0
2023-07-28 10:52:29,345.5,2902306,1000,344.57,803635,1153329,0.20301624129930065,0
2023-07-28 10:52:29,345.5,2902306,1000,344.57,802774,1153333,0.20301624129930065,0
2023-07-28 10:52:29,345.5,2902306,200,344.57,802774,1153333,0.20301624129930065,0
2023-07-28 10:52:34,345.5,2902506,200,344.57,803415,1153004,0.20301624129930065,0
2023-07-28 10:52:34,345.5,2902506,17,344.57,803415,1153004,0.20301624129930065,0
2023-07-28 10:52:37,345.5,2902523,17,344.57,803986,1151848,0.20301624129930065,0
2023-07-28 10:52:37,345.5,2902523,17,344.57,805100,1152351,0.20301624129930065,0
2023-07-28 10:52:45,345.35,2903023,8,344.57,804033,1152342,0.15951276102088496,0
2023-07-28 10:52:45,345.35,2903023,66,344.57,804033,1152342,0.15951276102088496,0
2023-07-28 10:52:46,345.35,2903123,66,344.57,804517,1152138,0.15951276102088496,0
2023-07-28 10:52:46,345.35,2903123,66,344.57,804607,1152148,0.15951276102088496,0
2023-07-28 10:52:46,345.35,2903123,66,344.57,805330,1153000,0.15951276102088496,0
2023-07-28 10:52:46,345.35,2903123,66,344.57,806910,1154355,0.15951276102088496,0
2023-07-28 10:52:46,345.35,2903123,66,344.57,806910,1154355,0.15951276102088496,0
2023-07-28 10:52:46,345.35,2903123,66,344.57,806194,1154685,0.15951276102088496,0
2023-07-28 10:52:46,345.35,2903123,66,344.57,806194,1153834,0.15951276102088496,0
2023-07-28 10:52:46,345.5,2903123,30,344.57,806194,1153834,0.20301624129930065,0
2023-07-28 10:53:07,345.5,2903153,30,344.57,806195,1152515,0.20301624129930065,0
2023-07-28 10:53:07,345.4,2903153,108,344.57,806195,1152515,0.1740139211136792,0
2023-07-28 10:53:09,345.35,2905892,41,344.57,804558,1159041,0.15951276102088496,0
2023-07-28 10:53:09,345.45,2905892,1,344.57,804558,1159041,0.1885150812064899,0
2023-07-28 10:53:09,345.3,2905892,250,344.57,804558,1159041,0.14501160092807425,0
2023-07-28 10:53:13,345.4,2906417,19,344.57,804883,1153236,0.1740139211136792,0
2023-07-28 10:53:13,345.4,2906417,19,344.57,804232,1155435,0.1740139211136792,0
2023-07-28 10:53:13,345.3,2906417,11,344.57,804232,1155435,0.14501160092807425,0
2023-07-28 10:53:17,345.3,2906428,11,344.57,804905,1156612,0.14501160092807425,0
2023-07-28 10:53:17,345.3,2906428,11,344.57,804905,1156612,0.14501160092807425,0
2023-07-28 10:53:17,345.3,2906428,11,344.57,804905,1156612,0.14501160092807425,0
2023-07-28 10:53:17,345.3,2906428,11,344.57,804905,1156612,0.14501160092807425,0
2023-07-28 10:53:17,345.3,2906428,11,344.57,804905,1156612,0.14501160092807425,0
2023-07-28 10:53:17,345.3,2906428,11,344.57,804905,1156612,0.14501160092807425,0
2023-07-28 10:53:17,345.3,2906428,11,344.57,804905,1156612,0.14501160092807425,0
2023-07-28 10:53:17,345.3,2906428,11,344.57,804905,1156612,0.14501160092807425,0
2023-07-28 10:53:17,345.3,2906428,11,344.57,804905,1156612,0.14501160092807425,0
2023-07-28 10:53:17,345.3,2906428,11,344.57,804905,1156612,0.14501160092807425,0
2023-07-28 10:53:17,345.3,2906428,11,344.57,804905,1156217,0.14501160092807425,0
2023-07-28 10:53:17,345.3,2906428,11,344.57,805933,1156717,0.14501160092807425,0
2023-07-28 10:53:17,345.3,2906428,11,344.57,804140,1159417,0.14501160092807425,0
2023-07-28 10:53:17,345.3,2906428,11,344.57,805213,1159318,0.14501160092807425,0
2023-07-28 10:53:17,345.35,2906428,99,344.57,804180,1159805,0.15951276102088496,0
2023-07-28 10:53:17,345.35,2906428,87,344.57,804180,1159805,0.15951276102088496,0
2023-07-28 10:53:37,345.35,2907383,87,344.58,804053,1160952,0.15951276102088496,0
2023-07-28 10:53:37,345.35,2907383,1,344.58,804053,1160952,0.15951276102088496,0
2023-07-28 10:53:41,345.35,2907384,1,344.58,804343,1160432,0.15951276102088496,0
2023-07-28 10:53:41,345.35,2907384,1,344.58,804623,1158853,0.15951276102088496,0
2023-07-28 10:53:47,345.35,2907385,1,344.58,804667,1156577,0.15951276102088496,0
2023-07-28 10:53:47,345.35,2907385,1,344.58,805849,1155242,0.15951276102088496,0
2023-07-28 10:53:47,345.35,2907385,1,344.58,805849,1155242,0.15951276102088496,0
2023-07-28 10:53:53,345.35,2907386,1,344.58,805017,1156070,0.15951276102088496,0
2023-07-28 10:53:57,345.15,2912786,2700,344.58,794987,1155262,0.10150812064964208,0
2023-07-28 10:53:57,345.15,2912786,2700,344.58,798101,1154219,0.10150812064964208,0
2023-07-28 10:53:57,345.15,2912786,2700,344.58,799533,1152724,0.10150812064964208,0
2023-07-28 10:53:57,345.15,2912786,2700,344.58,799590,1152962,0.10150812064964208,0
2023-07-28 10:53:57,345.3,2912786,50,344.58,799590,1152962,0.14501160092807425,0
2023-07-28 10:54:08,345.3,2912836,50,344.58,801517,1154165,0.14501160092807425,0
2023-07-28 10:54:08,345.3,2912836,100,344.58,801517,1154165,0.14501160092807425,0
2023-07-28 10:54:11,345.2,2912966,30,344.58,800520,1153713,0.1160092807424528,0
2023-07-28 10:54:11,345.3,2912966,50,344.58,800520,1153713,0.14501160092807425,0
2023-07-28 10:54:13,345.3,2913016,50,344.58,800840,1153120,0.14501160092807425,0
2023-07-28 10:54:16,345.3,2913017,1,344.58,800370,1153830,0.14501160092807425,0
2023-07-28 10:54:16,345.2,2913017,50,344.58,800370,1153830,0.1160092807424528,0
2023-07-28 10:54:16,345.2,2913017,30,344.58,800370,1153830,0.1160092807424528,0
2023-07-28 10:54:18,345.2,2913097,30,344.58,800114,1153934,0.1160092807424528,0
2023-07-28 10:54:21,345.2,2913678,581,344.58,799997,1160037,0.1160092807424528,0
2023-07-28 10:54:21,345.2,2913678,581,344.58,801527,1160110,0.1160092807424528,0
2023-07-28 10:54:21,345.2,2913678,30,344.58,801527,1160110,0.1160092807424528,0
2023-07-28 10:54:21,345.2,2913678,2,344.58,801527,1160110,0.1160092807424528,0
2023-07-28 10:54:26,345.2,2913710,2,344.58,800636,1160357,0.1160092807424528,0
2023-07-28 10:54:26,345.2,2913710,2,344.58,800636,1160417,0.1160092807424528,0
2023-07-28 10:54:26,345.2,2913710,2,344.58,800637,1160419,0.1160092807424528,0
2023-07-28 10:54:26,345.2,2913710,2,344.58,800837,1160419,0.1160092807424528,0
2023-07-28 10:54:26,345.25,2913710,4,344.58,800837,1160419,0.13051044083526353,0
2023-07-28 10:54:26,345.25,2913710,5,344.58,800837,1160419,0.13051044083526353,0
2023-07-28 10:54:26,345.2,2913710,580,344.58,800837,1160419,0.1160092807424528,0
2023-07-28 10:54:39,345.2,2914299,380,344.58,801507,1160310,0.1160092807424528,0
2023-07-28 10:54:39,345.2,2914299,10,344.58,801507,1160310,0.1160092807424528,0
2023-07-28 10:54:42,345.2,2916069,10,344.58,802444,1154874,0.1160092807424528,0
2023-07-28 10:54:42,345.2,2916069,10,344.58,802234,1155239,0.1160092807424528,0
2023-07-28 10:54:42,345.2,2916069,10,344.58,801962,1158579,0.1160092807424528,0
2023-07-28 10:54:42,345.2,2916069,10,344.58,802193,1158579,0.1160092807424528,0
2023-07-28 10:54:42,345.2,2916069,193,344.58,802193,1158579,0.1160092807424528,0
2023-07-28 10:54:54,345.2,2916262,193,344.58,801518,1158766,0.1160092807424528,0
2023-07-28 10:55:02,345.25,2916263,1,344.58,802156,1159725,0.13051044083526353,0
2023-07-28 10:55:02,345.25,2916263,1,344.58,801939,1159825,0.13051044083526353,0
2023-07-28 10:55:02,345.25,2916263,14,344.58,801939,1159825,0.13051044083526353,0
2023-07-28 10:55:06,345.25,2916777,73,344.58,801641,1159785,0.13051044083526353,0
2023-07-28 10:55:06,345.2,2916777,115,344.58,801641,1159785,0.1160092807424528,0
2023-07-28 10:55:06,345.2,2916777,1,344.58,801641,1159785,0.1160092807424528,0
2023-07-28 10:55:08,345.2,2917186,1,344.58,800537,1159546,0.1160092807424528,0
2023-07-28 10:55:08,345.2,2917186,13,344.58,800537,1159546,0.1160092807424528,0
2023-07-28 10:55:11,345.2,2917200,13,344.58,801475,1158343,0.1160092807424528,0
2023-07-28 10:55:11,345.2,2917200,50,344.58,801475,1158343,0.1160092807424528,0
2023-07-28 10:55:11,345.2,2917200,65,344.58,801475,1158343,0.1160092807424528,0
2023-07-28 10:55:13,345.2,2918020,65,344.58,801305,1159671,0.1160092807424528,0
2023-07-28 10:55:13,345.2,2918020,65,344.58,801252,1160174,0.1160092807424528,0
2023-07-28 10:55:13,345.25,2918020,70,344.58,801252,1160174,0.13051044083526353,0
2023-07-28 10:55:20,345.2,2918121,6,344.58,801749,1158718,0.1160092807424528,0
2023-07-28 10:55:20,345.2,2918121,54,344.58,801749,1158718,0.1160092807424528,0
2023-07-28 10:55:23,345.2,2918362,54,344.58,802809,1159638,0.1160092807424528,0
2023-07-28 10:55:23,345.15,2918362,37,344.58,802809,1159638,0.10150812064964208,0
2023-07-28 10:55:24,345.15,2918945,37,344.58,801287,1161081,0.10150812064964208,0
2023-07-28 10:55:24,345.25,2918945,2,344.58,801287,1161081,0.13051044083526353,0
2023-07-28 10:55:24,345.2,2918945,200,344.58,801287,1161081,0.1160092807424528,0
2023-07-28 10:55:24,345.25,2918945,1,344.58,801287,1161081,0.13051044083526353,0
2023-07-28 10:55:24,345.2,2918945,100,344.58,801287,1161081,0.1160092807424528,0
2023-07-28 10:55:31,345.2,2919248,100,344.58,801144,1160522,0.1160092807424528,0
2023-07-28 10:55:31,345.2,2919248,70,344.58,801144,1160522,0.1160092807424528,0
2023-07-28 10:55:31,345.25,2919248,100,344.58,801144,1160522,0.13051044083526353,0
2023-07-28 10:55:31,345.25,2919248,100,344.58,801144,1160522,0.13051044083526353,0
2023-07-28 10:55:34,345.25,2919518,100,344.58,801074,1160322,0.13051044083526353,0
2023-07-28 10:55:34,345.2,2919518,84,344.58,801074,1160322,0.1160092807424528,0
2023-07-28 10:55:37,345.2,2919602,84,344.58,801144,1158993,0.1160092807424528,0
2023-07-28 10:55:37,345.2,2919602,100,344.58,801144,1158993,0.1160092807424528,0
2023-07-28 10:55:41,345.25,2919895,10,344.58,801732,1163329,0.13051044083526353,0
2023-07-28 10:55:41,345.25,2919995,169,344.58,801916,1162732,0.13051044083526353,0
2023-07-28 10:55:41,345.25,2919995,250,344.58,801916,1162732,0.13051044083526353,0
2023-07-28 10:55:45,345.25,2920414,250,344.58,801310,1160816,0.13051044083526353,0
2023-07-28 10:55:45,345.25,2920414,250,344.58,801581,1160821,0.13051044083526353,0
2023-07-28 10:55:45,345.25,2920414,4,344.58,801581,1160821,0.13051044083526353,0
2023-07-28 10:55:51,345.25,2920418,4,344.58,801731,1160667,0.13051044083526353,0
2023-07-28 10:55:51,345.1,2920418,150,344.58,801731,1160667,0.08700696055684784,0
2023-07-28 10:55:53,345.1,2922440,617,344.58,792927,1160520,0.08700696055684784,0
2023-07-28 10:55:57,345.0,2925115,1170,344.58,794746,1159329,0.0580046403712264,0
2023-07-28 10:55:57,345.1,2925115,100,344.58,794746,1159329,0.08700696055684784,0
2023-07-28 10:55:57,345.0,2925115,1,344.58,794746,1159329,0.0580046403712264,0
2023-07-28 10:55:57,345.1,2925115,132,344.58,794746,1159329,0.08700696055684784,0
2023-07-28 10:56:02,345.1,2925359,132,344.58,796807,1160254,0.08700696055684784,0
2023-07-28 10:56:02,345.1,2925359,132,344.58,797286,1160226,0.08700696055684784,0
2023-07-28 10:56:02,345.1,2925359,2,344.58,797286,1160226,0.08700696055684784,0
2023-07-28 10:56:07,345.1,2925361,2,344.58,797294,1161026,0.08700696055684784,0
2023-07-28 10:56:07,345.1,2925361,2,344.58,797244,1161028,0.08700696055684784,0
2023-07-28 10:56:07,345.1,2925361,2,344.58,797243,1161578,0.08700696055684784,0
2023-07-28 10:56:07,345.1,2925361,5,344.58,797243,1161578,0.08700696055684784,0
2023-07-28 10:56:14,345.1,2925366,5,344.58,795515,1161578,0.08700696055684784,0
2023-07-28 10:56:14,345.15,2925366,1,344.58,795515,1161578,0.10150812064964208,0
2023-07-28 10:56:18,345.15,2925367,1,344.58,794067,1156897,0.10150812064964208,0
2023-07-28 10:56:21,345.2,2925519,2,344.58,793198,1158465,0.1160092807424528,0
2023-07-28 10:56:21,345.2,2925519,2,344.58,793198,1158465,0.1160092807424528,0
2023-07-28 10:56:21,345.1,2925519,10,344.58,793198,1158465,0.08700696055684784,0
2023-07-28 10:56:21,345.1,2925519,10,344.58,793198,1158465,0.08700696055684784,0
2023-07-28 10:56:21,345.1,2925519,10,344.58,793198,1158465,0.08700696055684784,0
2023-07-28 10:56:23,345.1,2925529,10,344.58,794876,1158091,0.08700696055684784,0
2023-07-28 10:56:23,345.1,2925529,10,344.58,794876,1158091,0.08700696055684784,0
2023-07-28 10:56:23,345.1,2925529,10,344.58,794876,1158091,0.08700696055684784,0
2023-07-28 10:56:23,345.1,2925529,10,344.58,794876,1158091,0.08700696055684784,0
2023-07-28 10:56:23,345.1,2925529,10,344.58,796275,1158632,0.08700696055684784,0
2023-07-28 10:56:23,345.15,2925529,35,344.58,796275,1158632,0.10150812064964208,0
2023-07-28 10:56:29,345.15,2925564,35,344.58,796753,1158498,0.10150812064964208,0
2023-07-28 10:56:29,345.25,2925564,83,344.58,796753,1158498,0.13051044083526353,0
2023-07-28 10:56:31,345.25,2925664,83,344.58,794481,1156396,0.13051044083526353,0
2023-07-28 10:56:31,345.1,2925664,290,344.58,794481,1156396,0.08700696055684784,0
2023-07-28 10:56:31,345.05,2925664,10,344.58,794481,1156396,0.07250580046403712,0
2023-07-28 10:56:31,345.0,2925664,1088,344.58,794481,1156396,0.0580046403712264,0
2023-07-28 10:56:37,345.0,2928981,1088,344.58,795618,1158425,0.0580046403712264,0
2023-07-28 10:56:37,345.1,2928981,10,344.58,795618,1158425,0.08700696055684784,0
2023-07-28 10:56:37,345.1,2928981,7,344.58,795618,1158425,0.08700696055684784,0
2023-07-28 10:56:41,345.15,2929004,6,344.58,797313,1159613,0.10150812064964208,0
2023-07-28 10:56:41,345.15,2929004,6,344.58,797413,1159463,0.10150812064964208,0
2023-07-28 10:56:41,345.15,2929004,1,344.58,797413,1159463,0.10150812064964208,0
2023-07-28 10:56:45,345.15,2929005,1,344.58,798274,1160353,0.10150812064964208,0
2023-07-28 10:56:45,345.15,2929005,1,344.58,798274,1160353,0.10150812064964208,0
2023-07-28 10:56:49,345.15,2929081,75,344.58,798922,1159688,0.10150812064964208,0
2023-07-28 10:56:49,345.15,2929081,75,344.58,799668,1159491,0.10150812064964208,0
2023-07-28 10:56:49,345.15,2929081,1,344.58,799668,1159491,0.10150812064964208,0
2023-07-28 10:56:49,345.15,2929081,1,344.58,799668,1159491,0.10150812064964208,0
2023-07-28 10:56:54,345.15,2929083,1,344.58,799684,1159825,0.10150812064964208,0
2023-07-28 10:56:54,345.15,2929083,2,344.58,799684,1159825,0.10150812064964208,0
2023-07-28 10:56:57,345.15,2929102,1,344.58,799707,1159707,0.10150812064964208,0
2023-07-28 10:56:57,345.0,2929102,33,344.58,799707,1159707,0.0580046403712264,0
2023-07-28 10:56:57,345.0,2929102,3,344.58,799707,1159707,0.0580046403712264,0
2023-07-28 10:56:59,345.0,2929762,3,344.58,798615,1160185,0.0580046403712264,0
2023-07-28 10:56:59,345.15,2929762,50,344.58,798615,1160185,0.10150812064964208,0
2023-07-28 10:57:03,345.0,2929813,1,344.58,798687,1160519,0.0580046403712264,0
2023-07-28 10:57:03,345.0,2929813,4,344.58,798687,1160519,0.0580046403712264,0
2023-07-28 10:57:06,345.0,2929838,4,344.58,798803,1160412,0.0580046403712264,0
2023-07-28 10:57:06,345.0,2929838,4,344.58,798246,1160744,0.0580046403712264,0
2023-07-28 10:57:06,345.0,2929838,4,344.58,799086,1160541,0.0580046403712264,0
2023-07-28 10:57:06,345.05,2929838,102,344.58,799086,1160541,0.07250580046403712,0
2023-07-28 10:57:14,345.05,2929991,339,344.58,797936,1163026,0.07250580046403712,0
2023-07-28 10:57:14,345.05,2930330,339,344.58,798000,1163389,0.07250580046403712,0
2023-07-28 10:57:14,345.1,2930330,10,344.58,798000,1163389,0.08700696055684784,0
2023-07-28 10:57:20,345.1,2930341,1,344.58,798001,1163078,0.08700696055684784,0
2023-07-28 10:57:20,345.1,2930341,111,344.58,798001,1163078,0.08700696055684784,0
2023-07-28 10:57:22,345.05,2930691,50,344.58,797951,1162638,0.07250580046403712,0
2023-07-28 10:57:22,345.05,2930691,50,344.58,797952,1162641,0.07250580046403712,0
2023-07-28 10:57:22,345.05,2930691,114,344.58,797952,1162641,0.07250580046403712,0
2023-07-28 10:57:26,345.05,2931165,114,344.58,797621,1157860,0.07250580046403712,0
2023-07-28 10:57:26,345.0,2931165,144,344.58,797621,1157860,0.0580046403712264,0
2023-07-28 10:57:26,345.05,2931165,1,344.58,797621,1157860,0.07250580046403712,0
2023-07-28 10:57:26,345.0,2931165,496,344.58,797621,1157860,0.0580046403712264,0
2023-07-28 10:57:30,345.0,2933891,496,344.58,795144,1165373,0.0580046403712264,0
2023-07-28 10:57:30,345.0,2933891,28,344.58,795144,1165373,0.0580046403712264,0
2023-07-28 10:57:32,345.0,2933919,28,344.58,795465,1165549,0.0580046403712264,0
2023-07-28 10:57:32,344.8,2933919,853,344.58,795465,1165549,0.0,0
2023-07-28 10:57:32,345.0,2933919,1,344.58,795465,1165549,0.0580046403712264,0
2023-07-28 10:57:37,344.8,2938845,3,344.58,794290,1161124,0.0,0
2023-07-28 10:57:37,345.0,2938845,8,344.58,794290,1161124,0.0580046403712264,0
2023-07-28 10:57:39,345.0,2938853,8,344.58,795091,1160430,0.0580046403712264,0
2023-07-28 10:57:39,344.8,2938853,70,344.58,795091,1160430,0.0,0
2023-07-28 10:57:42,345.0,2938968,15,344.58,794763,1160635,0.0580046403712264,0
2023-07-28 10:57:42,344.8,2938968,2,344.58,794763,1160635,0.0,0
2023-07-28 10:57:43,344.8,2938970,2,344.58,794761,1160970,0.0,0
2023-07-28 10:57:43,344.8,2938970,2,344.58,795350,1160943,0.0,0
2023-07-28 10:57:43,344.8,2938970,2,344.58,796314,1163795,0.0,0
2023-07-28 10:57:53,344.95,2938975,5,344.58,796517,1163169,0.04350348027841568,0
2023-07-28 10:57:53,344.95,2938975,5,344.58,796518,1163194,0.04350348027841568,0
2023-07-28 10:57:53,344.95,2938975,13,344.58,796518,1163194,0.04350348027841568,0
2023-07-28 10:57:56,344.95,2938988,13,344.58,796986,1162723,0.04350348027841568,0
2023-07-28 10:57:56,344.95,2938988,13,344.58,796986,1162773,0.04350348027841568,0
2023-07-28 10:57:56,344.95,2938988,100,344.58,796986,1162773,0.04350348027841568,0
2023-07-28 10:57:56,344.95,2938988,300,344.58,796986,1162773,0.04350348027841568,0
2023-07-28 10:58:04,344.95,2939388,300,344.58,797019,1161568,0.04350348027841568,0
2023-07-28 10:58:04,344.95,2939388,300,344.58,796929,1161617,0.04350348027841568,0
2023-07-28 10:58:04,344.95,2939388,300,344.58,795820,1161616,0.04350348027841568,0
2023-07-28 10:58:04,344.95,2939388,300,344.58,795820,1161616,0.04350348027841568,0
2023-07-28 10:58:14,344.95,2939688,300,344.58,795787,1162248,0.04350348027841568,0
2023-07-28 10:58:14,344.95,2939688,300,344.58,796317,1161364,0.04350348027841568,0
2023-07-28 10:58:14,344.95,2939688,2,344.58,796317,1161364,0.04350348027841568,0
2023-07-28 10:58:18,344.95,2939690,2,344.58,796762,1161354,0.04350348027841568,0
2023-07-28 10:58:18,344.95,2939690,2,344.58,796822,1161354,0.04350348027841568,0
2023-07-28 10:58:18,344.9,2939690,99,344.58,796822,1161354,0.029002320185604957,0
2023-07-28 10:58:26,344.9,2939790,99,344.58,796802,1161308,0.029002320185604957,0
2023-07-28 10:58:26,344.9,2939790,209,344.58,796802,1161308,0.029002320185604957,0
2023-07-28 10:58:27,344.9,2939999,209,344.58,796719,1161684,0.029002320185604957,0
2023-07-28 10:58:27,344.9,2939999,209,344.58,796819,1161684,0.029002320185604957,0
2023-07-28 10:58:27,344.9,2939999,209,344.58,795869,1161684,0.029002320185604957,0
2023-07-28 10:58:27,344.9,2939999,50,344.58,795869,1161684,0.029002320185604957,0
2023-07-28 10:58:36,344.9,2940049,50,344.58,795819,1162095,0.029002320185604957,0
2023-07-28 10:58:36,344.9,2940049,50,344.58,795254,1162979,0.029002320185604957,0
2023-07-28 10:58:36,344.9,2940049,50,344.58,795335,1162980,0.029002320185604957,0
2023-07-28 10:58:36,344.9,2940049,50,344.58,796162,1162061,0.029002320185604957,0
2023-07-28 10:58:36,344.9,2940049,50,344.58,796402,1162111,0.029002320185604957,0
2023-07-28 10:58:36,344.9,2940049,50,344.58,796404,1162141,0.029002320185604957,0
2023-07-28 10:58:36,344.9,2940049,100,344.58,796404,1162141,0.029002320185604957,0
2023-07-28 10:58:36,344.9,2940049,1,344.58,796404,1162141,0.029002320185604957,0
2023-07-28 10:58:53,344.9,2940151,1,344.58,796453,1162145,0.029002320185604957,0
2023-07-28 10:58:53,344.9,2940151,50,344.58,796453,1162145,0.029002320185604957,0
2023-07-28 10:58:57,344.9,2940348,14,344.58,797041,1165956,0.029002320185604957,0
2023-07-28 10:58:57,344.9,2940348,5,344.58,797041,1165956,0.029002320185604957,0
2023-07-28 10:58:59,344.9,2940353,5,344.58,797096,1165928,0.029002320185604957,0
2023-07-28 10:58:59,344.9,2940353,90,344.58,797096,1165928,0.029002320185604957,0
2023-07-28 10:58:59,344.9,2940353,5,344.58,797096,1165928,0.029002320185604957,0
2023-07-28 10:59:00,344.9,2941358,5,344.58,795879,1163116,0.029002320185604957,0
2023-07-28 10:59:00,344.9,2941358,5,344.58,795879,1163979,0.029002320185604957,0
2023-07-28 10:59:00,344.9,2941358,5,344.58,795886,1163994,0.029002320185604957,0
2023-07-28 10:59:00,344.9,2941358,72,344.58,795886,1163994,0.029002320185604957,0
2023-07-28 10:59:09,344.8,2943367,50,344.58,788268,1163137,0.0,0
2023-07-28 10:59:09,344.8,2943367,50,344.58,790428,1166910,0.0,0
2023-07-28 10:59:09,344.8,2943367,50,344.58,790428,1166895,0.0,0
2023-07-28 10:59:09,344.8,2943367,50,344.58,790938,1166389,0.0,0
2023-07-28 10:59:09,344.8,2943367,100,344.58,790938,1166389,0.0,0
2023-07-28 10:59:20,344.8,2943467,100,344.58,790897,1163924,0.0,0
2023-07-28 10:59:20,344.8,2943467,100,344.58,790897,1163924,0.0,0
2023-07-28 10:59:20,344.8,2943467,100,344.58,790897,1163924,0.0,0
2023-07-28 10:59:20,344.8,2943467,10,344.58,790897,1163924,0.0,0
2023-07-28 10:59:23,344.8,2943477,10,344.58,790897,1163686,0.0,0
2023-07-28 10:59:23,344.75,2943477,491,344.58,790897,1163686,-0.014501160092810722,0
2023-07-28 10:59:23,344.8,2943477,2,344.58,790897,1163686,0.0,0
2023-07-28 10:59:23,344.8,2943477,2,344.58,790897,1163686,0.0,0
2023-07-28 10:59:24,344.8,2944192,2,344.58,790837,1163671,0.0,0
2023-07-28 10:59:24,344.8,2944192,2,344.58,790837,1163671,0.0,0
2023-07-28 10:59:24,344.8,2944192,2,344.58,790594,1160305,0.0,0
2023-07-28 10:59:24,344.8,2944192,1,344.58,790594,1160305,0.0,0
2023-07-28 10:59:30,344.8,2944193,10,344.58,790667,1160077,0.0,0
2023-07-28 10:59:31,344.8,2944203,10,344.58,791244,1162740,0.0,0
2023-07-28 10:59:31,344.8,2944203,34,344.58,791244,1162740,0.0,0
2023-07-28 10:59:33,344.8,2948416,34,344.58,795679,1162501,0.0,0
2023-07-28 10:59:33,344.8,2948416,100,344.58,795679,1162501,0.0,0
2023-07-28 10:59:37,344.8,2948516,100,344.58,795605,1163336,0.0,0
2023-07-28 10:59:37,344.8,2948516,100,344.58,795921,1163604,0.0,0
2023-07-28 10:59:37,344.85,2948516,75,344.58,795921,1163604,0.014501160092810722,0
2023-07-28 10:59:42,344.85,2948591,75,344.58,796266,1165256,0.014501160092810722,0
2023-07-28 10:59:42,344.85,2948591,70,344.58,796266,1165256,0.014501160092810722,0
2023-07-28 10:59:42,344.85,2948591,64,344.58,796266,1165256,0.014501160092810722,0
2023-07-28 10:59:42,344.85,2948591,4,344.58,796266,1165256,0.014501160092810722,0
2023-07-28 10:59:45,344.85,2948765,4,344.58,796009,1164950,0.014501160092810722,0
2023-07-28 10:59:45,344.95,2948765,44,344.58,796009,1164950,0.04350348027841568,0
2023-07-28 10:59:47,344.95,2948809,44,344.58,795458,1164688,0.04350348027841568,0
2023-07-28 10:59:47,344.95,2948809,44,344.58,794816,1167026,0.04350348027841568,0
2023-07-28 10:59:47,344.95,2948809,10,344.58,794816,1167026,0.04350348027841568,0
2023-07-28 10:59:53,344.95,2948819,10,344.58,794684,1166678,0.04350348027841568,0
2023-07-28 10:59:53,344.85,2948819,13,344.58,794684,1166678,0.014501160092810722,0
2023-07-28 10:59:53,344.75,2948819,133,344.58,794684,1166678,-0.014501160092810722,0
2023-07-28 10:59:56,344.9,2949869,5,344.58,793586,1166966,0.029002320185604957,0
2023-07-28 10:59:56,344.85,2949869,100,344.58,793586,1166966,0.014501160092810722,0
2023-07-28 10:59:59,344.85,2949974,100,344.58,794622,1166838,0.014501160092810722,0
2023-07-28 10:59:59,344.9,2949974,1,344.58,794622,1166838,0.029002320185604957,0
2023-07-28 10:59:59,344.9,2949974,2,344.58,794622,1166838,0.029002320185604957,0
2023-07-28 11:00:01,344.9,2949977,2,344.58,794520,1165559,0.029002320185604957,0
2023-07-28 11:00:01,344.9,2949977,15,344.58,794520,1165559,0.029002320185604957,0
2023-07-28 11:00:03,344.9,2949992,15,344.58,794520,1165549,0.029002320185604957,0
2023-07-28 11:00:03,344.85,2949992,10,344.58,794520,1165549,0.014501160092810722,0
2023-07-28 11:00:03,344.9,2949992,1,344.58,794520,1165549,0.029002320185604957,0
2023-07-28 11:00:03,344.85,2949992,30,344.58,794520,1165549,0.014501160092810722,0
2023-07-28 11:00:09,344.85,2950083,30,344.58,793507,1165718,0.014501160092810722,0
2023-07-28 11:00:09,344.9,2950083,2,344.58,793507,1165718,0.029002320185604957,0
2023-07-28 11:00:11,344.9,2950085,2,344.58,793974,1170104,0.029002320185604957,0
2023-07-28 11:00:11,344.95,2950085,21,344.58,793974,1170104,0.04350348027841568,0
2023-07-28 11:00:14,344.95,2950142,21,344.58,794610,1170659,0.04350348027841568,0
2023-07-28 11:00:14,344.95,2950142,100,344.58,794610,1170659,0.04350348027841568,0
2023-07-28 11:00:14,344.85,2950142,50,344.58,794610,1170659,0.014501160092810722,0
2023-07-28 11:00:17,344.85,2950292,50,344.58,795086,1170226,0.014501160092810722,0
2023-07-28 11:00:17,344.85,2950292,50,344.58,794137,1169774,0.014501160092810722,0
2023-07-28 11:00:17,344.85,2950292,200,344.58,794137,1169774,0.014501160092810722,0
2023-07-28 11:00:23,344.85,2950841,239,344.58,793827,1170056,0.014501160092810722,0
2023-07-28 11:00:23,344.85,2950841,239,344.58,793762,1170262,0.014501160092810722,0
2023-07-28 11:00:23,344.95,2950841,1,344.58,793762,1170262,0.04350348027841568,0
2023-07-28 11:00:23,344.95,2950841,27,344.58,793762,1170262,0.04350348027841568,0
2023-07-28 11:00:28,344.95,2950869,27,344.58,794584,1172737,0.04350348027841568,0
2023-07-28 11:00:28,344.95,2950869,27,344.58,794731,1172837,0.04350348027841568,0
2023-07-28 11:00:28,344.85,2950869,16,344.58,794731,1172837,0.014501160092810722,0
2023-07-28 11:00:31,344.85,2950885,16,344.58,794715,1172343,0.014501160092810722,0
2023-07-28 11:00:31,344.85,2950885,16,344.58,795024,1172343,0.014501160092810722,0
2023-07-28 11:00:31,344.95,2950885,500,344.58,795024,1172343,0.04350348027841568,0
2023-07-28 11:00:31,344.85,2950885,25,344.58,795024,1172343,0.014501160092810722,0
2023-07-28 11:00:38,344.85,2951485,25,344.58,794918,1171843,0.014501160092810722,0
2023-07-28 11:00:38,344.85,2951485,25,344.58,795018,1171843,0.014501160092810722,0
2023-07-28 11:00:38,344.85,2951485,29,344.58,795018,1171843,0.014501160092810722,0
2023-07-28 11:00:42,344.85,2951565,29,344.58,794920,1171811,0.014501160092810722,0
2023-07-28 11:00:46,344.95,2951665,100,344.58,795387,1171711,0.04350348027841568,0
2023-07-28 11:00:46,344.95,2951665,100,344.58,795423,1172211,0.04350348027841568,0
2023-07-28 11:00:46,344.9,2951665,62,344.58,795423,1172211,0.029002320185604957,0
2023-07-28 11:00:50,344.9,2951727,62,344.58,795005,1171650,0.029002320185604957,0
2023-07-28 11:00:50,344.85,2951727,263,344.58,795005,1171650,0.014501160092810722,0
2023-07-28 11:00:50,344.85,2951727,12,344.58,795005,1171650,0.014501160092810722,0
2023-07-28 11:00:54,344.85,2952961,12,344.58,794349,1169886,0.014501160092810722,0
2023-07-28 11:00:54,344.85,2952961,286,344.58,794349,1169886,0.014501160092810722,0
2023-07-28 11:00:55,344.85,2954651,286,344.58,800460,1169348,0.014501160092810722,0
2023-07-28 11:00:55,344.85,2954651,2700,344.58,800460,1169348,0.014501160092810722,0
2023-07-28 11:00:59,344.85,2957351,2700,344.58,797206,1166374,0.014501160092810722,0
2023-07-28 11:00:59,344.95,2957351,3,344.58,797206,1166374,0.04350348027841568,0
2023-07-28 11:01:02,344.95,2957354,3,344.58,797261,1165958,0.04350348027841568,0
2023-07-28 11:01:05,344.85,2957404,50,344.58,797221,1165969,0.014501160092810722,0
2023-07-28 11:01:05,344.85,2957404,50,344.58,797036,1166843,0.014501160092810722,0
2023-07-28 11:01:05,344.95,2957404,2,344.58,797036,1166843,0.04350348027841568,0
2023-07-28 11:01:09,344.95,2957406,2,344.58,797287,1166845,0.04350348027841568,0
2023-07-28 11:01:09,344.95,2957406,52,344.58,797287,1166845,0.04350348027841568,0
2023-07-28 11:01:09,344.85,2957406,15,344.58,797287,1166845,0.014501160092810722,0
2023-07-28 11:01:13,344.85,2957571,15,344.58,797072,1166968,0.014501160092810722,0
2023-07-28 11:01:15,345.0,2958571,170,344.58,798028,1165023,0.0580046403712264,0
2023-07-28 11:01:15,345.0,2958571,170,344.58,799987,1167503,0.0580046403712264,0
2023-07-28 11:01:15,345.0,2958571,170,344.58,801204,1170267,0.0580046403712264,0
2023-07-28 11:01:15,345.0,2958571,170,344.58,801607,1170091,0.0580046403712264,0
2023-07-28 11:01:15,345.0,2958571,70,344.58,801607,1170091,0.0580046403712264,0
2023-07-28 11:01:15,345.0,2958571,70,344.58,801607,1170091,0.0580046403712264,0
2023-07-28 11:01:15,344.9,2958571,31,344.58,801607,1170091,0.029002320185604957,0
2023-07-28 11:01:26,344.9,2958902,31,344.58,801124,1169801,0.029002320185604957,0
2023-07-28 11:01:26,344.9,2958902,31,344.58,801124,1171007,0.029002320185604957,0
2023-07-28 11:01:26,344.9,2958902,4,344.58,801374,1170451,0.029002320185604957,0
2023-07-28 11:01:26,344.9,2958902,85,344.58,801374,1170451,0.029002320185604957,0
2023-07-28 11:01:33,345.0,2959106,8,344.58,800945,1170503,0.0580046403712264,0
2023-07-28 11:01:36,345.0,2959107,1,344.58,801023,1170552,0.0580046403712264,0
2023-07-28 11:01:36,344.9,2959107,100,344.58,801023,1170552,0.029002320185604957,0
2023-07-28 11:01:36,344.9,2959207,100,344.58,800923,1170641,0.029002320185604957,0
2023-07-28 11:01:36,344.9,2959207,100,344.58,800938,1170643,0.029002320185604957,0
2023-07-28 11:01:36,344.9,2959207,100,344.58,800938,1170641,0.029002320185604957,0
2023-07-28 11:01:36,344.9,2959207,100,344.58,800938,1170641,0.029002320185604957,0
2023-07-28 11:01:44,344.9,2959307,100,344.58,801082,1170971,0.029002320185604957,0
2023-07-28 11:01:44,344.9,2959307,14,344.58,801082,1170971,0.029002320185604957,0
2023-07-28 11:01:48,345.0,2959621,169,344.58,801268,1170124,0.0580046403712264,0
2023-07-28 11:01:48,345.0,2959621,169,344.58,801412,1170360,0.0580046403712264,0
2023-07-28 11:01:48,345.0,2959621,169,344.58,801484,1170360,0.0580046403712264,0
2023-07-28 11:01:48,345.0,2959621,169,344.58,801484,1170400,0.0580046403712264,0
2023-07-28 11:01:48,345.0,2959621,169,344.58,802876,1170075,0.0580046403712264,0
2023-07-28 11:01:48,345.0,2959621,169,344.58,799456,1170729,0.0580046403712264,0
2023-07-28 11:01:48,345.0,2959621,60,344.58,799456,1170729,0.0580046403712264,0
2023-07-28 11:02:04,345.0,2959681,60,344.58,799456,1171169,0.0580046403712264,0
2023-07-28 11:02:04,345.0,2959681,1,344.58,799945,1171982,0.0580046403712264,0
2023-07-28 11:02:08,345.0,2959682,1,344.58,799563,1171750,0.0580046403712264,0
2023-07-28 11:02:13,345.0,2959754,72,344.58,799566,1172539,0.0580046403712264,0
2023-07-28 11:02:13,344.9,2959754,89,344.58,799566,1172539,0.029002320185604957,0
2023-07-28 11:02:14,344.9,2962755,89,344.58,797953,1168376,0.029002320185604957,0
2023-07-28 11:02:14,345.0,2962755,30,344.58,797953,1168376,0.0580046403712264,0
2023-07-28 11:02:14,345.0,2962755,183,344.58,797953,1168376,0.0580046403712264,0
2023-07-28 11:02:16,345.0,2963135,183,344.58,798736,1168076,0.0580046403712264,0
2023-07-28 11:02:16,345.0,2963135,183,344.58,798736,1168076,0.0580046403712264,0
2023-07-28 11:02:16,344.9,2963135,22,344.58,798736,1168076,0.029002320185604957,0
2023-07-28 11:02:23,345.0,2964135,40,344.58,798850,1168088,0.0580046403712264,0
2023-07-28 11:02:23,345.0,2964135,40,344.58,798850,1168088,0.0580046403712264,0
2023-07-28 11:02:23,345.0,2964135,40,344.58,798850,1168088,0.0580046403712264,0
2023-07-28 11:02:23,345.0,2964135,55,344.58,798850,1168088,0.0580046403712264,0
2023-07-28 11:02:25,345.0,2966986,55,344.58,801703,1163104,0.0580046403712264,0
2023-07-28 11:02:25,345.0,2966986,55,344.58,801703,1163104,0.0580046403712264,0
2023-07-28 11:02:25,345.0,2966986,55,344.58,801703,1163104,0.0580046403712264,0
2023-07-28 11:02:25,345.0,2966986,55,344.58,801274,1163229,0.0580046403712264,0
2023-07-28 11:02:25,344.95,2966986,50,344.58,801274,1163229,0.04350348027841568,0
2023-07-28 11:02:25,345.0,2966986,1,344.58,801274,1163229,0.0580046403712264,0
2023-07-28 11:02:33,345.0,2967038,1,344.58,798994,1163422,0.0580046403712264,0
2023-07-28 11:02:33,344.95,2967038,10,344.58,798994,1163422,0.04350348027841568,0
2023-07-28 11:02:36,345.1,2967348,28,344.58,799211,1162128,0.08700696055684784,0
2023-07-28 11:02:36,345.1,2967348,28,344.58,799251,1163307,0.08700696055684784,0
2023-07-28 11:02:36,345.1,2967348,150,344.58,799251,1163307,0.08700696055684784,0
2023-07-28 11:02:40,345.1,2967498,150,344.58,802038,1163529,0.08700696055684784,0
2023-07-28 11:02:40,345.15,2967498,45,344.58,802038,1163529,0.10150812064964208,0
2023-07-28 11:02:42,345.15,2967598,45,344.58,804878,1164504,0.10150812064964208,0
2023-07-28 11:02:42,345.15,2967598,45,344.58,804508,1162829,0.10150812064964208,0
2023-07-28 11:02:42,345.15,2967598,45,344.58,799980,1163126,0.10150812064964208,0
2023-07-28 11:02:57,345.2,2967738,100,344.58,800327,1159772,0.1160092807424528,0
2023-07-28 11:02:57,345.2,2967738,100,344.58,799649,1162611,0.1160092807424528,0
2023-07-28 11:02:57,345.2,2967738,100,344.58,799841,1163975,0.1160092807424528,0
2023-07-28 11:02:57,345.2,2967738,5,344.58,799841,1163975,0.1160092807424528,0
2023-07-28 11:03:04,345.2,2967743,5,344.58,805092,1165795,0.1160092807424528,0
2023-07-28 11:03:04,345.2,2967743,2,344.58,805092,1165795,0.1160092807424528,0
2023-07-28 11:03:08,345.2,2967745,2,344.58,805786,1166836,0.1160092807424528,0
2023-07-28 11:03:08,345.2,2967745,2,344.58,805786,1166884,0.1160092807424528,0
2023-07-28 11:03:08,345.2,2967745,2,344.58,805836,1166499,0.1160092807424528,0
2023-07-28 11:03:08,345.2,2967745,1,344.58,805836,1166499,0.1160092807424528,0
2023-07-28 11:03:15,345.2,2967746,1,344.58,805836,1166522,0.1160092807424528,0
2023-07-28 11:03:15,345.15,2967746,35,344.58,805836,1166522,0.10150812064964208,0
2023-07-28 11:03:18,345.2,2967821,40,344.58,805483,1166685,0.1160092807424528,0
2023-07-28 11:03:18,345.2,2967821,40,344.58,805443,1166705,0.1160092807424528,0
2023-07-28 11:03:18,345.2,2967821,40,344.58,804540,1166041,0.1160092807424528,0
2023-07-28 11:03:18,345.2,2967821,40,344.58,804877,1166546,0.1160092807424528,0
2023-07-28 11:03:18,345.25,2967821,2,344.58,805094,1166278,0.13051044083526353,0
2023-07-28 11:03:33,345.25,2969186,2,344.58,803721,1162246,0.13051044083526353,0
2023-07-28 11:03:33,345.25,2969186,2,344.58,803045,1165531,0.13051044083526353,0
2023-07-28 11:03:33,345.15,2969186,60,344.58,803568,1163889,0.10150812064964208,0
2023-07-28 11:03:41,345.15,2969246,60,344.58,802575,1165384,0.10150812064964208,0
2023-07-28 11:03:41,345.15,2969246,60,344.58,802865,1167170,0.10150812064964208,0
2023-07-28 11:03:41,345.25,2969246,1,344.58,802645,1166923,0.13051044083526353,0
2023-07-28 11:03:41,344.85,2969246,14,344.58,802645,1166923,0.014501160092810722,0
2023-07-28 11:03:41,345.05,2969246,10,344.58,802645,1166923,0.07250580046403712,0
2023-07-28 11:03:49,345.05,2977700,50,344.59,804251,1165469,0.07250580046403712,0
2023-07-28 11:03:52,344.9,2980340,82,344.59,804569,1163923,0.029002320185604957,0
2023-07-28 11:03:52,344.9,2980340,82,344.59,804569,1163923,0.029002320185604957,0
2023-07-28 11:03:52,344.9,2980340,1,344.59,804569,1163923,0.029002320185604957,0
2023-07-28 11:03:52,344.9,2980340,175,344.59,804569,1163923,0.029002320185604957,0
2023-07-28 11:03:56,344.9,2980516,175,344.59,804137,1163268,0.029002320185604957,0
2023-07-28 11:03:56,345.05,2980516,28,344.59,804137,1163268,0.07250580046403712,0
2023-07-28 11:04:00,345.05,2980544,28,344.59,804619,1164109,0.07250580046403712,0
2023-07-28 11:04:00,345.05,2980544,4,344.59,804619,1164109,0.07250580046403712,0
2023-07-28 11:04:06,345.05,2980548,4,344.59,801777,1160242,0.07250580046403712,0
2023-07-28 11:04:06,345.05,2980548,4,344.59,801777,1163143,0.07250580046403712,0
2023-07-28 11:04:06,345.05,2980548,4,344.59,801926,1163291,0.07250580046403712,0
2023-07-28 11:04:06,345.05,2980548,4,344.59,801999,1163291,0.07250580046403712,0
2023-07-28 11:04:06,345.05,2980548,4,344.59,802049,1163291,0.07250580046403712,0
2023-07-28 11:04:20,345.0,2980688,28,344.59,801666,1162089,0.0580046403712264,0
2023-07-28 11:04:20,345.05,2980688,25,344.59,801666,1162089,0.07250580046403712,0
2023-07-28 11:04:20,345.05,2980688,22,344.59,801666,1162089,0.07250580046403712,0
2023-07-28 11:04:22,345.05,2980735,72,344.59,799750,1163273,0.07250580046403712,0
2023-07-28 11:04:23,345.05,2980807,72,344.59,800543,1161670,0.07250580046403712,0
2023-07-28 11:04:23,345.05,2980807,72,344.59,800543,1161590,0.07250580046403712,0
2023-07-28 11:04:23,345.05,2980807,1,344.59,800543,1161590,0.07250580046403712,0
2023-07-28 11:04:28,345.05,2980811,1,344.59,800277,1161767,0.07250580046403712,0
2023-07-28 11:04:28,345.05,2980811,1,344.59,800604,1161716,0.07250580046403712,0
2023-07-28 11:04:28,345.0,2980811,200,344.59,800604,1161716,0.0580046403712264,0
2023-07-28 11:04:34,345.0,2981511,200,344.59,800565,1162309,0.0580046403712264,0
2023-07-28 11:04:34,345.0,2981511,200,344.59,798979,1163049,0.0580046403712264,0
2023-07-28 11:04:34,345.0,2981511,200,344.59,800103,1162924,0.0580046403712264,0
2023-07-28 11:04:34,345.1,2981511,200,344.59,800103,1162924,0.08700696055684784,0
2023-07-28 11:04:41,345.1,2981711,200,344.59,800228,1163480,0.08700696055684784,0
2023-07-28 11:04:41,345.0,2981711,78,344.59,800228,1163480,0.0580046403712264,0
2023-07-28 11:04:42,345.0,2982966,15,344.59,800302,1164467,0.0580046403712264,0
2023-07-28 11:04:47,345.0,2983081,82,344.59,800488,1163628,0.0580046403712264,0
2023-07-28 11:04:47,345.0,2983081,1,344.59,800488,1163628,0.0580046403712264,0
2023-07-28 11:04:50,344.85,2983182,83,344.59,800084,1164260,0.014501160092810722,0
2023-07-28 11:04:50,344.85,2983182,83,344.59,800604,1164771,0.014501160092810722,0
2023-07-28 11:04:50,344.9,2983182,25,344.59,800604,1164771,0.029002320185604957,0
2023-07-28 11:04:54,344.9,2983507,25,344.59,800279,1163935,0.029002320185604957,0
2023-07-28 11:04:54,345.05,2983507,1,344.59,800697,1164224,0.07250580046403712,0
2023-07-28 11:04:59,345.05,2983517,1,344.59,800697,1163750,0.07250580046403712,0
2023-07-28 11:04:59,345.05,2983517,1,344.59,800557,1165236,0.07250580046403712,0
2023-07-28 11:04:59,345.05,2983517,1,344.59,800851,1165797,0.07250580046403712,0
2023-07-28 11:04:59,345.05,2983517,1,344.59,801468,1165274,0.07250580046403712,0
2023-07-28 11:04:59,345.05,2983517,1,344.59,801468,1165274,0.07250580046403712,0
2023-07-28 11:04:59,345.05,2983517,1,344.59,801468,1165274,0.07250580046403712,0
2023-07-28 11:04:59,345.05,2983517,1,344.59,801553,1165284,0.07250580046403712,0
2023-07-28 11:04:59,345.05,2983517,202,344.59,801553,1165284,0.07250580046403712,0
2023-07-28 11:05:17,345.05,2984517,202,344.59,801658,1166086,0.07250580046403712,0
2023-07-28 11:05:22,345.05,2984538,1,344.59,801636,1165790,0.07250580046403712,0
2023-07-28 11:05:22,345.05,2984538,1,344.59,801636,1165790,0.07250580046403712,0
2023-07-28 11:05:22,345.05,2984538,1,344.59,801636,1165790,0.07250580046403712,0
2023-07-28 11:05:22,345.05,2984538,1,344.59,801636,1165790,0.07250580046403712,0
2023-07-28 11:05:22,345.05,2984538,25,344.59,801636,1165790,0.07250580046403712,0
2023-07-28 11:05:24,345.05,2984563,25,344.59,801736,1165765,0.07250580046403712,0
2023-07-28 11:05:24,345.05,2984563,25,344.59,801736,1165765,0.07250580046403712,0
2023-07-28 11:05:24,345.05,2984563,25,344.59,801736,1165765,0.07250580046403712,0
2023-07-28 11:05:24,345.05,2984563,25,344.59,803524,1168607,0.07250580046403712,0
2023-07-28 11:05:24,345.05,2984563,200,344.59,803524,1168607,0.07250580046403712,0
2023-07-28 11:05:30,345.0,2984764,1,344.59,803639,1168322,0.0580046403712264,0
2023-07-28 11:05:30,345.0,2984764,1,344.59,803586,1168410,0.0580046403712264,0
2023-07-28 11:05:30,345.0,2984764,1,344.59,803586,1167396,0.0580046403712264,0
2023-07-28 11:05:30,345.0,2984764,1,344.59,803604,1167655,0.0580046403712264,0
2023-07-28 11:05:30,345.0,2984764,50,344.59,803604,1167655,0.0580046403712264,0
2023-07-28 11:05:38,345.05,2984814,100,344.59,803972,1168948,0.07250580046403712,0
2023-07-28 11:05:40,345.05,2984914,100,344.59,804434,1167805,0.07250580046403712,0
2023-07-28 11:05:40,345.05,2984914,100,344.59,804384,1168315,0.07250580046403712,0
2023-07-28 11:05:40,345.05,2984914,100,344.59,804409,1168315,0.07250580046403712,0
2023-07-28 11:05:40,345.05,2984914,100,344.59,804259,1168315,0.07250580046403712,0
2023-07-28 11:05:40,345.05,2984914,26,344.59,804259,1168315,0.07250580046403712,0
2023-07-28 11:05:40,345.05,2984914,14,344.59,804259,1168315,0.07250580046403712,0
2023-07-28 11:05:55,345.05,2985688,14,344.59,804569,1167823,0.07250580046403712,0
2023-07-28 11:05:55,345.05,2985688,14,344.59,804569,1167823,0.07250580046403712,0
2023-07-28 11:05:57,345.05,2985702,14,344.59,804819,1168108,0.07250580046403712,0
2023-07-28 11:06:01,345.1,2985727,20,344.59,804839,1167984,0.08700696055684784,0
2023-07-28 11:06:01,345.1,2985727,4,344.59,804839,1167984,0.08700696055684784,0
2023-07-28 11:06:02,345.1,2985731,4,344.59,803851,1167981,0.08700696055684784,0
2023-07-28 11:06:02,345.05,2985731,15,344.59,803851,1167981,0.07250580046403712,0
2023-07-28 11:06:02,345.05,2985731,4,344.59,803851,1167981,0.07250580046403712,0
2023-07-28 11:06:02,345.1,2985731,23,344.59,803851,1167981,0.08700696055684784,0
2023-07-28 11:06:07,345.1,2986075,23,344.59,806265,1167275,0.08700696055684784,0
2023-07-28 11:06:07,345.1,2986075,10,344.59,806265,1167275,0.08700696055684784,0
2023-07-28 11:06:07,345.1,2986075,25,344.59,806265,1167275,0.08700696055684784,0
2023-07-28 11:06:10,345.1,2986110,25,344.59,806507,1168173,0.08700696055684784,0
2023-07-28 11:06:10,345.1,2986110,25,344.59,806507,1167494,0.08700696055684784,0
2023-07-28 11:06:10,345.05,2986110,112,344.59,806507,1167494,0.07250580046403712,0
2023-07-28 11:06:16,345.05,2988971,1,344.59,808792,1165683,0.07250580046403712,0
2023-07-28 11:06:16,345.1,2988971,5,344.59,808792,1165683,0.08700696055684784,0
2023-07-28 11:06:18,345.1,2988976,5,344.59,808268,1166002,0.08700696055684784,0
2023-07-28 11:06:21,345.15,2989176,47,344.59,807047,1163788,0.10150812064964208,0
2023-07-28 11:06:21,345.15,2989176,47,344.59,807912,1165135,0.10150812064964208,0
2023-07-28 11:06:21,345.15,2989176,47,344.59,808142,1167387,0.10150812064964208,0
2023-07-28 11:06:21,345.15,2989176,47,344.59,808156,1167412,0.10150812064964208,0
2023-07-28 11:06:21,345.15,2989176,47,344.59,808156,1167440,0.10150812064964208,0
2023-07-28 11:06:34,345.2,2989206,24,344.59,807349,1166471,0.1160092807424528,0
2023-07-28 11:06:34,345.2,2989206,10,344.59,807349,1166471,0.1160092807424528,0
2023-07-28 11:06:36,345.2,2989216,10,344.59,803562,1169169,0.1160092807424528,0
2023-07-28 11:06:36,345.2,2989216,6,344.59,803562,1169169,0.1160092807424528,0
2023-07-28 11:06:40,345.2,2989222,6,344.59,803084,1169798,0.1160092807424528,0
2023-07-28 11:06:40,345.25,2989222,47,344.59,803084,1169798,0.13051044083526353,0
2023-07-28 11:06:40,345.25,2989222,10,344.59,803084,1169798,0.13051044083526353,0
2023-07-28 11:06:45,345.15,2989472,15,344.59,803773,1168805,0.10150812064964208,0
2023-07-28 11:06:45,345.05,2989472,158,344.59,803773,1168805,0.07250580046403712,0
2023-07-28 11:06:45,345.05,2992121,158,344.59,802976,1171042,0.07250580046403712,0
2023-07-28 11:06:45,345.2,2992121,152,344.59,802976,1171042,0.1160092807424528,0
2023-07-28 11:06:45,345.05,2992121,68,344.59,802976,1171042,0.07250580046403712,0
2023-07-28 11:06:49,345.05,2992349,68,344.59,800339,1166146,0.07250580046403712,0
2023-07-28 11:06:49,345.05,2992349,36,344.59,800339,1166146,0.07250580046403712,0
2023-07-28 11:06:53,345.05,2992685,300,344.59,802260,1165227,0.07250580046403712,0
2023-07-28 11:06:53,345.05,2992685,4,344.59,801714,1165277,0.07250580046403712,0
2023-07-28 11:06:53,345.0,2992685,5,344.59,801714,1165277,0.0580046403712264,0
2023-07-28 11:06:56,345.0,2992694,25,344.59,799676,1166253,0.0580046403712264,0
2023-07-28 11:06:58,345.0,2992913,25,344.59,799678,1166755,0.0580046403712264,0
2023-07-28 11:06:58,345.0,2992913,25,344.59,800230,1166301,0.0580046403712264,0
2023-07-28 11:07:06,345.0,2993013,100,344.59,799359,1166313,0.0580046403712264,0
2023-07-28 11:07:06,345.0,2993013,100,344.59,803952,1166932,0.0580046403712264,0
2023-07-28 11:07:06,344.9,2993013,10,344.59,803952,1166932,0.029002320185604957,0
2023-07-28 11:07:10,345.0,2993023,572,344.59,804042,1167182,0.0580046403712264,0
2023-07-28 11:07:12,345.0,2993595,572,344.59,804042,1166001,0.0580046403712264,0
2023-07-28 11:07:12,345.0,2993595,572,344.59,804042,1166201,0.0580046403712264,0
2023-07-28 11:07:12,344.9,2993595,24,344.59,804042,1166201,0.029002320185604957,0
2023-07-28 11:07:20,345.0,2993901,10,344.59,803862,1166408,0.0580046403712264,0
2023-07-28 11:07:20,345.0,2993901,4,344.59,803862,1166408,0.0580046403712264,0
2023-07-28 11:07:22,345.0,2993905,4,344.59,803862,1166827,0.0580046403712264,0
2023-07-28 11:07:22,344.9,2993905,15,344.59,803862,1166827,0.029002320185604957,0
2023-07-28 11:07:25,344.9,2996599,313,344.59,801860,1170719,0.029002320185604957,0
2023-07-28 11:07:25,344.85,2996599,112,344.59,801860,1170719,0.014501160092810722,0
2023-07-28 11:07:25,344.85,2996599,10,344.59,801860,1170719,0.014501160092810722,0
2023-07-28 11:07:27,344.85,2999309,10,344.59,801432,1170463,0.014501160092810722,0
2023-07-28 11:07:27,344.85,2999309,515,344.59,801432,1170463,0.014501160092810722,0
2023-07-28 11:07:29,344.85,3000702,515,344.59,798557,1167522,0.014501160092810722,0
2023-07-28 11:07:29,344.9,3000702,15,344.59,798557,1167522,0.029002320185604957,0
2023-07-28 11:07:30,344.9,3000717,15,344.59,799526,1166735,0.029002320185604957,0
2023-07-28 11:07:35,344.9,3000734,17,344.59,800607,1166316,0.029002320185604957,0
2023-07-28 11:07:35,344.9,3000734,85,344.59,800607,1166316,0.029002320185604957,0
2023-07-28 11:07:37,344.9,3000819,85,344.59,802481,1161942,0.029002320185604957,0
2023-07-28 11:07:37,344.9,3000819,10,344.59,802481,1161942,0.029002320185604957,0
2023-07-28 11:07:37,344.9,3000819,33,344.59,802481,1161942,0.029002320185604957,0
2023-07-28 11:07:42,344.9,3000864,33,344.59,798997,1164599,0.029002320185604957,0
2023-07-28 11:07:42,344.85,3000864,300,344.59,798997,1164599,0.014501160092810722,0
2023-07-28 11:07:44,344.85,3001164,300,344.59,799022,1164746,0.014501160092810722,0
2023-07-28 11:07:44,345.0,3001164,50,344.59,799022,1164746,0.0580046403712264,0
2023-07-28 11:07:47,345.0,3001214,50,344.59,799271,1164127,0.0580046403712264,0
2023-07-28 11:07:47,344.85,3001214,23,344.59,799271,1164127,0.014501160092810722,0
2023-07-28 11:07:49,344.85,3001237,23,344.59,799249,1164127,0.014501160092810722,0
2023-07-28 11:07:49,344.85,3001237,23,344.59,798849,1164127,0.014501160092810722,0
2023-07-28 11:07:56,344.95,3001245,8,344.59,799584,1163065,0.04350348027841568,0
2023-07-28 11:07:56,344.95,3001245,8,344.59,799832,1163209,0.04350348027841568,0
2023-07-28 11:07:56,344.95,3001245,8,344.59,798170,1163729,0.04350348027841568,0
2023-07-28 11:07:56,344.95,3001245,8,344.59,799142,1168907,0.04350348027841568,0
2023-07-28 11:07:56,344.95,3001245,130,344.59,799142,1168907,0.04350348027841568,0
2023-07-28 11:07:56,344.95,3001245,200,344.59,799142,1168907,0.04350348027841568,0
2023-07-28 11:08:06,344.95,3001575,200,344.59,801329,1169426,0.04350348027841568,0
2023-07-28 11:08:06,344.95,3001575,200,344.59,799690,1169372,0.04350348027841568,0
2023-07-28 11:08:06,344.95,3001575,200,344.59,800687,1163605,0.04350348027841568,0
2023-07-28 11:08:06,344.95,3001575,200,344.59,800817,1163605,0.04350348027841568,0
2023-07-28 11:08:06,345.0,3001575,148,344.59,800817,1163605,0.0580046403712264,0
2023-07-28 11:08:17,345.0,3001735,148,344.59,801658,1162591,0.0580046403712264,0
2023-07-28 11:08:17,345.0,3001735,2,344.59,801558,1167141,0.0580046403712264,0
2023-07-28 11:08:17,345.0,3001735,2,344.59,801558,1167141,0.0580046403712264,0
2023-07-28 11:08:21,345.0,3001761,2,344.59,801353,1167139,0.0580046403712264,0
2023-07-28 11:08:21,345.0,3001761,2,344.59,801353,1167139,0.0580046403712264,0
2023-07-28 11:08:21,345.0,3001761,2,344.59,801353,1167139,0.0580046403712264,0
2023-07-28 11:08:21,345.0,3001761,2,344.59,801353,1167139,0.0580046403712264,0
2023-07-28 11:08:21,345.0,3001761,2,344.59,801353,1167139,0.0580046403712264,0
2023-07-28 11:08:21,345.0,3001761,2,344.59,801316,1167161,0.0580046403712264,0
2023-07-28 11:08:21,345.0,3001761,2,344.59,801316,1167161,0.0580046403712264,0
2023-07-28 11:08:21,345.0,3001761,2,344.59,801316,1167161,0.0580046403712264,0
2023-07-28 11:08:21,345.0,3001761,2,344.59,801316,1167161,0.0580046403712264,0
2023-07-28 11:08:29,345.0,3001861,50,344.59,801793,1166587,0.0580046403712264,0
2023-07-28 11:08:29,344.9,3001861,16,344.59,801793,1166587,0.029002320185604957,0
2023-07-28 11:08:29,344.9,3003211,16,344.59,801171,1165631,0.029002320185604957,0
2023-07-28 11:08:29,344.9,3003211,16,344.59,802146,1167242,0.029002320185604957,0
2023-07-28 11:08:29,344.95,3003211,15,344.59,802146,1167242,0.04350348027841568,0
2023-07-28 11:08:36,344.95,3003226,15,344.59,802678,1164499,0.04350348027841568,0
2023-07-28 11:08:36,344.95,3003226,12,344.59,802406,1167805,0.04350348027841568,0
2023-07-28 11:08:36,344.95,3003226,80,344.59,802406,1167805,0.04350348027841568,0
2023-07-28 11:08:41,344.95,3003318,80,344.59,801847,1167765,0.04350348027841568,0
2023-07-28 11:08:41,344.9,3003318,64,344.59,801847,1167765,0.029002320185604957,0
2023-07-28 11:08:43,344.9,3003769,64,344.59,798614,1168720,0.029002320185604957,0
2023-07-28 11:08:43,344.9,3003769,2,344.59,798614,1168720,0.029002320185604957,0
2023-07-28 11:08:47,344.9,3003771,2,344.59,801363,1166598,0.029002320185604957,0
2023-07-28 11:08:47,344.9,3003771,2,344.59,801691,1167303,0.029002320185604957,0
2023-07-28 11:08:47,344.9,3003771,2,344.59,801692,1167303,0.029002320185604957,0
2023-07-28 11:08:47,344.9,3003771,2,344.59,801692,1167303,0.029002320185604957,0
2023-07-28 11:08:47,344.95,3003771,37,344.59,801034,1170601,0.04350348027841568,0
2023-07-28 11:08:47,344.85,3003771,14,344.59,801034,1170601,0.014501160092810722,0
2023-07-28 11:09:03,344.85,3004719,14,344.59,801400,1168971,0.014501160092810722,0
2023-07-28 11:09:03,344.95,3004719,12,344.59,801400,1168971,0.04350348027841568,0
2023-07-28 11:09:05,344.95,3004819,12,344.59,801462,1166695,0.04350348027841568,0
2023-07-28 11:09:05,344.95,3004819,12,344.59,801440,1165243,0.04350348027841568,0
2023-07-28 11:09:05,344.85,3004819,16,344.59,801440,1165243,0.014501160092810722,0
2023-07-28 11:09:09,344.85,3004835,16,344.59,801434,1166077,0.014501160092810722,0
2023-07-28 11:09:09,344.95,3004835,10,344.59,801434,1166077,0.04350348027841568,0
2023-07-28 11:09:09,344.95,3004835,10,344.59,801434,1166077,0.04350348027841568,0
2023-07-28 11:09:12,344.95,3004855,10,344.59,801435,1166085,0.04350348027841568,0
2023-07-28 11:09:12,344.95,3004855,10,344.59,801163,1166291,0.04350348027841568,0
2023-07-28 11:09:12,344.95,3004855,6,344.59,801163,1166291,0.04350348027841568,0
2023-07-28 11:09:16,344.95,3004861,6,344.59,811983,1166981,0.04350348027841568,0
2023-07-28 11:09:16,344.95,3004861,6,344.59,811983,1166981,0.04350348027841568,0
2023-07-28 11:09:16,344.95,3004861,6,344.59,812526,1166981,0.04350348027841568,0
2023-07-28 11:09:16,344.95,3004861,6,344.59,812857,1169193,0.04350348027841568,0
2023-07-28 11:09:16,344.95,3004861,6,344.59,812667,1169293,0.04350348027841568,0
2023-07-28 11:09:16,345.0,3004861,2,344.59,812667,1169293,0.0580046403712264,0
2023-07-28 11:09:29,345.0,3004865,2,344.59,812623,1167118,0.0580046403712264,0
2023-07-28 11:09:29,344.9,3004865,5,344.59,812623,1167118,0.029002320185604957,0
2023-07-28 11:09:33,344.9,3004871,1,344.59,812508,1168114,0.029002320185604957,0
2023-07-28 11:09:33,344.9,3004871,1,344.59,812508,1166899,0.029002320185604957,0
2023-07-28 11:09:33,344.9,3004871,1,344.59,812513,1167116,0.029002320185604957,0
2023-07-28 11:09:33,344.9,3004871,61,344.59,812513,1167116,0.029002320185604957,0
2023-07-28 11:09:40,344.8,3013686,2588,344.59,807022,1169003,0.0,0
2023-07-28 11:09:40,344.8,3013686,2588,344.59,808601,1169193,0.0,0
2023-07-28 11:09:40,344.85,3013686,829,344.59,808601,1169193,0.014501160092810722,0
2023-07-28 11:09:44,344.85,3014515,829,344.59,809324,1166716,0.014501160092810722,0
2023-07-28 11:09:44,344.85,3014515,829,344.59,809324,1166716,0.014501160092810722,0
2023-07-28 11:09:44,344.85,3014515,829,344.59,810095,1166924,0.014501160092810722,0
2023-07-28 11:09:44,344.85,3014515,25,344.59,810095,1166924,0.014501160092810722,0
2023-07-28 11:09:51,344.85,3014540,1,344.59,809798,1166400,0.014501160092810722,0
2023-07-28 11:09:53,344.85,3014541,1,344.59,810345,1166689,0.014501160092810722,0
2023-07-28 11:09:53,344.85,3014541,1,344.59,810524,1166689,0.014501160092810722,0
2023-07-28 11:09:53,344.85,3014541,1,344.59,811122,1163898,0.014501160092810722,0
2023-07-28 11:09:53,344.85,3014541,1,344.59,810006,1164195,0.014501160092810722,0
2023-07-28 11:09:53,344.8,3014541,100,344.59,810006,1164195,0.0,0
2023-07-28 11:09:53,344.85,3014541,1,344.59,810006,1164195,0.014501160092810722,0
2023-07-28 11:10:09,344.85,3018634,1,344.59,809841,1164754,0.014501160092810722,0
2023-07-28 11:10:09,344.85,3018634,1,344.59,809839,1164794,0.014501160092810722,0
2023-07-28 11:10:09,344.85,3018634,1,344.59,809899,1164804,0.014501160092810722,0
2023-07-28 11:10:09,344.85,3018634,1,344.59,809929,1164804,0.014501160092810722,0
2023-07-28 11:10:09,344.85,3018634,1,344.59,810826,1164938,0.014501160092810722,0
2023-07-28 11:10:09,344.85,3018634,13,344.59,810826,1164938,0.014501160092810722,0
2023-07-28 11:10:23,344.85,3018647,13,344.59,811058,1165105,0.014501160092810722,0
2023-07-28 11:10:23,344.85,3018647,13,344.59,811391,1164385,0.014501160092810722,0
2023-07-28 11:10:23,344.85,3018647,13,344.59,811391,1164385,0.014501160092810722,0
2023-07-28 11:10:23,344.85,3018647,13,344.59,811391,1165074,0.014501160092810722,0
2023-07-28 11:10:23,344.75,3018647,1,344.59,811391,1165074,-0.014501160092810722,0
2023-07-28 11:10:32,344.75,3018732,10,344.59,808495,1164983,-0.014501160092810722,0
2023-07-28 11:10:32,344.85,3018732,5,344.59,808495,1164983,0.014501160092810722,0
2023-07-28 11:10:34,344.85,3018737,5,344.59,809435,1164978,0.014501160092810722,0
2023-07-28 11:10:34,344.85,3018737,5,344.59,809435,1164978,0.014501160092810722,0
2023-07-28 11:10:34,344.85,3018737,10,344.59,809435,1164978,0.014501160092810722,0
2023-07-28 11:10:38,344.85,3018747,10,344.59,809535,1164968,0.014501160092810722,0
2023-07-28 11:10:38,344.85,3018747,10,344.59,811253,1164932,0.014501160092810722,0
2023-07-28 11:10:38,344.85,3018747,10,344.59,811324,1164954,0.014501160092810722,0
2023-07-28 11:10:38,344.85,3018747,200,344.59,811324,1164954,0.014501160092810722,0
2023-07-28 11:10:46,344.85,3018947,200,344.59,813292,1164639,0.014501160092810722,0
2023-07-28 11:10:46,344.75,3018947,5,344.59,813292,1164639,-0.014501160092810722,0
2023-07-28 11:10:46,344.8,3018947,146,344.59,813292,1164639,0.0,0
2023-07-28 11:10:50,344.8,3019500,146,344.59,814456,1163024,0.0,0
2023-07-28 11:10:53,344.85,3019507,7,344.59,813826,1162997,0.014501160092810722,0
2023-07-28 11:10:53,344.85,3019507,7,344.59,813726,1161472,0.014501160092810722,0
2023-07-28 11:10:53,344.85,3019507,7,344.59,813726,1161972,0.014501160092810722,0
2023-07-28 11:10:53,344.85,3019507,7,344.59,813576,1162257,0.014501160092810722,0
2023-07-28 11:10:53,344.85,3019507,7,344.59,814417,1163342,0.014501160092810722,0
2023-07-28 11:10:53,344.85,3019507,7,344.59,814548,1163342,0.014501160092810722,0
2023-07-28 11:10:53,344.85,3019507,2,344.59,814548,1163342,0.014501160092810722,0
2023-07-28 11:11:06,344.85,3019509,2,344.59,815292,1163669,0.014501160092810722,0
2023-07-28 11:11:06,344.85,3019509,15,344.59,815292,1163669,0.014501160092810722,0
2023-07-28 11:11:06,344.8,3019509,13,344.59,815292,1163669,0.0,0
2023-07-28 11:11:09,344.8,3019650,13,344.59,814795,1163755,0.0,0
2023-07-28 11:11:09,344.8,3019650,78,344.59,814795,1163755,0.0,0
2023-07-28 11:11:09,344.8,3019650,78,344.59,814795,1163755,0.0,0
2023-07-28 11:11:12,344.8,3020258,29,344.59,811215,1164652,0.0,0
2023-07-28 11:11:14,344.8,3020607,29,344.59,811438,1166478,0.0,0
2023-07-28 11:11:19,344.85,3020627,10,344.59,812882,1166829,0.014501160092810722,0
2023-07-28 11:11:19,344.85,3020627,50,344.59,812882,1166829,0.014501160092810722,0
2023-07-28 11:11:19,344.85,3020677,50,344.59,812381,1164747,0.014501160092810722,0
2023-07-28 11:11:19,344.85,3020677,50,344.59,812381,1164747,0.014501160092810722,0
2023-07-28 11:11:24,344.85,3020702,25,344.59,812379,1166672,0.014501160092810722,0
2023-07-28 11:11:24,344.85,3020702,10,344.59,812379,1166672,0.014501160092810722,0
2023-07-28 11:11:24,344.85,3020702,10,344.59,812379,1166672,0.014501160092810722,0
2023-07-28 11:11:24,344.85,3020702,1,344.59,812379,1166672,0.014501160092810722,0
2023-07-28 11:11:25,344.85,3021213,1,344.59,812379,1166161,0.014501160092810722,0
2023-07-28 11:11:25,344.85,3021213,1,344.59,812379,1166161,0.014501160092810722,0
2023-07-28 11:11:25,344.85,3021213,1,344.59,812379,1166161,0.014501160092810722,0
2023-07-28 11:11:25,344.85,3021213,1,344.59,812381,1166161,0.014501160092810722,0
2023-07-28 11:11:25,344.85,3021213,28,344.59,812381,1166161,0.014501160092810722,0
2023-07-28 11:11:29,344.85,3021241,28,344.59,812331,1166072,0.014501160092810722,0
2023-07-28 11:11:29,344.85,3021241,28,344.59,812331,1166072,0.014501160092810722,0
2023-07-28 11:11:29,344.85,3021241,2,344.59,812331,1166072,0.014501160092810722,0
2023-07-28 11:11:35,344.85,3021243,2,344.59,812341,1166170,0.014501160092810722,0
2023-07-28 11:11:35,344.85,3021243,1,344.59,812341,1166170,0.014501160092810722,0
2023-07-28 11:11:39,344.85,3021244,1,344.59,812341,1166169,0.014501160092810722,0
2023-07-28 11:11:42,344.75,3022072,28,344.59,807396,1172523,-0.014501160092810722,0
2023-07-28 11:11:42,344.75,3022072,42,344.59,807396,1172523,-0.014501160092810722,0
2023-07-28 11:11:42,344.75,3022312,42,344.59,809650,1172216,-0.014501160092810722,0
2023-07-28 11:11:42,344.75,3022312,42,344.59,810076,1172000,-0.014501160092810722,0
2023-07-28 11:11:42,344.8,3022312,1,344.59,810076,1172000,0.0,0
2023-07-28 11:11:42,344.8,3022312,1,344.59,810076,1172000,0.0,0
2023-07-28 11:11:48,344.8,3022414,1,344.59,809813,1171648,0.0,0
2023-07-28 11:11:48,344.8,3022414,1,344.59,809648,1164728,0.0,0
2023-07-28 11:11:55,344.8,3022714,258,344.59,809578,1164959,0.0,0
2023-07-28 11:11:55,344.8,3022714,258,344.59,809578,1165822,0.0,0
2023-07-28 11:11:55,344.8,3022714,258,344.59,809578,1165823,0.0,0
2023-07-28 11:11:55,344.8,3022714,258,344.59,809171,1164870,0.0,0
2023-07-28 11:11:55,344.8,3022714,10,344.59,809171,1164870,0.0,0
2023-07-28 11:11:55,344.8,3022714,12,344.59,809171,1164870,0.0,0
2023-07-28 11:12:03,344.8,3022736,12,344.59,808609,1165649,0.0,0
2023-07-28 11:12:03,344.8,3022736,7,344.59,808609,1165649,0.0,0
2023-07-28 11:12:05,344.8,3022743,7,344.59,808669,1165732,0.0,0
2023-07-28 11:12:05,344.8,3022743,7,344.59,808720,1165740,0.0,0
2023-07-28 11:12:05,344.8,3022743,7,344.59,808513,1165740,0.0,0
2023-07-28 11:12:05,344.75,3022743,90,344.59,808683,1165765,-0.014501160092810722,0
2023-07-28 11:12:14,344.75,3023456,90,344.59,809376,1164925,-0.014501160092810722,0
2023-07-28 11:12:14,344.8,3023456,3,344.59,809376,1164925,0.0,0
2023-07-28 11:12:16,344.8,3023460,3,344.59,809388,1166048,0.0,0
2023-07-28 11:12:16,344.8,3023460,50,344.59,809388,1166048,0.0,0
2023-07-28 11:12:25,344.8,3024082,50,344.59,807383,1168206,0.0,0
2023-07-28 11:12:25,344.8,3024082,50,344.59,807383,1168206,0.0,0
2023-07-28 11:12:25,344.75,3024082,10,344.59,807383,1168206,-0.014501160092810722,0
2023-07-28 11:12:25,344.8,3024082,2,344.59,807383,1168206,0.0,0
2023-07-28 11:12:30,344.8,3024194,2,344.59,808257,1168902,0.0,0
2023-07-28 11:12:30,344.75,3024194,57,344.59,808257,1168902,-0.014501160092810722,0
2023-07-28 11:12:33,344.75,3024886,57,344.59,807945,1166274,-0.014501160092810722,0
2023-07-28 11:12:33,344.75,3024886,53,344.59,807945,1166274,-0.014501160092810722,0
2023-07-28 11:12:36,344.55,3029238,20,344.59,780130,1169932,-0.07250580046403712,0
2023-07-28 11:12:36,344.55,3029238,221,344.59,780130,1169932,-0.07250580046403712,0
2023-07-28 11:12:36,344.55,3029999,221,344.59,797871,1169386,-0.07250580046403712,0
2023-07-28 11:12:36,344.4,3029999,180,344.59,797871,1169386,-0.11600928074246929,0
2023-07-28 11:12:40,344.4,3032648,180,344.59,796886,1165963,-0.11600928074246929,0
2023-07-28 11:12:40,344.4,3032648,180,344.59,797210,1168045,-0.11600928074246929,0
2023-07-28 11:12:40,344.4,3032648,180,344.59,791360,1169097,-0.11600928074246929,0
2023-07-28 11:12:40,344.4,3032648,3,344.59,791360,1169097,-0.11600928074246929,0
2023-07-28 11:12:48,344.55,3032651,6,344.59,791359,1169918,-0.07250580046403712,0
2023-07-28 11:12:48,344.55,3032651,25,344.59,791359,1169918,-0.07250580046403712,0
2023-07-28 11:12:52,344.55,3032687,25,344.59,793435,1169494,-0.07250580046403712,0
2023-07-28 11:12:55,344.55,3032697,10,344.59,793909,1169886,-0.07250580046403712,0
2023-07-28 11:12:55,344.45,3032697,17,344.59,793909,1169886,-0.10150812064965856,0
2023-07-28 11:12:56,344.45,3032714,17,344.59,793301,1170386,-0.10150812064965856,0
2023-07-28 11:12:56,344.45,3032714,16,344.59,793301,1170386,-0.10150812064965856,0
2023-07-28 11:13:00,344.45,3032730,58,344.59,792410,1168537,-0.10150812064965856,0
2023-07-28 11:13:01,344.45,3032930,58,344.59,792773,1169825,-0.10150812064965856,0
2023-07-28 11:13:01,344.45,3032930,1,344.59,792773,1169825,-0.10150812064965856,0
2023-07-28 11:13:05,344.45,3032931,1,344.59,792991,1170825,-0.10150812064965856,0
2023-07-28 11:13:08,344.45,3033181,250,344.59,793514,1171175,-0.10150812064965856,0
2023-07-28 11:13:08,344.55,3033181,30,344.59,793514,1171175,-0.07250580046403712,0
2023-07-28 11:13:09,344.55,3033211,30,344.59,801958,1171458,-0.07250580046403712,0
2023-07-28 11:13:09,344.55,3033211,30,344.59,802071,1172117,-0.07250580046403712,0
2023-07-28 11:13:16,344.5,3033212,1,344.59,802049,1170976,-0.08700696055684784,0
2023-07-28 11:13:16,344.45,3033212,71,344.59,802049,1170976,-0.10150812064965856,0
2023-07-28 11:13:19,344.55,3034749,10,344.59,802763,1169475,-0.07250580046403712,0
2023-07-28 11:13:19,344.55,3034749,10,344.59,802763,1169475,-0.07250580046403712,0
2023-07-28 11:13:19,344.55,3034749,50,344.59,802763,1169475,-0.07250580046403712,0
2023-07-28 11:13:20,344.45,3034799,47,344.59,799740,1168813,-0.10150812064965856,0
2023-07-28 11:13:22,344.45,3035134,2,344.59,800933,1169731,-0.10150812064965856,0
2023-07-28 11:13:22,344.45,3035134,8,344.59,800933,1169731,-0.10150812064965856,0
2023-07-28 11:13:26,344.45,3035192,25,344.59,801167,1169607,-0.10150812064965856,0
2023-07-28 11:13:29,344.45,3035291,2,344.59,800883,1168895,-0.10150812064965856,0
2023-07-28 11:13:29,344.45,3035291,335,344.59,801239,1169261,-0.10150812064965856,0
2023-07-28 11:13:32,344.45,3035780,335,344.59,799574,1171022,-0.10150812064965856,0
2023-07-28 11:13:32,344.4,3035780,50,344.59,799574,1171022,-0.11600928074246929,0
2023-07-28 11:13:37,344.5,3035833,3,344.59,800134,1170579,-0.08700696055684784,0
2023-07-28 11:13:37,344.5,3035833,194,344.59,800134,1170579,-0.08700696055684784,0
2023-07-28 11:13:39,344.45,3041174,8,344.59,796755,1172189,-0.10150812064965856,0
2023-07-28 11:13:39,344.5,3041174,2,344.59,796755,1172189,-0.08700696055684784,0
2023-07-28 11:13:39,344.35,3041174,191,344.59,796755,1172189,-0.13051044083526353,0
2023-07-28 11:13:45,344.35,3041378,2,344.59,797507,1169365,-0.13051044083526353,0
2023-07-28 11:13:45,344.35,3041378,18,344.59,797507,1169365,-0.13051044083526353,0
2023-07-28 11:13:48,344.35,3042878,78,344.59,797468,1172774,-0.13051044083526353,0
2023-07-28 11:13:48,344.35,3042878,100,344.59,797468,1172774,-0.13051044083526353,0
2023-07-28 11:13:49,344.35,3042978,100,344.59,796574,1173044,-0.13051044083526353,0
2023-07-28 11:13:49,344.3,3042978,18,344.59,796574,1173044,-0.14501160092807425,0
2023-07-28 11:13:53,344.3,3043028,18,344.59,796766,1169170,-0.14501160092807425,0
2023-07-28 11:13:53,344.3,3043028,1,344.59,796766,1169170,-0.14501160092807425,0
2023-07-28 11:13:55,344.3,3043029,1,344.59,798220,1171115,-0.14501160092807425,0
2023-07-28 11:13:55,344.45,3043029,72,344.59,798220,1171115,-0.10150812064965856,0
2023-07-28 11:13:59,344.45,3043176,2,344.59,797336,1170682,-0.10150812064965856,0
2023-07-28 11:13:59,344.45,3043176,2,344.59,797336,1170682,-0.10150812064965856,0
2023-07-28 11:13:59,344.3,3043176,34,344.59,797336,1170682,-0.14501160092807425,0
2023-07-28 11:14:00,344.3,3043376,34,344.59,796890,1170130,-0.14501160092807425,0
2023-07-28 11:14:00,344.5,3043376,111,344.59,796890,1170130,-0.08700696055684784,0
2023-07-28 11:14:02,344.5,3043726,111,344.59,797170,1170601,-0.08700696055684784,0
2023-07-28 11:14:02,344.5,3043726,111,344.59,798082,1171547,-0.08700696055684784,0
2023-07-28 11:14:02,344.45,3043726,10,344.59,798082,1171547,-0.10150812064965856,0
2023-07-28 11:14:08,344.45,3043766,30,344.59,798082,1171940,-0.10150812064965856,0
2023-07-28 11:14:08,344.45,3043766,65,344.59,798082,1171940,-0.10150812064965856,0
2023-07-28 11:14:08,344.45,3043766,10,344.59,798082,1171940,-0.10150812064965856,0
2023-07-28 11:14:08,344.35,3043766,1,344.59,798082,1171940,-0.13051044083526353,0
2023-07-28 11:14:08,344.35,3043766,7,344.59,798082,1171940,-0.13051044083526353,0
2023-07-28 11:14:16,344.35,3043865,7,344.59,794015,1170642,-0.13051044083526353,0
2023-07-28 11:14:16,344.5,3043865,60,344.59,794015,1170642,-0.08700696055684784,0
2023-07-28 11:14:19,344.4,3044918,3,344.59,795632,1171307,-0.11600928074246929,0
2023-07-28 11:14:19,344.45,3044918,1,344.59,795632,1171307,-0.10150812064965856,0
2023-07-28 11:14:21,344.45,3044919,1,344.59,796134,1171703,-0.10150812064965856,0
2023-07-28 11:14:21,344.45,3044919,1,344.59,796134,1171703,-0.10150812064965856,0
2023-07-28 11:14:21,344.45,3044919,1,344.59,796134,1171703,-0.10150812064965856,0
2023-07-28 11:14:21,344.45,3044919,1,344.59,795965,1171619,-0.10150812064965856,0
2023-07-28 11:14:21,344.45,3044919,1,344.59,795965,1171619,-0.10150812064965856,0
2023-07-28 11:14:21,344.4,3044919,1,344.59,795965,1171619,-0.11600928074246929,0
2023-07-28 11:14:27,344.35,3045127,141,344.59,795469,1172648,-0.13051044083526353,0
2023-07-28 11:14:27,344.4,3045127,10,344.59,795469,1172648,-0.11600928074246929,0
2023-07-28 11:14:27,344.4,3045127,10,344.59,795469,1172648,-0.11600928074246929,0
2023-07-28 11:14:27,344.4,3045127,10,344.59,795469,1172648,-0.11600928074246929,0
2023-07-28 11:14:27,344.4,3045137,10,344.59,795703,1172727,-0.11600928074246929,0
2023-07-28 11:14:27,344.35,3045137,54,344.59,795703,1172727,-0.13051044083526353,0
2023-07-28 11:14:27,344.4,3045137,14,344.59,795703,1172727,-0.11600928074246929,0
2023-07-28 11:14:33,344.35,3045281,76,344.59,794746,1172012,-0.13051044083526353,0
2023-07-28 11:14:33,344.35,3045281,76,344.59,796808,1173795,-0.13051044083526353,0
2023-07-28 11:14:33,344.35,3045281,76,344.59,796708,1174119,-0.13051044083526353,0
2023-07-28 11:14:33,344.4,3045281,515,344.59,796708,1174119,-0.11600928074246929,0
2023-07-28 11:14:42,344.4,3046281,515,344.59,797557,1174642,-0.11600928074246929,0
2023-07-28 11:14:42,344.4,3046281,515,344.59,797852,1174866,-0.11600928074246929,0
2023-07-28 11:14:42,344.45,3046281,4,344.59,797852,1174866,-0.10150812064965856,0
2023-07-28 11:14:46,344.45,3046285,4,344.59,797853,1174923,-0.10150812064965856,0
2023-07-28 11:14:46,344.4,3046285,50,344.59,797853,1174923,-0.11600928074246929,0
2023-07-28 11:14:49,344.35,3047703,44,344.59,796008,1174535,-0.13051044083526353,0
2023-07-28 11:14:49,344.35,3047703,44,344.59,796126,1174564,-0.13051044083526353,0
2023-07-28 11:14:49,344.35,3047703,44,344.59,796126,1174564,-0.13051044083526353,0
2023-07-28 11:14:49,344.35,3047703,44,344.59,796216,1174964,-0.13051044083526353,0
2023-07-28 11:14:49,344.35,3047703,44,344.59,795931,1174924,-0.13051044083526353,0
2023-07-28 11:14:49,344.4,3047703,19,344.59,795931,1174924,-0.11600928074246929,0
2023-07-28 11:15:03,344.35,3047755,2,344.59,795358,1176760,-0.13051044083526353,0
2023-07-28 11:15:03,344.35,3047755,2,344.59,795358,1176760,-0.13051044083526353,0
2023-07-28 11:15:03,344.35,3047755,100,344.59,795358,1176760,-0.13051044083526353,0
2023-07-28 11:15:03,344.45,3047755,1476,344.59,795358,1176760,-0.10150812064965856,0
2023-07-28 11:15:04,344.45,3054760,1476,344.59,792821,1171990,-0.10150812064965856,0
2023-07-28 11:15:04,344.45,3054760,1476,344.59,792851,1171991,-0.10150812064965856,0
2023-07-28 11:15:04,344.45,3054760,13,344.59,792851,1171991,-0.10150812064965856,0
2023-07-28 11:15:04,344.4,3054760,5,344.59,792851,1171991,-0.11600928074246929,0
2023-07-28 11:15:10,344.4,3054778,5,344.59,795457,1170567,-0.11600928074246929,0
2023-07-28 11:15:10,344.4,3054778,5,344.59,795531,1170672,-0.11600928074246929,0
2023-07-28 11:15:10,344.3,3054778,208,344.59,795531,1170672,-0.14501160092807425,0
2023-07-28 11:15:10,344.35,3054778,10,344.59,795531,1170672,-0.13051044083526353,0
2023-07-28 11:15:15,344.35,3059208,10,344.59,791229,1174265,-0.13051044083526353,0
2023-07-28 11:15:15,344.2,3059208,607,344.59,791229,1174265,-0.17401392111369568,0
2023-07-28 11:15:15,344.2,3059208,16,344.59,791229,1174265,-0.17401392111369568,0
2023-07-28 11:15:18,344.2,3062490,44,344.59,791915,1167516,-0.17401392111369568,0
2023-07-28 11:15:18,344.2,3062490,1,344.59,791915,1167516,-0.17401392111369568,0
2023-07-28 11:15:18,344.25,3062490,30,344.59,791915,1167516,-0.15951276102088496,0
2023-07-28 11:15:21,344.2,3063035,14,344.59,791652,1169912,-0.17401392111369568,0
2023-07-28 11:15:21,344.2,3063035,86,344.59,791652,1169912,-0.17401392111369568,0
2023-07-28 11:15:21,344.2,3063121,86,344.59,791177,1169886,-0.17401392111369568,0
2023-07-28 11:15:21,344.15,3063121,100,344.59,791177,1169886,-0.1885150812065064,0
2023-07-28 11:15:25,344.15,3063961,100,344.59,787635,1174329,-0.1885150812065064,0
2023-07-28 11:15:25,344.05,3063961,1247,344.59,787635,1174329,-0.21751740139211137,0
2023-07-28 11:15:28,344.05,3069056,1247,344.59,784527,1164959,-0.21751740139211137,0
2023-07-28 11:15:28,344.05,3069056,1,344.59,784527,1164959,-0.21751740139211137,0
2023-07-28 11:15:31,344.05,3069057,1,344.59,786391,1170418,-0.21751740139211137,0
2023-07-28 11:15:31,344.05,3069057,14,344.59,786391,1170418,-0.21751740139211137,0
2023-07-28 11:15:35,344.0,3072085,15,344.59,782992,1169995,-0.2320185614849221,0
2023-07-28 11:15:35,344.0,3072085,50,344.59,782992,1169995,-0.2320185614849221,0
2023-07-28 11:15:35,344.05,3072085,75,344.59,782992,1169995,-0.21751740139211137,0
2023-07-28 11:15:36,344.05,3072220,75,344.59,782902,1170653,-0.21751740139211137,0
2023-07-28 11:15:36,344.05,3072220,75,344.59,781843,1171897,-0.21751740139211137,0
2023-07-28 11:15:36,344.0,3072220,92,344.59,781843,1171897,-0.2320185614849221,0
2023-07-28 11:15:41,344.0,3073312,92,344.59,781141,1172100,-0.2320185614849221,0
2023-07-28 11:15:41,344.1,3073312,10,344.59,781141,1172100,-0.20301624129930065,0
2023-07-28 11:15:41,344.1,3073312,20,344.59,781141,1172100,-0.20301624129930065,0
2023-07-28 11:15:45,344.1,3073343,1,344.59,780652,1169621,-0.20301624129930065,0
2023-07-28 11:15:45,344.0,3073343,41,344.59,780652,1169621,-0.2320185614849221,0
2023-07-28 11:15:45,344.1,3073343,241,344.59,780652,1169621,-0.20301624129930065,0
2023-07-28 11:15:49,344.1,3073635,241,344.59,780428,1171881,-0.20301624129930065,0
2023-07-28 11:15:49,344.05,3073635,950,344.59,780428,1171881,-0.21751740139211137,0
2023-07-28 11:15:52,344.05,3074635,950,344.59,779132,1171476,-0.21751740139211137,0
2023-07-28 11:15:52,344.1,3074635,350,344.59,779132,1171571,-0.20301624129930065,0
2023-07-28 11:15:52,344.1,3074635,1,344.59,779132,1171571,-0.20301624129930065,0
2023-07-28 11:15:58,344.1,3075086,100,344.59,781107,1170942,-0.20301624129930065,0
2023-07-28 11:15:58,344.1,3075086,1,344.59,781107,1170942,-0.20301624129930065,0
2023-07-28 11:16:00,344.1,3075087,1,344.59,781585,1171365,-0.20301624129930065,0
2023-07-28 11:16:00,344.0,3075087,15,344.59,781585,1171365,-0.2320185614849221,0
2023-07-28 11:16:05,344.0,3077087,15,344.59,780464,1172049,-0.2320185614849221,0
2023-07-28 11:16:05,344.0,3077087,15,344.59,780733,1172049,-0.2320185614849221,0
2023-07-28 11:16:05,344.05,3077087,500,344.59,780733,1172049,-0.21751740139211137,0
2023-07-28 11:16:11,344.05,3077587,500,344.59,780760,1172101,-0.21751740139211137,0
2023-07-28 11:16:11,344.1,3077587,100,344.59,780760,1172101,-0.20301624129930065,0
2023-07-28 11:16:14,344.05,3077715,28,344.59,781480,1170588,-0.21751740139211137,0
2023-07-28 11:16:14,344.05,3077715,25,344.59,781480,1170588,-0.21751740139211137,0
2023-07-28 11:16:17,344.1,3077880,100,344.59,781526,1170314,-0.20301624129930065,0
2023-07-28 11:16:17,344.1,3077880,100,344.59,781526,1170314,-0.20301624129930065,0
2023-07-28 11:16:17,344.1,3077880,100,344.59,782537,1170319,-0.20301624129930065,0
2023-07-28 11:16:17,344.1,3077880,100,344.59,783390,1170468,-0.20301624129930065,0
2023-07-28 11:16:17,344.1,3077880,100,344.59,782723,1169933,-0.20301624129930065,0
2023-07-28 11:16:17,344.05,3077880,29,344.59,782723,1169933,-0.21751740139211137,0
2023-07-28 11:16:25,344.05,3078881,29,344.59,783500,1170329,-0.21751740139211137,0
2023-07-28 11:16:25,344.05,3078881,57,344.59,783500,1170329,-0.21751740139211137,0
2023-07-28 11:16:28,344.0,3080181,225,344.59,782521,1171138,-0.2320185614849221,0
2023-07-28 11:16:28,344.1,3080181,2,344.59,782521,1171138,-0.20301624129930065,0
2023-07-28 11:16:28,344.05,3080181,2,344.59,782521,1171138,-0.21751740139211137,0
2023-07-28 11:16:30,344.05,3080188,2,344.59,790093,1169281,-0.21751740139211137,0
2023-07-28 11:16:30,344.0,3080188,2051,344.59,790093,1169281,-0.2320185614849221,0
2023-07-28 11:16:30,344.05,3080188,42,344.59,790093,1169281,-0.21751740139211137,0
2023-07-28 11:16:30,344.0,3080188,500,344.59,790093,1169281,-0.2320185614849221,0
2023-07-28 11:16:33,344.0,3084788,500,344.58,785692,1172304,-0.2320185614849221,0
2023-07-28 11:16:33,344.0,3084788,500,344.58,785350,1172359,-0.2320185614849221,0
2023-07-28 11:16:33,344.05,3084788,5,344.58,785350,1172359,-0.21751740139211137,0
2023-07-28 11:16:36,344.05,3084793,5,344.58,786036,1172313,-0.21751740139211137,0
2023-07-28 11:16:36,344.05,3084793,100,344.58,786036,1172313,-0.21751740139211137,0
2023-07-28 11:16:36,344.0,3084793,500,344.58,786036,1172313,-0.2320185614849221,0
2023-07-28 11:16:40,344.05,3087228,55,344.58,801564,1170978,-0.21751740139211137,0
2023-07-28 11:16:43,344.05,3087234,6,344.58,801283,1172439,-0.21751740139211137,0
2023-07-28 11:16:43,344.05,3087234,90,344.58,801283,1172439,-0.21751740139211137,0
2023-07-28 11:16:44,344.0,3088272,213,344.58,802397,1172500,-0.2320185614849221,0
2023-07-28 11:16:44,344.0,3088272,13974,344.58,802397,1172500,-0.2320185614849221,0
2023-07-28 11:16:46,344.0,3113272,13974,344.58,776998,1169467,-0.2320185614849221,0
2023-07-28 11:16:46,344.0,3113272,1,344.58,776998,1169467,-0.2320185614849221,0
2023-07-28 11:16:46,344.0,3113272,1,344.58,776998,1169467,-0.2320185614849221,0
2023-07-28 11:16:49,344.0,3113274,1,344.58,777732,1169301,-0.2320185614849221,0
2023-07-28 11:16:49,344.0,3113274,1,344.58,777772,1169347,-0.2320185614849221,0
2023-07-28 11:16:49,344.0,3113274,1,344.58,777772,1169347,-0.2320185614849221,0
2023-07-28 11:16:49,343.9,3113274,30,344.58,777772,1169347,-0.26102088167054355,0
2023-07-28 11:16:53,343.9,3140474,30,344.57,753249,1169168,-0.26102088167054355,0
2023-07-28 11:16:53,344.0,3140474,15,344.57,753249,1169168,-0.2320185614849221,0
2023-07-28 11:16:57,343.9,3141164,675,344.57,756238,1171441,-0.26102088167054355,0
2023-07-28 11:16:57,343.95,3141164,52,344.57,756238,1171441,-0.2465197215777328,0
2023-07-28 11:17:00,343.95,3143422,10,344.57,754297,1171039,-0.2465197215777328,0
2023-07-28 11:17:00,343.95,3143422,10,344.57,752978,1171197,-0.2465197215777328,0
2023-07-28 11:17:00,343.95,3143422,10,344.57,752628,1171126,-0.2465197215777328,0
2023-07-28 11:17:00,343.8,3143422,250,344.57,752628,1171126,-0.2900232018561485,0
2023-07-28 11:17:06,343.8,3143672,7609,344.57,751673,1171126,-0.2900232018561485,0
2023-07-28 11:17:06,343.8,3143672,231,344.57,751673,1171126,-0.2900232018561485,0
2023-07-28 11:17:06,343.8,3143672,200,344.57,751673,1171126,-0.2900232018561485,0
2023-07-28 11:17:06,343.9,3143672,100,344.57,751673,1171126,-0.26102088167054355,0
2023-07-28 11:17:09,343.9,3151812,100,344.57,747394,1171013,-0.26102088167054355,0
2023-07-28 11:17:13,343.6,3172920,260,344.57,703486,1174971,-0.3480278422273749,0
2023-07-28 11:17:13,343.65,3172920,1000,344.57,703486,1174971,-0.33352668213458064,0
2023-07-28 11:17:16,343.65,3174280,1000,344.57,718615,1180790,-0.33352668213458064,0
2023-07-28 11:17:16,343.6,3174280,1700,344.57,718615,1180790,-0.3480278422273749,0
2023-07-28 11:17:16,343.7,3174280,100,344.57,718615,1180790,-0.3190255220417699,0
2023-07-28 11:17:18,343.7,3176330,100,344.56,719351,1182594,-0.3190255220417699,0
2023-07-28 11:17:18,343.75,3176330,1,344.56,719351,1182594,-0.3045243619489592,0
2023-07-28 11:17:19,343.75,3176631,1,344.56,723339,1186070,-0.3045243619489592,0
2023-07-28 11:17:19,343.7,3176631,1000,344.56,723339,1186070,-0.3190255220417699,0
2023-07-28 11:17:24,343.7,3177631,1000,344.56,721415,1188213,-0.3190255220417699,0
2023-07-28 11:17:24,343.7,3177631,1000,344.56,721415,1188213,-0.3190255220417699,0
2023-07-28 11:17:24,343.7,3177631,1000,344.56,721415,1188213,-0.3190255220417699,0
2023-07-28 11:17:24,343.65,3177631,50,344.56,721415,1188213,-0.33352668213458064,0
2023-07-28 11:17:24,343.65,3177631,50,344.56,721415,1188213,-0.33352668213458064,0
2023-07-28 11:17:26,343.65,3177681,50,344.56,722642,1187399,-0.33352668213458064,0
2023-07-28 11:17:26,343.7,3177681,50,344.56,722642,1187399,-0.3190255220417699,0
2023-07-28 11:17:26,343.7,3177681,50,344.56,722642,1187399,-0.3190255220417699,0
2023-07-28 11:17:26,343.7,3177681,20,344.56,722642,1187399,-0.3190255220417699,0
2023-07-28 11:17:29,343.7,3177751,20,344.56,721488,1187655,-0.3190255220417699,0
2023-07-28 11:17:29,343.6,3177751,1470,344.56,721488,1187655,-0.3480278422273749,0
2023-07-28 11:17:29,343.6,3177751,5,344.56,721488,1187655,-0.3480278422273749,0
2023-07-28 11:17:33,343.7,3180879,900,344.56,720759,1186012,-0.3190255220417699,0
2023-07-28 11:17:33,343.75,3180879,19,344.56,720759,1186012,-0.3045243619489592,0
2023-07-28 11:17:33,343.65,3180879,120,344.56,720759,1186012,-0.33352668213458064,0
2023-07-28 11:17:35,343.7,3181061,1,344.56,720833,1185581,-0.3190255220417699,0
2023-07-28 11:17:35,343.7,3181061,1,344.56,710847,1186650,-0.3190255220417699,0
2023-07-28 11:17:35,343.65,3181061,44,344.56,710847,1186650,-0.33352668213458064,0
2023-07-28 11:17:35,343.6,3181061,36,344.56,710847,1186650,-0.3480278422273749,0
2023-07-28 11:17:40,343.6,3183805,36,344.56,711175,1186342,-0.3480278422273749,0
2023-07-28 11:17:40,343.65,3183805,10,344.56,711175,1186342,-0.33352668213458064,0
2023-07-28 11:17:43,343.6,3183840,25,344.56,710299,1185375,-0.3480278422273749,0
2023-07-28 11:17:43,343.6,3183840,150,344.56,710299,1185375,-0.3480278422273749,0
2023-07-28 11:17:46,343.6,3184010,20,344.56,710224,1185485,-0.3480278422273749,0
2023-07-28 11:17:46,343.6,3184010,20,344.56,710051,1185490,-0.3480278422273749,0
2023-07-28 11:17:46,343.65,3184010,1,344.56,710051,1185490,-0.33352668213458064,0
2023-07-28 11:17:50,343.65,3184051,1,344.56,711314,1185512,-0.33352668213458064,0
2023-07-28 11:17:50,343.65,3184051,150,344.56,711314,1185512,-0.33352668213458064,0
2023-07-28 11:17:54,343.65,3184636,2,344.56,711079,1183963,-0.33352668213458064,0
2023-07-28 11:17:54,343.75,3184636,4,344.56,711079,1183963,-0.3045243619489592,0
2023-07-28 11:17:54,343.8,3184636,2452,344.56,711079,1183963,-0.2900232018561485,0
2023-07-28 11:17:56,343.8,3192396,2452,344.56,716011,1181225,-0.2900232018561485,0
2023-07-28 11:17:56,343.8,3192396,2452,344.56,716484,1183632,-0.2900232018561485,0
2023-07-28 11:17:56,343.9,3192396,58,344.56,716484,1183632,-0.26102088167054355,0
2023-07-28 11:18:01,343.9,3192646,58,344.56,715699,1184077,-0.26102088167054355,0
2023-07-28 11:18:01,343.9,3192646,10,344.56,715699,1184077,-0.26102088167054355,0
2023-07-28 11:18:04,343.8,3192756,50,344.56,727368,1183740,-0.2900232018561485,0
2023-07-28 11:18:04,343.9,3192756,220,344.56,727368,1183740,-0.26102088167054355,0
2023-07-28 11:18:06,343.9,3192976,220,344.56,727380,1184198,-0.26102088167054355,0
2023-07-28 11:18:06,343.8,3192976,19,344.56,727380,1184198,-0.2900232018561485,0
2023-07-28 11:18:06,343.8,3192976,20,344.56,727380,1184198,-0.2900232018561485,0
2023-07-28 11:18:06,343.9,3192976,4,344.56,727380,1184198,-0.26102088167054355,0
2023-07-28 11:18:09,343.8,3193039,20,344.56,728054,1185517,-0.2900232018561485,0
2023-07-28 11:18:09,343.8,3193039,20,344.56,728054,1185517,-0.2900232018561485,0
2023-07-28 11:18:09,343.9,3193039,1,344.56,728054,1185517,-0.26102088167054355,0
2023-07-28 11:18:12,343.9,3193060,20,344.56,727857,1185787,-0.26102088167054355,0
2023-07-28 11:18:12,343.9,3193060,87,344.56,728358,1185787,-0.26102088167054355,0
2023-07-28 11:18:12,343.8,3193060,6,344.56,728358,1185787,-0.2900232018561485,0
2023-07-28 11:18:17,343.9,3193156,3,344.56,729352,1185352,-0.26102088167054355,0
2023-07-28 11:18:17,343.8,3193156,25,344.56,729352,1185352,-0.2900232018561485,0
2023-07-28 11:18:17,343.9,3193156,3,344.56,729352,1185352,-0.26102088167054355,0
2023-07-28 11:18:19,343.9,3193215,1,344.56,729691,1185522,-0.26102088167054355,0
2023-07-28 11:18:19,343.85,3193215,24,344.56,729691,1185522,-0.2755220417633378,0
2023-07-28 11:18:19,343.8,3193215,100,344.56,729691,1185522,-0.2900232018561485,0
2023-07-28 11:18:21,343.8,3193340,100,344.56,729034,1185329,-0.2900232018561485,0
2023-07-28 11:18:21,343.9,3193340,73,344.56,729034,1185329,-0.26102088167054355,0
2023-07-28 11:18:23,343.9,3207202,73,344.56,727904,1181214,-0.26102088167054355,0
2023-07-28 11:18:23,343.9,3207202,35,344.56,727904,1181214,-0.26102088167054355,0
2023-07-28 11:18:23,343.8,3207202,49,344.56,727904,1181214,-0.2900232018561485,0
2023-07-28 11:18:27,343.8,3207287,49,344.56,729390,1181147,-0.2900232018561485,0
2023-07-28 11:18:27,343.9,3207287,100,344.56,729390,1181147,-0.26102088167054355,0
2023-07-28 11:18:27,343.8,3207287,183,344.56,729390,1181147,-0.2900232018561485,0
2023-07-28 11:18:29,343.8,3207887,183,344.56,729344,1181775,-0.2900232018561485,0
2023-07-28 11:18:29,343.9,3207887,200,344.56,729344,1181775,-0.26102088167054355,0
2023-07-28 11:18:32,343.9,3208137,50,344.56,729644,1181559,-0.26102088167054355,0
2023-07-28 11:18:32,343.9,3208137,6,344.56,729644,1181559,-0.26102088167054355,0
2023-07-28 11:18:32,343.8,3208137,120,344.56,729644,1181559,-0.2900232018561485,0
2023-07-28 11:18:33,343.8,3208263,120,344.56,729522,1181553,-0.2900232018561485,0
2023-07-28 11:18:33,343.9,3208263,100,344.56,729522,1181553,-0.26102088167054355,0
2023-07-28 11:18:36,343.9,3208363,100,344.56,729310,1182161,-0.26102088167054355,0
2023-07-28 11:18:36,343.9,3208363,100,344.56,739153,1180922,-0.26102088167054355,0
2023-07-28 11:18:44,343.9,3208413,50,344.56,739250,1182051,-0.26102088167054355,0
2023-07-28 11:18:46,343.8,3210586,2081,344.56,738915,1180793,-0.2900232018561485,0
2023-07-28 11:18:49,343.8,3212686,2100,344.56,735426,1181859,-0.2900232018561485,0
2023-07-28 11:18:49,343.8,3212686,2100,344.56,736379,1183095,-0.2900232018561485,0
2023-07-28 11:18:49,343.8,3212686,379,344.56,736379,1183095,-0.2900232018561485,0
2023-07-28 11:18:53,343.8,3220130,100,344.55,727752,1185404,-0.2900232018561485,0
2023-07-28 11:18:53,343.6,3220130,1,344.55,727752,1185404,-0.3480278422273749,0
2023-07-28 11:18:56,343.6,3222882,1,344.55,750985,1182191,-0.3480278422273749,0
2023-07-28 11:18:56,343.8,3222882,1,344.55,750985,1182191,-0.2900232018561485,0
2023-07-28 11:19:00,343.8,3222937,54,344.55,751143,1181175,-0.2900232018561485,0
2023-07-28 11:19:00,343.8,3222937,100,344.55,751143,1181175,-0.2900232018561485,0
2023-07-28 11:19:03,343.6,3223142,5,344.55,750307,1181369,-0.3480278422273749,0
2023-07-28 11:19:03,343.6,3223142,5,344.55,750307,1181369,-0.3480278422273749,0
2023-07-28 11:19:03,343.6,3223142,5,344.55,751448,1183348,-0.3480278422273749,0
2023-07-28 11:19:03,343.6,3223142,5,344.55,749633,1184112,-0.3480278422273749,0
2023-07-28 11:19:03,343.6,3223142,5,344.55,750150,1182970,-0.3480278422273749,0
2023-07-28 11:19:03,343.6,3223142,168,344.55,750150,1182970,-0.3480278422273749,0
2023-07-28 11:19:03,343.6,3223142,2700,344.55,750150,1182970,-0.3480278422273749,0
2023-07-28 11:19:03,343.65,3223142,790,344.55,750150,1182970,-0.33352668213458064,0
2023-07-28 11:19:13,343.65,3229564,790,344.55,744842,1185330,-0.33352668213458064,0
2023-07-28 11:19:13,343.6,3229564,1846,344.55,744842,1185330,-0.3480278422273749,0
2023-07-28 11:19:16,343.6,3231410,1846,344.55,742687,1182358,-0.3480278422273749,0
2023-07-28 11:19:16,343.6,3231410,300,344.55,742687,1182358,-0.3480278422273749,0
2023-07-28 11:19:19,343.6,3231710,300,344.55,741230,1182629,-0.3480278422273749,0
2023-07-28 11:19:19,343.6,3231710,300,344.55,741233,1185499,-0.3480278422273749,0
2023-07-28 11:19:19,343.65,3231710,1,344.55,741233,1185499,-0.33352668213458064,0
2023-07-28 11:19:19,343.6,3231710,500,344.55,741233,1185499,-0.3480278422273749,0
2023-07-28 11:19:25,343.6,3232211,500,344.55,741082,1184457,-0.3480278422273749,0
2023-07-28 11:19:25,343.7,3232211,10,344.55,741082,1184457,-0.3190255220417699,0
2023-07-28 11:19:28,343.7,3232221,10,344.55,741855,1183969,-0.3190255220417699,0
2023-07-28 11:19:28,343.6,3232221,50,344.55,741855,1183969,-0.3480278422273749,0
2023-07-28 11:19:30,343.6,3232358,50,344.55,741437,1184542,-0.3480278422273749,0
2023-07-28 11:19:30,343.6,3232358,52,344.55,741437,1184542,-0.3480278422273749,0
2023-07-28 11:19:31,343.6,3232410,52,344.55,741334,1183542,-0.3480278422273749,0
2023-07-28 11:19:34,343.6,3232431,2,344.55,741057,1183542,-0.3480278422273749,0
2023-07-28 11:19:34,343.6,3232431,200,344.55,741057,1183542,-0.3480278422273749,0
2023-07-28 11:19:36,343.6,3232633,200,344.55,742272,1182757,-0.3480278422273749,0
2023-07-28 11:19:36,343.6,3232633,75,344.55,742272,1182757,-0.3480278422273749,0
2023-07-28 11:19:38,343.6,3232708,75,344.55,742574,1185458,-0.3480278422273749,0
2023-07-28 11:19:38,343.7,3232708,22,344.55,742574,1185458,-0.3190255220417699,0
2023-07-28 11:19:42,343.7,3233208,22,344.55,743281,1180435,-0.3190255220417699,0
2023-07-28 11:19:42,343.5,3233208,6,344.55,743281,1180435,-0.3770301624129963,0
2023-07-28 11:19:42,343.45,3233208,2,344.55,743281,1180435,-0.391531322505807,0
2023-07-28 11:19:44,343.35,3257349,258,344.54,730479,1178470,-0.420533642691412,0
2023-07-28 11:19:44,343.45,3257349,100,344.54,730479,1178470,-0.391531322505807,0
2023-07-28 11:19:45,343.3,3258191,97,344.54,733645,1176233,-0.43503480278422274,0
2023-07-28 11:19:45,343.35,3258191,70,344.54,733645,1176233,-0.420533642691412,0
2023-07-28 11:19:45,343.55,3258191,50,344.54,733645,1176233,-0.3625290023201856,0
2023-07-28 11:19:50,343.35,3260692,30,344.54,734601,1176292,-0.420533642691412,0
2023-07-28 11:19:50,343.5,3260692,12,344.54,734601,1176292,-0.3770301624129963,0
2023-07-28 11:19:52,343.35,3261093,1,344.54,735521,1177752,-0.420533642691412,0
2023-07-28 11:19:52,343.35,3261093,89,344.54,735521,1177752,-0.420533642691412,0
2023-07-28 11:19:53,343.3,3261463,4537,344.54,738536,1175194,-0.43503480278422274,0
2023-07-28 11:19:53,343.35,3261463,149,344.54,738536,1175194,-0.420533642691412,0
2023-07-28 11:19:58,343.4,3266823,10,344.54,740942,1175956,-0.4060324825986178,0
2023-07-28 11:19:58,343.4,3266823,50,344.54,740942,1175956,-0.4060324825986178,0
2023-07-28 11:19:58,343.3,3266823,300,344.54,740942,1175956,-0.43503480278422274,0
2023-07-28 11:19:58,343.4,3266823,140,344.54,740942,1175956,-0.4060324825986178,0
2023-07-28 11:20:00,343.4,3267413,140,344.54,738604,1174490,-0.4060324825986178,0
2023-07-28 11:20:00,343.45,3267413,1,344.54,738604,1174490,-0.391531322505807,0
2023-07-28 11:20:00,343.4,3267413,360,344.54,738604,1174490,-0.4060324825986178,0
2023-07-28 11:20:02,343.4,3267774,360,344.54,720410,1176289,-0.4060324825986178,0
2023-07-28 11:20:02,343.4,3267774,200,344.54,720410,1176289,-0.4060324825986178,0
2023-07-28 11:20:04,343.4,3267974,200,344.54,721619,1177106,-0.4060324825986178,0
2023-07-28 11:20:04,343.45,3267974,99,344.54,721619,1177106,-0.391531322505807,0
2023-07-28 11:20:04,343.35,3267974,3,344.54,721619,1177106,-0.420533642691412,0
2023-07-28 11:20:04,343.5,3267974,56,344.54,721619,1177106,-0.3770301624129963,0
2023-07-28 11:20:10,343.4,3268922,300,344.54,720592,1176648,-0.4060324825986178,0
2023-07-28 11:20:10,343.4,3268922,300,344.54,720592,1176648,-0.4060324825986178,0
2023-07-28 11:20:10,343.45,3268922,40,344.54,720182,1177898,-0.391531322505807,0
2023-07-28 11:20:10,343.4,3268922,1,344.54,720182,1177898,-0.4060324825986178,0
2023-07-28 11:20:14,343.4,3268973,1,344.54,719579,1176951,-0.4060324825986178,0
2023-07-28 11:20:14,343.5,3268973,5,344.54,719579,1176951,-0.3770301624129963,0
2023-07-28 11:20:14,343.4,3268973,100,344.54,719579,1176951,-0.4060324825986178,0
2023-07-28 11:20:16,343.4,3269078,100,344.54,716564,1177348,-0.4060324825986178,0
2023-07-28 11:20:16,343.5,3269078,306,344.54,716564,1177348,-0.3770301624129963,0
2023-07-28 11:20:16,343.65,3269078,41,344.54,716564,1177348,-0.33352668213458064,0
2023-07-28 11:20:18,343.65,3269874,41,344.54,721819,1174935,-0.33352668213458064,0
2023-07-28 11:20:18,343.65,3269874,41,344.54,722618,1172128,-0.33352668213458064,0
