2023-07-28 10:49:29,1149.75,427759,1,1144.51,162588,142866,1.2148422025617285,0
2023-07-28 10:49:29,1149.75,427759,1,1144.51,162588,142866,1.2148422025617285,0
2023-07-28 10:49:31,1149.75,427760,1,1144.51,163185,142887,1.2148422025617285,0
2023-07-28 10:49:35,1150.0,427826,64,1144.51,163265,142821,1.2368502134777017,0
2023-07-28 10:49:35,1150.0,427826,15,1144.51,163265,142821,1.2368502134777017,0
2023-07-28 10:49:36,1149.75,427846,5,1144.51,163430,143006,1.2148422025617285,0
2023-07-28 10:49:36,1149.75,427846,5,1144.51,163208,142986,1.2148422025617285,0
2023-07-28 10:49:42,1149.75,427906,19,1144.51,163041,143104,1.2148422025617285,0
2023-07-28 10:49:42,1149.75,427906,43,1144.51,163041,143104,1.2148422025617285,0
2023-07-28 10:49:44,1149.75,427978,16,1144.51,163030,143335,1.2148422025617285,0
2023-07-28 10:49:44,1149.65,427978,5,1144.51,163030,143335,1.206038998195347,0
2023-07-28 10:49:45,1149.65,427999,5,1144.51,162964,143511,1.206038998195347,0
2023-07-28 10:49:45,1149.65,427999,5,1144.51,163152,143453,1.206038998195347,0
2023-07-28 10:49:45,1149.65,427999,5,1144.51,163148,143444,1.206038998195347,0
2023-07-28 10:49:45,1149.65,427999,1,1144.51,163148,143444,1.206038998195347,0
2023-07-28 10:49:54,1149.65,428000,1,1144.51,163204,143450,1.206038998195347,0
2023-07-28 10:49:54,1149.65,428000,8,1144.51,163204,143450,1.206038998195347,0
2023-07-28 10:49:56,1149.65,428008,8,1144.51,163218,143428,1.206038998195347,0
2023-07-28 10:49:56,1150.0,428008,3,1144.51,163218,143428,1.2368502134777017,0
2023-07-28 10:49:59,1150.0,428011,3,1144.51,163097,143336,1.2368502134777017,0
2023-07-28 10:49:59,1149.65,428011,1,1144.51,163097,143336,1.206038998195347,0
2023-07-28 10:50:03,1149.65,428012,1,1144.51,163096,143400,1.206038998195347,0
2023-07-28 10:50:03,1150.0,428012,7,1144.51,163096,143400,1.2368502134777017,0
2023-07-28 10:50:06,1149.65,428193,1,1144.52,162874,143223,1.206038998195347,0
2023-07-28 10:50:06,1150.0,428193,22,1144.52,162874,143223,1.2368502134777017,0
2023-07-28 10:50:06,1149.65,428193,3,1144.52,162874,143223,1.206038998195347,0
2023-07-28 10:50:08,1149.65,428393,3,1144.52,162874,143068,1.206038998195347,0
2023-07-28 10:50:08,1150.0,428393,20,1144.52,162874,143068,1.2368502134777017,0
2023-07-28 10:50:08,1149.65,428393,98,1144.52,162874,143068,1.206038998195347,0
2023-07-28 10:50:10,1149.65,428511,1,1144.52,162827,143024,1.206038998195347,0
2023-07-28 10:50:12,1149.65,428522,1,1144.52,162777,143163,1.206038998195347,0
2023-07-28 10:50:16,1149.65,428529,7,1144.52,162618,143115,1.206038998195347,0
2023-07-28 10:50:16,1149.65,428529,7,1144.52,162677,142998,1.206038998195347,0
2023-07-28 10:50:16,1149.65,428529,7,1144.52,162677,142998,1.206038998195347,0
2023-07-28 10:50:16,1149.65,428529,7,1144.52,162677,142998,1.206038998195347,0
2023-07-28 10:50:16,1149.65,428529,7,1144.52,162677,142998,1.206038998195347,0
2023-07-28 10:50:22,1149.65,428530,1,1144.52,162784,143014,1.206038998195347,0
2023-07-28 10:50:22,1150.0,428530,46,1144.52,162784,143014,1.2368502134777017,0
2023-07-28 10:50:22,1150.0,428530,46,1144.52,162784,143014,1.2368502134777017,0
2023-07-28 10:50:22,1150.0,428530,46,1144.52,162784,143014,1.2368502134777017,0
2023-07-28 10:50:22,1150.0,428530,46,1144.52,162784,143014,1.2368502134777017,0
2023-07-28 10:50:23,1150.0,428576,46,1144.52,162859,142962,1.2368502134777017,0
2023-07-28 10:50:23,1150.0,428576,46,1144.52,162859,142962,1.2368502134777017,0
2023-07-28 10:50:23,1149.65,428576,9,1144.52,162859,142962,1.206038998195347,0
2023-07-28 10:50:26,1149.65,428585,9,1144.52,162835,142672,1.206038998195347,0
2023-07-28 10:50:26,1150.0,428585,10,1144.52,162835,142672,1.2368502134777017,0
2023-07-28 10:50:30,1150.0,428595,10,1144.52,162879,142850,1.2368502134777017,0
2023-07-28 10:50:30,1149.65,428595,5,1144.52,162879,142850,1.206038998195347,0
2023-07-28 10:50:30,1150.0,428595,3,1144.52,162879,142850,1.2368502134777017,0
2023-07-28 10:50:34,1150.0,428679,18,1144.52,162898,142876,1.2368502134777017,0
2023-07-28 10:50:34,1150.0,428697,18,1144.52,162898,142844,1.2368502134777017,0
2023-07-28 10:50:34,1149.65,428697,6,1144.52,162898,142844,1.206038998195347,0
2023-07-28 10:50:39,1149.65,428759,6,1144.52,162816,142844,1.206038998195347,0
2023-07-28 10:50:39,1149.65,428759,5,1144.52,162816,142844,1.206038998195347,0
2023-07-28 10:50:42,1149.65,428764,5,1144.52,162811,142913,1.206038998195347,0
2023-07-28 10:50:42,1150.0,428764,1,1144.52,162811,142913,1.2368502134777017,0
2023-07-28 10:50:44,1150.0,428765,1,1144.52,162813,142887,1.2368502134777017,0
2023-07-28 10:50:44,1150.0,428765,1,1144.52,162660,142969,1.2368502134777017,0
2023-07-28 10:50:44,1150.0,428765,1,1144.52,162660,142970,1.2368502134777017,0
2023-07-28 10:50:44,1149.65,428765,1,1144.52,162660,142970,1.206038998195347,0
2023-07-28 10:50:52,1149.65,428766,1,1144.52,155983,142996,1.206038998195347,0
2023-07-28 10:50:52,1149.65,428766,462,1144.52,155983,142996,1.206038998195347,0
2023-07-28 10:50:55,1149.65,429516,462,1144.53,155866,143271,1.206038998195347,0
2023-07-28 10:50:55,1149.75,429516,63,1144.53,155866,143271,1.2148422025617285,0
2023-07-28 10:50:55,1149.75,429516,28,1144.53,155866,143271,1.2148422025617285,0
2023-07-28 10:50:55,1149.9,429516,6,1144.53,155866,143271,1.2280470091113205,0
2023-07-28 10:50:59,1150.4,430960,25,1144.55,162994,138777,1.2720630309432672,0
2023-07-28 10:50:59,1150.45,430960,25,1144.55,162994,138777,1.276464633126458,0
2023-07-28 10:50:59,1150.45,430960,34,1144.55,162994,138777,1.276464633126458,0
2023-07-28 10:51:01,1150.45,431224,34,1144.55,156478,138890,1.276464633126458,0
2023-07-28 10:51:01,1150.5,431224,1,1144.55,156478,138890,1.2808662353096487,0
2023-07-28 10:51:01,1150.45,431224,3,1144.55,156478,138890,1.276464633126458,0
2023-07-28 10:51:03,1150.45,431305,3,1144.56,162889,142555,1.276464633126458,0
2023-07-28 10:51:03,1150.3,431305,54,1144.56,162889,142555,1.263259826576866,0
2023-07-28 10:51:03,1149.85,431305,94,1144.56,162889,142555,1.2236454069281097,0
2023-07-28 10:51:08,1150.35,432431,29,1144.57,161653,142433,1.2676614287600565,0
2023-07-28 10:51:08,1150.35,432431,132,1144.57,161653,142433,1.2676614287600565,0
2023-07-28 10:51:08,1149.7,432431,139,1144.57,161653,142433,1.2104406003785377,0
2023-07-28 10:51:09,1149.7,432771,23,1144.57,161081,142706,1.2104406003785377,0
2023-07-28 10:51:09,1149.65,432771,4,1144.57,161081,142706,1.206038998195347,0
2023-07-28 10:51:13,1150.1,432841,1,1144.58,161466,142554,1.2456534178440832,0
2023-07-28 10:51:13,1150.1,432841,10,1144.58,161466,142554,1.2456534178440832,0
2023-07-28 10:51:16,1150.1,432852,10,1144.58,161502,142584,1.2456534178440832,0
2023-07-28 10:51:16,1149.75,432852,1,1144.58,161502,142584,1.2148422025617285,0
2023-07-28 10:51:16,1149.75,432852,1,1144.58,161502,142584,1.2148422025617285,0
2023-07-28 10:51:18,1149.75,432855,1,1144.58,161935,142209,1.2148422025617285,0
2023-07-28 10:51:18,1149.75,432855,1,1144.58,163487,141904,1.2148422025617285,0
2023-07-28 10:51:18,1149.9,432855,59,1144.58,163487,141904,1.2280470091113205,0
2023-07-28 10:51:28,1150.05,433071,1,1144.58,163729,141924,1.2412518156608925,0
2023-07-28 10:51:28,1149.9,433071,38,1144.58,163729,141924,1.2280470091113205,0
2023-07-28 10:51:28,1150.45,433071,3,1144.58,163729,141924,1.276464633126458,0
2023-07-28 10:51:30,1150.65,433275,19,1144.58,164300,140671,1.2940710418592407,0
2023-07-28 10:51:30,1150.7,433275,9,1144.58,164300,140671,1.2984726440424315,0
2023-07-28 10:51:30,1150.15,433275,1,1144.58,164300,140671,1.250055020027294,0
2023-07-28 10:51:33,1150.15,433315,1,1144.58,152035,141455,1.250055020027294,0
2023-07-28 10:51:33,1150.7,433315,1,1144.58,152035,141455,1.2984726440424315,0
2023-07-28 10:51:35,1150.7,433316,1,1144.58,164325,141530,1.2984726440424315,0
2023-07-28 10:51:35,1150.7,433316,1,1144.58,164325,141530,1.2984726440424315,0
2023-07-28 10:51:35,1150.7,433316,45,1144.58,164325,141530,1.2984726440424315,0
2023-07-28 10:51:41,1150.7,433361,43,1144.58,164331,141539,1.2984726440424315,0
2023-07-28 10:51:41,1150.3,433361,1,1144.58,164331,141539,1.263259826576866,0
2023-07-28 10:51:43,1150.3,433405,1,1144.58,164935,141195,1.263259826576866,0
2023-07-28 10:51:43,1150.7,433405,1,1144.58,164935,141195,1.2984726440424315,0
2023-07-28 10:51:43,1150.75,433405,1,1144.58,164935,141195,1.302874246225622,0
2023-07-28 10:51:46,1150.9,433409,9,1144.58,164671,141228,1.3160790527752142,0
2023-07-28 10:51:46,1150.9,433409,15,1144.58,164671,141228,1.3160790527752142,0
2023-07-28 10:51:47,1150.9,433433,15,1144.58,164317,141255,1.3160790527752142,0
2023-07-28 10:51:47,1150.9,433433,8,1144.58,164317,141255,1.3160790527752142,0
2023-07-28 10:51:50,1150.9,433441,8,1144.58,164408,141248,1.3160790527752142,0
2023-07-28 10:51:50,1150.9,433441,8,1144.58,164457,141193,1.3160790527752142,0
2023-07-28 10:51:50,1150.9,433441,54,1144.58,164457,141193,1.3160790527752142,0
2023-07-28 10:51:57,1150.9,433495,54,1144.58,164457,141139,1.3160790527752142,0
2023-07-28 10:51:57,1150.75,433495,1,1144.58,164457,141139,1.302874246225622,0
2023-07-28 10:51:57,1150.75,433495,1,1144.58,164457,141139,1.302874246225622,0
2023-07-28 10:51:59,1150.75,433497,1,1144.58,164190,141425,1.302874246225622,0
2023-07-28 10:51:59,1150.9,433497,1,1144.58,164190,141425,1.3160790527752142,0
2023-07-28 10:52:01,1150.9,433498,500,1144.58,164190,141424,1.3160790527752142,0
2023-07-28 10:52:01,1150.75,433498,50,1144.58,164190,141424,1.302874246225622,0
2023-07-28 10:52:04,1150.9,434048,70,1144.59,164381,140917,1.3160790527752142,0
2023-07-28 10:52:04,1150.75,434048,82,1144.59,164381,140917,1.302874246225622,0
2023-07-28 10:52:07,1150.8,434557,220,1144.6,164161,140709,1.3072758484088127,0
2023-07-28 10:52:07,1150.8,434557,49,1144.6,164161,140709,1.3072758484088127,0
2023-07-28 10:52:10,1150.75,434624,18,1144.6,164206,140700,1.302874246225622,0
2023-07-28 10:52:10,1150.75,434624,15,1144.6,164206,140700,1.302874246225622,0
2023-07-28 10:52:11,1150.8,434713,12,1144.6,164319,140710,1.3072758484088127,0
2023-07-28 10:52:11,1150.75,434713,9,1144.6,164319,140710,1.302874246225622,0
2023-07-28 10:52:15,1150.75,434746,3,1144.6,164234,140693,1.302874246225622,0
2023-07-28 10:52:15,1150.75,434746,6,1144.6,164234,140693,1.302874246225622,0
2023-07-28 10:52:17,1150.75,434852,6,1144.6,163744,140419,1.302874246225622,0
2023-07-28 10:52:17,1150.8,434852,1,1144.6,163744,140419,1.3072758484088127,0
2023-07-28 10:52:21,1150.8,434856,3,1144.6,163948,140605,1.3072758484088127,0
2023-07-28 10:52:21,1150.8,434856,1,1144.6,163948,140605,1.3072758484088127,0
2023-07-28 10:52:26,1150.8,434872,1,1144.6,164053,140519,1.3072758484088127,0
2023-07-28 10:52:26,1150.8,434872,1,1144.6,164053,140519,1.3072758484088127,0
2023-07-28 10:52:26,1150.9,434872,200,1144.6,164053,140519,1.3160790527752142,0
2023-07-28 10:52:28,1150.9,435073,23,1144.61,164134,140390,1.3160790527752142,0
2023-07-28 10:52:28,1151.35,435073,5,1144.61,164134,140390,1.3556934724239502,0
2023-07-28 10:52:31,1151.35,435490,5,1144.61,165497,137202,1.3556934724239502,0
2023-07-28 10:52:31,1151.65,435490,6,1144.61,165497,137202,1.3821030855231344,0
2023-07-28 10:52:31,1151.05,435490,62,1144.61,165497,137202,1.3292838593247862,0
2023-07-28 10:52:31,1150.8,435490,1,1144.61,165497,137202,1.3072758484088127,0
2023-07-28 10:52:34,1150.8,436002,1,1144.62,162393,139382,1.3072758484088127,0
2023-07-28 10:52:34,1150.85,436002,184,1144.62,162393,139382,1.3116774505920035,0
2023-07-28 10:52:34,1151.1,436002,11,1144.62,162393,139382,1.333685461507977,0
2023-07-28 10:52:35,1151.1,436248,11,1144.62,163242,138954,1.333685461507977,0
2023-07-28 10:52:35,1151.5,436248,22,1144.62,163242,138954,1.3688982789735422,0
2023-07-28 10:52:35,1150.85,436248,5,1144.62,163242,138954,1.3116774505920035,0
2023-07-28 10:52:35,1150.85,436248,23,1144.62,163242,138954,1.3116774505920035,0
2023-07-28 10:52:41,1151.5,436362,10,1144.63,163295,139178,1.3688982789735422,0
2023-07-28 10:52:41,1151.5,436362,21,1144.63,163295,139178,1.3688982789735422,0
2023-07-28 10:52:43,1151.5,436438,21,1144.63,163360,139198,1.3688982789735422,0
2023-07-28 10:52:43,1150.9,436438,1,1144.63,163360,139198,1.3160790527752142,0
2023-07-28 10:52:45,1150.9,436439,1,1144.63,163494,139210,1.3160790527752142,0
2023-07-28 10:52:45,1150.9,436439,1,1144.63,163534,139083,1.3160790527752142,0
2023-07-28 10:52:45,1150.9,436439,1,1144.63,163534,139181,1.3160790527752142,0
2023-07-28 10:52:45,1151.55,436439,2,1144.63,163534,139181,1.373299881156733,0
2023-07-28 10:52:53,1151.55,436539,2,1144.63,163493,139200,1.373299881156733,0
2023-07-28 10:52:53,1151.5,436539,7,1144.63,163493,139200,1.3688982789735422,0
2023-07-28 10:52:53,1150.9,436539,1,1144.63,163493,139200,1.3160790527752142,0
2023-07-28 10:52:57,1150.9,436559,1,1144.63,163781,139086,1.3160790527752142,0
2023-07-28 10:52:57,1151.55,436559,10,1144.63,163781,139086,1.373299881156733,0
2023-07-28 10:52:59,1151.55,436604,10,1144.63,163808,139274,1.373299881156733,0
2023-07-28 10:52:59,1150.9,436604,1,1144.63,163808,139274,1.3160790527752142,0
2023-07-28 10:53:03,1150.9,436605,1,1144.63,164385,139276,1.3160790527752142,0
2023-07-28 10:53:03,1150.9,436605,15,1144.63,164385,139276,1.3160790527752142,0
2023-07-28 10:53:04,1150.9,436620,15,1144.63,164313,139529,1.3160790527752142,0
2023-07-28 10:53:04,1151.55,436620,12,1144.63,164313,139529,1.373299881156733,0
2023-07-28 10:53:04,1150.9,436620,1,1144.63,164313,139529,1.3160790527752142,0
2023-07-28 10:53:09,1150.9,436633,1,1144.63,164312,139598,1.3160790527752142,0
2023-07-28 10:53:09,1150.9,436633,1,1144.63,164312,139598,1.3160790527752142,0
2023-07-28 10:53:10,1150.9,436634,1,1144.63,164266,139598,1.3160790527752142,0
2023-07-28 10:53:10,1151.6,436634,11,1144.63,164456,139299,1.3777014833399237,0
2023-07-28 10:53:10,1151.1,436634,1,1144.63,164456,139299,1.333685461507977,0
2023-07-28 10:53:17,1151.65,436712,16,1144.63,164289,139882,1.3821030855231344,0
2023-07-28 10:53:17,1151.65,436712,4,1144.63,164289,139882,1.3821030855231344,0
2023-07-28 10:53:18,1151.65,436733,4,1144.63,164285,139844,1.3821030855231344,0
2023-07-28 10:53:18,1151.0,436733,52,1144.63,164285,139844,1.3248822571415955,0
2023-07-28 10:53:18,1151.0,436733,52,1144.63,164285,139844,1.3248822571415955,0
2023-07-28 10:53:18,1151.0,436733,52,1144.63,164285,139844,1.3248822571415955,0
2023-07-28 10:53:21,1151.65,436820,10,1144.63,164385,139864,1.3821030855231344,0
2023-07-28 10:53:21,1151.6,436820,100,1144.63,164385,139864,1.3777014833399237,0
2023-07-28 10:53:21,1151.6,436820,100,1144.63,164385,139864,1.3777014833399237,0
2023-07-28 10:53:21,1151.6,436820,100,1144.63,164385,139864,1.3777014833399237,0
2023-07-28 10:53:21,1151.6,436820,100,1144.63,164385,139864,1.3777014833399237,0
2023-07-28 10:53:23,1151.7,436930,11,1144.63,164749,139746,1.386504687706325,0
2023-07-28 10:53:28,1151.7,436956,11,1144.63,164767,139718,1.386504687706325,0
2023-07-28 10:53:28,1150.05,436956,4,1144.63,164767,139718,1.2412518156608925,0
2023-07-28 10:53:31,1150.95,444074,1,1144.74,162441,139185,1.3204806549584047,0
2023-07-28 10:53:31,1151.3,444074,1,1144.74,162441,139185,1.3512918702407595,0
2023-07-28 10:53:31,1149.85,444864,826,1144.75,162217,139080,1.2236454069281097,0
2023-07-28 10:53:31,1149.85,444864,811,1144.75,162217,139080,1.2236454069281097,0
2023-07-28 10:53:31,1149.85,444864,1,1144.75,162217,139080,1.2236454069281097,0
2023-07-28 10:53:34,1150.45,446685,21,1144.77,162007,138742,1.276464633126458,0
2023-07-28 10:53:34,1150.5,446685,7,1144.77,162007,138742,1.2808662353096487,0
2023-07-28 10:53:34,1150.5,446685,97,1144.77,162007,138742,1.2808662353096487,0
2023-07-28 10:53:37,1150.5,446890,97,1144.77,161672,139382,1.2808662353096487,0
2023-07-28 10:53:37,1150.0,446890,1,1144.77,161672,139382,1.2368502134777017,0
2023-07-28 10:53:37,1150.0,446890,3,1144.77,161672,139382,1.2368502134777017,0
2023-07-28 10:53:41,1149.75,447019,124,1144.77,161530,139177,1.2148422025617285,0
2023-07-28 10:53:41,1150.0,447019,14,1144.77,161530,139177,1.2368502134777017,0
2023-07-28 10:53:42,1150.0,447033,14,1144.77,161849,138771,1.2368502134777017,0
2023-07-28 10:53:42,1150.0,447033,14,1144.77,161927,140013,1.2368502134777017,0
2023-07-28 10:53:42,1149.75,447033,1,1144.77,161927,140013,1.2148422025617285,0
2023-07-28 10:53:48,1149.75,447034,1,1144.77,162227,139395,1.2148422025617285,0
2023-07-28 10:53:48,1150.3,447034,4,1144.77,162227,139395,1.263259826576866,0
2023-07-28 10:53:48,1149.8,447034,9,1144.77,162227,139395,1.219243804744919,0
2023-07-28 10:53:53,1149.8,447049,9,1144.77,162195,139701,1.219243804744919,0
2023-07-28 10:53:53,1149.8,447049,9,1144.77,162208,139612,1.219243804744919,0
2023-07-28 10:53:53,1149.8,447049,9,1144.77,162268,139671,1.219243804744919,0
2023-07-28 10:53:53,1149.8,447049,9,1144.77,156091,139472,1.219243804744919,0
2023-07-28 10:53:53,1149.8,447049,9,1144.77,156086,139432,1.219243804744919,0
2023-07-28 10:54:06,1150.6,447050,21,1144.77,156034,139480,1.28966943967603,0
2023-07-28 10:54:07,1150.6,447230,21,1144.78,162303,139359,1.28966943967603,0
2023-07-28 10:54:08,1150.6,447252,23,1144.78,162391,139384,1.28966943967603,0
2023-07-28 10:54:08,1150.6,447309,23,1144.78,162477,139280,1.28966943967603,0
2023-07-28 10:54:08,1150.6,447309,23,1144.78,162227,139424,1.28966943967603,0
2023-07-28 10:54:08,1150.6,447309,23,1144.78,162223,139642,1.28966943967603,0
2023-07-28 10:54:08,1150.6,447309,23,1144.78,162659,139248,1.28966943967603,0
2023-07-28 10:54:08,1150.6,447309,23,1144.78,162707,139248,1.28966943967603,0
2023-07-28 10:54:08,1150.6,447309,23,1144.78,162832,138965,1.28966943967603,0
2023-07-28 10:54:08,1150.6,447309,23,1144.78,162799,138663,1.28966943967603,0
2023-07-28 10:54:08,1150.6,447309,23,1144.78,162752,138791,1.28966943967603,0
2023-07-28 10:54:08,1150.6,447309,23,1144.78,162752,138811,1.28966943967603,0
2023-07-28 10:54:08,1150.6,447309,23,1144.78,162659,138662,1.28966943967603,0
2023-07-28 10:54:08,1150.6,447309,1,1144.78,162659,138662,1.28966943967603,0
2023-07-28 10:54:21,1150.9,447339,8,1144.78,162691,139382,1.3160790527752142,0
2023-07-28 10:54:21,1150.9,447349,8,1144.78,162616,139547,1.3160790527752142,0
2023-07-28 10:54:21,1150.6,447349,8,1144.78,162717,139547,1.28966943967603,0
2023-07-28 10:54:24,1150.6,447371,8,1144.78,162476,140481,1.28966943967603,0
2023-07-28 10:54:24,1150.4,447371,13,1144.78,162476,140481,1.2720630309432672,0
2023-07-28 10:54:25,1150.4,447439,13,1144.78,162171,140407,1.2720630309432672,0
2023-07-28 10:54:25,1150.55,447439,10,1144.78,162171,140407,1.2852678374928392,0
2023-07-28 10:54:26,1150.4,447496,38,1144.78,162428,140263,1.2720630309432672,0
2023-07-28 10:54:29,1150.2,447503,2,1144.78,162421,140495,1.2544566222104845,0
2023-07-28 10:54:29,1150.2,447503,2,1144.78,162069,141290,1.2544566222104845,0
2023-07-28 10:54:29,1150.2,447503,2,1144.78,162069,141290,1.2544566222104845,0
2023-07-28 10:54:29,1150.2,447503,2,1144.78,162225,141135,1.2544566222104845,0
2023-07-28 10:54:29,1150.2,447503,2,1144.78,162305,140907,1.2544566222104845,0
2023-07-28 10:54:29,1150.2,447503,2,1144.78,162293,140918,1.2544566222104845,0
2023-07-28 10:54:29,1150.2,447503,2,1144.78,162305,141311,1.2544566222104845,0
2023-07-28 10:54:36,1149.75,447504,1,1144.78,162308,140882,1.2148422025617285,0
2023-07-28 10:54:36,1149.4,447504,15,1144.78,162308,140882,1.1840309872793737,0
2023-07-28 10:54:37,1150.0,447704,29,1144.78,161725,142443,1.2368502134777017,0
2023-07-28 10:54:38,1149.5,447841,37,1144.78,161783,142323,1.192834191645755,0
2023-07-28 10:54:38,1150.1,447841,10,1144.78,161783,142323,1.2456534178440832,0
2023-07-28 10:54:40,1150.05,447854,1,1144.78,162010,142805,1.2412518156608925,0
2023-07-28 10:54:41,1149.4,447862,7,1144.78,162006,142781,1.1840309872793737,0
2023-07-28 10:54:42,1149.4,447863,1,1144.78,162138,142554,1.1840309872793737,0
2023-07-28 10:54:42,1149.4,447863,1,1144.78,162125,142538,1.1840309872793737,0
2023-07-28 10:54:42,1149.4,447863,1,1144.78,162115,142560,1.1840309872793737,0
2023-07-28 10:54:45,1150.1,447904,16,1144.78,162128,142501,1.2456534178440832,0
2023-07-28 10:54:45,1150.1,447904,18,1144.78,162128,142501,1.2456534178440832,0
2023-07-28 10:54:46,1150.1,447922,18,1144.78,162202,142363,1.2456534178440832,0
2023-07-28 10:54:46,1150.1,447922,18,1144.78,162067,142562,1.2456534178440832,0
2023-07-28 10:54:46,1150.1,447922,18,1144.78,162625,141924,1.2456534178440832,0
2023-07-28 10:54:50,1150.2,447923,1,1144.78,162648,142307,1.2544566222104845,0
2023-07-28 10:54:50,1150.05,447960,2,1144.78,162761,142389,1.2412518156608925,0
2023-07-28 10:54:51,1150.45,447966,2,1144.78,163070,142919,1.276464633126458,0
2023-07-28 10:54:52,1149.95,448101,11,1144.79,162628,143817,1.2324486112945112,0
2023-07-28 10:54:52,1150.55,448101,14,1144.79,162628,143817,1.2852678374928392,0
2023-07-28 10:54:53,1150.55,448115,14,1144.79,162863,143977,1.2852678374928392,0
2023-07-28 10:54:53,1150.55,448115,14,1144.79,162863,143977,1.2852678374928392,0
2023-07-28 10:54:53,1150.55,448115,14,1144.79,162730,143268,1.2852678374928392,0
2023-07-28 10:54:53,1149.9,448115,4,1144.79,162730,143268,1.2280470091113205,0
2023-07-28 10:54:56,1149.9,448275,4,1144.79,162501,144258,1.2280470091113205,0
2023-07-28 10:54:56,1150.5,448275,4,1144.79,162501,144258,1.2808662353096487,0
2023-07-28 10:54:57,1149.95,448340,1,1144.79,162261,144937,1.2324486112945112,0
2023-07-28 10:54:59,1149.55,448355,15,1144.79,162125,145283,1.1972357938289457,0
2023-07-28 10:54:59,1149.55,448355,15,1144.79,162125,145381,1.1972357938289457,0
2023-07-28 10:54:59,1149.55,448355,15,1144.79,162125,145375,1.1972357938289457,0
2023-07-28 10:54:59,1149.55,448355,15,1144.79,162151,146030,1.1972357938289457,0
2023-07-28 10:54:59,1149.55,448355,1,1144.79,162151,146030,1.1972357938289457,0
2023-07-28 10:55:02,1149.55,448356,1,1144.79,162124,146017,1.1972357938289457,0
2023-07-28 10:55:02,1149.55,448356,50,1144.79,162124,146017,1.1972357938289457,0
2023-07-28 10:55:03,1150.2,448416,12,1144.79,162392,146302,1.2544566222104845,0
2023-07-28 10:55:04,1150.2,448430,12,1144.79,162137,147613,1.2544566222104845,0
2023-07-28 10:55:04,1150.2,448430,12,1144.79,162244,147560,1.2544566222104845,0
2023-07-28 10:55:04,1150.2,448430,12,1144.79,162244,147911,1.2544566222104845,0
2023-07-28 10:55:04,1150.2,448430,12,1144.79,162244,147886,1.2544566222104845,0
2023-07-28 10:55:04,1150.2,448430,12,1144.79,162245,148185,1.2544566222104845,0
2023-07-28 10:55:04,1150.2,448430,12,1144.79,162316,148541,1.2544566222104845,0
2023-07-28 10:55:04,1150.2,448430,12,1144.79,162417,148956,1.2544566222104845,0
2023-07-28 10:55:04,1150.2,448430,12,1144.79,162548,148987,1.2544566222104845,0
2023-07-28 10:55:04,1150.2,448430,12,1144.79,162450,149432,1.2544566222104845,0
2023-07-28 10:55:04,1150.2,448430,12,1144.79,162360,149483,1.2544566222104845,0
2023-07-28 10:55:17,1150.1,448450,20,1144.79,162360,149555,1.2456534178440832,0
2023-07-28 10:55:17,1150.1,448450,20,1144.79,162124,149827,1.2456534178440832,0
2023-07-28 10:55:17,1150.1,448450,20,1144.79,162037,149896,1.2456534178440832,0
2023-07-28 10:55:17,1150.05,448450,1,1144.79,162037,149896,1.2412518156608925,0
2023-07-28 10:55:19,1150.05,448451,1,1144.79,162110,149487,1.2412518156608925,0
2023-07-28 10:55:19,1150.05,448451,1,1144.79,162152,149745,1.2412518156608925,0
2023-07-28 10:55:19,1150.05,448451,1,1144.79,162003,149998,1.2412518156608925,0
2023-07-28 10:55:19,1149.4,448451,1,1144.79,162003,149998,1.1840309872793737,0
2023-07-28 10:55:23,1149.4,448452,1,1144.79,162161,149920,1.1840309872793737,0
2023-07-28 10:55:23,1149.4,448452,1,1144.79,162161,149920,1.1840309872793737,0
2023-07-28 10:55:23,1149.4,448452,1,1144.79,162162,150315,1.1840309872793737,0
2023-07-28 10:55:27,1150.0,448497,25,1144.79,162177,150215,1.2368502134777017,0
2023-07-28 10:55:27,1150.0,448497,25,1144.79,162152,150215,1.2368502134777017,0
2023-07-28 10:55:27,1150.0,448497,25,1144.79,162152,150157,1.2368502134777017,0
2023-07-28 10:55:27,1150.0,448497,25,1144.79,162152,150157,1.2368502134777017,0
2023-07-28 10:55:30,1150.0,448498,1,1144.79,162884,150063,1.2368502134777017,0
2023-07-28 10:55:30,1150.0,448498,1,1144.79,162884,150068,1.2368502134777017,0
2023-07-28 10:55:33,1150.0,448499,1,1144.79,162883,150068,1.2368502134777017,0
2023-07-28 10:55:34,1150.2,448524,25,1144.79,162811,149967,1.2544566222104845,0
2023-07-28 10:55:34,1150.2,448524,10,1144.79,162811,149967,1.2544566222104845,0
2023-07-28 10:55:34,1150.2,448534,10,1144.79,162811,149977,1.2544566222104845,0
2023-07-28 10:55:36,1150.1,448535,1,1144.79,162810,149985,1.2456534178440832,0
2023-07-28 10:55:36,1150.1,448535,1,1144.79,162854,149977,1.2456534178440832,0
2023-07-28 10:55:36,1150.1,448535,31,1144.79,162941,150077,1.2456534178440832,0
2023-07-28 10:55:39,1150.1,448575,31,1144.79,162901,150077,1.2456534178440832,0
2023-07-28 10:55:39,1150.1,448575,31,1144.79,162880,150216,1.2456534178440832,0
2023-07-28 10:55:41,1150.0,448619,13,1144.79,162484,150678,1.2368502134777017,0
2023-07-28 10:55:41,1150.0,448619,13,1144.79,162568,151143,1.2368502134777017,0
2023-07-28 10:55:41,1150.0,448619,13,1144.79,162405,151049,1.2368502134777017,0
2023-07-28 10:55:41,1150.0,448619,13,1144.79,162480,151027,1.2368502134777017,0
2023-07-28 10:55:41,1150.0,448619,13,1144.79,162463,151102,1.2368502134777017,0
2023-07-28 10:55:41,1150.0,448619,13,1144.79,162450,150998,1.2368502134777017,0
2023-07-28 10:55:41,1150.0,448619,13,1144.79,162658,150157,1.2368502134777017,0
2023-07-28 10:55:41,1150.0,448619,13,1144.79,162658,150238,1.2368502134777017,0
2023-07-28 10:55:41,1150.0,448619,13,1144.79,162658,150244,1.2368502134777017,0
2023-07-28 10:55:41,1150.0,448619,13,1144.79,162537,150349,1.2368502134777017,0
2023-07-28 10:55:41,1150.0,448619,13,1144.79,162426,150536,1.2368502134777017,0
2023-07-28 10:55:52,1149.45,448620,1,1144.79,162441,150490,1.1884325894625642,0
2023-07-28 10:55:52,1150.05,448620,10,1144.79,162441,150490,1.2412518156608925,0
2023-07-28 10:55:52,1150.05,448630,10,1144.79,162525,150465,1.2412518156608925,0
2023-07-28 10:55:52,1150.05,448630,10,1144.79,162770,150242,1.2412518156608925,0
2023-07-28 10:55:52,1150.05,448630,10,1144.79,162514,150482,1.2412518156608925,0
2023-07-28 10:55:52,1150.05,448630,10,1144.79,162563,150467,1.2412518156608925,0
2023-07-28 10:55:52,1150.05,448630,10,1144.79,162580,150451,1.2412518156608925,0
2023-07-28 10:56:00,1149.45,448631,1,1144.79,162531,150482,1.1884325894625642,0
2023-07-28 10:56:00,1149.45,448631,1,1144.79,162680,150319,1.1884325894625642,0
2023-07-28 10:56:00,1149.45,448631,1,1144.79,162709,150306,1.1884325894625642,0
2023-07-28 10:56:00,1149.45,448631,1,1144.79,162709,150325,1.1884325894625642,0
2023-07-28 10:56:00,1149.45,448631,1,1144.79,162564,150430,1.1884325894625642,0
2023-07-28 10:56:00,1149.45,448631,1,1144.79,162564,150441,1.1884325894625642,0
2023-07-28 10:56:00,1150.05,448631,9,1144.79,162564,150441,1.2412518156608925,0
2023-07-28 10:56:08,1150.05,448698,9,1144.79,163006,150216,1.2412518156608925,0
2023-07-28 10:56:08,1150.05,448698,9,1144.79,163034,150168,1.2412518156608925,0
2023-07-28 10:56:08,1150.05,448698,9,1144.79,156701,150316,1.2412518156608925,0
2023-07-28 10:56:08,1150.05,448698,9,1144.79,162951,150309,1.2412518156608925,0
2023-07-28 10:56:08,1150.05,448698,9,1144.79,163374,150210,1.2412518156608925,0
2023-07-28 10:56:08,1149.5,448698,23,1144.79,163374,150210,1.192834191645755,0
2023-07-28 10:56:08,1149.5,448698,23,1144.79,163374,150210,1.192834191645755,0
2023-07-28 10:56:22,1149.5,448723,23,1144.79,163144,150211,1.192834191645755,0
2023-07-28 10:56:22,1150.0,448723,3,1144.79,163144,150211,1.2368502134777017,0
2023-07-28 10:56:22,1150.0,448723,3,1144.79,163144,150211,1.2368502134777017,0
2023-07-28 10:56:22,1150.0,448723,3,1144.79,163144,150211,1.2368502134777017,0
2023-07-28 10:56:24,1150.0,448736,3,1144.79,162998,150233,1.2368502134777017,0
2023-07-28 10:56:24,1150.0,448736,3,1144.79,162998,150233,1.2368502134777017,0
2023-07-28 10:56:24,1149.5,448736,11,1144.79,162998,150233,1.192834191645755,0
2023-07-28 10:56:27,1150.1,448884,10,1144.79,162932,150041,1.2456534178440832,0
2023-07-28 10:56:27,1150.3,448884,23,1144.79,162932,150041,1.263259826576866,0
2023-07-28 10:56:30,1150.3,448963,17,1144.8,163379,149607,1.263259826576866,0
2023-07-28 10:56:30,1150.0,448963,25,1144.8,163379,149607,1.2368502134777017,0
2023-07-28 10:56:33,1150.3,449005,11,1144.8,163743,149549,1.263259826576866,0
2023-07-28 10:56:33,1150.3,449005,2,1144.8,163743,149549,1.263259826576866,0
2023-07-28 10:56:33,1150.35,449005,25,1144.8,163743,149549,1.2676614287600565,0
2023-07-28 10:56:37,1150.1,449075,7,1144.8,163204,149617,1.2456534178440832,0
2023-07-28 10:56:37,1150.1,449075,7,1144.8,163237,148634,1.2456534178440832,0
2023-07-28 10:56:37,1149.95,449075,4,1144.8,163237,148634,1.2324486112945112,0
2023-07-28 10:56:43,1149.95,449079,4,1144.8,163094,148825,1.2324486112945112,0
2023-07-28 10:56:43,1149.95,449079,1,1144.8,163094,148825,1.2324486112945112,0
2023-07-28 10:56:44,1149.95,449080,1,1144.8,163257,148698,1.2324486112945112,0
2023-07-28 10:56:44,1149.95,449080,1,1144.8,163257,148698,1.2324486112945112,0
2023-07-28 10:56:47,1149.95,449081,1,1144.8,163410,148698,1.2324486112945112,0
2023-07-28 10:56:47,1149.95,449081,1,1144.8,163456,148577,1.2324486112945112,0
2023-07-28 10:56:54,1150.35,449126,24,1144.8,163543,147542,1.2676614287600565,0
2023-07-28 10:56:54,1150.4,449126,11,1144.8,163543,147542,1.2720630309432672,0
2023-07-28 10:56:54,1150.4,449139,11,1144.8,162532,147537,1.2720630309432672,0
2023-07-28 10:56:54,1149.95,449139,4,1144.8,162532,147537,1.2324486112945112,0
2023-07-28 10:56:58,1149.95,449143,4,1144.8,163497,148538,1.2324486112945112,0
2023-07-28 10:56:58,1149.95,449143,1,1144.8,163497,148538,1.2324486112945112,0
2023-07-28 10:56:58,1149.95,449143,1,1144.8,163497,148538,1.2324486112945112,0
2023-07-28 10:57:01,1149.95,449145,1,1144.8,163429,148799,1.2324486112945112,0
2023-07-28 10:57:01,1149.95,449145,1,1144.8,163442,149169,1.2324486112945112,0
2023-07-28 10:57:01,1150.4,449145,5,1144.8,163442,149169,1.2720630309432672,0
2023-07-28 10:57:06,1150.4,449150,5,1144.8,163522,149086,1.2720630309432672,0
2023-07-28 10:57:06,1149.85,449150,1,1144.8,163522,149086,1.2236454069281097,0
2023-07-28 10:57:06,1150.4,449150,12,1144.8,163522,149086,1.2720630309432672,0
2023-07-28 10:57:09,1150.4,449227,10,1144.8,163503,149147,1.2720630309432672,0
2023-07-28 10:57:09,1149.85,449227,101,1144.8,163503,149147,1.2236454069281097,0
2023-07-28 10:57:09,1149.85,449227,15,1144.8,163503,149147,1.2236454069281097,0
2023-07-28 10:57:12,1149.85,449490,15,1144.8,163404,149353,1.2236454069281097,0
2023-07-28 10:57:12,1150.35,449490,28,1144.8,163404,149353,1.2676614287600565,0
2023-07-28 10:57:12,1150.35,449490,1,1144.8,163404,149353,1.2676614287600565,0
2023-07-28 10:57:12,1148.1,449490,3,1144.8,163404,149353,1.0695893305162958,0
2023-07-28 10:57:16,1148.85,453494,12,1144.84,159080,149199,1.135613363264216,0
2023-07-28 10:57:16,1149.3,453494,66,1144.84,159080,149199,1.1752277829129723,0
2023-07-28 10:57:16,1148.4,453494,168,1144.84,159080,149199,1.09599894361548,0
2023-07-28 10:57:16,1148.3,453494,1,1144.84,159080,149199,1.0871957392490785,0
2023-07-28 10:57:18,1148.3,454107,1,1144.84,160268,149695,1.0871957392490785,0
2023-07-28 10:57:18,1148.05,454107,25,1144.84,160268,149695,1.0651877283331053,0
2023-07-28 10:57:18,1147.5,454107,30,1144.84,160268,149695,1.0167701043179678,0
2023-07-28 10:57:21,1148.05,455694,38,1144.85,157858,149716,1.0651877283331053,0
2023-07-28 10:57:21,1147.2,455694,39,1144.85,157858,149716,0.9903604912188037,0
2023-07-28 10:57:21,1147.0,455694,63,1144.85,157858,149716,0.9727540824860209,0
2023-07-28 10:57:23,1147.0,456391,63,1144.86,157891,149929,0.9727540824860209,0
2023-07-28 10:57:23,1147.45,456391,14,1144.86,157891,149929,1.012368502134777,0
2023-07-28 10:57:23,1147.45,456391,3,1144.86,157891,149929,1.012368502134777,0
2023-07-28 10:57:27,1147.45,456508,9,1144.86,158412,149044,1.012368502134777,0
2023-07-28 10:57:27,1146.85,456508,113,1144.86,158412,149044,0.9595492759364288,0
2023-07-28 10:57:29,1146.85,456632,113,1144.86,158145,149270,0.9595492759364288,0
2023-07-28 10:57:29,1147.35,456632,12,1144.86,158145,149270,1.0035652977683756,0
2023-07-28 10:57:29,1146.85,456632,50,1144.86,158145,149270,0.9595492759364288,0
2023-07-28 10:57:31,1146.85,456694,50,1144.86,158578,149066,0.9595492759364288,0
2023-07-28 10:57:31,1147.35,456694,68,1144.86,158578,149066,1.0035652977683756,0
2023-07-28 10:57:31,1146.85,456694,97,1144.86,158578,149066,0.9595492759364288,0
2023-07-28 10:57:35,1146.85,456890,97,1144.86,158316,149056,0.9595492759364288,0
2023-07-28 10:57:35,1146.85,456890,1,1144.86,158316,149056,0.9595492759364288,0
2023-07-28 10:57:35,1147.65,456890,37,1144.86,158316,149056,1.0299749108675598,0
2023-07-28 10:57:38,1147.65,457199,37,1144.86,159845,148374,1.0299749108675598,0
2023-07-28 10:57:38,1147.85,457199,7,1144.86,159845,148374,1.0475813196003225,0
2023-07-28 10:57:39,1147.85,457263,7,1144.86,160199,148746,1.0475813196003225,0
2023-07-28 10:57:39,1148.2,457263,12,1144.86,160199,148746,1.0783925348826973,0
2023-07-28 10:57:39,1147.75,457263,1,1144.86,160199,148746,1.038778115233941,0
2023-07-28 10:57:44,1148.05,457277,1,1144.86,160293,148805,1.0651877283331053,0
2023-07-28 10:57:44,1148.5,457277,45,1144.86,160293,148805,1.1048021479818613,0
2023-07-28 10:57:45,1148.5,457438,45,1144.86,160331,148365,1.1048021479818613,0
2023-07-28 10:57:45,1148.15,457438,19,1144.86,160331,148365,1.0739909326995065,0
2023-07-28 10:57:45,1148.25,457438,4,1144.86,160331,148365,1.082794137065888,0
2023-07-28 10:57:47,1148.25,457507,4,1144.86,160282,148431,1.082794137065888,0
2023-07-28 10:57:47,1147.45,457507,2,1144.86,160282,148431,1.012368502134777,0
2023-07-28 10:57:47,1147.5,457507,1,1144.86,160282,148431,1.0167701043179678,0
2023-07-28 10:57:50,1147.5,457511,1,1144.86,153538,148879,1.0167701043179678,0
2023-07-28 10:57:50,1147.5,457511,1,1144.86,160111,148902,1.0167701043179678,0
2023-07-28 10:57:50,1147.6,457511,5,1144.86,160111,148902,1.025573308684349,0
2023-07-28 10:57:57,1147.55,457517,1,1144.86,160148,148814,1.0211717065011583,0
2023-07-28 10:57:57,1148.25,457517,63,1144.86,160655,146863,1.082794137065888,0
2023-07-28 10:57:57,1147.7,457517,1,1144.86,160655,146863,1.0343765130507505,0
2023-07-28 10:58:02,1147.7,457682,1,1144.86,160650,148811,1.0343765130507505,0
2023-07-28 10:58:02,1148.2,457682,1,1144.86,160650,148811,1.0783925348826973,0
2023-07-28 10:58:04,1148.55,457683,21,1144.86,161701,148755,1.109203750165052,0
2023-07-28 10:58:06,1148.2,457746,25,1144.87,161145,148997,1.0783925348826973,0
2023-07-28 10:58:08,1148.2,457870,23,1144.87,160422,147926,1.0783925348826973,0
2023-07-28 10:58:08,1148.65,457888,18,1144.87,161309,149080,1.1180069545314535,0
2023-07-28 10:58:08,1148.65,457888,18,1144.87,161309,149094,1.1180069545314535,0
2023-07-28 10:58:08,1148.65,457888,18,1144.87,161361,149073,1.1180069545314535,0
2023-07-28 10:58:12,1148.2,457890,2,1144.87,160746,149674,1.0783925348826973,0
2023-07-28 10:58:12,1148.2,457890,2,1144.87,160746,149674,1.0783925348826973,0
2023-07-28 10:58:12,1148.2,457890,2,1144.87,160746,149674,1.0783925348826973,0
2023-07-28 10:58:14,1148.2,457892,2,1144.87,160748,150743,1.0783925348826973,0
2023-07-28 10:58:14,1148.2,457892,100,1144.87,161022,150727,1.0783925348826973,0
2023-07-28 10:58:16,1148.65,457992,6,1144.87,160898,150651,1.1180069545314535,0
2023-07-28 10:58:16,1148.75,457992,4,1144.87,160898,150651,1.1268101588978348,0
2023-07-28 10:58:18,1148.25,458050,1,1144.87,158344,150313,1.082794137065888,0
2023-07-28 10:58:18,1148.25,458050,1,1144.87,160663,150822,1.082794137065888,0
2023-07-28 10:58:18,1148.2,458050,1,1144.87,160663,150822,1.0783925348826973,0
2023-07-28 10:58:20,1148.2,458051,1,1144.87,160883,150856,1.0783925348826973,0
2023-07-28 10:58:20,1148.2,458051,1,1144.87,161018,150758,1.0783925348826973,0
2023-07-28 10:58:20,1148.2,458051,1,1144.87,161134,150024,1.0783925348826973,0
2023-07-28 10:58:20,1148.2,458051,1,1144.87,161334,150305,1.0783925348826973,0
2023-07-28 10:58:20,1148.25,458051,1,1144.87,161334,150054,1.082794137065888,0
2023-07-28 10:58:20,1147.25,458051,10,1144.87,161334,150054,0.9947620934019943,0
2023-07-28 10:58:26,1148.2,460554,29,1144.88,158732,151062,1.0783925348826973,0
2023-07-28 10:58:27,1147.7,461298,10,1144.89,160124,151460,1.0343765130507505,0
2023-07-28 10:58:27,1148.4,461298,2,1144.89,160124,151460,1.09599894361548,0
2023-07-28 10:58:28,1148.45,461338,11,1144.89,160846,150965,1.1004005457986707,0
2023-07-28 10:58:29,1148.45,461349,11,1144.89,160098,150819,1.1004005457986707,0
2023-07-28 10:58:32,1147.85,461350,1,1144.89,160442,150558,1.0475813196003225,0
2023-07-28 10:58:32,1147.85,461350,1,1144.89,160467,150740,1.0475813196003225,0
2023-07-28 10:58:32,1147.85,461350,1,1144.89,160467,149480,1.0475813196003225,0
2023-07-28 10:58:32,1147.85,461350,1,1144.89,160400,150794,1.0475813196003225,0
2023-07-28 10:58:32,1147.85,461350,1,1144.89,160400,150885,1.0475813196003225,0
2023-07-28 10:58:32,1148.0,461350,50,1144.89,160400,150885,1.0607861261499145,0
2023-07-28 10:58:37,1148.0,461400,50,1144.89,160508,150898,1.0607861261499145,0
2023-07-28 10:58:38,1147.9,461404,4,1144.89,160504,150899,1.0519829217835333,0
2023-07-28 10:58:38,1147.9,461404,1,1144.89,160504,150899,1.0519829217835333,0
2023-07-28 10:58:40,1148.85,461524,18,1144.89,162033,150491,1.135613363264216,0
2023-07-28 10:58:40,1148.85,461524,18,1144.89,162033,150491,1.135613363264216,0
2023-07-28 10:58:40,1148.85,461524,1,1144.89,160824,151208,1.135613363264216,0
2023-07-28 10:58:42,1148.85,461564,1,1144.89,161093,150833,1.135613363264216,0
2023-07-28 10:58:42,1148.85,461564,1,1144.89,161317,150833,1.135613363264216,0
2023-07-28 10:58:42,1148.85,461564,1,1144.89,161270,150891,1.135613363264216,0
2023-07-28 10:58:42,1148.85,461564,1,1144.89,161104,150890,1.135613363264216,0
2023-07-28 10:58:42,1148.7,461564,33,1144.89,161104,150890,1.122408556714644,0
2023-07-28 10:58:47,1148.25,461598,1,1144.89,153853,150816,1.082794137065888,0
2023-07-28 10:58:48,1148.5,461692,20,1144.89,160436,151051,1.1048021479818613,0
2023-07-28 10:58:48,1148.15,461712,17,1144.89,160425,151035,1.0739909326995065,0
2023-07-28 10:58:50,1148.15,461729,17,1144.89,160408,151117,1.0739909326995065,0
2023-07-28 10:58:50,1148.15,461729,17,1144.89,160408,151111,1.0739909326995065,0
2023-07-28 10:58:53,1148.15,461730,1,1144.89,160620,151044,1.0739909326995065,0
2023-07-28 10:58:53,1148.15,461730,1,1144.89,160562,151044,1.0739909326995065,0
2023-07-28 10:58:56,1148.5,461731,1,1144.89,160446,151029,1.1048021479818613,0
2023-07-28 10:58:56,1148.5,461731,1,1144.89,160435,151041,1.1048021479818613,0
2023-07-28 10:58:56,1148.5,461731,1,1144.89,160513,151041,1.1048021479818613,0
2023-07-28 10:58:56,1148.5,461731,1,1144.89,160503,151041,1.1048021479818613,0
2023-07-28 10:59:00,1148.15,461742,11,1144.89,160175,151371,1.0739909326995065,0
2023-07-28 10:59:00,1148.65,461742,8,1144.89,160175,151371,1.1180069545314535,0
2023-07-28 10:59:01,1148.15,461762,8,1144.89,159983,151177,1.0739909326995065,0
2023-07-28 10:59:01,1148.15,461762,8,1144.89,159983,151177,1.0739909326995065,0
2023-07-28 10:59:01,1148.15,461762,8,1144.89,160658,151389,1.0739909326995065,0
2023-07-28 10:59:04,1148.5,461763,1,1144.89,160821,151258,1.1048021479818613,0
2023-07-28 10:59:04,1148.5,461813,50,1144.89,154395,151217,1.1048021479818613,0
2023-07-28 10:59:04,1148.7,461813,11,1144.89,154395,151217,1.122408556714644,0
2023-07-28 10:59:05,1148.7,461824,11,1144.89,161270,150851,1.122408556714644,0
2023-07-28 10:59:05,1148.7,461824,1,1144.89,161070,150834,1.122408556714644,0
2023-07-28 10:59:07,1148.5,461827,1,1144.89,160880,150975,1.1048021479818613,0
2023-07-28 10:59:09,1148.5,461828,1,1144.89,160860,150977,1.1048021479818613,0
2023-07-28 10:59:10,1148.95,461883,22,1144.89,161024,150460,1.1444165676306175,0
2023-07-28 10:59:10,1148.95,461883,22,1144.89,160992,151252,1.1444165676306175,0
2023-07-28 10:59:10,1148.95,461883,22,1144.89,161067,151111,1.1444165676306175,0
2023-07-28 10:59:10,1148.95,461883,22,1144.89,160917,149674,1.1444165676306175,0
2023-07-28 10:59:10,1148.5,461883,1,1144.89,160917,149674,1.1048021479818613,0
2023-07-28 10:59:14,1148.5,461884,1,1144.89,160909,151437,1.1048021479818613,0
2023-07-28 10:59:16,1148.5,461885,1,1144.89,161182,151115,1.1048021479818613,0
2023-07-28 10:59:16,1148.5,461886,1,1144.89,161600,151561,1.1048021479818613,0
2023-07-28 10:59:16,1148.5,461886,1,1144.89,163113,150783,1.1048021479818613,0
2023-07-28 10:59:16,1148.5,461886,1,1144.89,163437,150634,1.1048021479818613,0
2023-07-28 10:59:16,1148.5,461886,1,1144.89,163442,150612,1.1048021479818613,0
2023-07-28 10:59:16,1148.8,461886,1,1144.89,163442,150612,1.1312117610810255,0
2023-07-28 10:59:22,1148.8,462887,1,1144.9,162825,150595,1.1312117610810255,0
2023-07-28 10:59:22,1149.55,462887,51,1144.9,162825,150595,1.1972357938289457,0
2023-07-28 10:59:22,1148.8,463005,25,1144.9,162427,150360,1.1312117610810255,0
2023-07-28 10:59:24,1148.9,463343,39,1144.91,161879,151365,1.1400149654474268,0
2023-07-28 10:59:24,1149.0,463375,27,1144.91,155831,150868,1.1488181698138082,0
2023-07-28 10:59:25,1149.4,463377,3,1144.91,162186,151469,1.1840309872793737,0
2023-07-28 10:59:25,1149.4,463377,3,1144.91,162186,151469,1.1840309872793737,0
2023-07-28 10:59:25,1149.4,463380,3,1144.91,162332,151533,1.1840309872793737,0
2023-07-28 10:59:27,1149.4,463390,3,1144.91,149519,152372,1.1840309872793737,0
2023-07-28 10:59:28,1148.95,463424,1,1144.91,149886,151499,1.1444165676306175,0
2023-07-28 10:59:28,1148.95,463424,1,1144.91,149886,151499,1.1444165676306175,0
2023-07-28 10:59:28,1148.95,463424,1,1144.91,156602,151649,1.1444165676306175,0
2023-07-28 10:59:28,1148.95,463424,1,1144.91,163386,151509,1.1444165676306175,0
2023-07-28 10:59:28,1148.95,463424,1,1144.91,163386,151509,1.1444165676306175,0
2023-07-28 10:59:28,1148.95,463424,1,1144.91,163533,151505,1.1444165676306175,0
2023-07-28 10:59:28,1149.65,463424,34,1144.91,163533,151505,1.206038998195347,0
2023-07-28 10:59:34,1149.65,463494,34,1144.91,157599,151073,1.206038998195347,0
2023-07-28 10:59:34,1149.65,463494,1,1144.91,157599,151073,1.206038998195347,0
2023-07-28 10:59:35,1149.7,463507,10,1144.91,162655,151728,1.2104406003785377,0
2023-07-28 10:59:35,1149.7,463507,10,1144.91,163340,151311,1.2104406003785377,0
2023-07-28 10:59:35,1149.7,463507,10,1144.91,163544,151461,1.2104406003785377,0
2023-07-28 10:59:38,1149.7,463508,1,1144.91,163550,151457,1.2104406003785377,0
2023-07-28 10:59:38,1148.95,463508,10,1144.91,163550,151457,1.1444165676306175,0
2023-07-28 10:59:40,1149.6,464763,10,1144.92,162633,152110,1.2016373960121363,0
2023-07-28 10:59:40,1149.7,464886,3,1144.92,162926,151522,1.2104406003785377,0
2023-07-28 10:59:41,1149.7,464903,3,1144.92,162798,151962,1.2104406003785377,0
2023-07-28 10:59:41,1149.2,464903,26,1144.92,162798,151962,1.166424578546591,0
2023-07-28 10:59:42,1149.2,464929,26,1144.92,162547,151988,1.166424578546591,0
2023-07-28 10:59:44,1149.0,465080,1,1144.92,163019,151885,1.1488181698138082,0
2023-07-28 10:59:44,1149.05,465080,58,1144.92,163019,151885,1.1532197719969988,0
2023-07-28 10:59:44,1149.05,465287,58,1144.93,162835,151516,1.1532197719969988,0
2023-07-28 10:59:44,1149.6,465287,1,1144.93,162835,151516,1.2016373960121363,0
2023-07-28 10:59:45,1149.6,465308,1,1144.93,162932,151373,1.2016373960121363,0
2023-07-28 10:59:45,1149.6,465308,1,1144.93,162932,151373,1.2016373960121363,0
2023-07-28 10:59:45,1149.6,465308,1,1144.93,162898,151376,1.2016373960121363,0
2023-07-28 10:59:45,1149.05,465308,2,1144.93,162898,151376,1.1532197719969988,0
2023-07-28 10:59:49,1149.05,465310,2,1144.93,163143,150350,1.1532197719969988,0
2023-07-28 10:59:49,1149.05,465310,2,1144.93,162143,150432,1.1532197719969988,0
2023-07-28 10:59:49,1149.05,465310,2,1144.93,163143,151432,1.1532197719969988,0
2023-07-28 10:59:49,1149.05,465310,2,1144.93,163143,151294,1.1532197719969988,0
2023-07-28 10:59:49,1149.05,465310,2,1144.93,163143,151365,1.1532197719969988,0
2023-07-28 10:59:56,1149.05,465311,1,1144.93,163130,151452,1.1532197719969988,0
2023-07-28 10:59:56,1149.05,465311,1,1144.93,163877,151298,1.1532197719969988,0
2023-07-28 10:59:56,1149.05,465311,1,1144.93,163900,151285,1.1532197719969988,0
2023-07-28 10:59:56,1149.7,465311,1,1144.93,163900,151285,1.2104406003785377,0
2023-07-28 11:00:01,1149.7,465344,18,1144.93,163588,151716,1.2104406003785377,0
2023-07-28 11:00:02,1149.7,465346,2,1144.93,163619,151618,1.2104406003785377,0
2023-07-28 11:00:04,1149.7,465348,1,1144.93,163574,151486,1.2104406003785377,0
2023-07-28 11:00:04,1149.7,465348,1,1144.93,163576,151693,1.2104406003785377,0
2023-07-28 11:00:04,1149.7,465348,1,1144.93,163576,151694,1.2104406003785377,0
2023-07-28 11:00:04,1149.7,465348,1,1144.93,163589,151697,1.2104406003785377,0
2023-07-28 11:00:04,1149.05,465348,84,1144.93,163589,151694,1.1532197719969988,0
2023-07-28 11:00:10,1149.65,466350,10,1144.93,163203,152265,1.206038998195347,0
2023-07-28 11:00:11,1149.1,466563,7,1144.94,162789,152341,1.1576213741801895,0
2023-07-28 11:00:12,1149.0,466747,19,1144.94,162058,152465,1.1488181698138082,0
2023-07-28 11:00:13,1148.95,466932,85,1144.94,162404,152207,1.1444165676306175,0
2023-07-28 11:00:13,1149.25,466932,18,1144.94,162404,152207,1.1708261807297815,0
2023-07-28 11:00:14,1149.25,466980,18,1144.94,162835,151323,1.1708261807297815,0
2023-07-28 11:00:14,1149.25,466980,18,1144.94,162720,151809,1.1708261807297815,0
2023-07-28 11:00:14,1149.25,466980,18,1144.94,162888,151802,1.1708261807297815,0
2023-07-28 11:00:17,1148.95,466981,1,1144.94,163059,150524,1.1444165676306175,0
2023-07-28 11:00:17,1148.95,466981,1,1144.94,162823,152306,1.1444165676306175,0
2023-07-28 11:00:17,1148.95,466981,1,1144.94,162883,151636,1.1444165676306175,0
2023-07-28 11:00:17,1148.95,466981,1,1144.94,162970,151955,1.1444165676306175,0
2023-07-28 11:00:17,1149.25,466981,1,1144.94,162970,151955,1.1708261807297815,0
2023-07-28 11:00:22,1149.25,466982,1,1144.94,162887,152053,1.1708261807297815,0
2023-07-28 11:00:22,1149.25,466982,1,1144.94,162820,152178,1.1708261807297815,0
2023-07-28 11:00:24,1149.25,466983,1,1144.94,162541,152525,1.1708261807297815,0
2023-07-28 11:00:24,1149.25,466983,1,1144.94,162550,152525,1.1708261807297815,0
2023-07-28 11:00:24,1149.25,466983,1,1144.94,162471,152539,1.1708261807297815,0
2023-07-28 11:00:24,1149.25,466983,1,1144.94,162469,152599,1.1708261807297815,0
2023-07-28 11:00:24,1149.25,466983,1,1144.94,162469,152599,1.1708261807297815,0
2023-07-28 11:00:24,1149.25,466983,1,1144.94,162830,151944,1.1708261807297815,0
2023-07-28 11:00:24,1149.3,466983,1,1144.94,162830,151944,1.1752277829129723,0
2023-07-28 11:00:30,1149.3,466984,1,1144.94,162870,152120,1.1752277829129723,0
2023-07-28 11:00:30,1149.25,466984,1,1144.94,162870,152120,1.1708261807297815,0
2023-07-28 11:00:31,1149.25,466985,1,1144.94,162914,152105,1.1708261807297815,0
2023-07-28 11:00:31,1149.25,466985,1,1144.94,162914,152160,1.1708261807297815,0
2023-07-28 11:00:35,1149.25,467035,23,1144.94,162929,152258,1.1708261807297815,0
2023-07-28 11:00:35,1149.3,467035,1,1144.94,162929,152258,1.1752277829129723,0
2023-07-28 11:00:36,1149.65,467038,2,1144.94,163055,151986,1.206038998195347,0
2023-07-28 11:00:38,1149.2,467072,25,1144.94,162827,152149,1.166424578546591,0
2023-07-28 11:00:39,1149.35,467078,2,1144.94,162833,152106,1.179629385096163,0
2023-07-28 11:00:39,1149.35,467079,1,1144.94,162834,152105,1.179629385096163,0
2023-07-28 11:00:39,1149.2,467079,6,1144.94,162834,152105,1.166424578546591,0
2023-07-28 11:00:41,1149.2,467085,6,1144.94,162800,152105,1.166424578546591,0
2023-07-28 11:00:41,1149.2,467085,6,1144.94,162794,152105,1.166424578546591,0
2023-07-28 11:00:44,1149.6,467100,12,1144.94,162889,151896,1.2016373960121363,0
2023-07-28 11:00:45,1149.2,467102,1,1144.94,162855,151895,1.166424578546591,0
2023-07-28 11:00:45,1149.2,467102,1,1144.94,162857,151895,1.166424578546591,0
2023-07-28 11:00:45,1149.2,467102,1,1144.94,162855,151895,1.166424578546591,0
2023-07-28 11:00:45,1149.2,467102,1,1144.94,162855,151895,1.166424578546591,0
2023-07-28 11:00:50,1149.7,467145,12,1144.94,162903,152033,1.2104406003785377,0
2023-07-28 11:00:50,1149.7,467145,4,1144.94,162903,152033,1.2104406003785377,0
2023-07-28 11:00:50,1149.7,467149,4,1144.94,163122,151285,1.2104406003785377,0
2023-07-28 11:00:50,1149.7,467149,4,1144.94,162317,151285,1.2104406003785377,0
2023-07-28 11:00:50,1149.75,467149,1,1144.94,162317,151285,1.2148422025617285,0
2023-07-28 11:00:52,1149.75,467151,1,1144.94,162351,151439,1.2148422025617285,0
2023-07-28 11:00:53,1149.2,467266,38,1144.94,162569,151702,1.166424578546591,0
2023-07-28 11:00:54,1149.85,467287,12,1144.94,162903,151681,1.2236454069281097,0
2023-07-28 11:00:54,1149.85,467287,1,1144.94,162903,151681,1.2236454069281097,0
2023-07-28 11:00:56,1150.45,467690,7,1144.95,164473,150621,1.276464633126458,0
2023-07-28 11:00:56,1150.45,467924,7,1144.95,163822,148152,1.276464633126458,0
2023-07-28 11:00:57,1150.45,467962,20,1144.95,164181,150590,1.276464633126458,0
2023-07-28 11:00:58,1150.45,467965,3,1144.95,164670,150594,1.276464633126458,0
2023-07-28 11:00:58,1150.1,467965,4,1144.95,164670,150594,1.2456534178440832,0
2023-07-28 11:00:58,1151.0,467965,31,1144.95,164670,150594,1.3248822571415955,0
2023-07-28 11:01:01,1151.0,468144,11,1144.95,164813,150881,1.3248822571415955,0
2023-07-28 11:01:02,1150.95,468156,7,1144.95,164894,151388,1.3204806549584047,0
2023-07-28 11:01:02,1150.95,468156,7,1144.95,164863,151145,1.3204806549584047,0
2023-07-28 11:01:05,1150.65,468169,13,1144.95,164779,151361,1.2940710418592407,0
2023-07-28 11:01:05,1150.65,468170,1,1144.95,164710,151335,1.2940710418592407,0
2023-07-28 11:01:06,1150.45,468171,1,1144.95,164182,151628,1.276464633126458,0
2023-07-28 11:01:06,1150.45,468171,1,1144.95,164489,151062,1.276464633126458,0
2023-07-28 11:01:06,1150.45,468171,1,1144.95,164489,151062,1.276464633126458,0
2023-07-28 11:01:08,1150.45,468172,1,1144.95,164674,152360,1.276464633126458,0
2023-07-28 11:01:08,1150.45,468172,1,1144.95,164615,152528,1.276464633126458,0
2023-07-28 11:01:11,1150.45,468173,1,1144.95,164575,152515,1.276464633126458,0
2023-07-28 11:01:11,1150.45,468173,1,1144.95,164832,151171,1.276464633126458,0
2023-07-28 11:01:14,1150.45,468174,1,1144.95,164801,152650,1.276464633126458,0
2023-07-28 11:01:14,1150.45,468174,1,1144.95,164675,152368,1.276464633126458,0
2023-07-28 11:01:14,1150.45,468174,1,1144.95,164880,152474,1.276464633126458,0
2023-07-28 11:01:14,1150.45,468174,1,1144.95,164931,152224,1.276464633126458,0
2023-07-28 11:01:14,1150.45,468174,1,1144.95,164857,152304,1.276464633126458,0
2023-07-28 11:01:14,1150.45,468174,1,1144.95,164857,152304,1.276464633126458,0
2023-07-28 11:01:20,1150.45,468175,1,1144.95,164892,152304,1.276464633126458,0
2023-07-28 11:01:20,1150.45,468175,1,1144.95,164999,152249,1.276464633126458,0
2023-07-28 11:01:20,1150.45,468175,1,1144.95,165073,150992,1.276464633126458,0
2023-07-28 11:01:20,1151.0,468175,62,1144.95,165097,150847,1.3248822571415955,0
2023-07-28 11:01:24,1151.0,468311,18,1144.96,165097,150686,1.3248822571415955,0
2023-07-28 11:01:25,1151.0,468339,10,1144.96,165327,150623,1.3248822571415955,0
2023-07-28 11:01:26,1151.0,468341,2,1144.96,165275,150692,1.3248822571415955,0
2023-07-28 11:01:27,1150.6,468343,2,1144.96,163061,150303,1.28966943967603,0
2023-07-28 11:01:27,1150.6,468343,2,1144.96,163072,150520,1.28966943967603,0
2023-07-28 11:01:30,1151.0,468386,3,1144.96,163333,150435,1.3248822571415955,0
2023-07-28 11:01:30,1151.0,468389,3,1144.96,165157,150232,1.3248822571415955,0
2023-07-28 11:01:32,1151.0,468489,17,1144.96,165294,149903,1.3248822571415955,0
2023-07-28 11:01:33,1151.0,468522,12,1144.96,165218,149797,1.3248822571415955,0
2023-07-28 11:01:33,1150.7,468522,1,1144.96,165218,149797,1.2984726440424315,0
2023-07-28 11:01:33,1150.7,468543,1,1144.96,165159,149853,1.2984726440424315,0
2023-07-28 11:01:34,1150.7,468546,1,1144.96,165162,149852,1.2984726440424315,0
2023-07-28 11:01:36,1150.7,468548,1,1144.96,165161,149864,1.2984726440424315,0
2023-07-28 11:01:36,1150.7,468548,1,1144.96,165161,149864,1.2984726440424315,0
2023-07-28 11:01:38,1151.0,468549,1,1144.96,165161,149863,1.3248822571415955,0
2023-07-28 11:01:38,1151.0,468549,1,1144.96,165161,149985,1.3248822571415955,0
2023-07-28 11:01:38,1150.7,468549,20,1144.96,165161,149985,1.2984726440424315,0
2023-07-28 11:01:40,1150.7,468569,20,1144.96,164624,150163,1.2984726440424315,0
2023-07-28 11:01:40,1151.0,468570,1,1144.96,164961,149648,1.3248822571415955,0
2023-07-28 11:01:40,1150.75,468570,1,1144.96,164961,149648,1.302874246225622,0
2023-07-28 11:01:42,1151.05,468648,1,1144.96,164812,148253,1.3292838593247862,0
2023-07-28 11:01:42,1150.75,468648,2,1144.96,164812,148253,1.302874246225622,0
2023-07-28 11:01:42,1151.05,468648,1,1144.96,164812,148253,1.3292838593247862,0
2023-07-28 11:01:43,1151.05,468672,1,1144.96,165088,149636,1.3292838593247862,0
2023-07-28 11:01:43,1151.05,468672,1,1144.96,164835,149538,1.3292838593247862,0
2023-07-28 11:01:43,1151.0,468672,1,1144.96,164835,149538,1.3248822571415955,0
2023-07-28 11:01:46,1151.0,468673,1,1144.96,164484,149621,1.3248822571415955,0
2023-07-28 11:01:46,1151.0,468673,1,1144.96,164626,149646,1.3248822571415955,0
2023-07-28 11:01:48,1151.0,468674,1,1144.96,164745,148394,1.3248822571415955,0
2023-07-28 11:01:49,1151.05,468675,1,1144.96,164659,149643,1.3292838593247862,0
2023-07-28 11:01:49,1151.0,468675,1,1144.96,164659,149643,1.3248822571415955,0
2023-07-28 11:01:51,1151.0,468676,1,1144.96,164725,149518,1.3248822571415955,0
2023-07-28 11:01:51,1151.05,468676,100,1144.96,164725,149518,1.3292838593247862,0
2023-07-28 11:01:52,1151.05,468776,13,1144.96,164733,149419,1.3292838593247862,0
2023-07-28 11:01:52,1151.0,468776,31,1144.96,164733,149419,1.3248822571415955,0
2023-07-28 11:01:53,1151.0,468828,31,1144.96,164702,149353,1.3248822571415955,0
2023-07-28 11:01:54,1151.5,468986,11,1144.96,165267,148584,1.3688982789735422,0
2023-07-28 11:01:54,1151.1,468986,1,1144.96,165267,148584,1.333685461507977,0
2023-07-28 11:01:56,1151.5,469048,3,1144.96,165142,148952,1.3688982789735422,0
2023-07-28 11:01:56,1151.5,469048,3,1144.96,165142,148952,1.3688982789735422,0
2023-07-28 11:01:56,1151.5,469048,3,1144.96,165233,148956,1.3688982789735422,0
2023-07-28 11:01:56,1151.5,469048,3,1144.96,165317,148644,1.3688982789735422,0
2023-07-28 11:01:56,1151.5,469048,3,1144.96,165327,148842,1.3688982789735422,0
2023-07-28 11:02:02,1151.1,469049,1,1144.96,165002,147576,1.333685461507977,0
2023-07-28 11:02:02,1151.1,469049,1,1144.96,165002,148826,1.333685461507977,0
2023-07-28 11:02:02,1151.1,469049,1,1144.96,165002,148865,1.333685461507977,0
2023-07-28 11:02:02,1151.65,469049,1,1144.96,165002,148865,1.3821030855231344,0
2023-07-28 11:02:04,1151.7,469115,1,1144.97,165135,147912,1.386504687706325,0
2023-07-28 11:02:05,1151.95,469118,1,1144.97,165800,148611,1.4085126986222984,0
2023-07-28 11:02:05,1151.95,469118,10,1144.97,165800,148611,1.4085126986222984,0
2023-07-28 11:02:07,1151.75,469145,7,1144.97,165269,148931,1.3909062898895157,0
2023-07-28 11:02:07,1151.75,469145,7,1144.97,165269,148931,1.3909062898895157,0
2023-07-28 11:02:07,1151.75,469145,1,1144.97,165269,148931,1.3909062898895157,0
2023-07-28 11:02:09,1151.75,469146,1,1144.97,165179,149317,1.3909062898895157,0
2023-07-28 11:02:09,1151.75,469146,1,1144.97,165179,149520,1.3909062898895157,0
2023-07-28 11:02:09,1151.75,469146,1,1144.97,164986,149570,1.3909062898895157,0
2023-07-28 11:02:12,1151.75,469147,1,1144.97,164967,149465,1.3909062898895157,0
2023-07-28 11:02:12,1151.75,469147,1,1144.97,164994,149465,1.3909062898895157,0
2023-07-28 11:02:12,1151.75,469147,1,1144.97,165061,149445,1.3909062898895157,0
2023-07-28 11:02:12,1151.75,469147,2,1144.97,165061,149545,1.3909062898895157,0
2023-07-28 11:02:12,1151.85,469147,2,1144.97,165061,149545,1.3997094942558972,0
2023-07-28 11:02:16,1151.85,469151,2,1144.97,164992,149603,1.3997094942558972,0
2023-07-28 11:02:16,1151.85,469151,1,1144.97,164992,149603,1.3997094942558972,0
2023-07-28 11:02:17,1151.85,469152,1,1144.97,165458,149638,1.3997094942558972,0
2023-07-28 11:02:17,1151.85,469152,1,1144.97,165458,149640,1.3997094942558972,0
2023-07-28 11:02:20,1151.75,469153,1,1144.97,165457,149640,1.3909062898895157,0
2023-07-28 11:02:20,1151.75,469153,1,1144.97,165457,149810,1.3909062898895157,0
2023-07-28 11:02:20,1151.75,469153,1,1144.97,165457,149810,1.3909062898895157,0
2023-07-28 11:02:20,1151.75,469153,1,1144.97,165457,149836,1.3909062898895157,0
2023-07-28 11:02:23,1151.75,469154,1,1144.97,165456,149776,1.3909062898895157,0
2023-07-28 11:02:23,1151.75,469154,1,1144.97,165456,149776,1.3909062898895157,0
2023-07-28 11:02:23,1151.75,469154,1,1144.97,165456,149486,1.3909062898895157,0
2023-07-28 11:02:26,1151.85,469218,3,1144.97,165456,149406,1.3997094942558972,0
2023-07-28 11:02:26,1151.85,469218,3,1144.97,165456,149406,1.3997094942558972,0
2023-07-28 11:02:26,1151.85,469232,3,1144.97,165538,149352,1.3997094942558972,0
2023-07-28 11:02:28,1151.85,469233,1,1144.97,165538,149425,1.3997094942558972,0
2023-07-28 11:02:28,1151.75,469233,80,1144.97,165538,149425,1.3909062898895157,0
2023-07-28 11:02:29,1151.85,469319,1,1144.97,165458,149580,1.3997094942558972,0
2023-07-28 11:02:30,1151.75,469332,1,1144.97,165466,149466,1.3909062898895157,0
2023-07-28 11:02:30,1151.85,469332,1,1144.97,165466,149466,1.3997094942558972,0
2023-07-28 11:02:32,1151.75,469334,1,1144.97,165192,149469,1.3909062898895157,0
2023-07-28 11:02:32,1151.75,469335,1,1144.97,165191,149464,1.3909062898895157,0
2023-07-28 11:02:32,1151.75,469335,1,1144.97,165111,149464,1.3909062898895157,0
2023-07-28 11:02:37,1151.75,469336,1,1144.97,165110,149464,1.3909062898895157,0
2023-07-28 11:02:37,1151.75,469336,50,1144.97,165110,149464,1.3909062898895157,0
2023-07-28 11:02:38,1151.75,469393,6,1144.97,165053,149337,1.3909062898895157,0
2023-07-28 11:02:38,1151.5,469393,24,1144.97,165053,149337,1.3688982789735422,0
2023-07-28 11:02:40,1151.65,471236,3,1145.0,157188,150832,1.3821030855231344,0
2023-07-28 11:02:40,1151.8,471525,77,1145.0,164530,150780,1.3953078920727064,0
2023-07-28 11:02:40,1151.6,471525,15,1145.0,164530,150780,1.3777014833399237,0
2023-07-28 11:02:41,1151.6,471562,15,1145.0,163453,150735,1.3777014833399237,0
2023-07-28 11:02:41,1151.15,471562,91,1145.0,163453,150735,1.3380870636911875,0
2023-07-28 11:02:42,1151.15,471675,91,1145.0,162648,151058,1.3380870636911875,0
2023-07-28 11:02:42,1151.0,471675,16,1145.0,162648,151058,1.3248822571415955,0
2023-07-28 11:02:44,1151.15,472072,1,1145.01,156812,150559,1.3380870636911875,0
2023-07-28 11:02:45,1151.15,472106,1,1145.01,163077,150430,1.3380870636911875,0
2023-07-28 11:02:45,1151.15,472106,2,1145.01,163077,150430,1.3380870636911875,0
2023-07-28 11:02:45,1151.15,472115,2,1145.01,163125,150501,1.3380870636911875,0
2023-07-28 11:02:47,1151.0,472119,4,1145.01,163078,150656,1.3248822571415955,0
2023-07-28 11:02:51,1151.45,472139,3,1145.01,163866,150565,1.3644966767903517,0
2023-07-28 11:02:51,1151.0,472140,1,1145.01,163228,150626,1.3248822571415955,0
2023-07-28 11:02:51,1151.0,472140,1,1145.01,163184,150626,1.3248822571415955,0
2023-07-28 11:02:51,1151.0,472140,3,1145.01,163184,150626,1.3248822571415955,0
2023-07-28 11:02:54,1151.0,472143,3,1145.01,163191,150620,1.3248822571415955,0
2023-07-28 11:02:54,1151.45,472143,1,1145.01,163191,150620,1.3644966767903517,0
2023-07-28 11:02:55,1151.45,472144,1,1145.01,163110,150813,1.3644966767903517,0
2023-07-28 11:02:55,1151.4,472144,1,1145.01,163110,150813,1.360095074607161,0
2023-07-28 11:02:57,1151.4,472145,1,1145.01,163263,151212,1.360095074607161,0
2023-07-28 11:02:57,1151.0,472145,1,1145.01,163263,151212,1.3248822571415955,0
2023-07-28 11:02:58,1151.0,472246,2,1145.01,163265,151014,1.3248822571415955,0
2023-07-28 11:02:59,1151.4,472260,10,1145.01,163345,151915,1.360095074607161,0
2023-07-28 11:03:02,1151.0,472338,68,1145.01,162906,151984,1.3248822571415955,0
2023-07-28 11:03:02,1151.0,472338,68,1145.01,163203,151490,1.3248822571415955,0
2023-07-28 11:03:02,1151.4,472338,20,1145.01,163318,152410,1.360095074607161,0
2023-07-28 11:03:05,1151.4,472385,14,1145.01,163316,152361,1.360095074607161,0
2023-07-28 11:03:06,1151.4,472399,14,1145.01,162792,152427,1.360095074607161,0
2023-07-28 11:03:06,1151.4,472399,14,1145.01,163262,152427,1.360095074607161,0
2023-07-28 11:03:06,1151.4,472399,34,1145.01,163262,152427,1.360095074607161,0
2023-07-28 11:03:07,1151.4,472449,34,1145.01,163262,152527,1.360095074607161,0
2023-07-28 11:03:07,1151.4,472449,34,1145.01,163262,152536,1.360095074607161,0
2023-07-28 11:03:07,1151.4,472449,34,1145.01,163262,152536,1.360095074607161,0
2023-07-28 11:03:07,1151.4,472449,34,1145.01,163310,152536,1.360095074607161,0
2023-07-28 11:03:07,1151.4,472449,3,1145.01,163310,152536,1.360095074607161,0
2023-07-28 11:03:12,1151.4,472452,3,1145.01,163405,152364,1.360095074607161,0
2023-07-28 11:03:12,1151.0,472453,1,1145.01,163349,152389,1.3248822571415955,0
2023-07-28 11:03:12,1151.4,472453,35,1145.01,163349,152389,1.360095074607161,0
2023-07-28 11:03:15,1151.4,472488,35,1145.01,163368,152440,1.360095074607161,0
2023-07-28 11:03:15,1151.4,472488,35,1145.01,163368,152425,1.360095074607161,0
2023-07-28 11:03:15,1151.4,472488,35,1145.01,163388,152400,1.360095074607161,0
2023-07-28 11:03:15,1151.4,472488,35,1145.01,163383,152400,1.360095074607161,0
2023-07-28 11:03:15,1151.4,472488,35,1145.01,163368,152400,1.360095074607161,0
2023-07-28 11:03:15,1151.0,472488,1,1145.01,163368,152400,1.3248822571415955,0
2023-07-28 11:03:19,1151.0,472489,1,1145.01,150739,152600,1.3248822571415955,0
2023-07-28 11:03:19,1151.0,472489,42,1145.01,150739,152600,1.3248822571415955,0
2023-07-28 11:03:20,1151.0,472589,42,1145.01,163151,152614,1.3248822571415955,0
2023-07-28 11:03:20,1151.0,472589,42,1145.01,163072,152687,1.3248822571415955,0
2023-07-28 11:03:20,1151.0,472589,42,1145.01,163237,152599,1.3248822571415955,0
2023-07-28 11:03:20,1151.0,472589,42,1145.01,163229,151451,1.3248822571415955,0
2023-07-28 11:03:20,1150.8,472589,3,1145.01,163265,151316,1.3072758484088127,0
2023-07-28 11:03:25,1150.8,472592,1,1145.01,163254,150303,1.3072758484088127,0
2023-07-28 11:03:26,1150.8,472594,1,1145.01,163313,150303,1.3072758484088127,0
2023-07-28 11:03:26,1150.8,472594,1,1145.01,163313,150303,1.3072758484088127,0
2023-07-28 11:03:26,1150.8,472594,1,1145.01,163357,150303,1.3072758484088127,0
2023-07-28 11:03:26,1150.8,472594,1,1145.01,162191,150988,1.3072758484088127,0
2023-07-28 11:03:26,1150.8,472594,1,1145.01,162575,151288,1.3072758484088127,0
2023-07-28 11:03:33,1150.8,472595,1,1145.01,143868,150754,1.3072758484088127,0
2023-07-28 11:03:33,1150.8,472595,1,1145.01,143830,150754,1.3072758484088127,0
2023-07-28 11:03:33,1150.8,472595,10,1145.01,143830,150754,1.3072758484088127,0
2023-07-28 11:03:35,1150.8,472609,10,1145.01,162578,150794,1.3072758484088127,0
2023-07-28 11:03:35,1150.8,472609,10,1145.01,162578,150794,1.3072758484088127,0
2023-07-28 11:03:35,1151.0,472609,40,1145.01,162578,150794,1.3248822571415955,0
2023-07-28 11:03:37,1151.0,472668,40,1145.01,156571,150733,1.3248822571415955,0
2023-07-28 11:03:37,1151.0,472668,40,1145.01,162908,150867,1.3248822571415955,0
2023-07-28 11:03:40,1150.8,472751,2,1145.02,162443,150984,1.3072758484088127,0
2023-07-28 11:03:40,1150.8,472752,1,1145.02,162486,150883,1.3072758484088127,0
2023-07-28 11:03:40,1150.8,472752,1,1145.02,162588,150883,1.3072758484088127,0
2023-07-28 11:03:40,1150.8,472752,1,1145.02,162574,150882,1.3072758484088127,0
2023-07-28 11:03:40,1150.8,472752,1,1145.02,162643,150882,1.3072758484088127,0
2023-07-28 11:03:45,1150.7,472962,54,1145.02,162325,150426,1.2984726440424315,0
2023-07-28 11:03:45,1150.7,472962,54,1145.02,162726,150411,1.2984726440424315,0
2023-07-28 11:03:45,1150.25,472962,2,1145.02,162726,150411,1.2588582243936752,0
2023-07-28 11:03:47,1150.25,472964,1,1145.02,162755,150578,1.2588582243936752,0
2023-07-28 11:03:48,1150.25,472965,1,1145.02,162816,150463,1.2588582243936752,0
2023-07-28 11:03:48,1150.1,472965,5,1145.02,146460,150644,1.2456534178440832,0
2023-07-28 11:03:50,1150.1,472970,5,1145.02,162162,150306,1.2456534178440832,0
2023-07-28 11:03:50,1150.1,472970,5,1145.02,162382,150258,1.2456534178440832,0
2023-07-28 11:03:50,1150.1,472970,5,1145.02,162432,150304,1.2456534178440832,0
2023-07-28 11:03:53,1150.15,473024,27,1145.02,162140,150418,1.250055020027294,0
2023-07-28 11:03:53,1150.05,473024,2,1145.02,162140,150418,1.2412518156608925,0
2023-07-28 11:03:54,1150.05,473026,2,1145.02,162546,150581,1.2412518156608925,0
2023-07-28 11:03:54,1150.05,473026,2,1145.02,162488,150395,1.2412518156608925,0
2023-07-28 11:03:54,1150.05,473026,1,1145.02,162488,150395,1.2412518156608925,0
2023-07-28 11:03:56,1150.05,473027,1,1145.02,162637,150433,1.2412518156608925,0
2023-07-28 11:03:56,1150.05,473027,1,1145.02,162637,150371,1.2412518156608925,0
2023-07-28 11:03:56,1150.05,473027,47,1145.02,162637,150371,1.2412518156608925,0
2023-07-28 11:03:59,1150.05,473127,47,1145.02,162585,150370,1.2412518156608925,0
2023-07-28 11:03:59,1150.05,473127,47,1145.02,162629,150370,1.2412518156608925,0
2023-07-28 11:04:01,1150.15,473128,1,1145.02,162709,150219,1.250055020027294,0
2023-07-28 11:04:01,1150.15,473128,1,1145.02,162709,150296,1.250055020027294,0
2023-07-28 11:04:01,1150.15,473128,1,1145.02,162709,150296,1.250055020027294,0
2023-07-28 11:04:01,1150.15,473128,1,1145.02,162709,150312,1.250055020027294,0
2023-07-28 11:04:01,1150.15,473128,1,1145.02,162793,150262,1.250055020027294,0
2023-07-28 11:04:01,1150.15,473128,1,1145.02,162785,150204,1.250055020027294,0
2023-07-28 11:04:01,1150.15,473128,1,1145.02,162793,150216,1.250055020027294,0
2023-07-28 11:04:01,1150.15,473128,11,1145.02,162793,150216,1.250055020027294,0
2023-07-28 11:04:08,1150.15,473140,1,1145.02,162580,150281,1.250055020027294,0
2023-07-28 11:04:09,1150.7,473142,2,1145.02,162586,150219,1.2984726440424315,0
2023-07-28 11:04:09,1150.7,473142,2,1145.02,162534,150294,1.2984726440424315,0
2023-07-28 11:04:09,1150.7,473142,2,1145.02,162534,150222,1.2984726440424315,0
2023-07-28 11:04:09,1150.7,473142,2,1145.02,162534,150222,1.2984726440424315,0
2023-07-28 11:04:09,1150.15,473142,1,1145.02,162534,150222,1.250055020027294,0
2023-07-28 11:04:15,1150.15,473143,1,1145.02,162609,150299,1.250055020027294,0
2023-07-28 11:04:15,1150.15,473143,1,1145.02,162609,150349,1.250055020027294,0
2023-07-28 11:04:15,1150.15,473143,1,1145.02,162609,150324,1.250055020027294,0
2023-07-28 11:04:15,1150.15,473143,1,1145.02,162516,150324,1.250055020027294,0
2023-07-28 11:04:15,1150.15,473143,1,1145.02,162793,150663,1.250055020027294,0
2023-07-28 11:04:15,1150.15,473143,1,1145.02,162793,150373,1.250055020027294,0
2023-07-28 11:04:15,1150.15,473143,1,1145.02,162793,150373,1.250055020027294,0
2023-07-28 11:04:22,1150.15,473145,1,1145.02,162946,150260,1.250055020027294,0
2023-07-28 11:04:22,1150.15,473145,1,1145.02,163098,150194,1.250055020027294,0
2023-07-28 11:04:22,1150.15,473145,1,1145.02,163028,150261,1.250055020027294,0
2023-07-28 11:04:26,1150.0,473427,3,1145.02,162512,150358,1.2368502134777017,0
2023-07-28 11:04:26,1149.95,473427,50,1145.02,162709,150351,1.2324486112945112,0
2023-07-28 11:04:27,1149.95,473503,50,1145.02,162737,150321,1.2324486112945112,0
2023-07-28 11:04:27,1149.9,473503,26,1145.02,162737,150321,1.2280470091113205,0
2023-07-28 11:04:29,1149.9,473576,3,1145.02,162672,150487,1.2280470091113205,0
2023-07-28 11:04:29,1149.85,473579,2,1145.02,162310,150485,1.2236454069281097,0
2023-07-28 11:04:31,1149.85,473580,1,1145.02,162309,150496,1.2236454069281097,0
2023-07-28 11:04:31,1149.85,473580,1,1145.02,161965,150959,1.2236454069281097,0
2023-07-28 11:04:31,1149.85,473580,1,1145.02,162200,151001,1.2236454069281097,0
2023-07-28 11:04:31,1149.85,473580,1,1145.02,162201,151036,1.2236454069281097,0
2023-07-28 11:04:31,1149.85,473580,1,1145.02,162201,151036,1.2236454069281097,0
2023-07-28 11:04:31,1149.85,473580,1,1145.02,162201,151036,1.2236454069281097,0
2023-07-28 11:04:36,1149.85,473581,1,1145.02,161879,150685,1.2236454069281097,0
2023-07-28 11:04:36,1149.85,473581,24,1145.02,161892,150685,1.2236454069281097,0
2023-07-28 11:04:39,1149.75,473694,45,1145.03,161770,150640,1.2148422025617285,0
2023-07-28 11:04:39,1149.75,473694,45,1145.03,161770,150681,1.2148422025617285,0
2023-07-28 11:04:39,1149.75,473694,45,1145.03,161731,150883,1.2148422025617285,0
2023-07-28 11:04:39,1149.75,473694,45,1145.03,161716,151066,1.2148422025617285,0
2023-07-28 11:04:43,1149.0,473825,20,1145.03,156836,151537,1.1488181698138082,0
2023-07-28 11:04:43,1149.0,473825,20,1145.03,159747,150595,1.1488181698138082,0
2023-07-28 11:04:43,1149.0,473825,20,1145.03,159894,151171,1.1488181698138082,0
2023-07-28 11:04:46,1148.3,473826,1,1145.03,159742,151099,1.0871957392490785,0
2023-07-28 11:04:46,1148.3,473826,1,1145.03,160138,150827,1.0871957392490785,0
2023-07-28 11:04:46,1148.3,473826,1,1145.03,160270,150839,1.0871957392490785,0
2023-07-28 11:04:46,1148.3,473826,1,1145.03,160270,150830,1.0871957392490785,0
2023-07-28 11:04:46,1148.3,473826,1,1145.03,160270,150830,1.0871957392490785,0
2023-07-28 11:04:50,1148.3,473828,1,1145.03,160277,150927,1.0871957392490785,0
2023-07-28 11:04:50,1148.25,473828,25,1145.03,160277,150877,1.082794137065888,0
2023-07-28 11:04:53,1148.25,473928,25,1145.03,160156,150977,1.082794137065888,0
2023-07-28 11:04:53,1148.3,473928,1,1145.03,160156,150977,1.0871957392490785,0
2023-07-28 11:04:54,1148.3,474020,17,1145.03,160578,150564,1.0871957392490785,0
2023-07-28 11:04:54,1148.3,474020,17,1145.03,160591,150636,1.0871957392490785,0
2023-07-28 11:04:54,1148.3,474020,17,1145.03,160591,150719,1.0871957392490785,0
2023-07-28 11:04:54,1148.25,474020,1,1145.03,160591,150719,1.082794137065888,0
2023-07-28 11:04:57,1148.25,474021,1,1145.03,160711,150689,1.082794137065888,0
2023-07-28 11:04:57,1148.25,474021,1,1145.03,160711,150706,1.082794137065888,0
2023-07-28 11:04:57,1148.25,474021,1,1145.03,160831,150689,1.082794137065888,0
2023-07-28 11:04:57,1148.25,474021,1,1145.03,160831,150702,1.082794137065888,0
2023-07-28 11:04:57,1148.25,474021,1,1145.03,160600,150822,1.082794137065888,0
2023-07-28 11:04:57,1148.25,474021,1,1145.03,160764,150697,1.082794137065888,0
2023-07-28 11:04:57,1148.25,474021,1,1145.03,160764,150697,1.082794137065888,0
2023-07-28 11:05:04,1148.25,474022,1,1145.03,160737,150288,1.082794137065888,0
2023-07-28 11:05:04,1148.25,474022,1,1145.03,160905,150307,1.082794137065888,0
2023-07-28 11:05:04,1148.25,474022,1,1145.03,160905,150296,1.082794137065888,0
2023-07-28 11:05:04,1148.25,474022,1,1145.03,160971,150234,1.082794137065888,0
2023-07-28 11:05:04,1148.25,474022,1,1145.03,160938,150217,1.082794137065888,0
2023-07-28 11:05:11,1148.25,474024,1,1145.03,160914,150187,1.082794137065888,0
2023-07-28 11:05:13,1148.85,474027,1,1145.03,160917,150271,1.135613363264216,0
2023-07-28 11:05:13,1148.85,474027,1,1145.03,160917,150256,1.135613363264216,0
2023-07-28 11:05:13,1148.85,474027,1,1145.03,160917,150256,1.135613363264216,0
2023-07-28 11:05:13,1148.85,474027,1,1145.03,160917,150270,1.135613363264216,0
2023-07-28 11:05:13,1148.85,474027,1,1145.03,161236,150117,1.135613363264216,0
2023-07-28 11:05:18,1148.3,474028,1,1145.03,161209,150101,1.0871957392490785,0
2023-07-28 11:05:18,1148.3,474028,1,1145.03,161111,150192,1.0871957392490785,0
2023-07-28 11:05:18,1148.3,474028,1,1145.03,161111,150192,1.0871957392490785,0
2023-07-28 11:05:20,1148.3,474029,1,1145.03,161099,150233,1.0871957392490785,0
2023-07-28 11:05:20,1148.3,474029,1,1145.03,161099,150222,1.0871957392490785,0
2023-07-28 11:05:20,1148.3,474029,1,1145.03,161147,150228,1.0871957392490785,0
2023-07-28 11:05:20,1148.3,474029,1,1145.03,161147,150228,1.0871957392490785,0
2023-07-28 11:05:20,1148.3,474029,1,1145.03,161147,150228,1.0871957392490785,0
2023-07-28 11:05:20,1148.3,474029,1,1145.03,161147,150224,1.0871957392490785,0
2023-07-28 11:05:20,1148.3,474029,1,1145.03,161147,150224,1.0871957392490785,0
2023-07-28 11:05:25,1148.3,474030,1,1145.03,161146,150224,1.0871957392490785,0
2023-07-28 11:05:25,1148.3,474030,1,1145.03,161146,150224,1.0871957392490785,0
2023-07-28 11:05:25,1148.3,474030,1,1145.03,161146,150239,1.0871957392490785,0
2023-07-28 11:05:25,1148.3,474030,1,1145.03,161117,150219,1.0871957392490785,0
2023-07-28 11:05:25,1148.95,474030,1,1145.03,161117,150219,1.1444165676306175,0
2023-07-28 11:05:29,1148.95,474916,1,1145.04,161769,150084,1.1444165676306175,0
2023-07-28 11:05:29,1148.95,474916,1,1145.04,162039,150453,1.1444165676306175,0
2023-07-28 11:05:29,1149.05,474916,34,1145.04,162039,150453,1.1532197719969988,0
2023-07-28 11:05:30,1149.05,475051,34,1145.04,161354,150623,1.1532197719969988,0
2023-07-28 11:05:32,1148.9,475063,12,1145.04,161295,150579,1.1400149654474268,0
2023-07-28 11:05:32,1149.05,475063,4,1145.04,161295,150579,1.1532197719969988,0
2023-07-28 11:05:32,1148.6,475063,12,1145.04,161295,150579,1.1136053523482428,0
2023-07-28 11:05:33,1148.6,475158,12,1145.04,160646,150546,1.1136053523482428,0
2023-07-28 11:05:36,1148.6,475171,1,1145.04,160610,150379,1.1136053523482428,0
2023-07-28 11:05:36,1148.6,475206,8,1145.04,160833,150332,1.1136053523482428,0
2023-07-28 11:05:36,1148.6,475206,8,1145.04,160857,150512,1.1136053523482428,0
2023-07-28 11:05:39,1148.6,475207,1,1145.04,160856,150652,1.1136053523482428,0
2023-07-28 11:05:39,1148.6,475207,1,1145.04,160856,150658,1.1136053523482428,0
2023-07-28 11:05:39,1148.6,475207,1,1145.04,160817,150671,1.1136053523482428,0
2023-07-28 11:05:39,1148.6,475207,1,1145.04,160827,150746,1.1136053523482428,0
2023-07-28 11:05:39,1148.6,475207,1,1145.04,160827,150746,1.1136053523482428,0
2023-07-28 11:05:39,1148.6,475207,1,1145.04,160827,150745,1.1136053523482428,0
2023-07-28 11:05:39,1148.6,475207,1,1145.04,160827,150745,1.1136053523482428,0
2023-07-28 11:05:46,1148.6,475209,1,1145.04,160825,150788,1.1136053523482428,0
2023-07-28 11:05:46,1148.6,475209,1,1145.04,160895,150770,1.1136053523482428,0
2023-07-28 11:05:46,1148.6,475209,1,1145.04,160895,150771,1.1136053523482428,0
2023-07-28 11:05:46,1148.6,475209,1,1145.04,161056,150774,1.1136053523482428,0
2023-07-28 11:05:51,1148.6,475313,104,1145.04,160794,150936,1.1136053523482428,0
2023-07-28 11:05:51,1148.6,475313,104,1145.04,160838,150545,1.1136053523482428,0
2023-07-28 11:05:53,1148.6,475314,1,1145.04,160833,150505,1.1136053523482428,0
2023-07-28 11:05:53,1148.6,475314,1,1145.04,161008,150406,1.1136053523482428,0
2023-07-28 11:05:53,1148.6,475314,1,1145.04,160934,150382,1.1136053523482428,0
2023-07-28 11:05:53,1148.6,475314,1,1145.04,160934,150371,1.1136053523482428,0
2023-07-28 11:05:53,1148.6,475314,1,1145.04,161016,150395,1.1136053523482428,0
2023-07-28 11:05:53,1148.6,475314,1,1145.04,161088,150331,1.1136053523482428,0
2023-07-28 11:06:00,1148.65,475325,11,1145.04,161279,150310,1.1180069545314535,0
2023-07-28 11:06:00,1148.65,475325,11,1145.04,161197,150393,1.1180069545314535,0
2023-07-28 11:06:00,1148.65,475326,1,1145.04,161196,150483,1.1180069545314535,0
2023-07-28 11:06:00,1148.65,475326,1,1145.04,161196,150450,1.1180069545314535,0
2023-07-28 11:06:00,1148.65,475326,1,1145.04,161196,150450,1.1180069545314535,0
2023-07-28 11:06:02,1148.65,475327,48,1145.04,161442,150424,1.1180069545314535,0
2023-07-28 11:06:03,1148.65,475377,48,1145.04,161392,150328,1.1180069545314535,0
2023-07-28 11:06:05,1149.45,475677,41,1145.04,161489,149982,1.1884325894625642,0
2023-07-28 11:06:06,1148.65,475721,44,1145.04,161156,150412,1.1180069545314535,0
2023-07-28 11:06:06,1148.65,475721,57,1145.04,161156,150412,1.1180069545314535,0
2023-07-28 11:06:07,1148.65,475850,1,1145.04,161274,150401,1.1180069545314535,0
2023-07-28 11:06:07,1148.65,475850,1,1145.04,161318,150380,1.1180069545314535,0
2023-07-28 11:06:07,1148.65,475850,1,1145.04,161301,150274,1.1180069545314535,0
2023-07-28 11:06:07,1148.65,475850,1,1145.04,161301,150394,1.1180069545314535,0
2023-07-28 11:06:07,1149.2,475850,6,1145.04,161301,150394,1.166424578546591,0
2023-07-28 11:06:11,1149.2,475856,6,1145.04,161333,150288,1.166424578546591,0
2023-07-28 11:06:11,1149.2,475856,6,1145.04,161312,150273,1.166424578546591,0
2023-07-28 11:06:11,1148.65,475856,1,1145.04,161312,150273,1.1180069545314535,0
2023-07-28 11:06:14,1149.25,475857,11,1145.04,161321,150278,1.1708261807297815,0
2023-07-28 11:06:15,1149.25,475908,11,1145.04,161361,150446,1.1708261807297815,0
2023-07-28 11:06:15,1149.25,475908,11,1145.04,161353,150395,1.1708261807297815,0
2023-07-28 11:06:15,1148.15,475908,26,1145.04,161353,150395,1.0739909326995065,0
2023-07-28 11:06:15,1147.85,475908,49,1145.04,161353,150395,1.0475813196003225,0
2023-07-28 11:06:19,1147.85,478825,49,1145.07,158102,150412,1.0475813196003225,0
2023-07-28 11:06:19,1147.0,478825,504,1145.07,158102,150412,0.9727540824860209,0
2023-07-28 11:06:20,1147.15,479581,2,1145.07,158956,150393,0.9859588890356129,0
2023-07-28 11:06:21,1147.15,479583,2,1145.07,157638,147993,0.9859588890356129,0
2023-07-28 11:06:21,1147.15,479583,2,1145.07,158638,150310,0.9859588890356129,0
2023-07-28 11:06:21,1147.15,479583,2,1145.07,158638,150330,0.9859588890356129,0
2023-07-28 11:06:21,1147.15,479583,2,1145.07,159236,150176,0.9859588890356129,0
2023-07-28 11:06:21,1147.15,479583,2,1145.07,159312,150343,0.9859588890356129,0
2023-07-28 11:06:21,1147.15,479583,2,1145.07,159290,150154,0.9859588890356129,0
2023-07-28 11:06:21,1147.15,479583,2,1145.07,159290,150164,0.9859588890356129,0
2023-07-28 11:06:28,1147.25,479584,1,1145.07,159289,150178,0.9947620934019943,0
2023-07-28 11:06:28,1147.25,479584,1,1145.07,159230,150171,0.9947620934019943,0
2023-07-28 11:06:28,1147.25,479584,1,1145.07,159211,150197,0.9947620934019943,0
2023-07-28 11:06:28,1147.95,479584,3,1145.07,159211,150197,1.0563845239667238,0
2023-07-28 11:06:31,1147.95,479591,3,1145.07,159236,150166,1.0563845239667238,0
2023-07-28 11:06:32,1147.95,479592,1,1145.07,159356,150124,1.0563845239667238,0
2023-07-28 11:06:32,1147.95,479592,1,1145.07,159993,149758,1.0563845239667238,0
2023-07-28 11:06:32,1147.95,479592,1,1145.07,159791,149755,1.0563845239667238,0
2023-07-28 11:06:32,1147.5,479592,1,1145.07,159791,149755,1.0167701043179678,0
2023-07-28 11:06:35,1147.5,479593,1,1145.07,159817,149699,1.0167701043179678,0
2023-07-28 11:06:35,1147.5,479593,1,1145.07,153491,149866,1.0167701043179678,0
2023-07-28 11:06:35,1147.5,479593,1,1145.07,159604,150342,1.0167701043179678,0
2023-07-28 11:06:35,1147.5,479593,1,1145.07,159730,150270,1.0167701043179678,0
2023-07-28 11:06:35,1148.25,479593,15,1145.07,159730,150270,1.082794137065888,0
2023-07-28 11:06:39,1148.25,479608,15,1145.07,159682,150312,1.082794137065888,0
2023-07-28 11:06:39,1148.25,479608,15,1145.07,159524,150124,1.082794137065888,0
2023-07-28 11:06:42,1147.55,479609,1,1145.07,159591,150296,1.0211717065011583,0
2023-07-28 11:06:42,1147.55,479609,1,1145.07,159591,150297,1.0211717065011583,0
2023-07-28 11:06:44,1147.55,479610,1,1145.07,159568,150285,1.0211717065011583,0
2023-07-28 11:06:44,1147.55,479610,64,1145.07,159568,150285,1.0211717065011583,0
2023-07-28 11:06:45,1147.55,479730,64,1145.07,159519,150197,1.0211717065011583,0
2023-07-28 11:06:45,1147.55,479730,64,1145.07,159544,150262,1.0211717065011583,0
2023-07-28 11:06:45,1147.55,479730,64,1145.07,159532,150351,1.0211717065011583,0
2023-07-28 11:06:45,1147.55,479730,64,1145.07,159612,150256,1.0211717065011583,0
2023-07-28 11:06:45,1147.55,479730,1,1145.07,159612,150256,1.0211717065011583,0
2023-07-28 11:06:49,1147.55,479731,1,1145.07,159592,150216,1.0211717065011583,0
2023-07-28 11:06:49,1147.55,479731,1,1145.07,159004,150667,1.0211717065011583,0
2023-07-28 11:06:49,1147.55,479731,1,1145.07,152794,150896,1.0211717065011583,0
2023-07-28 11:06:52,1148.05,479781,25,1145.07,159295,150079,1.0651877283331053,0
2023-07-28 11:06:52,1147.85,479781,2,1145.07,159295,150079,1.0475813196003225,0
2023-07-28 11:06:53,1147.85,479783,2,1145.07,149984,149783,1.0475813196003225,0
2023-07-28 11:06:54,1147.55,479849,66,1145.07,152790,150060,1.0211717065011583,0
2023-07-28 11:06:54,1147.55,479849,66,1145.07,159329,149791,1.0211717065011583,0
2023-07-28 11:06:54,1147.55,479849,66,1145.07,159296,149748,1.0211717065011583,0
2023-07-28 11:06:54,1147.55,479849,1,1145.07,159296,149748,1.0211717065011583,0
2023-07-28 11:06:54,1147.55,479849,12,1145.07,159296,149748,1.0211717065011583,0
2023-07-28 11:06:57,1147.55,479872,12,1145.07,159611,149699,1.0211717065011583,0
2023-07-28 11:06:57,1147.55,479872,12,1145.07,159678,149992,1.0211717065011583,0
2023-07-28 11:06:57,1147.8,479872,28,1145.07,159678,149992,1.0431797174171318,0
2023-07-28 11:06:59,1147.8,480614,20,1145.07,151633,146313,1.0431797174171318,0
2023-07-28 11:06:59,1147.8,480614,20,1145.07,151633,146313,1.0431797174171318,0
2023-07-28 11:07:00,1148.0,480799,1,1145.08,157928,147911,1.0607861261499145,0
2023-07-28 11:07:00,1147.8,480799,12,1145.08,157928,147911,1.0431797174171318,0
2023-07-28 11:07:00,1147.8,480811,12,1145.08,151770,148828,1.0431797174171318,0
2023-07-28 11:07:00,1147.8,480811,3,1145.08,151770,148828,1.0431797174171318,0
2023-07-28 11:07:03,1147.8,480845,1,1145.08,158040,148691,1.0431797174171318,0
2023-07-28 11:07:03,1147.8,480845,1,1145.08,158060,148663,1.0431797174171318,0
2023-07-28 11:07:03,1147.8,480845,1,1145.08,158060,148663,1.0431797174171318,0
2023-07-28 11:07:05,1147.8,480846,1,1145.08,158059,149004,1.0431797174171318,0
2023-07-28 11:07:05,1147.8,480846,1,1145.08,158674,148926,1.0431797174171318,0
2023-07-28 11:07:05,1147.8,480846,1,1145.08,158661,148819,1.0431797174171318,0
2023-07-28 11:07:05,1147.8,480846,1,1145.08,158661,148919,1.0431797174171318,0
2023-07-28 11:07:05,1147.8,480846,1,1145.08,158661,148919,1.0431797174171318,0
2023-07-28 11:07:10,1147.8,480850,2,1145.08,158813,148827,1.0431797174171318,0
2023-07-28 11:07:10,1147.8,480850,2,1145.08,158793,148822,1.0431797174171318,0
2023-07-28 11:07:11,1148.3,480853,3,1145.08,158768,149932,1.0871957392490785,0
2023-07-28 11:07:11,1148.3,480853,3,1145.08,152173,149988,1.0871957392490785,0
2023-07-28 11:07:11,1148.3,480853,3,1145.08,158423,149988,1.0871957392490785,0
2023-07-28 11:07:11,1148.3,480853,3,1145.08,158423,149988,1.0871957392490785,0
2023-07-28 11:07:16,1148.3,480854,1,1145.08,146020,149935,1.0871957392490785,0
2023-07-28 11:07:17,1147.8,480855,1,1145.08,146019,149956,1.0431797174171318,0
2023-07-28 11:07:17,1147.8,480855,1,1145.08,146029,149956,1.0431797174171318,0
2023-07-28 11:07:17,1148.0,480855,232,1145.08,146029,149956,1.0607861261499145,0
2023-07-28 11:07:19,1148.25,514819,23,1145.27,159245,148782,1.082794137065888,0
2023-07-28 11:07:19,1148.25,514819,23,1145.27,159408,149022,1.082794137065888,0
2023-07-28 11:07:19,1148.25,514819,23,1145.27,159517,150980,1.082794137065888,0
2023-07-28 11:07:19,1148.25,514819,23,1145.27,159826,150977,1.082794137065888,0
2023-07-28 11:07:19,1148.0,514819,1,1145.27,159826,150977,1.0607861261499145,0
2023-07-28 11:07:24,1148.0,514820,1,1145.27,159544,150917,1.0607861261499145,0
2023-07-28 11:07:24,1148.0,514820,1,1145.27,159785,150995,1.0607861261499145,0
2023-07-28 11:07:24,1148.0,514820,1,1145.27,160776,150995,1.0607861261499145,0
2023-07-28 11:07:24,1148.0,514820,1,1145.27,161101,150969,1.0607861261499145,0
2023-07-28 11:07:29,1148.65,514897,38,1145.27,161452,150904,1.1180069545314535,0
2023-07-28 11:07:29,1148.65,514897,38,1145.27,161488,150881,1.1180069545314535,0
2023-07-28 11:07:31,1148.3,514898,1,1145.27,161486,150886,1.0871957392490785,0
2023-07-28 11:07:31,1149.35,514898,2,1145.27,162254,151074,1.179629385096163,0
2023-07-28 11:07:34,1149.35,516119,2,1145.28,163173,151213,1.179629385096163,0
2023-07-28 11:07:36,1148.7,516464,100,1145.28,162480,151352,1.122408556714644,0
2023-07-28 11:07:37,1148.7,516564,100,1145.28,162935,151271,1.122408556714644,0
2023-07-28 11:07:38,1148.7,516566,1,1145.28,162840,151399,1.122408556714644,0
2023-07-28 11:07:38,1149.2,516566,1,1145.28,162840,151399,1.166424578546591,0
2023-07-28 11:07:39,1149.2,516691,1,1145.28,162544,152432,1.166424578546591,0
2023-07-28 11:07:39,1149.2,516691,1,1145.28,162612,152432,1.166424578546591,0
2023-07-28 11:07:39,1148.95,516691,10,1145.28,162294,152250,1.1444165676306175,0
2023-07-28 11:07:41,1148.95,516701,10,1145.28,162815,152096,1.1444165676306175,0
2023-07-28 11:07:41,1148.95,516701,10,1145.28,162859,152728,1.1444165676306175,0
2023-07-28 11:07:41,1149.3,516701,297,1145.28,162850,152718,1.1752277829129723,0
2023-07-28 11:07:45,1149.3,517296,20,1145.29,163741,152015,1.1752277829129723,0
2023-07-28 11:07:46,1149.0,517492,176,1145.29,162958,152013,1.1488181698138082,0
2023-07-28 11:07:46,1149.0,517492,8,1145.29,162546,152010,1.1488181698138082,0
2023-07-28 11:07:48,1149.0,517500,8,1145.29,162732,152033,1.1488181698138082,0
2023-07-28 11:07:48,1149.0,517500,8,1145.29,162520,152102,1.1488181698138082,0
2023-07-28 11:07:48,1149.0,517500,8,1145.29,162520,152111,1.1488181698138082,0
2023-07-28 11:07:48,1149.0,517500,8,1145.29,162600,152030,1.1488181698138082,0
2023-07-28 11:07:48,1149.0,517500,1,1145.29,162682,152025,1.1488181698138082,0
2023-07-28 11:07:52,1149.0,517501,7,1145.29,162943,152031,1.1488181698138082,0
2023-07-28 11:07:53,1149.0,517508,7,1145.29,162470,152207,1.1488181698138082,0
2023-07-28 11:07:55,1149.35,517579,71,1145.29,162991,151989,1.179629385096163,0
2023-07-28 11:07:56,1149.35,517584,5,1145.29,162991,151962,1.179629385096163,0
2023-07-28 11:07:56,1149.35,517584,5,1145.29,163149,151956,1.179629385096163,0
2023-07-28 11:07:56,1149.35,517584,5,1145.29,163149,151961,1.179629385096163,0
2023-07-28 11:07:56,1149.0,517584,30,1145.29,163149,151961,1.1488181698138082,0
2023-07-28 11:07:59,1149.0,517616,2,1145.29,163090,152033,1.1488181698138082,0
2023-07-28 11:07:59,1149.0,517616,2,1145.29,163090,152131,1.1488181698138082,0
2023-07-28 11:08:01,1149.35,517618,2,1145.29,163045,152223,1.179629385096163,0
2023-07-28 11:08:01,1149.35,517618,2,1145.29,163209,152228,1.179629385096163,0
2023-07-28 11:08:01,1149.35,517618,2,1145.29,163209,152131,1.179629385096163,0
2023-07-28 11:08:01,1149.35,517618,2,1145.29,163184,152134,1.179629385096163,0
2023-07-28 11:08:01,1149.35,517618,2,1145.29,157582,152078,1.179629385096163,0
2023-07-28 11:08:06,1148.6,517619,241,1145.29,164576,152100,1.1136053523482428,0
2023-07-28 11:08:07,1148.6,526206,241,1145.34,156038,152867,1.1136053523482428,0
2023-07-28 11:08:08,1147.65,526207,1,1145.34,158868,153134,1.0299749108675598,0
2023-07-28 11:08:09,1147.5,526341,106,1145.34,159720,153448,1.0167701043179678,0
2023-07-28 11:08:09,1147.5,526341,108,1145.34,159720,153448,1.0167701043179678,0
2023-07-28 11:08:10,1147.4,526530,25,1145.34,159280,152459,1.0079668999515863,0
2023-07-28 11:08:11,1146.8,526972,154,1145.34,159335,152565,0.9551476737532382,0
2023-07-28 11:08:12,1146.65,528414,2,1145.35,159063,152073,0.941942867203666,0
2023-07-28 11:08:12,1146.65,528414,2,1145.35,158996,152292,0.941942867203666,0
2023-07-28 11:08:14,1146.0,532204,28,1145.35,154003,153136,0.8847220388221272,0
2023-07-28 11:08:14,1145.45,532204,4,1145.35,154003,153136,0.8363044148069897,0
2023-07-28 11:08:15,1145.45,532256,4,1145.35,156667,152704,0.8363044148069897,0
2023-07-28 11:08:16,1145.5,533395,118,1145.35,151351,152728,0.8407060169901804,0
2023-07-28 11:08:16,1145.55,533395,1,1145.35,151351,152728,0.8451076191733711,0
2023-07-28 11:08:17,1145.55,533396,1,1145.35,151656,152600,0.8451076191733711,0
2023-07-28 11:08:18,1145.55,533397,1,1145.35,158101,152175,0.8451076191733711,0
2023-07-28 11:08:18,1145.35,533397,1,1145.35,158101,152175,0.8275012104405883,0
2023-07-28 11:08:18,1145.3,533397,2,1145.35,158101,152175,0.8230996082573977,0
2023-07-28 11:08:20,1145.05,534097,92,1145.35,152976,153304,0.8010915973414242,0
2023-07-28 11:08:21,1144.45,534408,58,1145.35,156218,150466,0.7482723711430961,0
2023-07-28 11:08:23,1144.1,534430,18,1145.35,155414,152857,0.7174611558607212,0
2023-07-28 11:08:23,1144.1,534430,18,1145.35,155414,152857,0.7174611558607212,0
2023-07-28 11:08:24,1144.2,534448,1,1145.35,156442,152670,0.7262643602271226,0
2023-07-28 11:08:24,1144.2,534448,1,1145.35,156442,152670,0.7262643602271226,0
2023-07-28 11:08:25,1144.15,534899,13,1145.35,143218,153923,0.721862758043932,0
2023-07-28 11:08:26,1143.85,535323,1,1145.35,152565,153315,0.6954531449447479,0
2023-07-28 11:08:26,1143.85,535457,1,1145.35,152497,153439,0.6954531449447479,0
2023-07-28 11:08:27,1143.85,535557,65,1145.35,152517,152540,0.6954531449447479,0
2023-07-28 11:08:27,1143.85,535557,65,1145.35,152517,152540,0.6954531449447479,0
2023-07-28 11:08:27,1143.85,535557,65,1145.35,152517,152540,0.6954531449447479,0
2023-07-28 11:08:27,1144.4,535557,9,1145.35,152594,152531,0.7438707689599053,0
2023-07-28 11:08:30,1144.4,535807,9,1145.35,155281,151443,0.7438707689599053,0
2023-07-28 11:08:30,1144.55,535807,13,1145.35,155281,151443,0.7570755755094775,0
2023-07-28 11:08:31,1144.55,536007,13,1145.35,156710,150577,0.7570755755094775,0
2023-07-28 11:08:31,1143.9,536007,59,1145.35,156153,150763,0.6998547471279586,0
2023-07-28 11:08:32,1143.9,536110,59,1145.34,155785,151203,0.6998547471279586,0
2023-07-28 11:08:34,1143.9,536112,1,1145.34,155819,151355,0.6998547471279586,0
2023-07-28 11:08:34,1144.1,536112,82,1145.34,155580,150997,0.7174611558607212,0
2023-07-28 11:08:36,1143.85,536694,119,1145.34,155687,152026,0.6954531449447479,0
2023-07-28 11:08:37,1143.85,537071,30,1145.34,155483,151940,0.6954531449447479,0
2023-07-28 11:08:39,1143.85,537111,5,1145.34,155957,152329,0.6954531449447479,0
2023-07-28 11:08:39,1143.85,537111,5,1145.34,155963,152329,0.6954531449447479,0
2023-07-28 11:08:40,1143.95,537648,42,1145.34,155300,151682,0.7042563493111492,0
2023-07-28 11:08:41,1143.5,537779,60,1145.34,156849,151815,0.6646419296623931,0
2023-07-28 11:08:41,1143.5,537779,60,1145.34,156849,151815,0.6646419296623931,0
2023-07-28 11:08:42,1143.15,540239,365,1145.33,154491,152106,0.6338307143800384,0
2023-07-28 11:08:44,1143.0,540540,47,1145.33,155402,151492,0.6206259078304462,0
2023-07-28 11:08:45,1143.0,541078,128,1145.33,155379,152115,0.6206259078304462,0
2023-07-28 11:08:45,1143.0,541078,128,1145.33,155816,151555,0.6206259078304462,0
2023-07-28 11:08:45,1142.65,541078,6,1145.33,155816,151555,0.5898146925480915,0
2023-07-28 11:08:47,1142.75,542095,32,1145.32,156465,150750,0.5986178969144729,0
2023-07-28 11:08:48,1142.5,543747,23,1145.31,154688,151800,0.5766098859984994,0
2023-07-28 11:08:48,1142.5,543747,164,1145.31,154688,151800,0.5766098859984994,0
2023-07-28 11:08:50,1142.5,544140,164,1145.31,154931,151150,0.5766098859984994,0
2023-07-28 11:08:50,1142.5,544211,71,1145.31,155051,151159,0.5766098859984994,0
2023-07-28 11:08:51,1142.5,544268,56,1145.31,154930,151240,0.5766098859984994,0
2023-07-28 11:08:51,1142.5,544268,56,1145.31,154930,151240,0.5766098859984994,0
2023-07-28 11:08:51,1142.5,544268,8,1145.31,154930,151240,0.5766098859984994,0
2023-07-28 11:08:54,1143.05,544549,2,1145.31,154794,151268,0.625027510013637,0
2023-07-28 11:08:55,1142.15,550045,1173,1145.28,153288,150862,0.5457986707161446,0
2023-07-28 11:08:55,1142.15,550045,1173,1145.28,153510,150862,0.5457986707161446,0
2023-07-28 11:08:55,1142.65,550045,93,1145.28,153510,150862,0.5898146925480915,0
2023-07-28 11:08:56,1142.25,554265,38,1145.26,154947,151403,0.554601875082526,0
2023-07-28 11:08:56,1142.9,554265,135,1145.26,154947,151403,0.6118227034640649,0
2023-07-28 11:08:57,1142.9,554563,135,1145.25,148595,150422,0.6118227034640649,0
2023-07-28 11:08:57,1142.9,554563,135,1145.25,155023,150225,0.6118227034640649,0
2023-07-28 11:08:57,1142.45,554563,6,1145.25,155023,150225,0.5722082838153087,0
2023-07-28 11:08:59,1142.45,554663,6,1145.25,154546,150990,0.5722082838153087,0
2023-07-28 11:08:59,1143.15,554663,687,1145.25,154546,150990,0.6338307143800384,0
2023-07-28 11:09:00,1143.15,557681,687,1145.24,156202,149537,0.6338307143800384,0
2023-07-28 11:09:00,1143.35,557681,1,1145.24,156387,149500,0.651437123112801,0
2023-07-28 11:09:02,1143.35,557683,1,1145.24,156359,149485,0.651437123112801,0
2023-07-28 11:09:02,1143.35,557683,1,1145.24,156745,149306,0.651437123112801,0
2023-07-28 11:09:05,1143.35,557846,89,1145.24,156440,149327,0.651437123112801,0
2023-07-28 11:09:06,1143.85,558008,8,1145.24,144212,148721,0.6954531449447479,0
2023-07-28 11:09:06,1143.6,558008,20,1145.24,144212,148721,0.6734451340287745,0
2023-07-28 11:09:06,1143.6,558028,20,1145.24,156271,149585,0.6734451340287745,0
2023-07-28 11:09:06,1143.6,558028,1250,1145.24,156271,149585,0.6734451340287745,0
2023-07-28 11:09:07,1143.6,559278,1250,1145.24,156855,149308,0.6734451340287745,0
2023-07-28 11:09:07,1143.85,559278,12,1145.24,156855,149308,0.6954531449447479,0
2023-07-28 11:09:09,1143.85,563090,12,1145.22,156358,149588,0.6954531449447479,0
2023-07-28 11:09:09,1143.85,563090,12,1145.22,156367,149035,0.6954531449447479,0
2023-07-28 11:09:09,1142.95,563090,9,1145.22,156335,148975,0.6162243056472556,0
2023-07-28 11:09:12,1142.95,563104,1,1145.22,155879,149013,0.6162243056472556,0
2023-07-28 11:09:12,1142.95,563104,1,1145.22,156056,149035,0.6162243056472556,0
2023-07-28 11:09:12,1143.55,563104,8,1145.22,156056,149035,0.6690435318455837,0
2023-07-28 11:09:14,1143.55,563112,8,1145.22,156056,149006,0.6690435318455837,0
2023-07-28 11:09:14,1143.55,563112,8,1145.22,156247,148886,0.6690435318455837,0
2023-07-28 11:09:14,1142.9,563112,1,1145.22,156247,148883,0.6118227034640649,0
2023-07-28 11:09:16,1142.9,563113,1,1145.22,156078,149174,0.6118227034640649,0
2023-07-28 11:09:16,1142.9,563113,1,1145.22,156083,149189,0.6118227034640649,0
2023-07-28 11:09:16,1142.9,563113,1,1145.22,156019,148969,0.6118227034640649,0
2023-07-28 11:09:16,1142.8,563113,54,1145.22,156019,148969,0.6030194990976635,0
2023-07-28 11:09:20,1142.8,563279,54,1145.22,148899,149551,0.6030194990976635,0
2023-07-28 11:09:22,1142.8,563807,29,1145.22,149037,149548,0.6030194990976635,0
2023-07-28 11:09:22,1142.8,563807,29,1145.22,155287,149548,0.6030194990976635,0
2023-07-28 11:09:23,1142.8,563854,46,1145.22,155230,149548,0.6030194990976635,0
2023-07-28 11:09:23,1142.8,563854,46,1145.22,155231,149543,0.6030194990976635,0
2023-07-28 11:09:23,1142.8,563854,1,1145.22,155231,149543,0.6030194990976635,0
2023-07-28 11:09:26,1142.8,563855,1,1145.22,155382,149543,0.6030194990976635,0
2023-07-28 11:09:26,1142.3,563855,994,1145.22,155382,149543,0.5590034772657166,0
2023-07-28 11:09:28,1142.3,565331,994,1145.21,154582,147624,0.5590034772657166,0
2023-07-28 11:09:28,1142.3,565331,994,1145.21,155563,147535,0.5590034772657166,0
2023-07-28 11:09:30,1142.3,565333,1,1145.21,155386,147634,0.5590034772657166,0
2023-07-28 11:09:30,1142.3,565333,1,1145.21,155830,147478,0.5590034772657166,0
2023-07-28 11:09:30,1142.9,565333,10,1145.21,155909,147452,0.6118227034640649,0
2023-07-28 11:09:34,1142.9,565343,10,1145.21,155709,147543,0.6118227034640649,0
2023-07-28 11:09:35,1142.4,565373,30,1145.21,155457,147942,0.5678066816321181,0
2023-07-28 11:09:36,1142.9,565385,6,1145.21,155591,147912,0.6118227034640649,0
2023-07-28 11:09:36,1142.4,565385,2,1145.21,155591,147912,0.5678066816321181,0
2023-07-28 11:09:37,1142.4,565387,2,1145.21,155673,147802,0.5678066816321181,0
2023-07-28 11:09:37,1142.4,565387,2,1145.21,155686,147791,0.5678066816321181,0
2023-07-28 11:09:37,1142.9,565387,7,1145.21,155686,147791,0.6118227034640649,0
2023-07-28 11:09:40,1142.9,565396,7,1145.21,155594,147883,0.6118227034640649,0
2023-07-28 11:09:42,1142.4,565411,1,1145.21,155794,147880,0.5678066816321181,0
2023-07-28 11:09:42,1142.4,565411,1,1145.21,155794,147880,0.5678066816321181,0
2023-07-28 11:09:42,1142.4,565411,1,1145.21,155721,147906,0.5678066816321181,0
2023-07-28 11:09:42,1142.4,565411,1,1145.21,155732,147906,0.5678066816321181,0
2023-07-28 11:09:44,1142.4,565412,1,1145.21,155731,147906,0.5678066816321181,0
2023-07-28 11:09:45,1142.25,566680,127,1145.21,153857,149962,0.554601875082526,0
2023-07-28 11:09:45,1142.25,566680,127,1145.21,154469,149880,0.554601875082526,0
2023-07-28 11:09:45,1142.25,566680,127,1145.21,154976,149007,0.554601875082526,0
2023-07-28 11:09:45,1142.25,566680,45,1145.21,154976,149007,0.554601875082526,0
2023-07-28 11:09:49,1142.25,566725,45,1145.21,154909,148394,0.554601875082526,0
2023-07-28 11:09:49,1142.25,566725,45,1145.21,154753,147213,0.554601875082526,0
2023-07-28 11:09:51,1142.25,566726,1,1145.21,154752,147212,0.554601875082526,0
2023-07-28 11:09:51,1142.7,566726,41,1145.21,154752,147212,0.5942162947312821,0
2023-07-28 11:09:52,1142.7,566786,41,1145.21,155650,148366,0.5942162947312821,0
2023-07-28 11:09:53,1142.8,567995,129,1145.2,157362,145915,0.6030194990976635,0
2023-07-28 11:09:53,1142.95,567995,3,1145.2,157362,145915,0.6162243056472556,0
2023-07-28 11:09:54,1142.95,568265,3,1145.2,157359,147319,0.6162243056472556,0
2023-07-28 11:09:54,1142.95,568265,3,1145.2,157330,146215,0.6162243056472556,0
2023-07-28 11:09:54,1142.95,568265,3,1145.2,156810,146707,0.6162243056472556,0
2023-07-28 11:09:54,1142.95,568265,3,1145.2,150512,146903,0.6162243056472556,0
2023-07-28 11:09:54,1142.95,568265,1,1145.2,150512,146903,0.6162243056472556,0
2023-07-28 11:09:58,1142.95,568267,1,1145.2,157244,146631,0.6162243056472556,0
2023-07-28 11:09:58,1142.95,568267,1,1145.2,156871,146861,0.6162243056472556,0
2023-07-28 11:09:58,1142.95,568267,1,1145.2,149664,147595,0.6162243056472556,0
2023-07-28 11:09:58,1142.95,568267,32,1145.2,156319,147316,0.6162243056472556,0
2023-07-28 11:10:03,1143.4,568300,1,1145.2,155959,148204,0.6558387252960117,0
2023-07-28 11:10:04,1142.95,568301,1,1145.2,156406,147070,0.6162243056472556,0
2023-07-28 11:10:05,1142.95,568303,1,1145.2,156907,147386,0.6162243056472556,0
2023-07-28 11:10:05,1142.95,568303,1,1145.2,156925,147383,0.6162243056472556,0
2023-07-28 11:10:05,1142.95,568303,1,1145.2,156236,147652,0.6162243056472556,0
2023-07-28 11:10:05,1142.95,568303,1,1145.2,156359,147590,0.6162243056472556,0
2023-07-28 11:10:05,1142.95,568303,54,1145.2,156359,147590,0.6162243056472556,0
2023-07-28 11:10:10,1142.95,568438,5,1145.2,156229,147781,0.6162243056472556,0
2023-07-28 11:10:10,1142.95,568438,5,1145.2,156329,147799,0.6162243056472556,0
2023-07-28 11:10:12,1142.95,568439,1,1145.2,156328,147540,0.6162243056472556,0
2023-07-28 11:10:12,1142.95,568439,1,1145.2,156478,147540,0.6162243056472556,0
2023-07-28 11:10:12,1142.95,568439,1,1145.2,156779,147421,0.6162243056472556,0
2023-07-28 11:10:12,1142.95,568439,1,1145.2,156779,147360,0.6162243056472556,0
2023-07-28 11:10:12,1143.45,568439,46,1145.2,156533,147495,0.6602403274792024,0
2023-07-28 11:10:17,1143.45,568485,46,1145.2,157365,147212,0.6602403274792024,0
2023-07-28 11:10:17,1143.45,568485,46,1145.2,157193,147328,0.6602403274792024,0
2023-07-28 11:10:17,1142.95,568485,1,1145.2,157193,147328,0.6162243056472556,0
2023-07-28 11:10:19,1142.95,568486,1,1145.2,157272,147483,0.6162243056472556,0
2023-07-28 11:10:19,1142.95,568486,1,1145.2,157272,147512,0.6162243056472556,0
2023-07-28 11:10:19,1142.95,568486,12,1145.2,157272,147512,0.6162243056472556,0
2023-07-28 11:10:21,1142.95,568646,12,1145.2,156598,148045,0.6162243056472556,0
2023-07-28 11:10:21,1142.95,568646,12,1145.2,156788,148037,0.6162243056472556,0
