2023-07-28 10:49:28,1165.45,2168096,10,1176.2,192759,268815,-0.5121857526996457,0
2023-07-28 10:49:29,1165.45,2168106,10,1176.2,192656,269091,-0.5121857526996457,0
2023-07-28 10:49:29,1165.45,2168106,10,1176.2,192656,269241,-0.5121857526996457,0
2023-07-28 10:49:29,1165.45,2168106,10,1176.2,192756,269095,-0.5121857526996457,0
2023-07-28 10:49:32,1165.05,2168108,2,1176.2,192671,269130,-0.5463314695462965,0
2023-07-28 10:49:32,1165.05,2168108,2,1176.2,192788,269420,-0.5463314695462965,0
2023-07-28 10:49:32,1165.45,2168108,1,1176.2,192788,269420,-0.5121857526996457,0
2023-07-28 10:49:32,1165.05,2168108,1,1176.2,192788,269420,-0.5463314695462965,0
2023-07-28 10:49:36,1165.05,2168111,1,1176.2,192876,269286,-0.5463314695462965,0
2023-07-28 10:49:36,1165.05,2168111,1,1176.2,192871,269281,-0.5463314695462965,0
2023-07-28 10:49:36,1165.4,2168111,3,1176.2,192871,269281,-0.5164539673054722,0
2023-07-28 10:49:38,1165.4,2168114,3,1176.2,192721,269335,-0.5164539673054722,0
2023-07-28 10:49:39,1165.05,2168183,67,1176.2,192756,269543,-0.5463314695462965,0
2023-07-28 10:49:39,1165.05,2168183,18,1176.2,192756,269543,-0.5463314695462965,0
2023-07-28 10:49:40,1165.0,2168529,11,1176.2,192339,269846,-0.550599684152123,0
2023-07-28 10:49:40,1165.0,2168529,583,1176.2,192339,269846,-0.550599684152123,0
2023-07-28 10:49:42,1165.0,2169242,125,1176.19,191730,270039,-0.550599684152123,0
2023-07-28 10:49:42,1165.0,2169242,136,1176.19,191730,270039,-0.550599684152123,0
2023-07-28 10:49:43,1165.4,2169443,8,1176.19,191725,269747,-0.5164539673054722,0
2023-07-28 10:49:44,1165.0,2169446,3,1176.19,191662,270093,-0.550599684152123,0
2023-07-28 10:49:45,1165.5,2169646,10,1176.19,191672,269906,-0.5079175380938192,0
2023-07-28 10:49:45,1165.5,2169646,10,1176.19,191672,269906,-0.5079175380938192,0
2023-07-28 10:49:45,1165.5,2169646,6,1176.19,191662,269915,-0.5079175380938192,0
2023-07-28 10:49:47,1165.0,2169665,7,1176.19,191649,270124,-0.550599684152123,0
2023-07-28 10:49:47,1165.5,2169672,50,1176.19,191652,270031,-0.5079175380938192,0
2023-07-28 10:49:49,1165.5,2169722,50,1176.19,191602,269931,-0.5079175380938192,0
2023-07-28 10:49:49,1165.4,2169722,48,1176.19,191602,269931,-0.5164539673054722,0
2023-07-28 10:49:51,1165.5,2169821,24,1176.19,191811,269969,-0.5079175380938192,0
2023-07-28 10:49:51,1165.15,2169821,3,1176.19,191811,269969,-0.5377950403346241,0
2023-07-28 10:49:52,1165.55,2169830,2,1176.19,191823,269822,-0.5036493234879927,0
2023-07-28 10:49:52,1165.55,2169830,2,1176.19,191823,270093,-0.5036493234879927,0
2023-07-28 10:49:52,1165.05,2169830,8,1176.19,191823,270093,-0.5463314695462965,0
2023-07-28 10:49:54,1165.05,2169845,8,1176.19,191808,269392,-0.5463314695462965,0
2023-07-28 10:49:54,1165.0,2169845,8,1176.19,191808,269560,-0.550599684152123,0
2023-07-28 10:49:54,1165.55,2169845,30,1176.19,191808,269560,-0.5036493234879927,0
2023-07-28 10:49:56,1165.55,2169898,30,1176.19,191803,269574,-0.5036493234879927,0
2023-07-28 10:49:56,1165.2,2169898,10,1176.19,191803,269574,-0.5335268257287976,0
2023-07-28 10:49:57,1165.15,2169908,30,1176.19,192141,269858,-0.5377950403346241,0
2023-07-28 10:49:58,1165.15,2170008,30,1176.19,192054,270022,-0.5377950403346241,0
2023-07-28 10:50:00,1165.7,2170119,62,1176.19,192407,269939,-0.49084467967049383,0
2023-07-28 10:50:00,1165.1,2170119,15,1176.19,192407,269939,-0.54206325494047,0
2023-07-28 10:50:01,1165.1,2170439,41,1176.19,192218,270352,-0.54206325494047,0
2023-07-28 10:50:01,1165.1,2170439,41,1176.19,192218,270352,-0.54206325494047,0
2023-07-28 10:50:01,1165.1,2170439,41,1176.19,192219,270333,-0.54206325494047,0
2023-07-28 10:50:03,1164.9,2170459,20,1176.19,192245,270313,-0.559136113363776,0
2023-07-28 10:50:04,1164.55,2180001,13,1176.14,181311,272023,-0.5890136156046003,0
2023-07-28 10:50:04,1164.45,2180001,200,1176.14,181311,272023,-0.5975500448162533,0
2023-07-28 10:50:05,1164.25,2182232,10,1176.13,179882,273081,-0.6146229032395787,0
2023-07-28 10:50:06,1164.25,2183011,7,1176.12,179733,271785,-0.6146229032395787,0
2023-07-28 10:50:07,1164.5,2183335,10,1176.12,179412,271829,-0.5932818302104268,0
2023-07-28 10:50:07,1164.5,2183335,11,1176.12,179412,271829,-0.5932818302104268,0
2023-07-28 10:50:08,1164.0,2183550,199,1176.12,179352,271830,-0.6359639762687307,0
2023-07-28 10:50:08,1164.45,2183550,95,1176.12,179338,271864,-0.5975500448162533,0
2023-07-28 10:50:10,1164.55,2183756,6,1176.12,179246,271871,-0.5890136156046003,0
2023-07-28 10:50:10,1164.55,2183756,6,1176.12,179357,271778,-0.5890136156046003,0
2023-07-28 10:50:10,1164.05,2183756,4,1176.12,179357,271778,-0.6316957616629042,0
2023-07-28 10:50:12,1164.0,2183760,1,1176.12,179313,271745,-0.6359639762687307,0
2023-07-28 10:50:13,1164.0,2183761,1,1176.12,179312,271539,-0.6359639762687307,0
2023-07-28 10:50:15,1164.0,2183767,6,1176.12,179346,271588,-0.6359639762687307,0
2023-07-28 10:50:15,1164.0,2183779,12,1176.12,179450,271670,-0.6359639762687307,0
2023-07-28 10:50:15,1164.0,2183779,12,1176.12,178992,271661,-0.6359639762687307,0
2023-07-28 10:50:15,1164.0,2183779,40,1176.12,178992,271661,-0.6359639762687307,0
2023-07-28 10:50:18,1164.0,2183869,40,1176.12,178941,272567,-0.6359639762687307,0
2023-07-28 10:50:18,1164.0,2183869,40,1176.12,178868,272518,-0.6359639762687307,0
2023-07-28 10:50:18,1164.0,2183869,40,1176.12,178868,272518,-0.6359639762687307,0
2023-07-28 10:50:21,1164.45,2184479,10,1176.11,178373,272461,-0.5975500448162533,0
2023-07-28 10:50:21,1164.0,2184479,177,1176.11,178373,272461,-0.6359639762687307,0
2023-07-28 10:50:22,1164.0,2185321,11,1176.11,177307,272683,-0.6359639762687307,0
2023-07-28 10:50:22,1164.0,2185321,11,1176.11,177307,272683,-0.6359639762687307,0
2023-07-28 10:50:22,1164.0,2185530,11,1176.11,177354,272546,-0.6359639762687307,0
2023-07-28 10:50:24,1164.0,2185558,16,1176.11,177247,272483,-0.6359639762687307,0
2023-07-28 10:50:24,1164.0,2185558,18,1176.11,177247,272483,-0.6359639762687307,0
2023-07-28 10:50:24,1164.0,2185576,18,1176.11,177234,272507,-0.6359639762687307,0
2023-07-28 10:50:24,1164.0,2185576,18,1176.11,177234,272507,-0.6359639762687307,0
2023-07-28 10:50:24,1164.0,2185576,8,1176.11,177197,272494,-0.6359639762687307,0
2023-07-28 10:50:27,1164.0,2185621,1,1176.11,177213,272542,-0.6359639762687307,0
2023-07-28 10:50:27,1164.0,2185621,1,1176.11,177324,272293,-0.6359639762687307,0
2023-07-28 10:50:29,1164.3,2185631,10,1176.11,177280,271384,-0.6103546886337522,0
2023-07-28 10:50:30,1164.0,2185633,2,1176.11,177394,271424,-0.6359639762687307,0
2023-07-28 10:50:30,1164.4,2185633,2,1176.11,177394,271424,-0.6018182594220798,0
2023-07-28 10:50:32,1164.05,2185647,1,1176.11,177558,271629,-0.6316957616629042,0
2023-07-28 10:50:33,1164.0,2185674,15,1176.11,177666,271484,-0.6359639762687307,0
2023-07-28 10:50:33,1164.0,2185674,2,1176.11,177666,271484,-0.6359639762687307,0
2023-07-28 10:50:33,1164.0,2185688,2,1176.11,177506,271703,-0.6359639762687307,0
2023-07-28 10:50:33,1164.4,2185688,1,1176.11,177506,271703,-0.6018182594220798,0
2023-07-28 10:50:35,1164.4,2185735,1,1176.11,177628,271193,-0.6018182594220798,0
2023-07-28 10:50:35,1164.45,2185735,3,1176.11,177628,271193,-0.5975500448162533,0
2023-07-28 10:50:35,1164.25,2185735,1,1176.11,177628,271193,-0.6146229032395787,0
2023-07-28 10:50:36,1164.25,2185746,1,1176.11,177460,270909,-0.6146229032395787,0
2023-07-28 10:50:36,1164.3,2185746,10,1176.11,177460,270909,-0.6103546886337522,0
2023-07-28 10:50:38,1164.3,2185756,10,1176.11,177450,270804,-0.6103546886337522,0
2023-07-28 10:50:38,1164.0,2185756,8,1176.11,177164,271439,-0.6359639762687307,0
2023-07-28 10:50:39,1164.0,2185764,8,1176.11,177281,271632,-0.6359639762687307,0
2023-07-28 10:50:41,1164.25,2185774,10,1176.11,177305,270980,-0.6146229032395787,0
2023-07-28 10:50:42,1164.35,2185834,50,1176.11,178147,270159,-0.6060864740279257,0
2023-07-28 10:50:43,1164.1,2185835,1,1176.11,177382,270364,-0.6274275470570777,0
2023-07-28 10:50:43,1164.4,2185835,2,1176.11,177382,270364,-0.6018182594220798,0
2023-07-28 10:50:44,1164.4,2186351,2,1176.1,177505,269866,-0.6018182594220798,0
2023-07-28 10:50:44,1164.35,2186351,2,1176.1,177540,269926,-0.6060864740279257,0
2023-07-28 10:50:46,1164.35,2186353,2,1176.1,177538,270090,-0.6060864740279257,0
2023-07-28 10:50:46,1164.35,2186353,1,1176.1,177538,270090,-0.6060864740279257,0
2023-07-28 10:50:47,1164.35,2186354,12,1176.1,177525,270090,-0.6060864740279257,0
2023-07-28 10:50:48,1164.4,2186376,10,1176.1,176977,270648,-0.6018182594220798,0
2023-07-28 10:50:48,1164.4,2186376,10,1176.1,176977,270648,-0.6018182594220798,0
2023-07-28 10:50:48,1164.4,2186376,10,1176.1,177327,270561,-0.6018182594220798,0
2023-07-28 10:50:48,1164.55,2186376,5,1176.1,177327,270561,-0.5890136156046003,0
2023-07-28 10:50:49,1164.55,2186381,5,1176.1,177282,270592,-0.5890136156046003,0
2023-07-28 10:50:49,1164.55,2186381,5,1176.1,177094,270805,-0.5890136156046003,0
2023-07-28 10:50:53,1164.5,2186406,25,1176.1,177067,271259,-0.5932818302104268,0
2023-07-28 10:50:53,1164.5,2186406,25,1176.1,177067,271282,-0.5932818302104268,0
2023-07-28 10:50:53,1164.35,2186406,6,1176.1,177067,271282,-0.6060864740279257,0
2023-07-28 10:50:55,1164.35,2186417,1,1176.1,177548,271325,-0.6060864740279257,0
2023-07-28 10:50:55,1164.35,2186417,1,1176.1,177548,271325,-0.6060864740279257,0
2023-07-28 10:50:56,1164.55,2186421,100,1176.1,177528,271038,-0.5890136156046003,0
2023-07-28 10:50:56,1164.55,2186521,100,1176.1,177423,270881,-0.5890136156046003,0
2023-07-28 10:50:58,1164.35,2186550,29,1176.1,177276,271101,-0.6060864740279257,0
2023-07-28 10:50:59,1164.1,2186583,31,1176.1,177201,271047,-0.6274275470570777,0
2023-07-28 10:50:59,1164.1,2186583,3,1176.1,177201,271047,-0.6274275470570777,0
2023-07-28 10:51:00,1164.5,2186680,3,1176.1,177541,270738,-0.5932818302104268,0
2023-07-28 10:51:00,1164.5,2186680,3,1176.1,177047,270754,-0.5932818302104268,0
2023-07-28 10:51:02,1164.55,2186685,5,1176.1,177226,270759,-0.5890136156046003,0
2023-07-28 10:51:02,1164.55,2186685,5,1176.1,177205,271099,-0.5890136156046003,0
2023-07-28 10:51:02,1164.55,2186685,5,1176.1,177200,271091,-0.5890136156046003,0
2023-07-28 10:51:02,1164.5,2186685,10,1176.1,177200,271091,-0.5932818302104268,0
2023-07-28 10:51:05,1164.5,2186698,1,1176.1,177174,271109,-0.5932818302104268,0
2023-07-28 10:51:06,1164.5,2186841,37,1176.1,176768,271858,-0.5932818302104268,0
2023-07-28 10:51:06,1164.5,2186841,37,1176.1,176768,271858,-0.5932818302104268,0
2023-07-28 10:51:08,1164.0,2186879,7,1176.1,176551,272008,-0.6359639762687307,0
2023-07-28 10:51:08,1164.0,2186879,7,1176.1,176530,272163,-0.6359639762687307,0
2023-07-28 10:51:10,1164.35,2186895,10,1176.1,176760,272028,-0.6060864740279257,0
2023-07-28 10:51:10,1164.35,2186900,5,1176.1,177333,271038,-0.6060864740279257,0
2023-07-28 10:51:12,1164.1,2186904,4,1176.1,177150,271049,-0.6274275470570777,0
2023-07-28 10:51:12,1164.3,2186904,5,1176.1,177150,271049,-0.6103546886337522,0
2023-07-28 10:51:14,1164.3,2186911,2,1176.1,177107,270783,-0.6103546886337522,0
2023-07-28 10:51:14,1164.3,2186911,2,1176.1,177078,271114,-0.6103546886337522,0
2023-07-28 10:51:16,1164.3,2186913,2,1176.1,177208,270742,-0.6103546886337522,0
2023-07-28 10:51:17,1164.3,2186938,25,1176.1,177396,270989,-0.6103546886337522,0
2023-07-28 10:51:17,1164.1,2186938,8,1176.1,177396,270989,-0.6274275470570777,0
2023-07-28 10:51:19,1164.1,2186957,1,1176.1,177377,270754,-0.6274275470570777,0
2023-07-28 10:51:19,1164.35,2186962,5,1176.1,177376,270996,-0.6060864740279257,0
2023-07-28 10:51:19,1164.1,2186962,1,1176.1,177376,270996,-0.6274275470570777,0
2023-07-28 10:51:21,1164.35,2186965,1,1176.1,177383,270834,-0.6060864740279257,0
2023-07-28 10:51:21,1164.35,2186965,1,1176.1,177383,270834,-0.6060864740279257,0
2023-07-28 10:51:22,1164.1,2186975,5,1176.1,177464,270826,-0.6274275470570777,0
2023-07-28 10:51:22,1164.1,2186975,5,1176.1,177425,270777,-0.6274275470570777,0
2023-07-28 10:51:22,1164.35,2186975,30,1176.1,177425,270777,-0.6060864740279257,0
2023-07-28 10:51:23,1164.35,2187005,30,1176.1,177478,270752,-0.6060864740279257,0
2023-07-28 10:51:23,1164.3,2187005,1,1176.1,177478,270752,-0.6103546886337522,0
2023-07-28 10:51:24,1164.3,2187021,1,1176.1,177590,270777,-0.6103546886337522,0
2023-07-28 10:51:24,1164.3,2187021,1,1176.1,177252,270986,-0.6103546886337522,0
2023-07-28 10:51:24,1164.1,2187021,114,1176.1,177585,270785,-0.6274275470570777,0
2023-07-28 10:51:28,1164.1,2187264,40,1176.1,177314,270731,-0.6274275470570777,0
2023-07-28 10:51:29,1164.1,2187304,40,1176.1,179076,270731,-0.6274275470570777,0
2023-07-28 10:51:29,1164.15,2187304,8,1176.1,179054,270711,-0.6231593324512318,0
2023-07-28 10:51:31,1164.15,2187480,8,1176.1,179135,271152,-0.6231593324512318,0
2023-07-28 10:51:31,1164.4,2187480,3,1176.1,179135,271152,-0.6018182594220798,0
2023-07-28 10:51:32,1164.4,2187488,3,1176.1,179072,270910,-0.6018182594220798,0
2023-07-28 10:51:32,1164.4,2187488,3,1176.1,179115,271253,-0.6018182594220798,0
2023-07-28 10:51:32,1164.1,2187488,34,1176.1,179115,271253,-0.6274275470570777,0
2023-07-28 10:51:34,1164.75,2188100,22,1176.09,179137,271247,-0.5719407571812749,0
2023-07-28 10:51:34,1164.1,2188100,20,1176.09,179137,271247,-0.6274275470570777,0
2023-07-28 10:51:35,1164.1,2188120,20,1176.09,178954,271292,-0.6274275470570777,0
2023-07-28 10:51:37,1164.1,2188127,1,1176.09,178947,271297,-0.6274275470570777,0
2023-07-28 10:51:37,1164.1,2188127,1,1176.09,178947,271297,-0.6274275470570777,0
2023-07-28 10:51:37,1164.1,2188127,1,1176.09,178947,271308,-0.6274275470570777,0
2023-07-28 10:51:37,1164.6,2188127,17,1176.09,178947,271308,-0.5847454009987738,0
2023-07-28 10:51:39,1164.6,2188187,17,1176.09,178566,271181,-0.5847454009987738,0
2023-07-28 10:51:39,1164.6,2188187,17,1176.09,178558,271203,-0.5847454009987738,0
2023-07-28 10:51:39,1164.6,2188187,17,1176.09,178604,271408,-0.5847454009987738,0
2023-07-28 10:51:39,1164.6,2188187,17,1176.09,178264,271597,-0.5847454009987738,0
2023-07-28 10:51:39,1164.6,2188187,17,1176.09,178363,271642,-0.5847454009987738,0
2023-07-28 10:51:39,1164.6,2188187,17,1176.09,178749,271455,-0.5847454009987738,0
2023-07-28 10:51:39,1164.3,2188187,2,1176.09,178749,271455,-0.6103546886337522,0
2023-07-28 10:51:46,1164.3,2188189,2,1176.09,178831,271465,-0.6103546886337522,0
2023-07-28 10:51:46,1164.75,2188189,11,1176.09,178831,271462,-0.5719407571812749,0
2023-07-28 10:51:48,1164.3,2188243,2,1176.09,179218,271357,-0.6103546886337522,0
2023-07-28 10:51:48,1164.3,2188243,2,1176.09,179218,271357,-0.6103546886337522,0
2023-07-28 10:51:49,1164.7,2188261,5,1176.09,179184,271421,-0.5762089717871014,0
2023-07-28 10:51:49,1164.3,2188261,15,1176.09,179184,271421,-0.6103546886337522,0
2023-07-28 10:51:50,1164.3,2188278,3,1176.09,179176,271444,-0.6103546886337522,0
2023-07-28 10:51:50,1164.3,2188281,3,1176.09,179174,271441,-0.6103546886337522,0
2023-07-28 10:51:50,1164.3,2188281,3,1176.09,179156,271658,-0.6103546886337522,0
2023-07-28 10:51:50,1164.3,2188281,3,1176.09,179156,271615,-0.6103546886337522,0
2023-07-28 10:51:50,1164.3,2188281,3,1176.09,179375,271685,-0.6103546886337522,0
2023-07-28 10:51:50,1164.3,2188281,3,1176.09,179136,272095,-0.6103546886337522,0
2023-07-28 10:51:50,1164.65,2188281,5,1176.09,179136,272095,-0.5804771863929279,0
2023-07-28 10:51:50,1164.3,2188281,4,1176.09,179136,272095,-0.6103546886337522,0
2023-07-28 10:51:57,1164.3,2188295,4,1176.09,179275,271785,-0.6103546886337522,0
2023-07-28 10:52:00,1164.7,2188296,1,1176.09,179221,271900,-0.5762089717871014,0
2023-07-28 10:52:00,1164.7,2188296,1,1176.09,179222,271900,-0.5762089717871014,0
2023-07-28 10:52:00,1164.7,2188296,1,1176.09,179222,271908,-0.5762089717871014,0
2023-07-28 10:52:00,1164.7,2188296,1,1176.09,179194,271870,-0.5762089717871014,0
2023-07-28 10:52:04,1164.75,2188336,29,1176.09,179013,271782,-0.5719407571812749,0
2023-07-28 10:52:04,1164.75,2188336,29,1176.09,179013,271792,-0.5719407571812749,0
2023-07-28 10:52:07,1164.3,2188345,3,1176.09,179160,271922,-0.6103546886337522,0
2023-07-28 10:52:07,1164.3,2188345,100,1176.09,179160,271922,-0.6103546886337522,0
2023-07-28 10:52:07,1163.35,2188345,46,1176.09,179160,271922,-0.6914507661445334,0
2023-07-28 10:52:07,1162.8,2188345,3,1176.09,179160,271922,-0.7384011268086637,0
2023-07-28 10:52:10,1162.9,2194940,1,1176.06,172319,272530,-0.7298646975969912,0
2023-07-28 10:52:10,1162.9,2194940,1,1176.06,172319,272530,-0.7298646975969912,0
2023-07-28 10:52:10,1163.0,2194940,2,1176.06,172319,272530,-0.7213282683853383,0
2023-07-28 10:52:10,1162.8,2194940,349,1176.06,172319,272530,-0.7384011268086637,0
2023-07-28 10:52:13,1162.0,2197066,85,1176.04,167800,274987,-0.8066925605019459,0
2023-07-28 10:52:13,1162.55,2197066,12,1176.04,167800,274987,-0.7597421998378155,0
2023-07-28 10:52:13,1162.0,2197066,2,1176.04,167800,274987,-0.8066925605019459,0
2023-07-28 10:52:16,1162.0,2197958,1,1176.04,169209,274722,-0.8066925605019459,0
2023-07-28 10:52:16,1162.0,2197958,90,1176.04,169209,274722,-0.8066925605019459,0
2023-07-28 10:52:16,1162.4,2197958,36,1176.04,169209,274722,-0.772546843655295,0
2023-07-28 10:52:16,1162.35,2197958,5,1176.04,169209,274722,-0.776815058261141,0
2023-07-28 10:52:16,1162.0,2197958,10,1176.04,169209,274722,-0.8066925605019459,0
2023-07-28 10:52:16,1162.0,2197958,20,1176.04,169209,274722,-0.8066925605019459,0
2023-07-28 10:52:21,1162.45,2199037,14,1176.03,169136,273277,-0.7682786290494685,0
2023-07-28 10:52:21,1162.0,2199037,31,1176.03,169136,273277,-0.8066925605019459,0
2023-07-28 10:52:21,1162.45,2199037,5,1176.03,169136,273277,-0.7682786290494685,0
2023-07-28 10:52:23,1162.45,2199252,5,1176.03,168921,273545,-0.7682786290494685,0
2023-07-28 10:52:23,1162.45,2199252,1,1176.03,168921,273545,-0.7682786290494685,0
2023-07-28 10:52:23,1161.6,2199252,30,1176.03,168921,273545,-0.8408382773485967,0
2023-07-28 10:52:26,1162.75,2204219,14,1175.99,164861,274400,-0.7426693414144901,0
2023-07-28 10:52:26,1162.9,2204219,47,1175.99,164861,274400,-0.7298646975969912,0
2023-07-28 10:52:26,1162.9,2204219,2,1175.99,164861,274400,-0.7298646975969912,0
2023-07-28 10:52:29,1162.55,2206834,15,1175.98,166409,274086,-0.7597421998378155,0
2023-07-28 10:52:29,1162.25,2206834,6,1175.98,166409,274086,-0.7853514874727939,0
2023-07-28 10:52:31,1162.2,2206958,6,1175.98,165103,274196,-0.7896197020786205,0
2023-07-28 10:52:31,1161.45,2206958,1,1175.98,165103,274196,-0.8536429211660762,0
2023-07-28 10:52:31,1162.45,2206958,35,1175.98,165103,274196,-0.7682786290494685,0
2023-07-28 10:52:31,1161.85,2206958,5,1175.98,165103,274196,-0.8194972043194448,0
2023-07-28 10:52:34,1161.95,2207863,25,1175.97,165378,274047,-0.8109607751077724,0
2023-07-28 10:52:34,1161.95,2207863,6,1175.97,165378,274047,-0.8109607751077724,0
2023-07-28 10:52:34,1162.7,2207863,12,1175.97,165378,274047,-0.7469375560203166,0
2023-07-28 10:52:37,1162.45,2208032,3,1175.97,165602,274331,-0.7682786290494685,0
2023-07-28 10:52:37,1161.75,2208032,20,1175.97,165602,274331,-0.8280336335310978,0
2023-07-28 10:52:37,1162.0,2208032,1,1175.97,165602,274331,-0.8066925605019459,0
2023-07-28 10:52:37,1162.45,2208032,1,1175.97,165602,274331,-0.7682786290494685,0
2023-07-28 10:52:37,1162.2,2208032,6,1175.97,165602,274331,-0.7896197020786205,0
2023-07-28 10:52:37,1161.95,2208032,2,1175.97,165602,274331,-0.8109607751077724,0
2023-07-28 10:52:42,1161.25,2209390,13,1175.96,165296,274388,-0.8707157795894016,0
2023-07-28 10:52:42,1162.4,2209390,10,1175.96,165296,274388,-0.772546843655295,0
2023-07-28 10:52:42,1161.65,2209390,48,1175.96,165296,274388,-0.8365700627427508,0
2023-07-28 10:52:44,1161.7,2210629,10,1175.95,164983,274324,-0.8323018481369243,0
2023-07-28 10:52:44,1162.35,2210629,13,1175.95,164983,274324,-0.776815058261141,0
2023-07-28 10:52:44,1161.8,2210629,10,1175.95,164983,274324,-0.8237654189252713,0
2023-07-28 10:52:47,1162.6,2211228,24,1175.95,165058,274252,-0.755473985231989,0
2023-07-28 10:52:47,1162.4,2211228,3,1175.95,165058,274252,-0.772546843655295,0
2023-07-28 10:52:50,1162.5,2211367,1,1175.95,165995,274792,-0.764010414443642,0
2023-07-28 10:52:50,1162.5,2211367,1,1175.95,165995,274792,-0.764010414443642,0
2023-07-28 10:52:50,1162.5,2211367,19,1175.95,165995,274792,-0.764010414443642,0
2023-07-28 10:52:52,1162.05,2211692,50,1175.95,164855,274757,-0.8024243458961194,0
2023-07-28 10:52:52,1162.05,2211692,3,1175.95,164855,274757,-0.8024243458961194,0
2023-07-28 10:52:52,1162.45,2211692,19,1175.95,164855,274757,-0.7682786290494685,0
2023-07-28 10:52:55,1163.25,2213916,110,1175.93,167321,272361,-0.6999871953561864,0
2023-07-28 10:52:55,1163.15,2213916,1,1175.93,167321,272361,-0.7085236245678393,0
2023-07-28 10:52:55,1162.95,2213916,15,1175.93,167321,272361,-0.7255964829911647,0
2023-07-28 10:52:57,1162.95,2214496,15,1175.93,166566,272934,-0.7255964829911647,0
2023-07-28 10:52:57,1162.95,2214496,3,1175.93,166566,272934,-0.7255964829911647,0
2023-07-28 10:52:57,1162.95,2214496,2,1175.93,166566,272934,-0.7255964829911647,0
2023-07-28 10:53:00,1162.95,2214529,3,1175.93,166704,273601,-0.7255964829911647,0
2023-07-28 10:53:00,1162.35,2214529,10,1175.93,166704,273601,-0.776815058261141,0
2023-07-28 10:53:00,1162.65,2214529,4,1175.93,166704,273601,-0.7512057706261431,0
2023-07-28 10:53:03,1162.4,2214769,24,1175.93,166663,273765,-0.772546843655295,0
2023-07-28 10:53:03,1163.05,2214769,3,1175.93,166663,273765,-0.7170600537795118,0
2023-07-28 10:53:03,1163.0,2214769,21,1175.93,166663,273765,-0.7213282683853383,0
2023-07-28 10:53:05,1163.0,2215028,21,1175.93,166598,273627,-0.7213282683853383,0
2023-07-28 10:53:06,1162.95,2215035,2,1175.93,166855,265556,-0.7255964829911647,0
2023-07-28 10:53:08,1162.35,2215062,1,1175.93,167001,265393,-0.776815058261141,0
2023-07-28 10:53:08,1162.35,2215062,12,1175.93,167001,265393,-0.776815058261141,0
2023-07-28 10:53:09,1162.35,2215078,12,1175.93,166889,265477,-0.776815058261141,0
2023-07-28 10:53:09,1162.9,2215078,2,1175.93,166889,265477,-0.7298646975969912,0
2023-07-28 10:53:09,1162.9,2215080,2,1175.93,166889,265463,-0.7298646975969912,0
2023-07-28 10:53:09,1162.9,2215080,4,1175.93,166889,265463,-0.7298646975969912,0
2023-07-28 10:53:11,1162.9,2215088,1,1175.93,166837,265513,-0.7298646975969912,0
2023-07-28 10:53:11,1162.9,2215088,1,1175.93,166551,265610,-0.7298646975969912,0
2023-07-28 10:53:11,1162.95,2215088,10,1175.93,166551,265610,-0.7255964829911647,0
2023-07-28 10:53:13,1162.95,2215098,1,1175.93,166567,265630,-0.7255964829911647,0
2023-07-28 10:53:14,1162.95,2215099,1,1175.93,166572,265638,-0.7255964829911647,0
2023-07-28 10:53:16,1162.35,2215104,1,1175.93,166437,265786,-0.776815058261141,0
2023-07-28 10:53:16,1162.35,2215104,1,1175.93,166476,265836,-0.776815058261141,0
2023-07-28 10:53:18,1162.5,2215111,7,1175.93,167037,265650,-0.764010414443642,0
2023-07-28 10:53:18,1163.0,2215111,1,1175.93,167037,265650,-0.7213282683853383,0
2023-07-28 10:53:19,1163.0,2215123,1,1175.93,167136,265371,-0.7213282683853383,0
2023-07-28 10:53:19,1162.45,2215123,4,1175.93,167136,265371,-0.7682786290494685,0
2023-07-28 10:53:20,1162.45,2215137,4,1175.93,166670,265658,-0.7682786290494685,0
2023-07-28 10:53:20,1162.45,2215137,43,1175.93,166670,265658,-0.7682786290494685,0
2023-07-28 10:53:21,1162.45,2215344,43,1175.93,166739,265566,-0.7682786290494685,0
2023-07-28 10:53:21,1162.2,2215344,9,1175.93,166739,265566,-0.7896197020786205,0
2023-07-28 10:53:23,1162.95,2216195,46,1175.92,166594,265714,-0.7255964829911647,0
2023-07-28 10:53:24,1162.95,2216200,5,1175.92,166582,265704,-0.7255964829911647,0
2023-07-28 10:53:24,1162.95,2216200,5,1175.92,166582,265704,-0.7255964829911647,0
2023-07-28 10:53:24,1162.95,2216200,5,1175.92,167669,265234,-0.7255964829911647,0
2023-07-28 10:53:24,1162.4,2216200,22,1175.92,167669,265234,-0.772546843655295,0
2023-07-28 10:53:26,1162.95,2216232,7,1175.92,167695,265528,-0.7255964829911647,0
2023-07-28 10:53:27,1162.4,2216341,9,1175.92,166980,265465,-0.772546843655295,0
2023-07-28 10:53:29,1162.4,2216372,17,1175.92,166960,265493,-0.772546843655295,0
2023-07-28 10:53:29,1163.0,2216372,5,1175.92,166960,265493,-0.7213282683853383,0
2023-07-28 10:53:30,1163.0,2216409,5,1175.92,166959,265457,-0.7213282683853383,0
2023-07-28 10:53:30,1163.0,2216409,1,1175.92,166959,265457,-0.7213282683853383,0
2023-07-28 10:53:30,1163.0,2216411,1,1175.92,167040,265413,-0.7213282683853383,0
2023-07-28 10:53:30,1163.0,2216411,1,1175.92,167040,265421,-0.7213282683853383,0
2023-07-28 10:53:30,1162.4,2216411,17,1175.92,167040,265421,-0.772546843655295,0
2023-07-28 10:53:33,1163.0,2216442,3,1175.92,167525,265491,-0.7213282683853383,0
2023-07-28 10:53:34,1163.0,2216459,2,1175.92,167518,265489,-0.7213282683853383,0
2023-07-28 10:53:34,1163.0,2216459,2,1175.92,167719,265508,-0.7213282683853383,0
2023-07-28 10:53:34,1162.4,2216459,3,1175.92,167719,265508,-0.772546843655295,0
2023-07-28 10:53:36,1162.4,2216462,3,1175.92,167701,265594,-0.772546843655295,0
2023-07-28 10:53:38,1162.25,2216465,2,1175.92,167636,265282,-0.7853514874727939,0
2023-07-28 10:53:38,1162.95,2216465,1,1175.92,167636,265282,-0.7255964829911647,0
2023-07-28 10:53:39,1162.3,2216625,2,1175.92,167857,265284,-0.7810832728669674,0
2023-07-28 10:53:40,1162.75,2216641,16,1175.92,168112,265022,-0.7426693414144901,0
2023-07-28 10:53:41,1162.75,2216642,1,1175.92,168112,265034,-0.7426693414144901,0
2023-07-28 10:53:41,1162.75,2216642,7,1175.92,168112,265034,-0.7426693414144901,0
2023-07-28 10:53:43,1162.2,2216810,1,1175.92,167836,265389,-0.7896197020786205,0
2023-07-28 10:53:43,1162.75,2216848,13,1175.92,168333,265625,-0.7426693414144901,0
2023-07-28 10:53:43,1162.35,2216848,9,1175.92,168333,265625,-0.776815058261141,0
2023-07-28 10:53:44,1162.35,2216858,9,1175.92,168250,265638,-0.776815058261141,0
2023-07-28 10:53:44,1162.75,2216858,1,1175.92,168250,265638,-0.7426693414144901,0
2023-07-28 10:53:46,1162.75,2216864,1,1175.92,167559,265849,-0.7426693414144901,0
2023-07-28 10:53:46,1162.75,2216864,44,1175.92,167559,265849,-0.7426693414144901,0
2023-07-28 10:53:47,1162.6,2226162,26,1175.86,164606,266665,-0.755473985231989,0
2023-07-28 10:53:48,1161.65,2226839,20,1175.85,163191,267726,-0.8365700627427508,0
2023-07-28 10:53:49,1161.8,2226968,63,1175.85,167581,266498,-0.8237654189252713,0
2023-07-28 10:53:49,1161.8,2226968,63,1175.85,167581,266498,-0.8237654189252713,0
2023-07-28 10:53:50,1162.9,2227620,34,1175.85,169919,264491,-0.7298646975969912,0
2023-07-28 10:53:52,1162.75,2227794,1,1175.85,169193,265233,-0.7426693414144901,0
2023-07-28 10:53:52,1162.75,2227825,16,1175.85,169310,265214,-0.7426693414144901,0
2023-07-28 10:53:53,1163.0,2227907,9,1175.85,169773,264546,-0.7213282683853383,0
2023-07-28 10:53:54,1162.6,2227909,1,1175.85,169536,264441,-0.755473985231989,0
2023-07-28 10:53:54,1162.6,2227909,1,1175.85,169536,264441,-0.755473985231989,0
2023-07-28 10:53:55,1162.55,2228073,6,1175.84,169359,268279,-0.7597421998378155,0
2023-07-28 10:53:56,1163.0,2228097,3,1175.84,169311,268260,-0.7213282683853383,0
2023-07-28 10:53:56,1163.0,2228097,14,1175.84,169311,268260,-0.7213282683853383,0
2023-07-28 10:53:59,1162.45,2228453,17,1175.84,169429,268239,-0.7682786290494685,0
2023-07-28 10:53:59,1164.1,2231491,82,1175.83,172957,260257,-0.6274275470570777,0
2023-07-28 10:53:59,1164.0,2231491,7,1175.83,172957,260257,-0.6359639762687307,0
2023-07-28 10:54:01,1164.7,2231705,9,1175.82,173330,267254,-0.5762089717871014,0
2023-07-28 10:54:01,1164.8,2231705,20,1175.82,173330,267254,-0.5676725425754484,0
2023-07-28 10:54:02,1164.05,2232045,17,1175.82,173330,267812,-0.6316957616629042,0
2023-07-28 10:54:02,1164.05,2232045,17,1175.82,173330,267812,-0.6316957616629042,0
2023-07-28 10:54:02,1164.05,2232045,17,1175.82,172936,269275,-0.6316957616629042,0
2023-07-28 10:54:04,1164.2,2232315,1,1175.82,173183,268780,-0.6188911178454053,0
2023-07-28 10:54:04,1164.2,2232315,1,1175.82,173183,268780,-0.6188911178454053,0
2023-07-28 10:54:06,1163.4,2232332,6,1175.82,173094,269117,-0.6871825515386875,0
2023-07-28 10:54:06,1164.0,2232334,1,1175.82,172987,268948,-0.6359639762687307,0
2023-07-28 10:54:06,1164.0,2232334,1,1175.82,172987,268948,-0.6359639762687307,0
2023-07-28 10:54:07,1163.25,2232364,30,1175.82,165034,269545,-0.6999871953561864,0
2023-07-28 10:54:07,1163.8,2232367,3,1175.82,172094,271494,-0.6530368346920561,0
2023-07-28 10:54:09,1162.9,2232407,1,1175.82,171596,271283,-0.7298646975969912,0
2023-07-28 10:54:09,1162.9,2232407,1,1175.82,171596,271283,-0.7298646975969912,0
2023-07-28 10:54:09,1162.9,2232407,1,1175.82,171399,271546,-0.7298646975969912,0
2023-07-28 10:54:09,1163.4,2232407,10,1175.82,171399,271546,-0.6871825515386875,0
2023-07-28 10:54:11,1163.4,2232418,1,1175.82,171457,271344,-0.6871825515386875,0
2023-07-28 10:54:12,1163.5,2232419,11,1175.82,171695,271362,-0.6786461223270345,0
2023-07-28 10:54:13,1163.8,2232441,2,1175.82,172425,271180,-0.6530368346920561,0
2023-07-28 10:54:13,1163.8,2232441,2,1175.82,172425,271180,-0.6530368346920561,0
2023-07-28 10:54:14,1163.8,2232443,1,1175.82,172238,271283,-0.6530368346920561,0
2023-07-28 10:54:14,1163.8,2232443,1,1175.82,172607,271324,-0.6530368346920561,0
2023-07-28 10:54:14,1163.0,2232443,13,1175.82,172607,271324,-0.7213282683853383,0
2023-07-28 10:54:16,1163.0,2232561,1,1175.82,172399,271411,-0.7213282683853383,0
2023-07-28 10:54:17,1163.7,2232573,12,1175.82,172449,271406,-0.6615732639037091,0
2023-07-28 10:54:19,1163.7,2232971,27,1175.82,172343,271066,-0.6615732639037091,0
2023-07-28 10:54:20,1163.7,2233016,8,1175.82,172309,271054,-0.6615732639037091,0
2023-07-28 10:54:20,1163.8,2233024,1,1175.82,172922,270317,-0.6530368346920561,0
2023-07-28 10:54:21,1163.15,2233187,42,1175.82,165837,271426,-0.7085236245678393,0
2023-07-28 10:54:21,1163.8,2233187,17,1175.82,165837,271426,-0.6530368346920561,0
2023-07-28 10:54:21,1163.8,2233205,17,1175.82,172898,270573,-0.6530368346920561,0
2023-07-28 10:54:21,1163.85,2233205,1,1175.82,172898,270573,-0.6487686200862296,0
2023-07-28 10:54:22,1163.85,2233206,1,1175.82,172343,270988,-0.6487686200862296,0
2023-07-28 10:54:22,1163.85,2233206,1,1175.82,172589,270919,-0.6487686200862296,0
2023-07-28 10:54:22,1163.85,2233206,1,1175.82,172777,270560,-0.6487686200862296,0
2023-07-28 10:54:26,1162.9,2233540,6,1175.81,172954,270709,-0.7298646975969912,0
2023-07-28 10:54:27,1162.9,2233581,1,1175.81,172592,270248,-0.7298646975969912,0
2023-07-28 10:54:28,1163.7,2233585,4,1175.81,172728,270356,-0.6615732639037091,0
2023-07-28 10:54:28,1163.7,2233585,2,1175.81,172728,270356,-0.6615732639037091,0
2023-07-28 10:54:30,1163.7,2233609,1,1175.81,172432,270781,-0.6615732639037091,0
2023-07-28 10:54:31,1163.0,2233809,103,1175.81,172544,270680,-0.7213282683853383,0
2023-07-28 10:54:32,1163.65,2233831,2,1175.81,172545,270640,-0.6658414785095356,0
2023-07-28 10:54:33,1163.65,2233875,4,1175.81,172435,270973,-0.6658414785095356,0
2023-07-28 10:54:33,1163.6,2233875,1,1175.81,172435,270973,-0.6701096931153815,0
2023-07-28 10:54:34,1163.6,2233882,1,1175.81,172435,271032,-0.6701096931153815,0
2023-07-28 10:54:34,1163.5,2233882,2,1175.81,172435,271032,-0.6786461223270345,0
2023-07-28 10:54:36,1163.0,2233884,1,1175.81,172763,270691,-0.7213282683853383,0
2023-07-28 10:54:37,1163.0,2233885,3,1175.81,172420,270704,-0.7213282683853383,0
2023-07-28 10:54:38,1163.5,2233947,5,1175.81,172418,270685,-0.6786461223270345,0
2023-07-28 10:54:39,1163.5,2233953,1,1175.81,172439,270817,-0.6786461223270345,0
2023-07-28 10:54:39,1163.5,2233953,1,1175.81,172439,270817,-0.6786461223270345,0
2023-07-28 10:54:40,1162.55,2234077,2,1175.81,171073,271233,-0.7597421998378155,0
2023-07-28 10:54:41,1163.25,2234114,1,1175.81,171831,270761,-0.6999871953561864,0
2023-07-28 10:54:42,1163.25,2234118,1,1175.81,172514,270548,-0.6999871953561864,0
2023-07-28 10:54:44,1163.4,2234130,1,1175.81,172204,270883,-0.6871825515386875,0
2023-07-28 10:54:44,1162.7,2234135,5,1175.81,172023,270854,-0.7469375560203166,0
2023-07-28 10:54:45,1163.4,2234137,2,1175.81,171620,271136,-0.6871825515386875,0
2023-07-28 10:54:45,1163.4,2234137,2,1175.81,171620,271136,-0.6871825515386875,0
2023-07-28 10:54:46,1163.4,2234150,2,1175.81,171606,270686,-0.6871825515386875,0
2023-07-28 10:54:46,1163.4,2234150,16,1175.81,171606,270686,-0.6871825515386875,0
2023-07-28 10:54:47,1163.4,2234249,9,1175.81,171959,270457,-0.6871825515386875,0
2023-07-28 10:54:48,1163.4,2234258,1,1175.81,171941,270506,-0.6871825515386875,0
2023-07-28 10:54:49,1163.4,2234270,6,1175.81,171928,270430,-0.6871825515386875,0
2023-07-28 10:54:50,1163.4,2234271,1,1175.81,171918,270710,-0.6871825515386875,0
2023-07-28 10:54:51,1163.45,2234277,1,1175.81,171779,270767,-0.682914336932861,0
2023-07-28 10:54:52,1163.25,2234302,4,1175.81,171927,271332,-0.6999871953561864,0
2023-07-28 10:54:52,1163.5,2234302,2,1175.81,171927,271332,-0.6786461223270345,0
2023-07-28 10:54:53,1163.6,2234307,3,1175.81,171975,271315,-0.6701096931153815,0
2023-07-28 10:54:54,1163.65,2234362,4,1175.81,171781,270798,-0.6658414785095356,0
2023-07-28 10:54:55,1163.65,2234368,1,1175.81,171810,270895,-0.6658414785095356,0
2023-07-28 10:54:55,1163.65,2234368,1,1175.81,171810,270895,-0.6658414785095356,0
2023-07-28 10:54:56,1163.9,2234639,269,1175.81,171813,270175,-0.6445004054803837,0
2023-07-28 10:54:57,1163.4,2234675,6,1175.81,171764,271049,-0.6871825515386875,0
2023-07-28 10:54:57,1163.9,2234675,3,1175.81,171764,271049,-0.6445004054803837,0
2023-07-28 10:54:57,1163.85,2234675,2,1175.81,171764,271049,-0.6487686200862296,0
2023-07-28 10:54:59,1163.85,2234790,1,1175.81,171931,271146,-0.6487686200862296,0
2023-07-28 10:55:00,1163.85,2234900,10,1175.81,171777,271361,-0.6487686200862296,0
2023-07-28 10:55:00,1163.85,2234900,10,1175.81,171987,271543,-0.6487686200862296,0
2023-07-28 10:55:01,1163.85,2234902,1,1175.81,172494,271989,-0.6487686200862296,0
2023-07-28 10:55:01,1163.85,2234902,1,1175.81,172494,271861,-0.6487686200862296,0
2023-07-28 10:55:01,1163.85,2234902,1,1175.81,172494,271852,-0.6487686200862296,0
2023-07-28 10:55:01,1163.85,2234902,1,1175.81,171954,272049,-0.6487686200862296,0
2023-07-28 10:55:06,1163.1,2234913,3,1175.81,171949,272386,-0.7127918391736853,0
2023-07-28 10:55:06,1163.35,2234913,6,1175.81,171949,272386,-0.6914507661445334,0
2023-07-28 10:55:08,1163.35,2234921,1,1175.81,171599,272364,-0.6914507661445334,0
2023-07-28 10:55:09,1163.3,2236273,4,1175.8,172128,271961,-0.6957189807503599,0
2023-07-28 10:55:09,1163.5,2236273,3,1175.8,172128,271961,-0.6786461223270345,0
2023-07-28 10:55:11,1163.5,2236464,4,1175.8,171721,272822,-0.6786461223270345,0
2023-07-28 10:55:12,1163.45,2236536,7,1175.8,171189,273624,-0.682914336932861,0
2023-07-28 10:55:12,1162.7,2236536,4,1175.8,171251,273653,-0.7469375560203166,0
2023-07-28 10:55:14,1163.45,2236543,1,1175.8,171638,273218,-0.682914336932861,0
2023-07-28 10:55:14,1163.45,2236543,1,1175.8,171658,273224,-0.682914336932861,0
2023-07-28 10:55:14,1163.45,2236543,1,1175.8,171758,273336,-0.682914336932861,0
2023-07-28 10:55:14,1163.45,2236543,1,1175.8,172541,273334,-0.682914336932861,0
2023-07-28 10:55:18,1163.3,2236893,12,1175.79,171826,273683,-0.6957189807503599,0
2023-07-28 10:55:20,1162.65,2236958,13,1175.79,173700,273713,-0.7512057706261431,0
2023-07-28 10:55:21,1163.15,2237002,4,1175.79,174194,273500,-0.7085236245678393,0
2023-07-28 10:55:22,1163.15,2237070,2,1175.79,173902,274694,-0.7085236245678393,0
2023-07-28 10:55:23,1163.1,2237085,2,1175.79,173600,274748,-0.7127918391736853,0
2023-07-28 10:55:23,1162.65,2237085,3,1175.79,173599,274727,-0.7512057706261431,0
2023-07-28 10:55:24,1162.95,2237089,1,1175.79,173309,274815,-0.7255964829911647,0
2023-07-28 10:55:25,1162.65,2237096,5,1175.79,173305,275161,-0.7512057706261431,0
2023-07-28 10:55:27,1163.1,2237103,4,1175.79,173305,275136,-0.7127918391736853,0
2023-07-28 10:55:27,1163.1,2237104,1,1175.79,173306,275133,-0.7127918391736853,0
2023-07-28 10:55:27,1163.1,2237104,1,1175.79,173310,275133,-0.7127918391736853,0
2023-07-28 10:55:29,1163.1,2237214,10,1175.79,173201,275406,-0.7127918391736853,0
2023-07-28 10:55:30,1163.1,2237215,1,1175.79,173531,275389,-0.7127918391736853,0
2023-07-28 10:55:30,1163.1,2237215,1,1175.79,174171,275325,-0.7127918391736853,0
2023-07-28 10:55:33,1163.0,2237237,2,1175.79,174110,275443,-0.7213282683853383,0
2023-07-28 10:55:33,1163.0,2237237,2,1175.79,174110,275443,-0.7213282683853383,0
2023-07-28 10:55:34,1162.65,2237247,10,1175.79,174495,275305,-0.7512057706261431,0
2023-07-28 10:55:35,1163.0,2237248,1,1175.79,174494,275487,-0.7213282683853383,0
2023-07-28 10:55:35,1162.65,2237251,1,1175.79,174491,275486,-0.7512057706261431,0
2023-07-28 10:55:35,1162.65,2237251,40,1175.79,174491,275486,-0.7512057706261431,0
2023-07-28 10:55:36,1163.0,2237292,4,1175.79,174687,275527,-0.7213282683853383,0
2023-07-28 10:55:37,1163.0,2237296,4,1175.79,174743,275496,-0.7213282683853383,0
2023-07-28 10:55:38,1163.0,2237299,1,1175.79,174754,275504,-0.7213282683853383,0
2023-07-28 10:55:39,1163.0,2237392,8,1175.79,174694,275471,-0.7213282683853383,0
2023-07-28 10:55:40,1163.0,2237393,1,1175.79,175191,275469,-0.7213282683853383,0
2023-07-28 10:55:41,1162.95,2237398,1,1175.79,174389,275872,-0.7255964829911647,0
2023-07-28 10:55:42,1162.95,2237432,4,1175.79,174435,275830,-0.7255964829911647,0
2023-07-28 10:55:43,1162.95,2237442,10,1175.79,174468,275820,-0.7255964829911647,0
2023-07-28 10:55:44,1162.95,2237443,1,1175.79,174463,275945,-0.7255964829911647,0
2023-07-28 10:55:44,1162.65,2237443,93,1175.79,174514,275945,-0.7512057706261431,0
2023-07-28 10:55:47,1163.0,2237751,22,1175.79,174531,275371,-0.7213282683853383,0
2023-07-28 10:55:48,1163.0,2237754,3,1175.79,174748,275698,-0.7213282683853383,0
2023-07-28 10:55:48,1163.0,2237754,17,1175.79,174748,275698,-0.7213282683853383,0
2023-07-28 10:55:48,1163.0,2237939,17,1175.79,174625,275642,-0.7213282683853383,0
2023-07-28 10:55:49,1163.0,2238056,12,1175.79,174575,275641,-0.7213282683853383,0
2023-07-28 10:55:49,1163.0,2238056,1,1175.79,174575,275641,-0.7213282683853383,0
2023-07-28 10:55:50,1163.0,2238057,1,1175.79,174580,275644,-0.7213282683853383,0
2023-07-28 10:55:52,1163.0,2238353,293,1175.79,174581,275338,-0.7213282683853383,0
2023-07-28 10:55:52,1163.0,2238353,30,1175.79,174581,275338,-0.7213282683853383,0
2023-07-28 10:55:54,1163.0,2238537,14,1175.79,174452,275407,-0.7213282683853383,0
2023-07-28 10:55:54,1162.65,2238537,9,1175.79,174452,275407,-0.7512057706261431,0
2023-07-28 10:55:55,1163.0,2238549,2,1175.79,174238,275504,-0.7213282683853383,0
2023-07-28 10:55:55,1163.0,2238549,2,1175.79,174238,275504,-0.7213282683853383,0
2023-07-28 10:55:56,1163.0,2238550,19,1175.79,174243,275511,-0.7213282683853383,0
2023-07-28 10:55:57,1163.0,2238681,12,1175.78,174175,275719,-0.7213282683853383,0
2023-07-28 10:55:58,1163.0,2238682,1,1175.78,174173,275718,-0.7213282683853383,0
2023-07-28 10:55:58,1163.0,2238682,1,1175.78,174173,275718,-0.7213282683853383,0
2023-07-28 10:56:00,1163.0,2238689,1,1175.78,174173,275711,-0.7213282683853383,0
2023-07-28 10:56:00,1163.0,2238689,1,1175.78,174173,275703,-0.7213282683853383,0
2023-07-28 10:56:00,1163.1,2238689,11,1175.78,174173,275703,-0.7127918391736853,0
2023-07-28 10:56:02,1163.1,2239338,11,1175.78,174574,274017,-0.7127918391736853,0
2023-07-28 10:56:02,1163.45,2239338,13,1175.78,174574,274017,-0.682914336932861,0
2023-07-28 10:56:04,1163.0,2239407,4,1175.78,173469,274412,-0.7213282683853383,0
2023-07-28 10:56:04,1163.45,2239407,6,1175.78,173469,274412,-0.682914336932861,0
2023-07-28 10:56:04,1163.0,2239413,5,1175.78,173468,274398,-0.7213282683853383,0
2023-07-28 10:56:06,1163.45,2239420,1,1175.78,173474,274377,-0.682914336932861,0
2023-07-28 10:56:06,1163.45,2239420,1,1175.78,173474,274377,-0.682914336932861,0
2023-07-28 10:56:08,1163.5,2239530,10,1175.78,173820,274613,-0.6786461223270345,0
2023-07-28 10:56:08,1163.5,2239530,10,1175.78,173805,274613,-0.6786461223270345,0
2023-07-28 10:56:08,1162.95,2239530,6,1175.78,173805,274613,-0.7255964829911647,0
2023-07-28 10:56:08,1163.5,2239530,5,1175.78,173805,274613,-0.6786461223270345,0
2023-07-28 10:56:10,1163.5,2239543,1,1175.78,174016,274457,-0.6786461223270345,0
2023-07-28 10:56:10,1163.5,2239543,1,1175.78,174016,274457,-0.6786461223270345,0
2023-07-28 10:56:11,1163.5,2239544,1,1175.78,175217,274554,-0.6786461223270345,0
2023-07-28 10:56:12,1163.5,2239566,2,1175.78,175209,274534,-0.6786461223270345,0
2023-07-28 10:56:12,1163.5,2239566,2,1175.78,175209,274534,-0.6786461223270345,0
2023-07-28 10:56:13,1163.5,2239573,1,1175.78,175203,274662,-0.6786461223270345,0
2023-07-28 10:56:13,1163.5,2239573,1,1175.78,175220,274687,-0.6786461223270345,0
2023-07-28 10:56:13,1163.05,2239573,3,1175.78,175220,274687,-0.7170600537795118,0
2023-07-28 10:56:14,1163.45,2239576,20,1175.78,175567,274361,-0.682914336932861,0
2023-07-28 10:56:16,1163.4,2239918,5,1175.78,175261,274210,-0.6871825515386875,0
2023-07-28 10:56:16,1163.4,2239918,5,1175.78,175261,274210,-0.6871825515386875,0
2023-07-28 10:56:16,1163.45,2239923,1,1175.78,175095,274122,-0.682914336932861,0
2023-07-28 10:56:19,1163.45,2239942,1,1175.78,175065,274497,-0.682914336932861,0
2023-07-28 10:56:19,1162.95,2239942,4,1175.78,175065,274497,-0.7255964829911647,0
2023-07-28 10:56:20,1163.45,2239956,1,1175.78,175058,274576,-0.682914336932861,0
2023-07-28 10:56:21,1163.0,2239957,1,1175.78,175055,275212,-0.7213282683853383,0
2023-07-28 10:56:22,1163.45,2240043,1,1175.78,175140,275161,-0.682914336932861,0
2023-07-28 10:56:22,1163.4,2240043,2,1175.78,175140,275161,-0.6871825515386875,0
2023-07-28 10:56:23,1163.4,2240156,3,1175.78,174740,275431,-0.6871825515386875,0
2023-07-28 10:56:24,1163.3,2240212,6,1175.78,175215,275109,-0.6957189807503599,0
2023-07-28 10:56:25,1162.7,2240228,10,1175.78,174950,274690,-0.7469375560203166,0
2023-07-28 10:56:25,1163.35,2240228,2,1175.78,174950,274690,-0.6914507661445334,0
2023-07-28 10:56:26,1163.35,2240230,2,1175.78,174956,275098,-0.6914507661445334,0
2023-07-28 10:56:27,1162.7,2240237,15,1175.78,175371,275283,-0.7469375560203166,0
2023-07-28 10:56:28,1163.3,2240254,2,1175.78,175143,275077,-0.6957189807503599,0
2023-07-28 10:56:28,1163.3,2240254,2,1175.78,175469,275077,-0.6957189807503599,0
2023-07-28 10:56:30,1163.3,2240257,2,1175.78,175568,274969,-0.6957189807503599,0
2023-07-28 10:56:30,1163.3,2240257,2,1175.78,175263,275008,-0.6957189807503599,0
2023-07-28 10:56:32,1163.3,2240267,1,1175.78,175380,275293,-0.6957189807503599,0
2023-07-28 10:56:33,1163.35,2240379,9,1175.77,175382,275224,-0.6914507661445334,0
2023-07-28 10:56:33,1163.35,2240379,9,1175.77,175382,275224,-0.6914507661445334,0
2023-07-28 10:56:34,1163.35,2240380,1,1175.77,175377,275223,-0.6914507661445334,0
2023-07-28 10:56:34,1163.35,2240380,1,1175.77,175377,275223,-0.6914507661445334,0
2023-07-28 10:56:34,1163.05,2240380,1,1175.77,175377,275223,-0.7170600537795118,0
2023-07-28 10:56:35,1163.05,2240381,1,1175.77,175388,275226,-0.7170600537795118,0
2023-07-28 10:56:35,1163.05,2240381,1,1175.77,175427,275218,-0.7170600537795118,0
2023-07-28 10:56:35,1163.0,2240381,23,1175.77,175427,275218,-0.7213282683853383,0
2023-07-28 10:56:35,1163.0,2240381,4,1175.77,175427,275218,-0.7213282683853383,0
2023-07-28 10:56:39,1163.0,2240441,4,1175.77,175633,275001,-0.7213282683853383,0
2023-07-28 10:56:39,1163.35,2240441,1,1175.77,175633,275001,-0.6914507661445334,0
2023-07-28 10:56:40,1163.4,2241455,851,1175.77,175642,275056,-0.6871825515386875,0
2023-07-28 10:56:40,1163.4,2241455,28,1175.77,175642,275056,-0.6871825515386875,0
2023-07-28 10:56:41,1163.3,2241668,22,1175.77,175143,275411,-0.6957189807503599,0
2023-07-28 10:56:42,1163.3,2241692,2,1175.77,175264,275209,-0.6957189807503599,0
2023-07-28 10:56:42,1163.3,2241692,2,1175.77,175264,275209,-0.6957189807503599,0
2023-07-28 10:56:43,1163.25,2241729,3,1175.77,174824,275717,-0.6999871953561864,0
2023-07-28 10:56:43,1163.25,2241729,3,1175.77,174824,275717,-0.6999871953561864,0
2023-07-28 10:56:44,1163.05,2241730,1,1175.77,174338,275629,-0.7170600537795118,0
2023-07-28 10:56:44,1163.05,2241730,1,1175.77,174338,275629,-0.7170600537795118,0
2023-07-28 10:56:44,1163.05,2241730,1,1175.77,174264,275809,-0.7170600537795118,0
2023-07-28 10:56:44,1163.05,2241730,1,1175.77,175597,275364,-0.7170600537795118,0
2023-07-28 10:56:44,1163.05,2241730,1,1175.77,175512,275421,-0.7170600537795118,0
2023-07-28 10:56:44,1163.05,2241730,1,1175.77,175706,275543,-0.7170600537795118,0
2023-07-28 10:56:44,1163.05,2241730,1,1175.77,175645,275526,-0.7170600537795118,0
2023-07-28 10:56:44,1163.0,2241730,1,1175.77,175645,275526,-0.7213282683853383,0
2023-07-28 10:56:44,1163.05,2241730,4,1175.77,175645,275526,-0.7170600537795118,0
2023-07-28 10:56:51,1163.05,2241806,4,1175.77,175580,274892,-0.7170600537795118,0
2023-07-28 10:56:51,1162.8,2241806,45,1175.77,175580,274892,-0.7384011268086637,0
2023-07-28 10:56:51,1162.8,2243267,45,1175.76,172942,275214,-0.7384011268086637,0
2023-07-28 10:56:51,1162.5,2243267,1,1175.76,172942,275214,-0.764010414443642,0
2023-07-28 10:56:53,1162.65,2243312,5,1175.76,173313,275453,-0.7512057706261431,0
2023-07-28 10:56:53,1162.65,2243317,5,1175.76,174794,276990,-0.7512057706261431,0
2023-07-28 10:56:53,1162.5,2243317,3,1175.76,174794,276990,-0.764010414443642,0
2023-07-28 10:56:55,1162.65,2243646,25,1175.76,174385,277429,-0.7512057706261431,0
2023-07-28 10:56:55,1162.0,2243646,6,1175.76,174385,277429,-0.8066925605019459,0
2023-07-28 10:56:57,1162.6,2243938,27,1175.75,173952,277719,-0.755473985231989,0
2023-07-28 10:56:57,1162.6,2243938,27,1175.75,173952,277719,-0.755473985231989,0
2023-07-28 10:56:58,1162.6,2243941,3,1175.75,174071,277729,-0.755473985231989,0
2023-07-28 10:56:58,1162.6,2243941,3,1175.75,174071,277710,-0.755473985231989,0
2023-07-28 10:57:00,1162.0,2244052,4,1175.75,173981,277733,-0.8066925605019459,0
2023-07-28 10:57:00,1162.0,2244052,4,1175.75,173981,277733,-0.8066925605019459,0
2023-07-28 10:57:01,1162.6,2244062,10,1175.75,173983,277806,-0.755473985231989,0
2023-07-28 10:57:02,1162.0,2244162,26,1175.75,173300,277707,-0.8066925605019459,0
2023-07-28 10:57:03,1162.5,2244177,4,1175.75,173310,277441,-0.764010414443642,0
2023-07-28 10:57:03,1162.5,2244180,2,1175.75,173320,277177,-0.764010414443642,0
2023-07-28 10:57:05,1162.0,2244298,1,1175.75,173245,277272,-0.8066925605019459,0
2023-07-28 10:57:05,1162.4,2244298,10,1175.75,173245,277272,-0.772546843655295,0
2023-07-28 10:57:05,1162.4,2244313,2,1175.75,173310,276965,-0.772546843655295,0
2023-07-28 10:57:06,1162.4,2244320,2,1175.75,172986,276939,-0.772546843655295,0
2023-07-28 10:57:06,1162.0,2244320,9,1175.75,172986,276939,-0.8066925605019459,0
2023-07-28 10:57:08,1162.0,2244451,12,1175.75,173425,277183,-0.8066925605019459,0
2023-07-28 10:57:09,1162.0,2244452,1,1175.75,173495,277024,-0.8066925605019459,0
2023-07-28 10:57:09,1161.9,2244452,2,1175.75,173495,277024,-0.8152289897135989,0
2023-07-28 10:57:09,1161.9,2244454,2,1175.75,173534,277035,-0.8152289897135989,0
2023-07-28 10:57:11,1161.9,2244493,4,1175.75,173505,276935,-0.8152289897135989,0
2023-07-28 10:57:12,1162.0,2244511,2,1175.75,173492,277130,-0.8066925605019459,0
2023-07-28 10:57:14,1161.85,2244542,17,1175.75,171997,277272,-0.8194972043194448,0
2023-07-28 10:57:14,1161.9,2244548,1,1175.75,172252,276500,-0.8152289897135989,0
2023-07-28 10:57:16,1161.95,2244560,1,1175.75,171464,276222,-0.8109607751077724,0
2023-07-28 10:57:17,1161.95,2244610,47,1175.75,172254,276233,-0.8109607751077724,0
2023-07-28 10:57:17,1162.0,2244610,14,1175.75,172254,276233,-0.8066925605019459,0
2023-07-28 10:57:18,1162.0,2244719,2,1175.75,181037,275776,-0.8066925605019459,0
2023-07-28 10:57:18,1162.95,2244719,72,1175.75,181037,275776,-0.7255964829911647,0
2023-07-28 10:57:19,1162.2,2245504,5,1175.74,182099,274942,-0.7896197020786205,0
2023-07-28 10:57:20,1162.35,2245517,5,1175.74,182813,274697,-0.776815058261141,0
2023-07-28 10:57:20,1162.25,2245517,5,1175.74,182813,274697,-0.7853514874727939,0
2023-07-28 10:57:20,1162.25,2245661,5,1175.74,182451,274901,-0.7853514874727939,0
2023-07-28 10:57:20,1162.15,2245661,10,1175.74,182451,274901,-0.793887916684447,0
2023-07-28 10:57:22,1162.0,2246029,55,1175.74,182250,275358,-0.8066925605019459,0
2023-07-28 10:57:22,1162.7,2246029,6,1175.74,182225,275447,-0.7469375560203166,0
2023-07-28 10:57:22,1162.7,2246029,3,1175.74,182225,275447,-0.7469375560203166,0
2023-07-28 10:57:24,1162.7,2246070,1,1175.74,180813,275337,-0.7469375560203166,0
2023-07-28 10:57:24,1162.7,2246070,1,1175.74,180830,275371,-0.7469375560203166,0
2023-07-28 10:57:24,1162.7,2246070,1,1175.74,180759,275208,-0.7469375560203166,0
2023-07-28 10:57:27,1162.05,2246094,9,1175.74,180857,275404,-0.8024243458961194,0
2023-07-28 10:57:27,1162.25,2246094,2,1175.74,180857,275404,-0.7853514874727939,0
2023-07-28 10:57:28,1162.25,2246101,5,1175.74,181489,275494,-0.7853514874727939,0
2023-07-28 10:57:28,1162.25,2246113,2,1175.74,181491,275598,-0.7853514874727939,0
2023-07-28 10:57:30,1162.0,2246127,4,1175.74,181477,275640,-0.8066925605019459,0
2023-07-28 10:57:31,1162.0,2246144,2,1175.74,181555,275614,-0.8066925605019459,0
2023-07-28 10:57:31,1162.0,2246144,2,1175.74,181673,275618,-0.8066925605019459,0
2023-07-28 10:57:31,1162.0,2246144,2,1175.74,181639,275623,-0.8066925605019459,0
2023-07-28 10:57:34,1162.25,2246152,1,1175.74,181646,275610,-0.7853514874727939,0
2023-07-28 10:57:35,1161.8,2247655,2,1175.73,180302,275419,-0.8237654189252713,0
2023-07-28 10:57:35,1162.25,2247655,14,1175.73,180302,275419,-0.7853514874727939,0
2023-07-28 10:57:36,1161.8,2248741,326,1175.73,180563,275595,-0.8237654189252713,0
2023-07-28 10:57:37,1162.45,2248991,3,1175.72,181493,275288,-0.7682786290494685,0
2023-07-28 10:57:37,1162.45,2248991,3,1175.72,181493,275288,-0.7682786290494685,0
2023-07-28 10:57:38,1162.55,2249000,9,1175.72,180153,275818,-0.7597421998378155,0
2023-07-28 10:57:39,1162.45,2249003,2,1175.72,180837,268929,-0.7682786290494685,0
2023-07-28 10:57:39,1162.6,2249003,5,1175.72,180837,268929,-0.755473985231989,0
2023-07-28 10:57:40,1161.95,2249153,76,1175.72,179821,275906,-0.8109607751077724,0
2023-07-28 10:57:40,1162.6,2249153,1,1175.72,179821,275906,-0.755473985231989,0
2023-07-28 10:57:41,1162.55,2249169,8,1175.72,180755,275861,-0.7597421998378155,0
2023-07-28 10:57:41,1162.55,2249239,8,1175.72,179769,275937,-0.7597421998378155,0
2023-07-28 10:57:41,1162.8,2249239,1,1175.72,179769,275937,-0.7384011268086637,0
2023-07-28 10:57:43,1162.8,2249251,1,1175.72,179750,276074,-0.7384011268086637,0
2023-07-28 10:57:43,1162.8,2249251,1,1175.72,179750,276074,-0.7384011268086637,0
2023-07-28 10:57:44,1162.3,2249253,2,1175.72,180255,276109,-0.7810832728669674,0
2023-07-28 10:57:45,1162.55,2249306,5,1175.72,180183,276528,-0.7597421998378155,0
2023-07-28 10:57:45,1162.55,2249306,5,1175.72,180183,276528,-0.7597421998378155,0
2023-07-28 10:57:46,1162.55,2249310,1,1175.72,180074,276574,-0.7597421998378155,0
2023-07-28 10:57:46,1162.55,2249310,1,1175.72,180074,276574,-0.7597421998378155,0
2023-07-28 10:57:46,1162.55,2249310,1,1175.72,180159,276918,-0.7597421998378155,0
2023-07-28 10:57:46,1162.1,2249310,43,1175.72,180159,276918,-0.7981561312902928,0
2023-07-28 10:57:49,1162.55,2249401,2,1175.72,180130,276987,-0.7597421998378155,0
2023-07-28 10:57:50,1162.3,2249604,2,1175.72,180434,276458,-0.7810832728669674,0
2023-07-28 10:57:51,1162.5,2249630,5,1175.72,180291,276598,-0.764010414443642,0
2023-07-28 10:57:51,1162.5,2249634,1,1175.72,180276,276467,-0.764010414443642,0
2023-07-28 10:57:53,1162.3,2249642,1,1175.72,180328,276476,-0.7810832728669674,0
2023-07-28 10:57:53,1162.45,2249642,3,1175.72,180328,276476,-0.7682786290494685,0
2023-07-28 10:57:54,1162.45,2249675,3,1175.72,180328,276505,-0.7682786290494685,0
2023-07-28 10:57:55,1162.3,2249704,1,1175.72,180342,276437,-0.7810832728669674,0
2023-07-28 10:57:55,1162.3,2249704,1,1175.72,180230,276462,-0.7810832728669674,0
2023-07-28 10:57:55,1162.3,2249704,1,1175.72,180230,276462,-0.7810832728669674,0
2023-07-28 10:57:56,1162.6,2249981,18,1175.72,180227,276506,-0.755473985231989,0
2023-07-28 10:57:56,1162.3,2249981,4,1175.72,180227,276506,-0.7810832728669674,0
2023-07-28 10:57:57,1162.7,2249988,3,1175.72,180137,276484,-0.7469375560203166,0
2023-07-28 10:57:58,1162.55,2250011,5,1175.72,180688,276408,-0.7597421998378155,0
2023-07-28 10:57:59,1162.55,2250023,3,1175.72,180664,276436,-0.7597421998378155,0
2023-07-28 10:58:00,1162.55,2250027,3,1175.72,180664,276385,-0.7597421998378155,0
2023-07-28 10:58:00,1162.55,2250027,3,1175.72,180690,276344,-0.7597421998378155,0
2023-07-28 10:58:02,1162.55,2250042,10,1175.72,180393,276753,-0.7597421998378155,0
2023-07-28 10:58:03,1162.3,2250046,2,1175.72,180398,276671,-0.7810832728669674,0
2023-07-28 10:58:03,1162.3,2250046,2,1175.72,180398,276762,-0.7810832728669674,0
2023-07-28 10:58:05,1162.55,2250055,1,1175.72,180389,276677,-0.7597421998378155,0
2023-07-28 10:58:07,1162.55,2250171,2,1175.72,180317,276862,-0.7597421998378155,0
2023-07-28 10:58:07,1162.7,2250173,2,1175.72,180761,276242,-0.7469375560203166,0
2023-07-28 10:58:07,1162.75,2250173,2,1175.72,180761,276242,-0.7426693414144901,0
2023-07-28 10:58:08,1162.75,2250217,2,1175.72,180919,276197,-0.7426693414144901,0
2023-07-28 10:58:08,1162.75,2250217,2,1175.72,180783,276157,-0.7426693414144901,0
2023-07-28 10:58:08,1162.2,2250217,5,1175.72,180961,276099,-0.7896197020786205,0
2023-07-28 10:58:11,1162.7,2250267,5,1175.72,180785,276568,-0.7469375560203166,0
2023-07-28 10:58:12,1162.9,2250559,14,1175.71,180532,276271,-0.7298646975969912,0
2023-07-28 10:58:14,1162.85,2250614,5,1175.71,180680,276283,-0.7341329122028372,0
2023-07-28 10:58:14,1162.85,2250614,5,1175.71,180680,276327,-0.7341329122028372,0
2023-07-28 10:58:14,1162.85,2250614,5,1175.71,180670,276254,-0.7341329122028372,0
2023-07-28 10:58:16,1162.8,2250617,3,1175.71,180720,276279,-0.7384011268086637,0
2023-07-28 10:58:16,1162.85,2250617,10,1175.71,180720,276279,-0.7341329122028372,0
2023-07-28 10:58:18,1162.9,2250639,2,1175.71,181146,276232,-0.7298646975969912,0
2023-07-28 10:58:18,1162.9,2250639,1,1175.71,181146,276232,-0.7298646975969912,0
2023-07-28 10:58:19,1162.95,2250660,13,1175.71,180264,276129,-0.7255964829911647,0
2023-07-28 10:58:19,1162.9,2250664,1,1175.71,180789,276336,-0.7298646975969912,0
2023-07-28 10:58:20,1162.9,2250680,1,1175.71,180743,276626,-0.7298646975969912,0
2023-07-28 10:58:20,1162.9,2250680,6,1175.71,180743,276626,-0.7298646975969912,0
2023-07-28 10:58:22,1162.9,2250722,6,1175.71,179917,276625,-0.7298646975969912,0
2023-07-28 10:58:22,1163.05,2252741,14,1175.7,182149,274197,-0.7170600537795118,0
2023-07-28 10:58:22,1163.5,2252741,10,1175.7,182149,274197,-0.6786461223270345,0
2023-07-28 10:58:24,1163.35,2253080,7,1175.7,183003,274348,-0.6914507661445334,0
2023-07-28 10:58:24,1162.85,2253080,1,1175.7,183003,274348,-0.7341329122028372,0
2023-07-28 10:58:26,1162.5,2253085,1,1175.7,181330,273811,-0.764010414443642,0
2023-07-28 10:58:26,1162.5,2253085,1,1175.7,181827,274593,-0.764010414443642,0
2023-07-28 10:58:28,1163.1,2253274,17,1175.7,182661,274691,-0.7127918391736853,0
2023-07-28 10:58:28,1163.05,2253274,2,1175.7,182661,274691,-0.7170600537795118,0
2023-07-28 10:58:29,1162.8,2253278,2,1175.7,182969,274805,-0.7384011268086637,0
2023-07-28 10:58:30,1162.5,2253331,30,1175.7,182680,274126,-0.764010414443642,0
2023-07-28 10:58:30,1162.5,2253354,7,1175.7,182048,274231,-0.764010414443642,0
2023-07-28 10:58:31,1162.35,2253391,30,1175.7,182041,274268,-0.776815058261141,0
2023-07-28 10:58:31,1162.8,2253391,4,1175.7,182041,274268,-0.7384011268086637,0
2023-07-28 10:58:32,1162.7,2253396,1,1175.7,182097,274227,-0.7469375560203166,0
2023-07-28 10:58:33,1162.7,2253402,4,1175.7,181724,274493,-0.7469375560203166,0
2023-07-28 10:58:34,1162.7,2253436,10,1175.7,182090,274388,-0.7469375560203166,0
2023-07-28 10:58:35,1163.0,2253471,1,1175.7,182110,274406,-0.7213282683853383,0
2023-07-28 10:58:36,1162.5,2253525,11,1175.7,181823,274709,-0.764010414443642,0
2023-07-28 10:58:37,1163.0,2253623,14,1175.7,182116,274575,-0.7213282683853383,0
2023-07-28 10:58:38,1163.0,2253624,1,1175.7,182133,274594,-0.7213282683853383,0
2023-07-28 10:58:39,1162.4,2253732,8,1175.7,182969,274409,-0.772546843655295,0
2023-07-28 10:58:41,1162.7,2253762,3,1175.7,182953,273992,-0.7469375560203166,0
2023-07-28 10:58:41,1162.45,2253762,135,1175.7,182953,273992,-0.7682786290494685,0
2023-07-28 10:58:42,1162.95,2253910,2,1175.7,182619,274208,-0.7255964829911647,0
2023-07-28 10:58:43,1163.0,2254027,12,1175.69,182830,274166,-0.7213282683853383,0
2023-07-28 10:58:44,1163.0,2254036,2,1175.69,182894,274601,-0.7213282683853383,0
2023-07-28 10:58:45,1163.4,2254345,22,1175.69,183620,273860,-0.6871825515386875,0
2023-07-28 10:58:45,1163.4,2254348,3,1175.69,183547,274506,-0.6871825515386875,0
2023-07-28 10:58:45,1163.35,2254348,1,1175.69,183547,274506,-0.6914507661445334,0
2023-07-28 10:58:46,1163.35,2254349,1,1175.69,184656,274227,-0.6914507661445334,0
2023-07-28 10:58:46,1163.35,2254349,1,1175.69,184368,274209,-0.6914507661445334,0
2023-07-28 10:58:50,1163.3,2254389,40,1175.69,184393,274156,-0.6957189807503599,0
2023-07-28 10:58:51,1163.3,2254454,6,1175.69,185141,274175,-0.6957189807503599,0
2023-07-28 10:58:51,1163.3,2254454,6,1175.69,185141,274175,-0.6957189807503599,0
2023-07-28 10:58:52,1163.3,2254476,2,1175.69,185540,274289,-0.6957189807503599,0
2023-07-28 10:58:52,1163.25,2254476,121,1175.69,185540,274289,-0.6999871953561864,0
2023-07-28 10:58:53,1163.25,2254609,12,1175.69,185304,274571,-0.6999871953561864,0
2023-07-28 10:58:53,1163.25,2254609,12,1175.69,185304,274571,-0.6999871953561864,0
2023-07-28 10:58:54,1162.75,2254621,184,1175.69,184822,274559,-0.7426693414144901,0
2023-07-28 10:58:56,1163.05,2254942,3,1175.69,183420,274515,-0.7170600537795118,0
2023-07-28 10:58:56,1163.0,2254991,9,1175.69,183219,274524,-0.7213282683853383,0
2023-07-28 10:58:57,1163.05,2255003,2,1175.69,183363,274576,-0.7170600537795118,0
2023-07-28 10:58:58,1163.05,2255137,100,1175.69,182908,274574,-0.7170600537795118,0
2023-07-28 10:58:58,1163.05,2255137,10,1175.69,182908,274574,-0.7170600537795118,0
2023-07-28 10:59:00,1163.0,2255347,200,1175.69,182593,274787,-0.7213282683853383,0
2023-07-28 10:59:00,1163.05,2255368,21,1175.69,182685,274724,-0.7170600537795118,0
2023-07-28 10:59:00,1163.05,2255368,155,1175.69,182685,274724,-0.7170600537795118,0
2023-07-28 10:59:02,1163.1,2256064,1,1175.68,182297,274666,-0.7127918391736853,0
2023-07-28 10:59:03,1163.3,2256069,5,1175.68,182316,274319,-0.6957189807503599,0
2023-07-28 10:59:04,1163.2,2256070,1,1175.68,182279,274752,-0.7042554099620129,0
2023-07-28 10:59:04,1163.2,2256070,1,1175.68,182279,274752,-0.7042554099620129,0
2023-07-28 10:59:05,1163.1,2256149,67,1175.68,181889,274841,-0.7127918391736853,0
2023-07-28 10:59:05,1163.15,2256149,8,1175.68,181889,274841,-0.7085236245678393,0
2023-07-28 10:59:07,1163.1,2256160,3,1175.68,182131,275034,-0.7127918391736853,0
2023-07-28 10:59:07,1163.35,2256160,3,1175.68,182131,275034,-0.6914507661445334,0
2023-07-28 10:59:07,1163.2,2256160,2,1175.68,182131,275034,-0.7042554099620129,0
2023-07-28 10:59:09,1163.3,2256551,23,1175.68,185398,275117,-0.6957189807503599,0
2023-07-28 10:59:10,1163.3,2256566,1,1175.68,185803,275164,-0.6957189807503599,0
2023-07-28 10:59:10,1163.3,2256566,1,1175.68,185803,275164,-0.6957189807503599,0
2023-07-28 10:59:10,1163.3,2256566,1,1175.68,185803,275164,-0.6957189807503599,0
2023-07-28 10:59:12,1163.05,2256586,9,1175.68,185905,274992,-0.7170600537795118,0
2023-07-28 10:59:13,1163.2,2256919,2,1175.68,186011,275254,-0.7042554099620129,0
2023-07-28 10:59:15,1163.2,2256926,3,1175.68,185868,275305,-0.7042554099620129,0
2023-07-28 10:59:15,1163.2,2256926,94,1175.68,185868,275305,-0.7042554099620129,0
2023-07-28 10:59:15,1163.2,2257021,94,1175.68,186418,275451,-0.7042554099620129,0
2023-07-28 10:59:17,1163.35,2257032,1,1175.68,185725,275387,-0.6914507661445334,0
2023-07-28 10:59:17,1163.25,2257032,2,1175.68,185725,275387,-0.6999871953561864,0
2023-07-28 10:59:18,1163.25,2257035,2,1175.68,185718,275315,-0.6999871953561864,0
2023-07-28 10:59:18,1163.25,2257035,2,1175.68,185715,275283,-0.6999871953561864,0
2023-07-28 10:59:20,1163.4,2257167,5,1175.68,186070,275311,-0.6871825515386875,0
2023-07-28 10:59:21,1163.3,2257171,2,1175.68,186064,276964,-0.6957189807503599,0
2023-07-28 10:59:21,1163.3,2257171,5,1175.68,186064,276964,-0.6957189807503599,0
2023-07-28 10:59:21,1163.3,2257176,5,1175.68,186069,276959,-0.6957189807503599,0
2023-07-28 10:59:21,1163.25,2257176,16,1175.68,186069,276959,-0.6999871953561864,0
2023-07-28 10:59:23,1163.25,2257192,16,1175.68,186067,277003,-0.6999871953561864,0
2023-07-28 10:59:23,1163.3,2257194,2,1175.68,186074,276935,-0.6957189807503599,0
2023-07-28 10:59:23,1163.3,2257194,2,1175.68,186074,276935,-0.6957189807503599,0
2023-07-28 10:59:23,1163.3,2257194,2,1175.68,186089,276935,-0.6957189807503599,0
2023-07-28 10:59:26,1163.3,2257199,1,1175.68,186089,276945,-0.6957189807503599,0
2023-07-28 10:59:26,1163.3,2257200,1,1175.68,186094,276944,-0.6957189807503599,0
2023-07-28 10:59:26,1163.3,2257200,1,1175.68,186117,276944,-0.6957189807503599,0
2023-07-28 10:59:26,1163.3,2257200,1,1175.68,186119,276936,-0.6957189807503599,0
2023-07-28 10:59:30,1163.3,2257338,8,1175.68,186116,276999,-0.6957189807503599,0
2023-07-28 10:59:31,1163.3,2257353,1,1175.68,186119,276984,-0.6957189807503599,0
2023-07-28 10:59:32,1163.25,2257400,3,1175.68,186097,277205,-0.6999871953561864,0
2023-07-28 10:59:32,1163.25,2257400,1,1175.68,186097,277205,-0.6999871953561864,0
2023-07-28 10:59:33,1163.25,2257401,1,1175.68,186103,277280,-0.6999871953561864,0
2023-07-28 10:59:34,1163.25,2257456,5,1175.68,186104,277324,-0.6999871953561864,0
2023-07-28 10:59:34,1163.25,2257456,5,1175.68,186104,277324,-0.6999871953561864,0
2023-07-28 10:59:34,1163.25,2257456,3,1175.68,186104,277324,-0.6999871953561864,0
2023-07-28 10:59:37,1163.25,2257489,3,1175.68,186243,276745,-0.6999871953561864,0
2023-07-28 10:59:37,1163.25,2257489,1,1175.68,186243,276745,-0.6999871953561864,0
2023-07-28 10:59:38,1163.25,2257490,1,1175.68,186081,277019,-0.6999871953561864,0
2023-07-28 10:59:38,1163.25,2257490,1,1175.68,186081,277019,-0.6999871953561864,0
2023-07-28 10:59:41,1163.0,2257494,1,1175.68,186077,277128,-0.7213282683853383,0
2023-07-28 10:59:41,1163.25,2257494,57,1175.68,186077,277128,-0.6999871953561864,0
2023-07-28 10:59:42,1163.0,2257783,9,1175.67,186084,276833,-0.7213282683853383,0
2023-07-28 10:59:43,1163.25,2257869,4,1175.67,186012,276869,-0.6999871953561864,0
2023-07-28 10:59:43,1163.25,2257869,4,1175.67,186012,276869,-0.6999871953561864,0
2023-07-28 10:59:44,1163.0,2257882,3,1175.67,186010,276899,-0.7213282683853383,0
2023-07-28 10:59:45,1163.35,2257883,1,1175.67,186571,276945,-0.6914507661445334,0
2023-07-28 10:59:46,1163.0,2257884,1,1175.67,186570,276937,-0.7213282683853383,0
2023-07-28 10:59:46,1163.0,2257884,1,1175.67,186570,276937,-0.7213282683853383,0
2023-07-28 10:59:47,1163.3,2257890,1,1175.67,186569,276917,-0.6957189807503599,0
2023-07-28 10:59:48,1163.35,2257912,2,1175.67,186569,276890,-0.6914507661445334,0
2023-07-28 10:59:48,1163.35,2257912,2,1175.67,186569,276910,-0.6914507661445334,0
2023-07-28 10:59:51,1163.0,2257987,75,1175.67,186596,276918,-0.7213282683853383,0
2023-07-28 10:59:51,1163.35,2257994,1,1175.67,186495,276918,-0.6914507661445334,0
2023-07-28 10:59:52,1163.3,2257997,1,1175.67,186393,276896,-0.6957189807503599,0
2023-07-28 10:59:52,1163.35,2257997,25,1175.67,186393,276896,-0.6914507661445334,0
2023-07-28 10:59:53,1163.35,2258022,25,1175.67,186393,276882,-0.6914507661445334,0
2023-07-28 10:59:54,1163.3,2258025,3,1175.67,186393,276861,-0.6957189807503599,0
2023-07-28 10:59:55,1163.0,2258043,15,1175.67,186483,276975,-0.7213282683853383,0
2023-07-28 10:59:55,1163.0,2258043,15,1175.67,186483,276975,-0.7213282683853383,0
2023-07-28 10:59:56,1163.0,2258052,3,1175.67,186476,276975,-0.7213282683853383,0
2023-07-28 10:59:57,1163.3,2258063,1,1175.67,186472,276971,-0.6957189807503599,0
2023-07-28 10:59:58,1163.0,2258066,2,1175.67,186570,276955,-0.7213282683853383,0
2023-07-28 10:59:58,1163.0,2258066,1,1175.67,186570,276955,-0.7213282683853383,0
2023-07-28 10:59:59,1163.3,2258299,2,1175.67,186574,276731,-0.6957189807503599,0
2023-07-28 11:00:00,1163.3,2258327,2,1175.67,186576,276774,-0.6957189807503599,0
2023-07-28 11:00:01,1163.3,2258363,4,1175.67,186432,276615,-0.6957189807503599,0
2023-07-28 11:00:02,1163.3,2258365,2,1175.67,186385,276613,-0.6957189807503599,0
2023-07-28 11:00:02,1163.3,2258365,2,1175.67,186465,276620,-0.6957189807503599,0
2023-07-28 11:00:02,1163.3,2258365,2,1175.67,186465,276620,-0.6957189807503599,0
2023-07-28 11:00:04,1163.3,2258367,2,1175.67,186402,276576,-0.6957189807503599,0
2023-07-28 11:00:05,1163.3,2258372,1,1175.67,186402,276597,-0.6957189807503599,0
2023-07-28 11:00:05,1163.5,2258372,9,1175.67,186402,276597,-0.6786461223270345,0
2023-07-28 11:00:06,1163.3,2260451,58,1175.66,186823,273104,-0.6957189807503599,0
2023-07-28 11:00:06,1163.5,2260451,79,1175.66,186823,273104,-0.6786461223270345,0
2023-07-28 11:00:06,1163.85,2260451,1,1175.66,186823,273104,-0.6487686200862296,0
2023-07-28 11:00:09,1163.85,2261013,5,1175.66,187183,274688,-0.6487686200862296,0
2023-07-28 11:00:09,1163.7,2261013,6,1175.66,187183,274688,-0.6615732639037091,0
2023-07-28 11:00:12,1163.9,2261692,45,1175.65,187166,274963,-0.6445004054803837,0
2023-07-28 11:00:12,1163.85,2261692,10,1175.65,187166,274963,-0.6487686200862296,0
2023-07-28 11:00:12,1163.25,2261692,3,1175.65,187166,274963,-0.6999871953561864,0
2023-07-28 11:00:13,1163.25,2261753,3,1175.65,186943,275273,-0.6999871953561864,0
2023-07-28 11:00:17,1163.35,2261776,16,1175.65,188064,274457,-0.6914507661445334,0
2023-07-28 11:00:17,1163.55,2261776,1,1175.65,188064,274457,-0.674377907721208,0
2023-07-28 11:00:19,1163.35,2261782,3,1175.65,187946,274289,-0.6914507661445334,0
2023-07-28 11:00:19,1163.15,2261782,110,1175.65,187946,274289,-0.7085236245678393,0
2023-07-28 11:00:19,1163.65,2261782,4,1175.65,187946,274289,-0.6658414785095356,0
2023-07-28 11:00:22,1163.9,2262495,415,1175.65,187204,274650,-0.6445004054803837,0
2023-07-28 11:00:22,1163.95,2262495,28,1175.65,187204,274650,-0.6402321908745572,0
2023-07-28 11:00:22,1164.0,2262495,7,1175.65,187204,274650,-0.6359639762687307,0
2023-07-28 11:00:24,1163.35,2262626,1,1175.65,190604,274749,-0.6914507661445334,0
2023-07-28 11:00:24,1163.35,2262626,1,1175.65,190604,274749,-0.6914507661445334,0
2023-07-28 11:00:27,1163.35,2262638,2,1175.65,191824,274537,-0.6914507661445334,0
2023-07-28 11:00:27,1163.35,2262638,1,1175.65,191824,274537,-0.6914507661445334,0
2023-07-28 11:00:30,1163.05,2262665,6,1175.65,191945,274659,-0.7170600537795118,0
2023-07-28 11:00:30,1163.35,2262665,2,1175.65,191945,274659,-0.6914507661445334,0
2023-07-28 11:00:30,1163.35,2262665,1,1175.65,191945,274659,-0.6914507661445334,0
2023-07-28 11:00:32,1163.35,2262692,2,1175.65,191949,274760,-0.6914507661445334,0
2023-07-28 11:00:32,1163.35,2262692,2,1175.65,191949,274760,-0.6914507661445334,0
2023-07-28 11:00:35,1163.35,2262702,1,1175.65,191956,274759,-0.6914507661445334,0
2023-07-28 11:00:35,1163.05,2262702,1,1175.65,191956,274759,-0.7170600537795118,0
2023-07-28 11:00:35,1163.35,2262702,1,1175.65,191956,274759,-0.6914507661445334,0
2023-07-28 11:00:37,1163.65,2262830,1,1175.65,191190,274563,-0.6658414785095356,0
2023-07-28 11:00:37,1163.65,2262830,2,1175.65,191190,274563,-0.6658414785095356,0
2023-07-28 11:00:37,1163.35,2262830,1,1175.65,191190,274563,-0.6914507661445334,0
2023-07-28 11:00:37,1163.35,2262830,5,1175.65,191190,274563,-0.6914507661445334,0
2023-07-28 11:00:37,1163.0,2262830,66,1175.65,191190,274563,-0.7213282683853383,0
2023-07-28 11:00:37,1163.35,2262830,8,1175.65,191190,274563,-0.6914507661445334,0
2023-07-28 11:00:41,1163.35,2262986,1,1175.65,191823,274867,-0.6914507661445334,0
2023-07-28 11:00:41,1163.1,2262986,1,1175.65,191823,274867,-0.7127918391736853,0
2023-07-28 11:00:41,1163.35,2262986,1,1175.65,191823,274867,-0.6914507661445334,0
2023-07-28 11:00:45,1163.55,2263263,3,1175.64,191838,275071,-0.674377907721208,0
2023-07-28 11:00:45,1163.15,2263263,35,1175.64,191838,275071,-0.7085236245678393,0
2023-07-28 11:00:45,1163.65,2263263,5,1175.64,191838,275071,-0.6658414785095356,0
2023-07-28 11:00:48,1163.35,2263335,2,1175.64,191633,274983,-0.6914507661445334,0
2023-07-28 11:00:48,1163.35,2263335,1,1175.64,191633,274983,-0.6914507661445334,0
2023-07-28 11:00:48,1163.35,2263335,1,1175.64,191633,274983,-0.6914507661445334,0
2023-07-28 11:00:48,1163.35,2263335,4,1175.64,191633,274983,-0.6914507661445334,0
2023-07-28 11:00:50,1163.35,2263353,4,1175.64,191678,274659,-0.6914507661445334,0
2023-07-28 11:00:50,1163.45,2263353,2,1175.64,191678,274659,-0.682914336932861,0
2023-07-28 11:00:50,1163.65,2263353,5,1175.64,191678,274659,-0.6658414785095356,0
2023-07-28 11:00:53,1163.65,2263411,4,1175.64,191093,274627,-0.6658414785095356,0
2023-07-28 11:00:53,1163.05,2263415,1,1175.64,191639,274839,-0.7170600537795118,0
2023-07-28 11:00:53,1163.05,2263415,4,1175.64,191639,274839,-0.7170600537795118,0
2023-07-28 11:00:53,1163.2,2263415,1,1175.64,191639,274839,-0.7042554099620129,0
2023-07-28 11:00:58,1163.2,2263422,1,1175.64,192363,274814,-0.7042554099620129,0
2023-07-28 11:00:58,1163.5,2263422,2,1175.64,192363,274814,-0.6786461223270345,0
2023-07-28 11:01:02,1163.5,2263461,2,1175.64,191571,275032,-0.6786461223270345,0
2023-07-28 11:01:02,1163.5,2263461,3,1175.64,191571,275032,-0.6786461223270345,0
2023-07-28 11:01:02,1162.0,2263461,2,1175.64,191571,275032,-0.8066925605019459,0
2023-07-28 11:01:04,1162.65,2272534,82,1175.59,173761,274871,-0.7512057706261431,0
2023-07-28 11:01:04,1162.4,2272534,16,1175.59,173761,274871,-0.772546843655295,0
2023-07-28 11:01:06,1162.45,2273152,13,1175.59,178999,272980,-0.7682786290494685,0
2023-07-28 11:01:06,1162.5,2273152,3,1175.59,178999,272980,-0.764010414443642,0
2023-07-28 11:01:08,1161.95,2273418,1,1175.59,179556,275201,-0.8109607751077724,0
2023-07-28 11:01:08,1161.9,2273521,2,1175.59,180760,274734,-0.8152289897135989,0
2023-07-28 11:01:09,1161.85,2273581,5,1175.59,180846,274289,-0.8194972043194448,0
2023-07-28 11:01:09,1162.35,2273581,5,1175.59,180846,274289,-0.776815058261141,0
2023-07-28 11:01:10,1162.25,2274276,32,1175.58,179886,274120,-0.7853514874727939,0
2023-07-28 11:01:12,1162.25,2274596,16,1175.58,180139,274255,-0.7853514874727939,0
2023-07-28 11:01:12,1162.3,2274608,4,1175.58,179890,274313,-0.7810832728669674,0
2023-07-28 11:01:14,1162.1,2275129,510,1175.58,181056,272903,-0.7981561312902928,0
2023-07-28 11:01:15,1162.3,2275537,58,1175.57,180459,273148,-0.7810832728669674,0
2023-07-28 11:01:16,1162.3,2275612,1,1175.57,180357,273256,-0.7810832728669674,0
2023-07-28 11:01:16,1162.3,2275612,1,1175.57,180357,273256,-0.7810832728669674,0
2023-07-28 11:01:16,1162.8,2275619,6,1175.57,174457,273093,-0.7384011268086637,0
2023-07-28 11:01:16,1162.15,2275619,2,1175.57,174457,273093,-0.793887916684447,0
2023-07-28 11:01:18,1162.15,2275627,2,1175.57,181312,273325,-0.793887916684447,0
2023-07-28 11:01:18,1162.15,2275627,1,1175.57,181312,273325,-0.793887916684447,0
2023-07-28 11:01:19,1162.65,2275638,1,1175.57,180611,273227,-0.7512057706261431,0
2023-07-28 11:01:20,1162.7,2275644,16,1175.57,180686,272906,-0.7469375560203166,0
2023-07-28 11:01:21,1162.7,2275672,3,1175.57,180742,273084,-0.7469375560203166,0
2023-07-28 11:01:21,1162.3,2275672,49,1175.57,182850,273447,-0.7810832728669674,0
2023-07-28 11:01:24,1162.3,2275721,49,1175.57,182200,273425,-0.7810832728669674,0
2023-07-28 11:01:24,1162.3,2275721,5,1175.57,182200,273425,-0.7810832728669674,0
2023-07-28 11:01:25,1162.3,2275726,1,1175.57,183220,274981,-0.7810832728669674,0
2023-07-28 11:01:26,1162.3,2275727,1,1175.57,183232,275634,-0.7810832728669674,0
2023-07-28 11:01:26,1162.05,2275727,15,1175.57,183232,275634,-0.8024243458961194,0
2023-07-28 11:01:27,1162.55,2275753,3,1175.57,183171,275485,-0.7597421998378155,0
2023-07-28 11:01:28,1162.7,2275860,10,1175.57,183670,274944,-0.7469375560203166,0
2023-07-28 11:01:29,1162.7,2275861,1,1175.57,183263,274939,-0.7469375560203166,0
2023-07-28 11:01:31,1162.65,2275961,100,1175.57,183360,276601,-0.7512057706261431,0
2023-07-28 11:01:31,1162.65,2275961,10,1175.57,183360,276601,-0.7512057706261431,0
2023-07-28 11:01:31,1162.35,2275961,1,1175.57,183360,276601,-0.776815058261141,0
2023-07-28 11:01:32,1162.35,2275973,1,1175.57,182715,276743,-0.776815058261141,0
2023-07-28 11:01:34,1162.3,2275999,3,1175.57,183361,276865,-0.7810832728669674,0
2023-07-28 11:01:34,1162.6,2276002,3,1175.57,183461,276772,-0.755473985231989,0
2023-07-28 11:01:36,1162.65,2276010,1,1175.57,183253,277469,-0.7512057706261431,0
2023-07-28 11:01:37,1162.65,2276012,2,1175.57,183265,277489,-0.7512057706261431,0
2023-07-28 11:01:37,1162.65,2276020,1,1175.57,183209,277255,-0.7512057706261431,0
2023-07-28 11:01:38,1162.15,2276026,3,1175.57,182989,277874,-0.793887916684447,0
2023-07-28 11:01:40,1162.5,2276031,1,1175.57,183105,275603,-0.764010414443642,0
2023-07-28 11:01:40,1162.6,2276108,7,1175.57,183208,275758,-0.755473985231989,0
2023-07-28 11:01:40,1162.6,2276108,1,1175.57,183208,275758,-0.755473985231989,0
2023-07-28 11:01:41,1162.6,2276110,1,1175.57,182652,275409,-0.755473985231989,0
2023-07-28 11:01:41,1162.6,2276110,1,1175.57,182842,275414,-0.755473985231989,0
2023-07-28 11:01:41,1162.6,2276110,1,1175.57,182842,275141,-0.755473985231989,0
2023-07-28 11:01:41,1162.6,2276110,1,1175.57,182842,275380,-0.755473985231989,0
2023-07-28 11:01:41,1162.6,2276110,1,1175.57,183542,275227,-0.755473985231989,0
2023-07-28 11:01:41,1162.15,2276110,2,1175.57,183542,275235,-0.793887916684447,0
2023-07-28 11:01:48,1162.0,2276119,1,1175.57,182934,275464,-0.8066925605019459,0
2023-07-28 11:01:49,1162.2,2276120,1,1175.57,184252,275327,-0.7896197020786205,0
2023-07-28 11:01:50,1162.45,2276317,1,1175.57,183527,275326,-0.7682786290494685,0
2023-07-28 11:01:51,1162.45,2276336,1,1175.57,183467,275444,-0.7682786290494685,0
2023-07-28 11:01:52,1162.45,2276338,2,1175.57,183460,275409,-0.7682786290494685,0
2023-07-28 11:01:52,1162.45,2276339,1,1175.57,183499,275372,-0.7682786290494685,0
2023-07-28 11:01:52,1162.45,2276339,1,1175.57,184207,275507,-0.7682786290494685,0
2023-07-28 11:01:52,1162.45,2276339,1,1175.57,183281,275895,-0.7682786290494685,0
2023-07-28 11:01:52,1162.45,2276339,1,1175.57,183355,275949,-0.7682786290494685,0
2023-07-28 11:01:52,1162.6,2276339,8,1175.57,183355,275949,-0.755473985231989,0
2023-07-28 11:01:57,1162.6,2276797,9,1175.57,183456,275453,-0.755473985231989,0
2023-07-28 11:01:58,1162.05,2276912,1,1175.57,183457,275767,-0.8024243458961194,0
2023-07-28 11:01:58,1162.05,2276912,1,1175.57,183457,275767,-0.8024243458961194,0
2023-07-28 11:01:59,1162.6,2276914,2,1175.57,179395,275715,-0.755473985231989,0
2023-07-28 11:01:59,1162.6,2276914,1,1175.57,179395,275715,-0.755473985231989,0
2023-07-28 11:02:00,1162.05,2276926,5,1175.57,183373,275891,-0.8024243458961194,0
2023-07-28 11:02:00,1162.05,2276926,5,1175.57,183380,275887,-0.8024243458961194,0
2023-07-28 11:02:03,1162.7,2277028,48,1175.57,184577,275203,-0.7469375560203166,0
2023-07-28 11:02:03,1162.7,2277028,11,1175.57,184577,275203,-0.7469375560203166,0
2023-07-28 11:02:04,1162.7,2277040,11,1175.57,184779,275227,-0.7469375560203166,0
2023-07-28 11:02:04,1162.7,2277040,1,1175.57,184779,275227,-0.7469375560203166,0
2023-07-28 11:02:05,1162.7,2277044,1,1175.57,183328,275239,-0.7469375560203166,0
2023-07-28 11:02:06,1162.55,2277045,1,1175.57,183205,277657,-0.7597421998378155,0
2023-07-28 11:02:06,1162.65,2277210,15,1175.56,183324,277549,-0.7512057706261431,0
2023-07-28 11:02:07,1162.2,2277340,70,1175.56,182883,277783,-0.7896197020786205,0
2023-07-28 11:02:08,1162.2,2277353,13,1175.56,183070,277728,-0.7896197020786205,0
2023-07-28 11:02:08,1162.2,2277353,6,1175.56,183070,277728,-0.7896197020786205,0
2023-07-28 11:02:09,1162.2,2277360,6,1175.56,183058,277788,-0.7896197020786205,0
2023-07-28 11:02:09,1162.2,2277360,1,1175.56,183058,277788,-0.7896197020786205,0
2023-07-28 11:02:10,1162.2,2277361,1,1175.56,183058,275789,-0.7896197020786205,0
2023-07-28 11:02:10,1162.2,2277361,1,1175.56,183093,275813,-0.7896197020786205,0
2023-07-28 11:02:13,1162.05,2277363,1,1175.56,183093,275816,-0.8024243458961194,0
2023-07-28 11:02:13,1162.2,2277363,1,1175.56,183093,275816,-0.7896197020786205,0
2023-07-28 11:02:14,1162.2,2277381,2,1175.56,183079,275742,-0.7896197020786205,0
2023-07-28 11:02:15,1162.2,2277450,7,1175.56,183081,275657,-0.7896197020786205,0
2023-07-28 11:02:16,1162.2,2277457,1,1175.56,184126,275728,-0.7896197020786205,0
2023-07-28 11:02:17,1162.05,2277521,41,1175.56,184101,275822,-0.8024243458961194,0
2023-07-28 11:02:18,1162.2,2277549,7,1175.56,183766,275801,-0.7896197020786205,0
2023-07-28 11:02:18,1162.5,2277580,4,1175.56,183333,275521,-0.764010414443642,0
2023-07-28 11:02:18,1162.5,2277580,1,1175.56,183333,275521,-0.764010414443642,0
2023-07-28 11:02:20,1162.5,2277623,4,1175.56,183298,275656,-0.764010414443642,0
2023-07-28 11:02:21,1162.2,2277624,1,1175.56,183299,275646,-0.7896197020786205,0
2023-07-28 11:02:21,1162.2,2277624,1,1175.56,183299,275646,-0.7896197020786205,0
2023-07-28 11:02:22,1162.2,2277630,1,1175.56,183376,281656,-0.7896197020786205,0
2023-07-28 11:02:23,1162.5,2277631,1,1175.56,183376,281342,-0.764010414443642,0
2023-07-28 11:02:23,1162.5,2277631,1,1175.56,183376,281342,-0.764010414443642,0
2023-07-28 11:02:24,1162.2,2277633,2,1175.56,183374,281342,-0.7896197020786205,0
2023-07-28 11:02:24,1162.2,2277633,2,1175.56,183374,281342,-0.7896197020786205,0
2023-07-28 11:02:24,1162.5,2277633,129,1175.56,183378,281682,-0.764010414443642,0
2023-07-28 11:02:27,1162.0,2278878,860,1175.56,168178,282023,-0.8066925605019459,0
2023-07-28 11:02:27,1162.0,2278878,860,1175.56,168178,282023,-0.8066925605019459,0
2023-07-28 11:02:28,1162.0,2279880,1,1175.55,181393,282492,-0.8066925605019459,0
2023-07-28 11:02:29,1162.1,2279980,61,1175.55,181377,283107,-0.7981561312902928,0
2023-07-28 11:02:30,1162.0,2280028,3,1175.55,181331,282845,-0.8066925605019459,0
2023-07-28 11:02:30,1162.0,2280030,2,1175.55,181139,282563,-0.8066925605019459,0
2023-07-28 11:02:31,1162.15,2280099,6,1175.55,181260,282087,-0.793887916684447,0
2023-07-28 11:02:32,1162.0,2280101,1,1175.55,181208,282113,-0.8066925605019459,0
2023-07-28 11:02:32,1162.0,2280101,1,1175.55,181188,282123,-0.8066925605019459,0
2023-07-28 11:02:32,1161.65,2280101,10,1175.55,181188,282123,-0.8365700627427508,0
2023-07-28 11:02:34,1162.0,2280157,8,1175.55,180820,282093,-0.8066925605019459,0
2023-07-28 11:02:35,1162.25,2280660,66,1175.54,181190,281948,-0.7853514874727939,0
2023-07-28 11:02:37,1162.0,2280715,3,1175.54,181124,282169,-0.8066925605019459,0
2023-07-28 11:02:38,1162.15,2280721,1,1175.54,181243,282168,-0.793887916684447,0
2023-07-28 11:02:38,1162.15,2280721,1,1175.54,181243,282168,-0.793887916684447,0
2023-07-28 11:02:38,1162.15,2280721,1,1175.54,181757,282175,-0.793887916684447,0
2023-07-28 11:02:38,1162.0,2280721,4,1175.54,181757,282175,-0.8066925605019459,0
2023-07-28 11:02:39,1162.0,2280725,4,1175.54,181325,282191,-0.8066925605019459,0
2023-07-28 11:02:39,1162.0,2280725,4,1175.54,181325,282199,-0.8066925605019459,0
2023-07-28 11:02:42,1162.0,2280729,1,1175.54,181321,282182,-0.8066925605019459,0
2023-07-28 11:02:42,1162.0,2280729,1,1175.54,181306,282192,-0.8066925605019459,0
2023-07-28 11:02:42,1162.0,2280729,1,1175.54,181306,282133,-0.8066925605019459,0
2023-07-28 11:02:44,1162.0,2280735,1,1175.54,181321,282188,-0.8066925605019459,0
2023-07-28 11:02:44,1162.0,2280735,1,1175.54,181321,282178,-0.8066925605019459,0
2023-07-28 11:02:44,1161.65,2280735,2,1175.54,181321,282178,-0.8365700627427508,0
2023-07-28 11:02:46,1162.0,2280743,1,1175.54,181196,282096,-0.8066925605019459,0
2023-07-28 11:02:46,1162.0,2280743,1,1175.54,181186,282096,-0.8066925605019459,0
2023-07-28 11:02:46,1162.0,2280743,1,1175.54,181207,282096,-0.8066925605019459,0
2023-07-28 11:02:46,1162.0,2280743,3,1175.54,181207,282096,-0.8066925605019459,0
2023-07-28 11:02:46,1162.0,2280743,1,1175.54,181207,282096,-0.8066925605019459,0
2023-07-28 11:02:49,1162.0,2280747,1,1175.54,181319,282051,-0.8066925605019459,0
2023-07-28 11:02:49,1162.4,2280747,204,1175.54,181319,282051,-0.772546843655295,0
2023-07-28 11:02:52,1162.4,2281583,7,1175.54,182275,281392,-0.772546843655295,0
2023-07-28 11:02:53,1162.4,2281591,3,1175.54,181421,281559,-0.772546843655295,0
2023-07-28 11:02:54,1161.95,2281592,1,1175.54,182089,281476,-0.8109607751077724,0
2023-07-28 11:02:54,1161.95,2281593,1,1175.54,182211,281469,-0.8109607751077724,0
2023-07-28 11:02:55,1161.95,2281599,1,1175.54,182206,281555,-0.8109607751077724,0
2023-07-28 11:02:57,1162.0,2281609,1,1175.54,182233,281550,-0.8066925605019459,0
2023-07-28 11:02:57,1162.0,2281610,1,1175.54,182106,281642,-0.8066925605019459,0
2023-07-28 11:02:59,1161.9,2281611,1,1175.54,182185,281647,-0.8152289897135989,0
2023-07-28 11:02:59,1161.95,2281615,4,1175.54,182855,281651,-0.8109607751077724,0
2023-07-28 11:02:59,1161.95,2281615,4,1175.54,182939,281697,-0.8109607751077724,0
2023-07-28 11:02:59,1161.95,2281615,4,1175.54,182222,281683,-0.8109607751077724,0
2023-07-28 11:02:59,1161.95,2281615,4,1175.54,182263,281683,-0.8109607751077724,0
2023-07-28 11:02:59,1161.45,2281615,2,1175.54,182263,281683,-0.8536429211660762,0
2023-07-28 11:03:04,1161.95,2281625,1,1175.54,182314,281419,-0.8109607751077724,0
2023-07-28 11:03:04,1161.95,2281625,3,1175.54,182314,281419,-0.8109607751077724,0
2023-07-28 11:03:06,1161.95,2281756,9,1175.54,183231,282025,-0.8109607751077724,0
2023-07-28 11:03:06,1161.95,2281756,1,1175.54,183231,282025,-0.8109607751077724,0
2023-07-28 11:03:07,1161.95,2281757,1,1175.54,182311,281933,-0.8109607751077724,0
2023-07-28 11:03:07,1161.95,2281757,2,1175.54,182311,281933,-0.8109607751077724,0
2023-07-28 11:03:08,1161.95,2281761,2,1175.54,182376,282121,-0.8109607751077724,0
2023-07-28 11:03:09,1162.0,2282426,649,1175.53,183431,280733,-0.8066925605019459,0
2023-07-28 11:03:09,1162.0,2282426,66,1175.53,183431,280733,-0.8066925605019459,0
2023-07-28 11:03:10,1162.0,2282503,7,1175.53,183354,280957,-0.8066925605019459,0
2023-07-28 11:03:11,1161.95,2282507,1,1175.53,183358,281054,-0.8109607751077724,0
2023-07-28 11:03:12,1161.95,2282513,1,1175.53,183372,281052,-0.8109607751077724,0
2023-07-28 11:03:12,1162.0,2282513,100,1175.53,183372,281052,-0.8066925605019459,0
2023-07-28 11:03:13,1161.55,2282624,15,1175.53,183326,282265,-0.8451064919544232,0
2023-07-28 11:03:14,1161.9,2282708,1,1175.53,182920,282303,-0.8152289897135989,0
2023-07-28 11:03:15,1162.0,2282709,1,1175.53,181821,282247,-0.8066925605019459,0
2023-07-28 11:03:15,1161.4,2282749,6,1175.53,182323,282522,-0.8579111357719027,0
2023-07-28 11:03:15,1161.45,2282749,14,1175.53,182323,282522,-0.8536429211660762,0
2023-07-28 11:03:17,1161.4,2282914,91,1175.53,181494,282608,-0.8579111357719027,0
2023-07-28 11:03:18,1161.9,2282932,1,1175.53,181403,282891,-0.8152289897135989,0
2023-07-28 11:03:18,1161.85,2282932,3,1175.53,181403,282891,-0.8194972043194448,0
2023-07-28 11:03:19,1161.25,2283061,28,1175.53,180606,281962,-0.8707157795894016,0
2023-07-28 11:03:19,1161.65,2283061,3,1175.53,180606,281962,-0.8365700627427508,0
2023-07-28 11:03:20,1161.65,2283104,3,1175.53,180751,281927,-0.8365700627427508,0
2023-07-28 11:03:21,1161.9,2283112,1,1175.53,180955,281453,-0.8152289897135989,0
2023-07-28 11:03:22,1161.85,2283147,3,1175.53,181227,281591,-0.8194972043194448,0
2023-07-28 11:03:22,1161.85,2283147,3,1175.53,181227,281591,-0.8194972043194448,0
2023-07-28 11:03:23,1161.7,2283151,1,1175.53,180571,281773,-0.8323018481369243,0
2023-07-28 11:03:24,1161.75,2283164,1,1175.53,180783,281474,-0.8280336335310978,0
2023-07-28 11:03:24,1161.25,2283164,2,1175.53,180783,281474,-0.8707157795894016,0
2023-07-28 11:03:25,1161.85,2283445,15,1175.53,180575,281579,-0.8194972043194448,0
2023-07-28 11:03:25,1161.85,2283445,15,1175.53,180575,281579,-0.8194972043194448,0
2023-07-28 11:03:26,1161.65,2283447,1,1175.53,181029,281603,-0.8365700627427508,0
2023-07-28 11:03:27,1161.95,2283449,1,1175.53,181666,281586,-0.8109607751077724,0
2023-07-28 11:03:27,1161.95,2283449,1,1175.53,181666,281586,-0.8109607751077724,0
2023-07-28 11:03:27,1161.5,2283449,6,1175.53,181666,281586,-0.8493747065602497,0
2023-07-28 11:03:28,1161.5,2283455,6,1175.53,181849,281712,-0.8493747065602497,0
2023-07-28 11:03:30,1161.9,2283459,1,1175.53,182147,281540,-0.8152289897135989,0
2023-07-28 11:03:31,1161.9,2283494,3,1175.53,181754,281676,-0.8152289897135989,0
2023-07-28 11:03:31,1161.9,2283494,3,1175.53,180702,281718,-0.8152289897135989,0
2023-07-28 11:03:33,1161.85,2283530,3,1175.53,180674,281757,-0.8194972043194448,0
2023-07-28 11:03:33,1161.85,2283530,1,1175.53,180674,281757,-0.8194972043194448,0
2023-07-28 11:03:35,1161.85,2283553,22,1175.53,182465,281738,-0.8194972043194448,0
2023-07-28 11:03:35,1161.6,2283553,95,1175.53,182465,281738,-0.8408382773485967,0
2023-07-28 11:03:36,1161.85,2283948,36,1175.52,182476,281563,-0.8194972043194448,0
2023-07-28 11:03:36,1161.85,2283948,36,1175.52,182814,281591,-0.8194972043194448,0
2023-07-28 11:03:36,1162.0,2283948,51,1175.52,182814,281591,-0.8066925605019459,0
2023-07-28 11:03:38,1162.0,2284289,21,1175.52,183042,281169,-0.8066925605019459,0
2023-07-28 11:03:39,1161.95,2284293,3,1175.52,182692,281372,-0.8109607751077724,0
2023-07-28 11:03:39,1161.95,2284293,3,1175.52,182692,281458,-0.8109607751077724,0
2023-07-28 11:03:41,1161.85,2284318,25,1175.52,182692,281413,-0.8194972043194448,0
2023-07-28 11:03:42,1161.85,2285119,21,1175.52,181483,281571,-0.8194972043194448,0
2023-07-28 11:03:43,1161.4,2285137,7,1175.52,181350,281545,-0.8579111357719027,0
2023-07-28 11:03:43,1161.8,2285137,2,1175.52,181350,281545,-0.8237654189252713,0
2023-07-28 11:03:44,1161.8,2285149,1,1175.52,181450,281501,-0.8237654189252713,0
2023-07-28 11:03:45,1161.4,2285175,25,1175.52,181425,281519,-0.8579111357719027,0
2023-07-28 11:03:46,1161.8,2285190,1,1175.52,181505,281580,-0.8237654189252713,0
2023-07-28 11:03:48,1161.45,2285195,4,1175.52,181527,281414,-0.8536429211660762,0
2023-07-28 11:03:48,1161.45,2285195,7,1175.52,181527,281414,-0.8536429211660762,0
2023-07-28 11:03:49,1161.85,2285358,94,1175.52,181382,281249,-0.8194972043194448,0
2023-07-28 11:03:49,1161.85,2285358,94,1175.52,181382,281249,-0.8194972043194448,0
2023-07-28 11:03:49,1161.85,2285358,11,1175.52,181382,281249,-0.8194972043194448,0
2023-07-28 11:03:51,1161.85,2285370,1,1175.52,181410,281481,-0.8194972043194448,0
2023-07-28 11:03:52,1161.85,2285425,5,1175.52,181365,281611,-0.8194972043194448,0
2023-07-28 11:03:52,1161.85,2285425,4,1175.52,181365,281611,-0.8194972043194448,0
2023-07-28 11:03:53,1161.85,2285495,7,1175.52,181370,281504,-0.8194972043194448,0
2023-07-28 11:03:53,1161.85,2285495,7,1175.52,181384,281646,-0.8194972043194448,0
2023-07-28 11:03:53,1161.85,2285495,7,1175.52,181385,281646,-0.8194972043194448,0
2023-07-28 11:03:56,1161.95,2285545,17,1175.52,181387,281505,-0.8109607751077724,0
2023-07-28 11:03:57,1161.4,2285768,3,1175.51,181263,281224,-0.8579111357719027,0
2023-07-28 11:03:58,1161.4,2285991,3,1175.51,181084,281471,-0.8579111357719027,0
2023-07-28 11:03:59,1161.4,2286044,50,1175.51,181037,281471,-0.8579111357719027,0
2023-07-28 11:03:59,1161.8,2286044,18,1175.51,181037,281471,-0.8237654189252713,0
2023-07-28 11:04:00,1161.7,2286205,3,1175.51,181135,281520,-0.8323018481369243,0
2023-07-28 11:04:01,1161.4,2286206,1,1175.51,181226,281541,-0.8579111357719027,0
2023-07-28 11:04:02,1161.8,2286217,1,1175.51,181220,281641,-0.8237654189252713,0
2023-07-28 11:04:04,1161.7,2286232,2,1175.51,181169,281569,-0.8323018481369243,0
2023-07-28 11:04:04,1161.7,2286232,2,1175.51,181169,281569,-0.8323018481369243,0
2023-07-28 11:04:05,1161.7,2286234,2,1175.51,181497,281474,-0.8323018481369243,0
2023-07-28 11:04:06,1161.4,2286235,1,1175.51,181496,281474,-0.8579111357719027,0
2023-07-28 11:04:06,1161.7,2286236,1,1175.51,181521,281802,-0.8323018481369243,0
2023-07-28 11:04:06,1161.4,2286236,1,1175.51,181531,281802,-0.8579111357719027,0
2023-07-28 11:04:09,1161.4,2286242,4,1175.51,181425,281746,-0.8579111357719027,0
2023-07-28 11:04:09,1161.7,2286242,17,1175.51,181425,281746,-0.8323018481369243,0
2023-07-28 11:04:10,1161.7,2286463,17,1175.51,181289,281797,-0.8323018481369243,0
2023-07-28 11:04:10,1161.6,2286463,2,1175.51,181289,281797,-0.8408382773485967,0
2023-07-28 11:04:11,1161.5,2286465,50,1175.51,181677,281618,-0.8493747065602497,0
2023-07-28 11:04:11,1161.4,2286465,1,1175.51,181677,281618,-0.8579111357719027,0
2023-07-28 11:04:13,1161.25,2287468,53,1175.5,181190,281904,-0.8707157795894016,0
2023-07-28 11:04:13,1161.25,2287468,21,1175.5,181190,281904,-0.8707157795894016,0
2023-07-28 11:04:15,1161.45,2287516,2,1175.5,181041,281549,-0.8536429211660762,0
2023-07-28 11:04:16,1161.15,2287533,7,1175.5,181148,281523,-0.8792522088010546,0
2023-07-28 11:04:16,1161.45,2287535,1,1175.5,181148,281408,-0.8536429211660762,0
2023-07-28 11:04:17,1161.45,2287548,3,1175.5,181005,281662,-0.8536429211660762,0
2023-07-28 11:04:18,1161.4,2287569,1,1175.5,180999,281702,-0.8579111357719027,0
2023-07-28 11:04:19,1161.4,2287571,2,1175.5,180991,281807,-0.8579111357719027,0
2023-07-28 11:04:19,1161.4,2287571,2,1175.5,180986,281872,-0.8579111357719027,0
2023-07-28 11:04:19,1161.4,2287571,2,1175.5,180981,281917,-0.8579111357719027,0
2023-07-28 11:04:19,1161.4,2287571,2,1175.5,180981,281916,-0.8579111357719027,0
2023-07-28 11:04:19,1161.4,2287571,24,1175.5,180981,281916,-0.8579111357719027,0
2023-07-28 11:04:24,1161.4,2288616,180,1175.5,180473,281779,-0.8579111357719027,0
2023-07-28 11:04:24,1161.5,2288616,2,1175.5,180473,281779,-0.8493747065602497,0
2023-07-28 11:04:25,1161.0,2288803,44,1175.49,180221,281695,-0.8920568526185535,0
2023-07-28 11:04:25,1161.0,2288803,5,1175.49,180221,281695,-0.8920568526185535,0
2023-07-28 11:04:26,1161.4,2288873,14,1175.49,180138,281759,-0.8579111357719027,0
2023-07-28 11:04:28,1161.0,2288919,2,1175.49,180365,281583,-0.8920568526185535,0
2023-07-28 11:04:28,1161.0,2288919,2,1175.49,180365,281583,-0.8920568526185535,0
2023-07-28 11:04:28,1161.25,2289645,2,1175.49,180137,280262,-0.8707157795894016,0
2023-07-28 11:04:30,1161.5,2289888,20,1175.49,179925,280169,-0.8493747065602497,0
2023-07-28 11:04:30,1161.25,2289909,16,1175.49,179588,280832,-0.8707157795894016,0
2023-07-28 11:04:32,1161.45,2290395,5,1175.49,179080,281009,-0.8536429211660762,0
2023-07-28 11:04:33,1161.45,2290505,10,1175.48,179586,280854,-0.8536429211660762,0
2023-07-28 11:04:33,1161.45,2290505,3,1175.48,179586,280854,-0.8536429211660762,0
2023-07-28 11:04:34,1161.25,2290548,14,1175.48,179091,280686,-0.8707157795894016,0
2023-07-28 11:04:34,1161.4,2290548,4,1175.48,179091,280686,-0.8579111357719027,0
2023-07-28 11:04:35,1161.4,2290570,4,1175.48,179737,280894,-0.8579111357719027,0
2023-07-28 11:04:36,1161.4,2290571,1,1175.48,180608,282274,-0.8579111357719027,0
2023-07-28 11:04:37,1161.2,2290921,350,1175.48,180578,281324,-0.8749839941952281,0
2023-07-28 11:04:37,1161.05,2290921,10,1175.48,180578,281324,-0.887788638012727,0
2023-07-28 11:04:37,1161.05,2290967,10,1175.48,180563,282191,-0.887788638012727,0
2023-07-28 11:04:39,1161.0,2290991,5,1175.48,181451,282465,-0.8920568526185535,0
2023-07-28 11:04:39,1161.05,2290991,3,1175.48,181451,282465,-0.887788638012727,0
2023-07-28 11:04:40,1161.05,2291594,600,1175.48,181403,282479,-0.887788638012727,0
2023-07-28 11:04:40,1161.05,2291594,600,1175.48,181403,282479,-0.887788638012727,0
2023-07-28 11:04:41,1161.05,2291769,2,1175.48,181201,282285,-0.887788638012727,0
2023-07-28 11:04:41,1161.0,2291769,34,1175.48,181201,282285,-0.8920568526185535,0
2023-07-28 11:04:42,1161.05,2291815,1,1175.48,179707,282508,-0.887788638012727,0
2023-07-28 11:04:42,1161.05,2291815,1,1175.48,179707,282508,-0.887788638012727,0
2023-07-28 11:04:43,1161.05,2291817,1,1175.48,179798,282075,-0.887788638012727,0
2023-07-28 11:04:45,1161.0,2291891,1,1175.48,179773,282139,-0.8920568526185535,0
2023-07-28 11:04:45,1161.05,2291891,1,1175.48,179773,282139,-0.887788638012727,0
2023-07-28 11:04:47,1161.0,2293121,3,1175.47,175204,289772,-0.8920568526185535,0
2023-07-28 11:04:48,1161.0,2293440,4,1175.47,178242,291205,-0.8920568526185535,0
2023-07-28 11:04:49,1161.0,2293862,3,1175.46,177867,291032,-0.8920568526185535,0
2023-07-28 11:04:49,1161.0,2293862,44,1175.46,177867,291032,-0.8920568526185535,0
2023-07-28 11:04:51,1161.0,2294012,7,1175.46,177909,289761,-0.8920568526185535,0
2023-07-28 11:04:52,1161.0,2294442,46,1175.46,178071,289044,-0.8920568526185535,0
2023-07-28 11:04:52,1161.05,2294504,39,1175.46,178184,288521,-0.887788638012727,0
2023-07-28 11:04:53,1161.05,2294508,4,1175.46,178189,288517,-0.887788638012727,0
2023-07-28 11:04:53,1161.0,2294508,8,1175.46,178189,288517,-0.8920568526185535,0
2023-07-28 11:04:55,1161.05,2294744,13,1175.46,178056,290302,-0.887788638012727,0
2023-07-28 11:04:55,1161.05,2294744,13,1175.46,178056,290302,-0.887788638012727,0
2023-07-28 11:04:56,1161.05,2294746,1,1175.46,178057,289980,-0.887788638012727,0
2023-07-28 11:04:56,1161.05,2294746,1,1175.46,178057,289697,-0.887788638012727,0
2023-07-28 11:04:58,1160.7,2294923,20,1175.46,177810,289945,-0.9176661402535319,0
2023-07-28 11:04:58,1161.05,2294923,16,1175.46,177810,289945,-0.887788638012727,0
2023-07-28 11:04:59,1161.05,2294949,10,1175.46,177891,289858,-0.887788638012727,0
2023-07-28 11:04:59,1161.05,2294949,1,1175.46,177891,289858,-0.887788638012727,0
2023-07-28 11:05:00,1161.05,2294958,1,1175.46,177886,289854,-0.887788638012727,0
2023-07-28 11:05:01,1160.7,2295001,30,1175.46,177849,289843,-0.9176661402535319,0
2023-07-28 11:05:01,1160.7,2295001,45,1175.46,177849,289843,-0.9176661402535319,0
2023-07-28 11:05:02,1161.0,2295164,10,1175.46,177628,290244,-0.8920568526185535,0
2023-07-28 11:05:03,1160.55,2295558,10,1175.45,178591,289031,-0.9304707840710308,0
2023-07-28 11:05:03,1160.4,2295558,10,1175.45,178591,289031,-0.9432754278885103,0
2023-07-28 11:05:04,1160.4,2295794,5,1175.45,178364,290288,-0.9432754278885103,0
2023-07-28 11:05:04,1160.4,2295794,41,1175.45,178364,290288,-0.9432754278885103,0
2023-07-28 11:05:05,1160.55,2295921,12,1175.45,178278,288860,-0.9304707840710308,0
2023-07-28 11:05:05,1160.55,2295921,12,1175.45,178278,288860,-0.9304707840710308,0
2023-07-28 11:05:06,1161.05,2296221,41,1175.45,177617,288947,-0.887788638012727,0
2023-07-28 11:05:06,1161.05,2296221,41,1175.45,177617,288947,-0.887788638012727,0
2023-07-28 11:05:07,1161.05,2296328,37,1175.45,177567,288877,-0.887788638012727,0
2023-07-28 11:05:08,1160.45,2296334,1,1175.45,177473,289027,-0.9390072132826838,0
2023-07-28 11:05:09,1160.95,2296444,7,1175.45,177340,288662,-0.89632506722438,0
2023-07-28 11:05:09,1160.95,2296444,7,1175.45,177340,288662,-0.89632506722438,0
2023-07-28 11:05:10,1161.0,2296449,1,1175.45,177561,288794,-0.8920568526185535,0
2023-07-28 11:05:11,1161.0,2296450,1,1175.45,177243,288794,-0.8920568526185535,0
2023-07-28 11:05:13,1160.9,2297035,36,1175.44,176477,288835,-0.9005932818302065,0
2023-07-28 11:05:13,1160.9,2297054,18,1175.44,176566,288921,-0.9005932818302065,0
2023-07-28 11:05:13,1160.85,2297054,6,1175.44,176566,288921,-0.9048614964360524,0
2023-07-28 11:05:15,1160.85,2297101,1,1175.44,176967,288644,-0.9048614964360524,0
2023-07-28 11:05:16,1160.4,2297392,24,1175.44,176630,288813,-0.9432754278885103,0
2023-07-28 11:05:17,1160.4,2300774,5,1175.42,174610,285411,-0.9432754278885103,0
2023-07-28 11:05:18,1160.4,2301084,1,1175.42,174601,285350,-0.9432754278885103,0
2023-07-28 11:05:20,1160.35,2301210,5,1175.42,174686,285429,-0.9475436424943562,0
2023-07-28 11:05:20,1160.35,2301210,2,1175.42,174686,285429,-0.9475436424943562,0
2023-07-28 11:05:21,1160.4,2301327,6,1175.41,173922,287011,-0.9432754278885103,0
2023-07-28 11:05:21,1160.4,2301327,6,1175.41,173922,287011,-0.9432754278885103,0
2023-07-28 11:05:22,1160.35,2301365,27,1175.41,174005,287015,-0.9475436424943562,0
2023-07-28 11:05:23,1160.35,2301600,1,1175.41,173977,286844,-0.9475436424943562,0
2023-07-28 11:05:24,1160.4,2301668,2,1175.41,173832,286017,-0.9432754278885103,0
2023-07-28 11:05:24,1160.4,2301668,3,1175.41,173832,286017,-0.9432754278885103,0
2023-07-28 11:05:25,1160.4,2301671,3,1175.41,173932,285939,-0.9432754278885103,0
2023-07-28 11:05:26,1160.35,2314905,49,1175.32,160549,282178,-0.9475436424943562,0
2023-07-28 11:05:26,1161.0,2314905,51,1175.32,160549,282178,-0.8920568526185535,0
2023-07-28 11:05:27,1161.0,2325232,51,1175.26,163729,274550,-0.8920568526185535,0
2023-07-28 11:05:27,1160.05,2325232,69,1175.26,163729,274550,-0.9731529301293347,0
2023-07-28 11:05:28,1160.05,2327527,69,1175.24,164689,275275,-0.9731529301293347,0
2023-07-28 11:05:28,1160.75,2327527,13,1175.24,164689,275275,-0.9133979256477054,0
2023-07-28 11:05:30,1160.4,2328235,2,1175.24,162805,276998,-0.9432754278885103,0
2023-07-28 11:05:30,1160.25,2328432,20,1175.24,164319,277616,-0.9560800717060092,0
2023-07-28 11:05:30,1160.3,2328432,3,1175.24,164319,277616,-0.9518118571001827,0
2023-07-28 11:05:31,1159.6,2329268,21,1175.23,164659,278040,-1.0115668615818119,0
2023-07-28 11:05:32,1160.4,2329436,1,1175.23,164788,277386,-0.9432754278885103,0
2023-07-28 11:05:32,1159.65,2329436,12,1175.23,164788,277386,-1.007298646975966,0
2023-07-28 11:05:33,1159.6,2329699,4,1175.23,164747,275981,-1.0115668615818119,0
2023-07-28 11:05:34,1159.65,2329833,5,1175.23,165893,275804,-1.007298646975966,0
2023-07-28 11:05:34,1159.8,2329833,115,1175.23,165893,275804,-0.9944940031584866,0
2023-07-28 11:05:36,1159.6,2331671,96,1175.22,165270,276635,-1.0115668615818119,0
2023-07-28 11:05:36,1159.95,2331671,36,1175.22,165270,276635,-0.9816893593409877,0
2023-07-28 11:05:37,1159.6,2331858,1,1175.22,166106,276033,-1.0115668615818119,0
2023-07-28 11:05:37,1159.95,2331858,19,1175.22,166106,276033,-0.9816893593409877,0
2023-07-28 11:05:38,1159.55,2332337,6,1175.21,166593,275351,-1.0158350761876385,0
2023-07-28 11:05:38,1160.0,2332337,152,1175.21,166593,275351,-0.9774211447351612,0
2023-07-28 11:05:39,1160.0,2333333,16,1175.21,164733,274771,-0.9774211447351612,0
2023-07-28 11:05:39,1160.0,2333333,16,1175.21,164733,274771,-0.9774211447351612,0
2023-07-28 11:05:40,1160.4,2334074,5,1175.2,166237,275076,-0.9432754278885103,0
2023-07-28 11:05:41,1159.35,2336053,1,1175.19,164720,275628,-1.0329079346109638,0
2023-07-28 11:05:42,1159.95,2336142,3,1175.19,166235,275828,-0.9816893593409877,0
2023-07-28 11:05:42,1159.65,2336142,1,1175.19,166235,275828,-1.007298646975966,0
2023-07-28 11:05:44,1160.0,2336169,1,1175.19,165255,275894,-0.9774211447351612,0
2023-07-28 11:05:44,1159.3,2336335,6,1175.19,164828,275954,-1.0371761492167904,0
2023-07-28 11:05:44,1159.4,2336335,1,1175.19,164828,275954,-1.0286397200051178,0
2023-07-28 11:05:46,1159.25,2336565,10,1175.18,164531,276430,-1.0414443638226167,0
2023-07-28 11:05:46,1159.85,2336565,26,1175.18,164531,276430,-0.9902257885526601,0
2023-07-28 11:05:48,1160.0,2336820,11,1175.18,166590,276030,-0.9774211447351612,0
2023-07-28 11:05:48,1160.0,2336820,1,1175.18,166590,276030,-0.9774211447351612,0
2023-07-28 11:05:49,1159.25,2337891,50,1175.18,164645,275768,-1.0414443638226167,0
2023-07-28 11:05:49,1159.95,2337891,107,1175.18,164645,275768,-0.9816893593409877,0
2023-07-28 11:05:50,1159.95,2338098,20,1175.17,164600,276032,-0.9816893593409877,0
2023-07-28 11:05:51,1159.95,2338293,9,1175.17,165232,275835,-0.9816893593409877,0
