2023-07-28 10:49:27,229.5,1923103,1,228.28,1292734,1142890,0.19646365422396359,0
2023-07-28 10:49:29,229.5,1923104,1,228.28,1292242,1143673,0.19646365422396359,0
2023-07-28 10:49:29,229.5,1923104,10,228.28,1292242,1143673,0.19646365422396359,0
2023-07-28 10:49:29,229.55,1923104,500,228.28,1292242,1143673,0.21829294913774283,0
2023-07-28 10:49:33,229.55,1923614,500,228.28,1293586,1143173,0.21829294913774283,0
2023-07-28 10:49:33,229.5,1923614,6,228.28,1293586,1143173,0.19646365422396359,0
2023-07-28 10:49:36,229.55,1923645,1,228.28,1293086,1141754,0.21829294913774283,0
2023-07-28 10:49:36,229.5,1923645,10,228.28,1293086,1141754,0.19646365422396359,0
2023-07-28 10:49:39,229.5,1924266,1,228.28,1293283,1141413,0.19646365422396359,0
2023-07-28 10:49:39,229.5,1924266,1,228.28,1293283,1141413,0.19646365422396359,0
2023-07-28 10:49:39,229.55,1924266,30,228.28,1293283,1141413,0.21829294913774283,0
2023-07-28 10:49:39,229.55,1924266,1,228.28,1293283,1141413,0.21829294913774283,0
2023-07-28 10:49:44,229.5,1926403,2,228.29,1292219,1137907,0.19646365422396359,0
2023-07-28 10:49:44,229.55,1926403,6,228.29,1292219,1137907,0.21829294913774283,0
2023-07-28 10:49:44,229.5,1926403,10,228.29,1292219,1137907,0.19646365422396359,0
2023-07-28 10:49:44,229.55,1926403,2,228.29,1292219,1137907,0.21829294913774283,0
2023-07-28 10:49:46,229.55,1926421,2,228.29,1292994,1139023,0.21829294913774283,0
2023-07-28 10:49:46,229.55,1926421,5,228.29,1292994,1139023,0.21829294913774283,0
2023-07-28 10:49:46,229.55,1926421,444,228.29,1292994,1139023,0.21829294913774283,0
2023-07-28 10:49:46,229.55,1926421,1,228.29,1292994,1139023,0.21829294913774283,0
2023-07-28 10:49:50,229.55,1927483,1,228.29,1292351,1139368,0.21829294913774283,0
2023-07-28 10:49:50,229.5,1927483,148,228.29,1292351,1139368,0.19646365422396359,0
2023-07-28 10:49:50,229.6,1927483,4,228.29,1292351,1139368,0.24012224405150967,0
2023-07-28 10:49:54,229.6,1928037,4,228.29,1292976,1139617,0.24012224405150967,0
2023-07-28 10:49:54,229.6,1928037,1,228.29,1292976,1139617,0.24012224405150967,0
2023-07-28 10:49:54,229.55,1928037,44,228.29,1292976,1139617,0.21829294913774283,0
2023-07-28 10:49:57,229.65,1929213,106,228.29,1296644,1135562,0.26195153896528894,0
2023-07-28 10:49:57,229.65,1929213,323,228.29,1296644,1135562,0.26195153896528894,0
2023-07-28 10:49:58,229.65,1929922,323,228.29,1295777,1134618,0.26195153896528894,0
2023-07-28 10:49:58,229.55,1929922,1,228.29,1295777,1134618,0.21829294913774283,0
2023-07-28 10:49:58,229.65,1929922,64,228.29,1295777,1134618,0.26195153896528894,0
2023-07-28 10:50:01,229.65,1930542,64,228.29,1295728,1134822,0.26195153896528894,0
2023-07-28 10:50:01,229.55,1930542,7,228.29,1295728,1134822,0.21829294913774283,0
2023-07-28 10:50:01,229.55,1930542,1,228.29,1295728,1134822,0.21829294913774283,0
2023-07-28 10:50:05,229.55,1930760,210,228.29,1296329,1136448,0.21829294913774283,0
2023-07-28 10:50:05,229.55,1930760,210,228.29,1296213,1139188,0.21829294913774283,0
2023-07-28 10:50:05,229.55,1930760,210,228.29,1296339,1138714,0.21829294913774283,0
2023-07-28 10:50:05,229.55,1930760,210,228.29,1296302,1139212,0.21829294913774283,0
2023-07-28 10:50:09,229.5,1930761,1,228.29,1296312,1139412,0.19646365422396359,0
2023-07-28 10:50:09,229.5,1930761,1,228.29,1296312,1139412,0.19646365422396359,0
2023-07-28 10:50:11,229.5,1930876,113,228.29,1296384,1139610,0.19646365422396359,0
2023-07-28 10:50:11,229.5,1930876,113,228.29,1296384,1139620,0.19646365422396359,0
2023-07-28 10:50:11,229.5,1930876,10,228.29,1293450,1139993,0.19646365422396359,0
2023-07-28 10:50:13,229.5,1930886,10,228.29,1295243,1139715,0.19646365422396359,0
2023-07-28 10:50:13,229.5,1930886,10,228.29,1295768,1140315,0.19646365422396359,0
2023-07-28 10:50:13,229.5,1930886,10,228.29,1295768,1140325,0.19646365422396359,0
2023-07-28 10:50:13,229.55,1930886,100,228.29,1295768,1140325,0.21829294913774283,0
2023-07-28 10:50:18,229.5,1931536,550,228.29,1295092,1139638,0.19646365422396359,0
2023-07-28 10:50:19,229.5,1931539,3,228.29,1295903,1139199,0.19646365422396359,0
2023-07-28 10:50:19,229.5,1931539,3,228.29,1295716,1139299,0.19646365422396359,0
2023-07-28 10:50:19,229.5,1931539,493,228.29,1295716,1139299,0.19646365422396359,0
2023-07-28 10:50:21,229.5,1932526,1,228.29,1296152,1141695,0.19646365422396359,0
2023-07-28 10:50:21,229.5,1932526,1,228.29,1294408,1141695,0.19646365422396359,0
2023-07-28 10:50:21,229.5,1932526,1,228.29,1294408,1141695,0.19646365422396359,0
2023-07-28 10:50:21,229.5,1932526,1,228.29,1294410,1141696,0.19646365422396359,0
2023-07-28 10:50:21,229.5,1932526,1,228.29,1294410,1141706,0.19646365422396359,0
2023-07-28 10:50:25,229.55,1932626,90,228.29,1294410,1141170,0.21829294913774283,0
2023-07-28 10:50:25,229.55,1932626,90,228.29,1294885,1141170,0.21829294913774283,0
2023-07-28 10:50:25,229.55,1932626,100,228.29,1294722,1142176,0.21829294913774283,0
2023-07-28 10:50:28,229.55,1933177,10,228.29,1299649,1139293,0.21829294913774283,0
2023-07-28 10:50:29,229.55,1933811,17,228.29,1298903,1137714,0.21829294913774283,0
2023-07-28 10:50:30,229.65,1976032,222,228.32,1307447,1095865,0.26195153896528894,0
2023-07-28 10:50:30,229.65,1976032,222,228.32,1305596,1096009,0.26195153896528894,0
2023-07-28 10:50:31,229.65,1976082,36,228.32,1306635,1096009,0.26195153896528894,0
2023-07-28 10:50:34,229.65,1976320,2,228.32,1301809,1096773,0.26195153896528894,0
2023-07-28 10:50:35,229.6,1976330,10,228.32,1305405,1097450,0.24012224405150967,0
2023-07-28 10:50:35,229.6,1976330,10,228.32,1305405,1097450,0.24012224405150967,0
2023-07-28 10:50:35,229.7,1976330,1,228.32,1305405,1097450,0.2837808338790558,0
2023-07-28 10:50:36,229.7,1976331,1,228.32,1303975,1097626,0.2837808338790558,0
2023-07-28 10:50:36,229.7,1976331,1,228.32,1304971,1097754,0.2837808338790558,0
2023-07-28 10:50:36,229.7,1976331,1,228.32,1304971,1097755,0.2837808338790558,0
2023-07-28 10:50:40,229.65,1976334,3,228.32,1305860,1096806,0.26195153896528894,0
2023-07-28 10:50:41,229.6,1976432,671,228.32,1305384,1096349,0.24012224405150967,0
2023-07-28 10:50:41,229.6,1977432,671,228.32,1303339,1095949,0.24012224405150967,0
2023-07-28 10:50:43,229.7,1977442,6,228.32,1303339,1095942,0.2837808338790558,0
2023-07-28 10:50:43,229.7,1977442,6,228.32,1304009,1096350,0.2837808338790558,0
2023-07-28 10:50:43,229.7,1977442,830,228.32,1304009,1096350,0.2837808338790558,0
2023-07-28 10:50:45,229.7,1979247,22,228.32,1311177,1091193,0.2837808338790558,0
2023-07-28 10:50:47,229.75,1979255,8,228.32,1309843,1090709,0.305610128792835,0
2023-07-28 10:50:47,229.75,1979255,8,228.32,1308005,1092596,0.305610128792835,0
2023-07-28 10:50:47,229.75,1979255,8,228.32,1307529,1092596,0.305610128792835,0
2023-07-28 10:50:49,229.75,1979257,1,228.32,1308941,1093837,0.305610128792835,0
2023-07-28 10:50:49,229.7,1979257,5,228.32,1308941,1093837,0.2837808338790558,0
2023-07-28 10:50:50,229.7,1979267,5,228.32,1306744,1092806,0.2837808338790558,0
2023-07-28 10:50:52,229.75,1984812,1883,228.32,1301332,1091430,0.305610128792835,0
2023-07-28 10:50:54,229.7,1984917,1,228.32,1305793,1090994,0.2837808338790558,0
2023-07-28 10:50:55,229.8,1984918,1,228.32,1304822,1092178,0.3274394237066143,0
2023-07-28 10:50:55,229.8,1984918,1,228.32,1304382,1092178,0.3274394237066143,0
2023-07-28 10:50:55,229.8,1984918,95,228.32,1304382,1092178,0.3274394237066143,0
2023-07-28 10:50:57,229.8,1985018,95,228.32,1304670,1092357,0.3274394237066143,0
2023-07-28 10:50:59,229.7,1985164,135,228.32,1303972,1092286,0.2837808338790558,0
2023-07-28 10:50:59,229.8,1985164,1,228.32,1303972,1092311,0.3274394237066143,0
2023-07-28 10:50:59,229.7,1985164,1,228.32,1303972,1092311,0.2837808338790558,0
2023-07-28 10:51:01,229.8,1985266,100,228.32,1303987,1090797,0.3274394237066143,0
2023-07-28 10:51:01,229.8,1985266,100,228.32,1305058,1091098,0.3274394237066143,0
2023-07-28 10:51:01,229.8,1985266,245,228.32,1305058,1091098,0.3274394237066143,0
2023-07-28 10:51:04,229.8,1985511,245,228.32,1305602,1091038,0.3274394237066143,0
2023-07-28 10:51:04,229.8,1985511,245,228.32,1305608,1091048,0.3274394237066143,0
2023-07-28 10:51:04,229.65,1985511,30,228.32,1305608,1091048,0.26195153896528894,0
2023-07-28 10:51:06,229.8,1985561,5,228.32,1303757,1096301,0.3274394237066143,0
2023-07-28 10:51:06,229.65,1985561,201,228.32,1303757,1096301,0.26195153896528894,0
2023-07-28 10:51:10,229.65,1986081,12,228.33,1304876,1095786,0.26195153896528894,0
2023-07-28 10:51:10,229.8,1986081,45,228.33,1304876,1095786,0.3274394237066143,0
2023-07-28 10:51:10,229.65,1986081,174,228.33,1304876,1095786,0.26195153896528894,0
2023-07-28 10:51:10,229.65,1986081,1,228.33,1304876,1095786,0.26195153896528894,0
2023-07-28 10:51:15,229.8,1986305,1,228.33,1298977,1094992,0.3274394237066143,0
2023-07-28 10:51:18,229.7,1986307,2,228.33,1307496,1099914,0.2837808338790558,0
2023-07-28 10:51:18,229.7,1986307,6,228.33,1307496,1099914,0.2837808338790558,0
2023-07-28 10:51:20,229.8,1986413,49,228.33,1307556,1100213,0.3274394237066143,0
2023-07-28 10:51:20,229.75,1986413,174,228.33,1307556,1100213,0.305610128792835,0
2023-07-28 10:51:22,229.75,1988306,1,228.33,1309249,1100101,0.305610128792835,0
2023-07-28 10:51:22,229.65,1988306,106,228.33,1309249,1100101,0.26195153896528894,0
2023-07-28 10:51:25,229.75,1988808,1,228.33,1307319,1099864,0.305610128792835,0
2023-07-28 10:51:28,229.75,1988813,5,228.33,1308585,1099951,0.305610128792835,0
2023-07-28 10:51:28,229.7,1988813,1,228.33,1308585,1099951,0.2837808338790558,0
2023-07-28 10:51:28,229.7,1988814,1,228.33,1308716,1099793,0.2837808338790558,0
2023-07-28 10:51:28,229.75,1988814,2,228.33,1308716,1099793,0.305610128792835,0
2023-07-28 10:51:32,229.75,1988816,2,228.33,1310202,1100493,0.305610128792835,0
2023-07-28 10:51:32,229.7,1988816,50,228.33,1310202,1100493,0.2837808338790558,0
2023-07-28 10:51:34,229.7,1988866,1,228.33,1310585,1100552,0.2837808338790558,0
2023-07-28 10:51:36,229.7,1988867,1,228.33,1311084,1100551,0.2837808338790558,0
2023-07-28 10:51:36,229.7,1988867,1,228.33,1311084,1100551,0.2837808338790558,0
2023-07-28 10:51:39,229.7,1988868,1,228.33,1311131,1100750,0.2837808338790558,0
2023-07-28 10:51:39,229.75,1988868,60,228.33,1311131,1100750,0.305610128792835,0
2023-07-28 10:51:43,229.7,1989429,500,228.33,1312884,1102613,0.2837808338790558,0
2023-07-28 10:51:43,229.7,1989429,500,228.33,1312884,1102613,0.2837808338790558,0
2023-07-28 10:51:43,229.7,1989429,500,228.33,1303474,1103572,0.2837808338790558,0
2023-07-28 10:51:43,229.15,1989429,240,228.33,1303474,1103572,0.043658589827546085,0
2023-07-28 10:51:43,229.25,1989429,129,228.33,1303474,1103572,0.08731717965509217,0
2023-07-28 10:51:48,229.25,2040753,125,228.36,1264823,1094970,0.08731717965509217,0
2023-07-28 10:51:48,229.25,2040753,125,228.36,1264823,1094970,0.08731717965509217,0
2023-07-28 10:51:48,229.35,2040753,114,228.36,1264823,1094970,0.13097576948263825,0
2023-07-28 10:51:51,229.35,2040981,114,228.36,1265831,1107834,0.13097576948263825,0
2023-07-28 10:51:51,229.25,2040981,9,228.36,1265831,1107834,0.08731717965509217,0
2023-07-28 10:51:54,229.35,2041790,1,228.36,1269319,1102287,0.13097576948263825,0
2023-07-28 10:51:54,229.25,2041790,277,228.36,1269319,1102287,0.08731717965509217,0
2023-07-28 10:51:54,229.25,2041790,100,228.36,1269319,1102287,0.08731717965509217,0
2023-07-28 10:51:54,229.25,2041790,10,228.36,1269319,1102287,0.08731717965509217,0
2023-07-28 10:51:58,229.25,2042182,10,228.36,1272707,1102427,0.08731717965509217,0
2023-07-28 10:52:01,229.05,2042292,114,228.36,1280277,1098624,0.0,0
2023-07-28 10:52:01,228.95,2042292,95,228.36,1280277,1098624,-0.04365858982755849,0
2023-07-28 10:52:01,228.85,2042292,33,228.36,1280277,1098624,-0.08731717965510458,0
2023-07-28 10:52:04,228.95,2051950,54,228.36,1254876,1098748,-0.04365858982755849,0
2023-07-28 10:52:04,229.1,2051950,1,228.36,1254876,1098748,0.02182929491376684,0
2023-07-28 10:52:04,229.05,2051950,93,228.36,1254876,1098748,0.0,0
2023-07-28 10:52:06,229.15,2053080,100,228.36,1264610,1097612,0.043658589827546085,0
2023-07-28 10:52:06,229.15,2053080,100,228.36,1264610,1097612,0.043658589827546085,0
2023-07-28 10:52:06,229.15,2053080,100,228.36,1263453,1098583,0.043658589827546085,0
2023-07-28 10:52:08,229.2,2053580,60,228.36,1263911,1097779,0.06548788474131292,0
2023-07-28 10:52:08,229.2,2053580,1,228.36,1263911,1097779,0.06548788474131292,0
2023-07-28 10:52:09,229.25,2053681,50,228.36,1265240,1105425,0.08731717965509217,0
2023-07-28 10:52:10,229.25,2053752,1,228.36,1266039,1101626,0.08731717965509217,0
2023-07-28 10:52:10,229.25,2053752,1,228.36,1266039,1101626,0.08731717965509217,0
2023-07-28 10:52:10,229.25,2053752,1,228.36,1266039,1105952,0.08731717965509217,0
2023-07-28 10:52:10,229.25,2053752,1,228.36,1267059,1105953,0.08731717965509217,0
2023-07-28 10:52:10,229.25,2053752,1,228.36,1266943,1106179,0.08731717965509217,0
2023-07-28 10:52:10,229.2,2053752,1,228.36,1266943,1106179,0.06548788474131292,0
2023-07-28 10:52:14,229.2,2053753,1,228.36,1260374,1106206,0.06548788474131292,0
2023-07-28 10:52:14,229.2,2053753,1,228.36,1268003,1106206,0.06548788474131292,0
2023-07-28 10:52:14,229.2,2053753,1,228.36,1267483,1106588,0.06548788474131292,0
2023-07-28 10:52:14,229.25,2053753,53,228.36,1267483,1106588,0.08731717965509217,0
2023-07-28 10:52:17,229.25,2054006,25,228.36,1268227,1106410,0.08731717965509217,0
2023-07-28 10:52:17,229.25,2054006,25,228.36,1268216,1106411,0.08731717965509217,0
2023-07-28 10:52:20,229.15,2054106,45,228.36,1268064,1106411,0.043658589827546085,0
2023-07-28 10:52:21,229.25,2056185,10,228.36,1272750,1086076,0.08731717965509217,0
2023-07-28 10:52:21,229.25,2056185,10,228.36,1274584,1095970,0.08731717965509217,0
2023-07-28 10:52:22,229.3,2056285,100,228.36,1274772,1096350,0.10914647456887142,0
2023-07-28 10:52:22,229.15,2056285,205,228.36,1275070,1098499,0.043658589827546085,0
2023-07-28 10:52:24,229.15,2056824,205,228.36,1278615,1099943,0.043658589827546085,0
2023-07-28 10:52:26,229.15,2056825,1,228.36,1278488,1100931,0.043658589827546085,0
2023-07-28 10:52:26,229.3,2056825,126,228.36,1278488,1100931,0.10914647456887142,0
2023-07-28 10:52:27,229.25,2058266,101,228.36,1278409,1099214,0.08731717965509217,0
2023-07-28 10:52:27,229.25,2058266,101,228.36,1278409,1099214,0.08731717965509217,0
2023-07-28 10:52:28,229.25,2058366,100,228.36,1280556,1105354,0.08731717965509217,0
2023-07-28 10:52:28,229.25,2058366,100,228.36,1280556,1105354,0.08731717965509217,0
2023-07-28 10:52:28,229.25,2058366,100,228.36,1281193,1102595,0.08731717965509217,0
2023-07-28 10:52:28,229.2,2058366,21,228.36,1281193,1102595,0.06548788474131292,0
2023-07-28 10:52:30,229.2,2058387,21,228.36,1281034,1103168,0.06548788474131292,0
2023-07-28 10:52:30,229.2,2058387,21,228.36,1281467,1102038,0.06548788474131292,0
2023-07-28 10:52:30,229.15,2058387,500,228.36,1281467,1102038,0.043658589827546085,0
2023-07-28 10:52:33,229.1,2059388,1,228.36,1281199,1102439,0.02182929491376684,0
2023-07-28 10:52:33,229.1,2059388,1,228.36,1281199,1102439,0.02182929491376684,0
2023-07-28 10:52:34,229.2,2059488,100,228.36,1281199,1102225,0.06548788474131292,0
2023-07-28 10:52:34,229.2,2059488,100,228.36,1281199,1102225,0.06548788474131292,0
2023-07-28 10:52:35,229.25,2060488,103,228.36,1281709,1103497,0.08731717965509217,0
2023-07-28 10:52:35,229.25,2060488,103,228.36,1281914,1102711,0.08731717965509217,0
2023-07-28 10:52:35,229.15,2060488,10,228.36,1281914,1102711,0.043658589827546085,0
2023-07-28 10:52:36,229.15,2060508,10,228.36,1281852,1103308,0.043658589827546085,0
2023-07-28 10:52:36,229.15,2060508,5,228.36,1281852,1103308,0.043658589827546085,0
2023-07-28 10:52:37,229.15,2060513,5,228.36,1281575,1103303,0.043658589827546085,0
2023-07-28 10:52:37,229.15,2060513,5,228.36,1283575,1103303,0.043658589827546085,0
2023-07-28 10:52:37,229.25,2060513,50,228.36,1283575,1103303,0.08731717965509217,0
2023-07-28 10:52:40,229.25,2066171,50,228.37,1284338,1108697,0.08731717965509217,0
2023-07-28 10:52:40,229.1,2066171,15,228.37,1284338,1108697,0.02182929491376684,0
2023-07-28 10:52:41,229.15,2066188,180,228.37,1284223,1109201,0.043658589827546085,0
2023-07-28 10:52:42,229.15,2066389,20,228.37,1282115,1110000,0.043658589827546085,0
2023-07-28 10:52:42,229.15,2066389,20,228.37,1282115,1110000,0.043658589827546085,0
2023-07-28 10:52:42,229.15,2066389,20,228.37,1283274,1109876,0.043658589827546085,0
2023-07-28 10:52:42,229.15,2066389,20,228.37,1283711,1110823,0.043658589827546085,0
2023-07-28 10:52:42,229.15,2066389,75,228.37,1283711,1110823,0.043658589827546085,0
2023-07-28 10:52:45,229.1,2066465,1,228.37,1283714,1110924,0.02182929491376684,0
2023-07-28 10:52:46,229.1,2066467,1,228.37,1283713,1111122,0.02182929491376684,0
2023-07-28 10:52:47,229.1,2066472,5,228.37,1283708,1112132,0.02182929491376684,0
2023-07-28 10:52:47,229.1,2066472,5,228.37,1283414,1115650,0.02182929491376684,0
2023-07-28 10:52:49,229.15,2066672,200,228.37,1283708,1115986,0.043658589827546085,0
2023-07-28 10:52:50,229.05,2066825,99,228.37,1283688,1116323,0.0,0
2023-07-28 10:52:52,229.15,2066826,1,228.37,1284501,1116377,0.043658589827546085,0
2023-07-28 10:52:52,229.15,2066826,1,228.37,1285041,1116420,0.043658589827546085,0
2023-07-28 10:52:52,229.15,2066826,1,228.37,1285324,1116420,0.043658589827546085,0
2023-07-28 10:52:55,229.15,2066837,10,228.37,1285474,1116409,0.043658589827546085,0
2023-07-28 10:52:55,229.15,2066837,1,228.37,1285474,1108874,0.043658589827546085,0
2023-07-28 10:52:57,229.15,2066903,1,228.37,1285293,1116039,0.043658589827546085,0
2023-07-28 10:52:57,229.15,2066903,1,228.37,1285293,1116039,0.043658589827546085,0
2023-07-28 10:52:58,229.15,2066928,25,228.37,1285605,1116727,0.043658589827546085,0
2023-07-28 10:52:58,229.15,2066928,9,228.37,1285605,1116727,0.043658589827546085,0
2023-07-28 10:52:58,229.15,2066937,9,228.37,1285982,1115509,0.043658589827546085,0
2023-07-28 10:52:58,229.15,2066937,9,228.37,1286571,1115988,0.043658589827546085,0
2023-07-28 10:53:00,228.95,2073908,176,228.37,1276039,1114219,-0.04365858982755849,0
2023-07-28 10:53:00,228.95,2073908,88,228.37,1276039,1114219,-0.04365858982755849,0
2023-07-28 10:53:02,229.0,2074618,1,228.37,1271127,1117487,-0.021829294913779246,0
2023-07-28 10:53:02,228.9,2074618,2,228.37,1271127,1117487,-0.06548788474132533,0
2023-07-28 10:53:02,228.9,2074620,92,228.37,1268428,1118666,-0.06548788474132533,0
2023-07-28 10:53:04,228.95,2076271,4,228.37,1272238,1108733,-0.04365858982755849,0
2023-07-28 10:53:04,228.95,2076271,1,228.37,1272238,1108733,-0.04365858982755849,0
2023-07-28 10:53:05,228.9,2076280,8,228.37,1266599,1109958,-0.06548788474132533,0
2023-07-28 10:53:05,228.9,2076280,5,228.37,1266599,1109958,-0.06548788474132533,0
2023-07-28 10:53:07,228.9,2076285,5,228.37,1272455,1115818,-0.06548788474132533,0
2023-07-28 10:53:08,228.85,2076289,4,228.37,1273194,1116208,-0.08731717965510458,0
2023-07-28 10:53:08,228.85,2076289,4,228.37,1273374,1115553,-0.08731717965510458,0
2023-07-28 10:53:08,228.85,2076289,1,228.37,1273374,1115553,-0.08731717965510458,0
2023-07-28 10:53:10,228.8,2076290,276,228.37,1274140,1115143,-0.10914647456887142,0
2023-07-28 10:53:11,228.8,2077790,276,228.37,1269139,1115535,-0.10914647456887142,0
2023-07-28 10:53:11,228.85,2077790,25,228.37,1269139,1115535,-0.08731717965510458,0
2023-07-28 10:53:11,228.9,2077790,50,228.37,1269139,1115535,-0.06548788474132533,0
2023-07-28 10:53:12,228.9,2078083,50,228.37,1271487,1120145,-0.06548788474132533,0
2023-07-28 10:53:15,228.9,2078283,200,228.37,1271899,1119946,-0.06548788474132533,0
2023-07-28 10:53:16,228.85,2078293,1,228.37,1272034,1119480,-0.08731717965510458,0
2023-07-28 10:53:16,228.85,2078294,1,228.37,1272409,1119624,-0.08731717965510458,0
2023-07-28 10:53:16,228.9,2078294,1,228.37,1275726,1112622,-0.06548788474132533,0
2023-07-28 10:53:16,228.9,2078294,39,228.37,1275726,1112622,-0.06548788474132533,0
2023-07-28 10:53:19,228.9,2078572,39,228.37,1276166,1117363,-0.06548788474132533,0
2023-07-28 10:53:19,228.9,2078572,39,228.37,1276166,1117263,-0.06548788474132533,0
2023-07-28 10:53:19,228.9,2078572,39,228.37,1276166,1117263,-0.06548788474132533,0
2023-07-28 10:53:19,228.9,2078572,39,228.37,1276674,1117264,-0.06548788474132533,0
2023-07-28 10:53:19,229.0,2078572,50,228.37,1276674,1117264,-0.021829294913779246,0
2023-07-28 10:53:22,228.95,2078622,50,228.37,1276674,1117214,-0.04365858982755849,0
2023-07-28 10:53:22,228.85,2078622,228,228.37,1276674,1117214,-0.08731717965510458,0
2023-07-28 10:53:22,228.85,2078622,228,228.37,1276674,1117214,-0.08731717965510458,0
2023-07-28 10:53:24,228.9,2480368,100,228.47,1273189,1221472,-0.06548788474132533,0
2023-07-28 10:53:24,228.9,2480368,100,228.47,1272619,1223880,-0.06548788474132533,0
2023-07-28 10:53:24,228.9,2480368,100,228.47,1272619,1223880,-0.06548788474132533,0
2023-07-28 10:53:24,228.85,2480368,1,228.47,1272619,1223880,-0.08731717965510458,0
2023-07-28 10:53:26,228.85,2480369,1,228.47,1274040,1224793,-0.08731717965510458,0
2023-07-28 10:53:26,228.85,2480369,1,228.47,1274040,1224798,-0.08731717965510458,0
2023-07-28 10:53:26,228.95,2480369,63,228.47,1274040,1224798,-0.04365858982755849,0
2023-07-28 10:53:28,228.95,2480869,63,228.47,1274487,1224712,-0.04365858982755849,0
2023-07-28 10:53:28,228.95,2480869,200,228.47,1274487,1224712,-0.04365858982755849,0
2023-07-28 10:53:30,228.95,2481069,200,228.47,1276587,1117379,-0.04365858982755849,0
2023-07-28 10:53:30,228.95,2481069,200,228.47,1276449,1117385,-0.04365858982755849,0
2023-07-28 10:53:30,228.9,2481069,100,228.47,1276820,1117385,-0.06548788474132533,0
2023-07-28 10:53:33,228.9,2481592,23,228.47,1276146,1119959,-0.06548788474132533,0
2023-07-28 10:53:33,228.9,2481592,23,228.47,1276147,1120156,-0.06548788474132533,0
2023-07-28 10:53:35,229.0,2481742,24,228.47,1280147,1119813,-0.021829294913779246,0
2023-07-28 10:53:37,228.95,2481745,3,228.47,1280310,1120453,-0.04365858982755849,0
2023-07-28 10:53:37,228.95,2481745,86,228.47,1281490,1120025,-0.04365858982755849,0
2023-07-28 10:53:38,228.9,2481932,1,228.47,1281081,1120291,-0.06548788474132533,0
2023-07-28 10:53:38,228.9,2481932,1,228.47,1281083,1120301,-0.06548788474132533,0
2023-07-28 10:53:40,229.0,2481933,1,228.47,1281083,1120682,-0.021829294913779246,0
2023-07-28 10:53:40,229.0,2481933,1,228.47,1279763,1120008,-0.021829294913779246,0
2023-07-28 10:53:40,229.0,2481933,1,228.47,1280459,1119164,-0.021829294913779246,0
2023-07-28 10:53:40,229.0,2481933,1,228.47,1281192,1120552,-0.021829294913779246,0
2023-07-28 10:53:40,229.0,2481933,1,228.47,1282280,1119806,-0.021829294913779246,0
2023-07-28 10:53:40,229.0,2481933,1,228.47,1271710,1120207,-0.021829294913779246,0
2023-07-28 10:53:40,229.0,2481933,1,228.47,1280092,1123896,-0.021829294913779246,0
2023-07-28 10:53:40,228.9,2481933,1,228.47,1280092,1123896,-0.06548788474132533,0
2023-07-28 10:53:40,228.9,2481933,1,228.47,1280092,1123896,-0.06548788474132533,0
2023-07-28 10:53:48,228.9,2481935,1,228.47,1279292,1121398,-0.06548788474132533,0
2023-07-28 10:53:49,229.0,2482028,500,228.47,1282684,1112480,-0.021829294913779246,0
2023-07-28 10:53:50,229.0,2482686,500,228.47,1286802,1117791,-0.021829294913779246,0
2023-07-28 10:53:50,229.0,2482686,500,228.47,1286501,1117678,-0.021829294913779246,0
2023-07-28 10:53:50,229.0,2482686,500,228.47,1286814,1117714,-0.021829294913779246,0
2023-07-28 10:53:50,229.1,2482686,4,228.47,1286814,1117714,0.02182929491376684,0
2023-07-28 10:53:53,229.1,2482690,4,228.47,1286735,1119263,0.02182929491376684,0
2023-07-28 10:53:53,229.1,2482690,4,228.47,1281567,1120255,0.02182929491376684,0
2023-07-28 10:53:53,229.1,2482690,4,228.47,1285845,1120255,0.02182929491376684,0
2023-07-28 10:53:53,229.1,2482690,99,228.47,1285845,1120255,0.02182929491376684,0
2023-07-28 10:53:56,229.1,2482790,99,228.47,1284076,1117531,0.02182929491376684,0
2023-07-28 10:53:56,229.1,2482790,99,228.47,1288205,1119286,0.02182929491376684,0
2023-07-28 10:53:58,229.05,2482840,50,228.47,1289310,1119286,0.0,0
2023-07-28 10:53:59,229.15,2482845,5,228.47,1289600,1119281,0.043658589827546085,0
2023-07-28 10:53:59,229.15,2482845,5,228.47,1288908,1118801,0.043658589827546085,0
2023-07-28 10:53:59,229.1,2482845,5,228.47,1290975,1118476,0.02182929491376684,0
2023-07-28 10:54:02,229.1,2482860,5,228.47,1287052,1118708,0.02182929491376684,0
2023-07-28 10:54:02,229.1,2482860,1,228.47,1287052,1118708,0.02182929491376684,0
2023-07-28 10:54:03,229.1,2482861,1,228.47,1286112,1118397,0.02182929491376684,0
2023-07-28 10:54:04,229.15,2482865,4,228.47,1286112,1118567,0.043658589827546085,0
2023-07-28 10:54:04,229.15,2482865,4,228.47,1285966,1118815,0.043658589827546085,0
2023-07-28 10:54:04,229.15,2482865,4,228.47,1286566,1118815,0.043658589827546085,0
2023-07-28 10:54:04,229.15,2482865,1,228.47,1286566,1118815,0.043658589827546085,0
2023-07-28 10:54:07,229.15,2482916,50,228.47,1286566,1118825,0.043658589827546085,0
2023-07-28 10:54:07,229.15,2482916,50,228.47,1286666,1118495,0.043658589827546085,0
2023-07-28 10:54:10,228.95,2485916,155,228.47,1284220,1121066,-0.04365858982755849,0
2023-07-28 10:54:11,229.15,2485917,1,228.47,1275570,1120943,0.043658589827546085,0
2023-07-28 10:54:11,229.15,2485917,1,228.47,1285082,1120445,0.043658589827546085,0
2023-07-28 10:54:11,229.15,2485917,1,228.47,1288932,1116143,0.043658589827546085,0
2023-07-28 10:54:11,229.15,2485917,1,228.47,1288185,1116787,0.043658589827546085,0
2023-07-28 10:54:11,229.05,2485917,45,228.47,1288185,1116787,0.0,0
2023-07-28 10:54:15,229.15,2486069,5,228.47,1287188,1119925,0.043658589827546085,0
2023-07-28 10:54:15,229.15,2486069,5,228.47,1287238,1120076,0.043658589827546085,0
2023-07-28 10:54:18,229.05,2486070,1,228.47,1287237,1120075,0.0,0
2023-07-28 10:54:18,229.05,2486070,1,228.47,1287237,1120075,0.0,0
2023-07-28 10:54:18,229.05,2486070,1,228.47,1287237,1120075,0.0,0
2023-07-28 10:54:18,229.05,2486070,1,228.47,1287237,1120192,0.0,0
2023-07-28 10:54:18,229.05,2486070,1,228.47,1287237,1120486,0.0,0
2023-07-28 10:54:18,229.05,2486070,1,228.47,1287237,1120511,0.0,0
2023-07-28 10:54:18,229.1,2486070,40,228.47,1287237,1120511,0.02182929491376684,0
2023-07-28 10:54:24,229.1,2486120,1,228.47,1287804,1120501,0.02182929491376684,0
2023-07-28 10:54:25,229.1,2486122,1,228.47,1287804,1120499,0.02182929491376684,0
2023-07-28 10:54:26,229.1,2486142,1,228.47,1287280,1120509,0.02182929491376684,0
2023-07-28 10:54:26,229.1,2486143,1,228.47,1287580,1120708,0.02182929491376684,0
2023-07-28 10:54:26,229.0,2486143,103,228.47,1287580,1120708,-0.021829294913779246,0
2023-07-28 10:54:28,229.0,2486394,1,228.47,1287559,1119236,-0.021829294913779246,0
2023-07-28 10:54:28,229.0,2486394,1,228.47,1287559,1119806,-0.021829294913779246,0
2023-07-28 10:54:28,229.1,2486394,5,228.47,1287559,1119806,0.02182929491376684,0
2023-07-28 10:54:30,229.1,2486414,5,228.47,1287569,1119300,0.02182929491376684,0
2023-07-28 10:54:30,229.1,2486414,5,228.47,1287656,1118230,0.02182929491376684,0
2023-07-28 10:54:30,229.1,2486414,5,228.47,1287656,1118230,0.02182929491376684,0
2023-07-28 10:54:30,229.1,2486414,5,228.47,1287656,1118355,0.02182929491376684,0
2023-07-28 10:54:30,229.1,2486414,5,228.47,1288393,1118355,0.02182929491376684,0
2023-07-28 10:54:30,229.1,2486414,5,228.47,1288393,1118365,0.02182929491376684,0
2023-07-28 10:54:37,229.1,2486439,10,228.47,1288390,1121298,0.02182929491376684,0
2023-07-28 10:54:37,229.1,2486489,9,228.47,1287102,1121988,0.02182929491376684,0
2023-07-28 10:54:37,229.1,2486489,9,228.47,1287780,1124437,0.02182929491376684,0
2023-07-28 10:54:37,229.0,2486489,1,228.47,1287780,1124437,-0.021829294913779246,0
2023-07-28 10:54:39,229.0,2486490,2,228.47,1287849,1130589,-0.021829294913779246,0
2023-07-28 10:54:41,229.0,2486492,2,228.47,1287844,1137199,-0.021829294913779246,0
2023-07-28 10:54:41,229.0,2486492,2,228.47,1288084,1137639,-0.021829294913779246,0
2023-07-28 10:54:41,229.0,2486492,2,228.47,1287103,1137243,-0.021829294913779246,0
2023-07-28 10:54:41,229.0,2486492,2,228.47,1288738,1137556,-0.021829294913779246,0
2023-07-28 10:54:41,229.0,2486492,1,228.47,1288698,1137329,-0.021829294913779246,0
2023-07-28 10:54:46,229.1,2486608,4,228.47,1292889,1138331,0.02182929491376684,0
2023-07-28 10:54:46,229.1,2486608,4,228.47,1292889,1138331,0.02182929491376684,0
2023-07-28 10:54:47,229.1,2486620,9,228.47,1292889,1132439,0.02182929491376684,0
2023-07-28 10:54:48,229.1,2486622,1,228.47,1293179,1141363,0.02182929491376684,0
2023-07-28 10:54:49,229.0,2486672,50,228.47,1292840,1133160,-0.021829294913779246,0
2023-07-28 10:54:49,229.1,2486672,20,228.47,1292840,1133160,0.02182929491376684,0
2023-07-28 10:54:50,229.1,2486703,1,228.47,1293199,1141659,0.02182929491376684,0
2023-07-28 10:54:51,229.1,2486713,10,228.47,1293008,1141741,0.02182929491376684,0
2023-07-28 10:54:51,229.1,2486713,10,228.47,1293008,1141741,0.02182929491376684,0
2023-07-28 10:54:52,229.05,2486716,3,228.47,1293851,1144009,0.0,0
2023-07-28 10:54:52,229.05,2486716,3,228.47,1293851,1144009,0.0,0
2023-07-28 10:54:53,229.1,2486722,6,228.47,1293602,1143832,0.02182929491376684,0
2023-07-28 10:54:53,229.1,2486722,6,228.47,1293602,1143832,0.02182929491376684,0
2023-07-28 10:54:55,229.1,2486734,1,228.47,1293032,1146412,0.02182929491376684,0
2023-07-28 10:54:56,229.1,2486841,7,228.47,1293154,1147728,0.02182929491376684,0
2023-07-28 10:54:56,229.1,2486841,7,228.47,1293239,1150823,0.02182929491376684,0
2023-07-28 10:54:56,229.1,2486841,7,228.47,1293239,1150823,0.02182929491376684,0
2023-07-28 10:54:56,229.15,2486841,26,228.47,1293239,1150823,0.043658589827546085,0
2023-07-28 10:54:58,229.15,2487548,26,228.47,1293620,1150482,0.043658589827546085,0
2023-07-28 10:54:58,229.15,2487548,26,228.47,1294327,1151061,0.043658589827546085,0
2023-07-28 10:55:02,229.15,2487762,2,228.47,1293698,1150803,0.043658589827546085,0
2023-07-28 10:55:02,229.15,2487762,2,228.47,1293246,1151877,0.043658589827546085,0
2023-07-28 10:55:02,229.0,2487762,58,228.47,1293246,1151877,-0.021829294913779246,0
2023-07-28 10:55:03,229.0,2490200,58,228.47,1291096,1152253,-0.021829294913779246,0
2023-07-28 10:55:03,229.0,2490200,1,228.47,1291096,1152253,-0.021829294913779246,0
2023-07-28 10:55:03,228.95,2490200,11,228.47,1291096,1152253,-0.04365858982755849,0
2023-07-28 10:55:07,228.9,2492008,16,228.47,1278133,1158331,-0.06548788474132533,0
2023-07-28 10:55:07,228.95,2492008,4,228.47,1278133,1158331,-0.04365858982755849,0
2023-07-28 10:55:10,228.95,2492014,1,228.47,1278664,1155882,-0.04365858982755849,0
2023-07-28 10:55:10,228.95,2492014,25,228.47,1278664,1155882,-0.04365858982755849,0
2023-07-28 10:55:12,228.95,2492300,1,228.47,1274219,1153765,-0.04365858982755849,0
2023-07-28 10:55:12,228.95,2492300,25,228.47,1274219,1153765,-0.04365858982755849,0
2023-07-28 10:55:13,228.95,2492325,25,228.47,1281283,1154190,-0.04365858982755849,0
2023-07-28 10:55:13,229.0,2492325,2019,228.47,1281283,1154190,-0.021829294913779246,0
2023-07-28 10:55:18,229.0,2512367,17,228.48,1276288,1140538,-0.021829294913779246,0
2023-07-28 10:55:18,228.9,2512367,10,228.48,1276288,1140538,-0.06548788474132533,0
2023-07-28 10:55:18,228.85,2512367,1367,228.48,1276288,1140538,-0.08731717965510458,0
2023-07-28 10:55:20,228.85,2514485,1367,228.48,1270656,1152035,-0.08731717965510458,0
2023-07-28 10:55:20,228.95,2514485,1,228.48,1270656,1152035,-0.04365858982755849,0
2023-07-28 10:55:20,228.95,2514485,96,228.48,1270656,1152035,-0.04365858982755849,0
2023-07-28 10:55:24,228.95,2514986,96,228.48,1263141,1154408,-0.04365858982755849,0
2023-07-28 10:55:24,228.95,2514986,1,228.48,1263141,1154408,-0.04365858982755849,0
2023-07-28 10:55:24,228.85,2514986,90,228.48,1263141,1154408,-0.08731717965510458,0
2023-07-28 10:55:27,228.8,2517950,99,228.48,1265183,1156167,-0.10914647456887142,0
2023-07-28 10:55:28,228.9,2517951,1,228.48,1256351,1148494,-0.06548788474132533,0
2023-07-28 10:55:33,228.9,2518001,50,228.48,1256361,1148595,-0.06548788474132533,0
2023-07-28 10:55:33,228.9,2518001,1,228.48,1256361,1148595,-0.06548788474132533,0
2023-07-28 10:55:35,228.9,2518028,25,228.48,1256962,1149413,-0.06548788474132533,0
2023-07-28 10:55:35,228.9,2518028,1,228.48,1256962,1149413,-0.06548788474132533,0
2023-07-28 10:55:38,228.9,2518029,1,228.48,1265696,1155805,-0.06548788474132533,0
2023-07-28 10:55:38,228.85,2518029,3,228.48,1265696,1155805,-0.08731717965510458,0
2023-07-28 10:55:38,228.9,2518029,1,228.48,1265696,1155805,-0.06548788474132533,0
2023-07-28 10:55:40,228.9,2518068,1,228.48,1265238,1156182,-0.06548788474132533,0
2023-07-28 10:55:40,228.9,2518068,1,228.48,1268904,1160279,-0.06548788474132533,0
2023-07-28 10:55:40,228.85,2518068,4,228.48,1268904,1160279,-0.08731717965510458,0
2023-07-28 10:55:45,228.85,2518078,4,228.48,1268742,1159179,-0.08731717965510458,0
2023-07-28 10:55:45,228.8,2518078,1,228.48,1268742,1159179,-0.10914647456887142,0
2023-07-28 10:55:45,228.8,2518078,1,228.48,1268742,1159179,-0.10914647456887142,0
2023-07-28 10:55:49,228.8,2518080,1,228.48,1267486,1158499,-0.10914647456887142,0
2023-07-28 10:55:53,228.8,2518081,1,228.48,1267633,1158644,-0.10914647456887142,0
2023-07-28 10:55:55,228.85,2518082,1,228.48,1267643,1158192,-0.08731717965510458,0
2023-07-28 10:55:55,228.8,2518082,2,228.48,1267643,1158192,-0.10914647456887142,0
2023-07-28 10:55:58,228.85,2518085,1,228.48,1266620,1157981,-0.08731717965510458,0
2023-07-28 10:55:58,228.8,2518085,1,228.48,1267895,1158082,-0.10914647456887142,0
2023-07-28 10:55:58,228.85,2518085,93,228.48,1267895,1158082,-0.08731717965510458,0
2023-07-28 10:56:03,228.85,2518291,93,228.48,1267894,1157981,-0.08731717965510458,0
2023-07-28 10:56:03,228.85,2518291,93,228.48,1267957,1157997,-0.08731717965510458,0
2023-07-28 10:56:03,228.85,2518291,1,228.48,1267957,1157997,-0.08731717965510458,0
2023-07-28 10:56:03,228.85,2518291,1,228.48,1267957,1157997,-0.08731717965510458,0
2023-07-28 10:56:11,228.85,2518293,1,228.48,1269457,1158056,-0.08731717965510458,0
2023-07-28 10:56:11,228.85,2518293,34,228.48,1269457,1158056,-0.08731717965510458,0
2023-07-28 10:56:14,228.85,2518345,1,228.48,1269367,1157608,-0.08731717965510458,0
2023-07-28 10:56:14,228.85,2518345,1,228.48,1269367,1157608,-0.08731717965510458,0
2023-07-28 10:56:16,228.85,2518346,1,228.48,1268844,1157077,-0.08731717965510458,0
2023-07-28 10:56:16,228.85,2518346,333,228.48,1268844,1157077,-0.08731717965510458,0
2023-07-28 10:56:16,228.85,2518346,1,228.48,1268844,1157077,-0.08731717965510458,0
2023-07-28 10:56:19,228.85,2518847,1,228.48,1262121,1156407,-0.08731717965510458,0
2023-07-28 10:56:19,228.85,2518847,1,228.48,1262121,1156407,-0.08731717965510458,0
2023-07-28 10:56:19,228.85,2518847,1,228.48,1262121,1156407,-0.08731717965510458,0
2023-07-28 10:56:20,228.85,2518848,1,228.48,1270419,1156729,-0.08731717965510458,0
2023-07-28 10:56:20,228.85,2518848,1,228.48,1270419,1156729,-0.08731717965510458,0
2023-07-28 10:56:20,228.9,2518848,8,228.48,1270419,1156729,-0.06548788474132533,0
2023-07-28 10:56:20,228.85,2518848,24,228.48,1270419,1156729,-0.08731717965510458,0
2023-07-28 10:56:25,228.85,2519011,24,228.48,1270161,1156840,-0.08731717965510458,0
2023-07-28 10:56:25,228.9,2519011,4,228.48,1270161,1156840,-0.06548788474132533,0
2023-07-28 10:56:25,228.9,2519011,18,228.48,1270161,1156840,-0.06548788474132533,0
2023-07-28 10:56:25,228.75,2519011,1,228.48,1270161,1156840,-0.13097576948265066,0
2023-07-28 10:56:27,228.75,2519535,1,228.48,1269950,1156430,-0.13097576948265066,0
2023-07-28 10:56:27,228.7,2519535,776,228.48,1269950,1156430,-0.1528050643964299,0
2023-07-28 10:56:27,228.7,2519535,5,228.48,1269950,1156430,-0.1528050643964299,0
2023-07-28 10:56:31,228.7,2522727,5,228.48,1264941,1159472,-0.1528050643964299,0
2023-07-28 10:56:31,228.7,2522727,20,228.48,1264941,1159472,-0.1528050643964299,0
2023-07-28 10:56:31,228.7,2522727,245,228.48,1264941,1159472,-0.1528050643964299,0
2023-07-28 10:56:33,228.7,2523002,245,228.48,1275059,1158964,-0.1528050643964299,0
2023-07-28 10:56:33,228.85,2523002,10,228.48,1275059,1158964,-0.08731717965510458,0
2023-07-28 10:56:35,228.85,2523112,10,228.48,1272394,1157066,-0.08731717965510458,0
2023-07-28 10:56:35,228.7,2523112,300,228.48,1272394,1157066,-0.1528050643964299,0
2023-07-28 10:56:39,228.7,2523437,300,228.48,1261634,1160144,-0.1528050643964299,0
2023-07-28 10:56:39,228.65,2523437,1,228.48,1261634,1160144,-0.17463435931019675,0
2023-07-28 10:56:39,228.75,2523437,5,228.48,1261634,1160144,-0.13097576948265066,0
2023-07-28 10:56:40,228.75,2523443,5,228.48,1273374,1161261,-0.13097576948265066,0
2023-07-28 10:56:40,228.75,2523443,1,228.48,1273374,1161261,-0.13097576948265066,0
2023-07-28 10:56:40,228.75,2523443,1,228.48,1273374,1161261,-0.13097576948265066,0
2023-07-28 10:56:40,228.75,2523443,2,228.48,1273374,1161261,-0.13097576948265066,0
2023-07-28 10:56:44,228.75,2523545,2,228.48,1274201,1161310,-0.13097576948265066,0
2023-07-28 10:56:44,228.75,2523545,156,228.48,1274201,1161310,-0.13097576948265066,0
2023-07-28 10:56:44,228.75,2523545,25,228.48,1274201,1161310,-0.13097576948265066,0
2023-07-28 10:56:48,228.75,2523870,25,228.48,1274013,1161119,-0.13097576948265066,0
2023-07-28 10:56:48,228.75,2523870,1,228.48,1274013,1161119,-0.13097576948265066,0
2023-07-28 10:56:48,228.75,2523870,1,228.48,1274013,1161119,-0.13097576948265066,0
2023-07-28 10:56:49,228.75,2523872,1,228.48,1274013,1160653,-0.13097576948265066,0
2023-07-28 10:56:49,228.7,2523872,6,228.48,1274013,1160653,-0.1528050643964299,0
2023-07-28 10:56:53,228.75,2523899,9,228.48,1277104,1160798,-0.13097576948265066,0
2023-07-28 10:56:53,228.75,2523899,1,228.48,1277104,1160798,-0.13097576948265066,0
2023-07-28 10:56:54,228.75,2523900,1,228.48,1277139,1160755,-0.13097576948265066,0
2023-07-28 10:56:54,228.75,2523900,1,228.48,1277139,1160755,-0.13097576948265066,0
2023-07-28 10:56:58,228.75,2523902,1,228.48,1277268,1160967,-0.13097576948265066,0
2023-07-28 10:57:01,228.75,2523910,3,228.48,1276890,1161309,-0.13097576948265066,0
2023-07-28 10:57:01,228.75,2523910,34,228.48,1276890,1161309,-0.13097576948265066,0
2023-07-28 10:57:01,228.75,2523910,3,228.48,1276890,1161309,-0.13097576948265066,0
2023-07-28 10:57:01,228.75,2523910,50,228.48,1276890,1161309,-0.13097576948265066,0
2023-07-28 10:57:03,228.75,2524060,1,228.48,1279408,1161296,-0.13097576948265066,0
2023-07-28 10:57:03,228.7,2524060,1,228.48,1279408,1161296,-0.1528050643964299,0
2023-07-28 10:57:07,228.75,2524063,1,228.48,1279407,1161592,-0.13097576948265066,0
2023-07-28 10:57:07,228.75,2524063,2,228.48,1279407,1161592,-0.13097576948265066,0
2023-07-28 10:57:09,228.75,2524065,2,228.48,1276408,1161600,-0.13097576948265066,0
2023-07-28 10:57:09,228.75,2524065,1,228.48,1276408,1161600,-0.13097576948265066,0
2023-07-28 10:57:11,228.75,2524066,1,228.48,1276488,1161597,-0.13097576948265066,0
2023-07-28 10:57:13,228.75,2524067,1,228.48,1276638,1161996,-0.13097576948265066,0
2023-07-28 10:57:13,228.75,2524067,1,228.48,1276638,1161996,-0.13097576948265066,0
2023-07-28 10:57:13,228.75,2524067,1,228.48,1276638,1161996,-0.13097576948265066,0
2023-07-28 10:57:16,228.75,2524094,1,228.48,1276643,1161641,-0.13097576948265066,0
2023-07-28 10:57:16,228.7,2524094,1,228.48,1276643,1161641,-0.1528050643964299,0
2023-07-28 10:57:16,228.75,2524094,1,228.48,1276643,1161641,-0.13097576948265066,0
2023-07-28 10:57:20,228.75,2524097,1,228.48,1267925,1153549,-0.13097576948265066,0
2023-07-28 10:57:20,228.7,2524097,5,228.48,1267925,1153549,-0.1528050643964299,0
2023-07-28 10:57:20,228.7,2524097,1,228.48,1267925,1153549,-0.1528050643964299,0
2023-07-28 10:57:24,228.65,2524978,10,228.48,1229348,1155322,-0.17463435931019675,0
2023-07-28 10:57:24,228.65,2524978,10,228.48,1229348,1155322,-0.17463435931019675,0
2023-07-28 10:57:24,228.65,2524978,10,228.48,1263023,1163919,-0.17463435931019675,0
2023-07-28 10:57:24,228.7,2524978,40,228.48,1263023,1163919,-0.1528050643964299,0
2023-07-28 10:57:24,228.6,2524978,147,228.48,1263023,1163919,-0.196463654223976,0
2023-07-28 10:57:29,228.6,2527638,15,228.48,1259619,1159960,-0.196463654223976,0
2023-07-28 10:57:29,228.65,2527638,1,228.48,1259619,1159960,-0.17463435931019675,0
2023-07-28 10:57:32,228.55,2527640,96,228.48,1265189,1159582,-0.21829294913774283,0
2023-07-28 10:57:32,228.65,2527640,100,228.48,1265189,1159582,-0.17463435931019675,0
2023-07-28 10:57:33,228.65,2528465,100,228.48,1267438,1159624,-0.17463435931019675,0
2023-07-28 10:57:33,228.6,2528465,1,228.48,1267438,1159624,-0.196463654223976,0
2023-07-28 10:57:38,228.6,2528467,1,228.48,1262938,1159624,-0.196463654223976,0
2023-07-28 10:57:38,228.65,2528517,3,228.48,1262597,1157866,-0.17463435931019675,0
2023-07-28 10:57:38,228.65,2528517,22,228.48,1262597,1157866,-0.17463435931019675,0
2023-07-28 10:57:41,228.65,2528542,22,228.48,1262309,1147548,-0.17463435931019675,0
2023-07-28 10:57:41,228.7,2528542,125,228.48,1262309,1147548,-0.1528050643964299,0
2023-07-28 10:57:41,228.7,2528542,31,228.48,1262309,1147548,-0.1528050643964299,0
2023-07-28 10:57:45,228.7,2528892,31,228.48,1262353,1156623,-0.1528050643964299,0
2023-07-28 10:57:45,228.6,2528892,1,228.48,1262353,1156623,-0.196463654223976,0
2023-07-28 10:57:45,228.6,2528892,2,228.48,1262353,1156623,-0.196463654223976,0
2023-07-28 10:57:48,228.6,2528995,30,228.48,1262376,1157233,-0.196463654223976,0
2023-07-28 10:57:49,228.6,2529145,30,228.48,1263120,1157358,-0.196463654223976,0
2023-07-28 10:57:49,228.65,2529145,100,228.48,1263120,1157358,-0.17463435931019675,0
2023-07-28 10:57:49,228.6,2529145,7,228.48,1263120,1157358,-0.196463654223976,0
2023-07-28 10:57:49,228.7,2529145,16,228.48,1263120,1157358,-0.1528050643964299,0
2023-07-28 10:57:53,228.7,2529646,16,228.48,1262208,1156211,-0.1528050643964299,0
2023-07-28 10:57:53,228.7,2529646,10,228.48,1262208,1156211,-0.1528050643964299,0
2023-07-28 10:57:53,228.7,2529646,1,228.48,1262208,1156211,-0.1528050643964299,0
2023-07-28 10:57:56,228.6,2530211,3,228.48,1261828,1156142,-0.196463654223976,0
2023-07-28 10:57:56,228.6,2530211,1,228.48,1261828,1156142,-0.196463654223976,0
2023-07-28 10:57:59,228.7,2530312,100,228.48,1263288,1155938,-0.1528050643964299,0
2023-07-28 10:57:59,228.7,2530312,100,228.48,1263866,1155880,-0.1528050643964299,0
2023-07-28 10:57:59,228.7,2530312,1,228.48,1263866,1155880,-0.1528050643964299,0
2023-07-28 10:57:59,228.7,2530312,37,228.48,1263866,1155880,-0.1528050643964299,0
2023-07-28 10:58:04,228.6,2530519,6,228.48,1263746,1154981,-0.196463654223976,0
2023-07-28 10:58:04,228.6,2530519,6,228.48,1264452,1154106,-0.196463654223976,0
2023-07-28 10:58:04,228.65,2530519,1,228.48,1264452,1154106,-0.17463435931019675,0
2023-07-28 10:58:04,228.65,2530519,1,228.48,1264452,1154106,-0.17463435931019675,0
2023-07-28 10:58:09,228.6,2530952,31,228.48,1264307,1154013,-0.196463654223976,0
2023-07-28 10:58:09,228.7,2530952,34,228.48,1264307,1154013,-0.1528050643964299,0
2023-07-28 10:58:09,228.7,2530952,15,228.48,1264307,1154013,-0.1528050643964299,0
2023-07-28 10:58:11,228.7,2531013,15,228.48,1264882,1153437,-0.1528050643964299,0
2023-07-28 10:58:11,228.6,2531013,859,228.48,1264882,1153437,-0.196463654223976,0
2023-07-28 10:58:14,228.6,2532413,859,228.48,1263642,1153055,-0.196463654223976,0
2023-07-28 10:58:14,228.7,2532413,1,228.48,1263642,1153055,-0.1528050643964299,0
2023-07-28 10:58:14,228.7,2532413,519,228.48,1263642,1153055,-0.1528050643964299,0
2023-07-28 10:58:17,228.7,2532948,519,228.48,1268650,1150085,-0.1528050643964299,0
2023-07-28 10:58:17,228.7,2532948,6,228.48,1268650,1150085,-0.1528050643964299,0
2023-07-28 10:58:19,228.7,2533254,6,228.48,1268379,1150137,-0.1528050643964299,0
2023-07-28 10:58:19,228.7,2533254,6,228.48,1268379,1150137,-0.1528050643964299,0
2023-07-28 10:58:19,228.6,2533254,44,228.48,1268379,1150137,-0.196463654223976,0
2023-07-28 10:58:22,228.75,2533899,4,228.48,1268922,1150962,-0.13097576948265066,0
2023-07-28 10:58:22,228.75,2533899,4,228.48,1268678,1151456,-0.13097576948265066,0
2023-07-28 10:58:22,228.75,2533899,1,228.48,1268678,1151456,-0.13097576948265066,0
2023-07-28 10:58:22,228.65,2533899,1,228.48,1268678,1151456,-0.17463435931019675,0
2023-07-28 10:58:26,228.65,2533901,1,228.48,1272983,1151766,-0.17463435931019675,0
2023-07-28 10:58:31,228.75,2534001,5,228.48,1273668,1152474,-0.13097576948265066,0
2023-07-28 10:58:33,228.65,2534136,36,228.48,1273671,1152291,-0.17463435931019675,0
2023-07-28 10:58:33,228.75,2534136,1,228.48,1273671,1152291,-0.13097576948265066,0
2023-07-28 10:58:34,228.75,2534137,1,228.48,1273807,1152291,-0.13097576948265066,0
2023-07-28 10:58:34,228.7,2534137,1,228.48,1273807,1152291,-0.1528050643964299,0
2023-07-28 10:58:39,228.7,2534163,25,228.48,1273858,1152497,-0.1528050643964299,0
2023-07-28 10:58:39,228.7,2534163,25,228.48,1265133,1143055,-0.1528050643964299,0
2023-07-28 10:58:39,228.7,2534163,300,228.48,1265133,1143055,-0.1528050643964299,0
2023-07-28 10:58:47,228.7,2534537,300,228.48,1263044,1145849,-0.1528050643964299,0
2023-07-28 10:58:47,228.65,2534537,1,228.48,1263044,1145849,-0.17463435931019675,0
2023-07-28 10:58:49,228.75,2534738,39,228.48,1270155,1148430,-0.13097576948265066,0
2023-07-28 10:58:49,228.65,2534738,99,228.48,1270155,1148430,-0.17463435931019675,0
2023-07-28 10:58:50,228.65,2534845,99,228.48,1271556,1158090,-0.17463435931019675,0
2023-07-28 10:58:55,228.65,2534846,1,228.48,1269150,1157113,-0.17463435931019675,0
2023-07-28 10:58:55,228.65,2534846,20,228.48,1269150,1157113,-0.17463435931019675,0
2023-07-28 10:58:57,228.7,2536209,25,228.48,1267868,1159368,-0.1528050643964299,0
2023-07-28 10:58:57,228.7,2536209,50,228.48,1267868,1159368,-0.1528050643964299,0
2023-07-28 10:58:59,228.7,2536259,50,228.48,1266895,1160290,-0.1528050643964299,0
2023-07-28 10:58:59,228.7,2536259,5,228.48,1266895,1160290,-0.1528050643964299,0
2023-07-28 10:58:59,228.7,2536259,1,228.48,1266895,1160290,-0.1528050643964299,0
2023-07-28 10:59:03,228.7,2536327,17,228.48,1267603,1160152,-0.1528050643964299,0
2023-07-28 10:59:03,228.7,2536327,50,228.48,1267603,1160152,-0.1528050643964299,0
2023-07-28 10:59:03,228.7,2536327,1,228.48,1267603,1160152,-0.1528050643964299,0
2023-07-28 10:59:04,228.7,2536429,1,228.48,1267727,1160153,-0.1528050643964299,0
2023-07-28 10:59:04,228.7,2536429,1,228.48,1268467,1157520,-0.1528050643964299,0
2023-07-28 10:59:04,228.7,2536429,1,228.48,1268275,1157520,-0.1528050643964299,0
2023-07-28 10:59:04,228.6,2536429,88,228.48,1268275,1157520,-0.196463654223976,0
2023-07-28 10:59:12,228.6,2537492,88,228.48,1266040,1160340,-0.196463654223976,0
2023-07-28 10:59:16,228.55,2537494,1,228.48,1267192,1160338,-0.21829294913774283,0
2023-07-28 10:59:16,228.6,2537494,1256,228.48,1267192,1160338,-0.196463654223976,0
2023-07-28 10:59:19,228.6,2538850,1256,228.48,1267367,1158685,-0.196463654223976,0
2023-07-28 10:59:19,228.6,2538850,10,228.48,1267367,1158685,-0.196463654223976,0
2023-07-28 10:59:20,228.6,2538860,10,228.48,1265585,1159155,-0.196463654223976,0
2023-07-28 10:59:20,228.6,2538860,10,228.48,1265585,1159155,-0.196463654223976,0
2023-07-28 10:59:20,228.6,2538860,10,228.48,1265585,1159155,-0.196463654223976,0
2023-07-28 10:59:20,228.6,2538860,10,228.48,1265585,1159155,-0.196463654223976,0
2023-07-28 10:59:20,228.6,2538860,100,228.48,1267254,1158675,-0.196463654223976,0
2023-07-28 10:59:20,228.6,2538860,100,228.48,1267254,1158675,-0.196463654223976,0
2023-07-28 10:59:20,228.6,2538860,100,228.48,1267254,1158675,-0.196463654223976,0
2023-07-28 10:59:20,228.6,2538860,100,228.48,1267254,1158675,-0.196463654223976,0
2023-07-28 10:59:24,228.6,2538960,100,228.48,1267604,1158581,-0.196463654223976,0
2023-07-28 10:59:24,228.55,2538960,1,228.48,1267604,1158581,-0.21829294913774283,0
2023-07-28 10:59:29,228.6,2538964,2,228.48,1268458,1162580,-0.196463654223976,0
2023-07-28 10:59:29,228.6,2538964,593,228.48,1268458,1162580,-0.196463654223976,0
2023-07-28 10:59:31,228.55,2540094,47,228.48,1268995,1161401,-0.21829294913774283,0
2023-07-28 10:59:31,228.55,2540094,1,228.48,1268995,1161401,-0.21829294913774283,0
2023-07-28 10:59:33,228.55,2540095,1,228.48,1268819,1161401,-0.21829294913774283,0
2023-07-28 10:59:33,228.55,2540095,1,228.48,1268831,1161410,-0.21829294913774283,0
2023-07-28 10:59:33,228.65,2540095,50,228.48,1268831,1161410,-0.17463435931019675,0
2023-07-28 10:59:38,228.65,2542714,50,228.48,1273356,1157249,-0.17463435931019675,0
2023-07-28 10:59:38,228.65,2542714,1,228.48,1273356,1157249,-0.17463435931019675,0
2023-07-28 10:59:40,228.65,2542715,1,228.48,1270729,1159563,-0.17463435931019675,0
2023-07-28 10:59:40,228.7,2542715,92,228.48,1270729,1159563,-0.1528050643964299,0
2023-07-28 10:59:43,228.7,2543035,92,228.48,1274396,1158259,-0.1528050643964299,0
2023-07-28 10:59:43,228.7,2543035,92,228.48,1274731,1158251,-0.1528050643964299,0
2023-07-28 10:59:43,228.75,2543035,1,228.48,1274731,1158251,-0.13097576948265066,0
2023-07-28 10:59:43,228.75,2543035,1,228.48,1274731,1158251,-0.13097576948265066,0
2023-07-28 10:59:49,228.75,2543037,1,228.48,1279104,1157761,-0.13097576948265066,0
2023-07-28 10:59:49,228.75,2543037,1,228.48,1279204,1157761,-0.13097576948265066,0
2023-07-28 10:59:49,228.75,2543037,20,228.48,1279204,1157761,-0.13097576948265066,0
2023-07-28 10:59:49,228.75,2543037,5,228.48,1279204,1157761,-0.13097576948265066,0
2023-07-28 10:59:55,228.75,2543062,5,228.48,1278740,1157944,-0.13097576948265066,0
2023-07-28 10:59:55,228.7,2543062,1,228.48,1278740,1157944,-0.1528050643964299,0
2023-07-28 10:59:55,228.7,2543063,1,228.48,1277533,1158737,-0.1528050643964299,0
2023-07-28 10:59:55,228.7,2543063,1,228.48,1277533,1158737,-0.1528050643964299,0
2023-07-28 10:59:59,228.75,2543064,1,228.48,1277350,1158694,-0.13097576948265066,0
2023-07-28 10:59:59,228.75,2543064,2,228.48,1277350,1158694,-0.13097576948265066,0
2023-07-28 11:00:03,228.75,2543489,78,228.48,1279334,1154088,-0.13097576948265066,0
2023-07-28 11:00:03,228.75,2543489,44,228.48,1279334,1154088,-0.13097576948265066,0
2023-07-28 11:00:06,228.75,2543542,3,228.48,1279561,1157776,-0.13097576948265066,0
2023-07-28 11:00:06,228.75,2543542,3,228.48,1279561,1157776,-0.13097576948265066,0
2023-07-28 11:00:08,228.65,2543543,1,228.48,1279414,1157376,-0.17463435931019675,0
2023-07-28 11:00:08,228.65,2543543,1,228.48,1278705,1158351,-0.17463435931019675,0
2023-07-28 11:00:08,228.75,2543543,1,228.48,1278705,1158351,-0.13097576948265066,0
2023-07-28 11:00:11,228.75,2544024,1,228.48,1276962,1158927,-0.13097576948265066,0
2023-07-28 11:00:16,228.75,2544039,4,228.48,1277420,1158642,-0.13097576948265066,0
2023-07-28 11:00:16,228.65,2544039,23,228.48,1277420,1158642,-0.17463435931019675,0
2023-07-28 11:00:17,228.65,2544083,23,228.48,1277565,1158642,-0.17463435931019675,0
2023-07-28 11:00:17,228.65,2544083,1,228.48,1277565,1158642,-0.17463435931019675,0
2023-07-28 11:00:21,228.65,2544175,90,228.48,1243209,1161159,-0.17463435931019675,0
2023-07-28 11:00:21,228.65,2544175,90,228.48,1277323,1160049,-0.17463435931019675,0
2023-07-28 11:00:21,228.75,2544175,1,228.48,1277323,1160049,-0.13097576948265066,0
2023-07-28 11:00:24,228.75,2544176,1,228.48,1277726,1160019,-0.13097576948265066,0
2023-07-28 11:00:24,228.75,2544176,1,228.48,1277726,1160019,-0.13097576948265066,0
2023-07-28 11:00:24,228.75,2544176,1,228.48,1277726,1160019,-0.13097576948265066,0
2023-07-28 11:00:28,228.75,2544178,1,228.48,1278409,1160163,-0.13097576948265066,0
2023-07-28 11:00:28,228.65,2544178,1,228.48,1278409,1160163,-0.17463435931019675,0
2023-07-28 11:00:28,228.75,2544178,2,228.48,1278409,1160163,-0.13097576948265066,0
2023-07-28 11:00:31,228.75,2544181,2,228.48,1278201,1159985,-0.13097576948265066,0
2023-07-28 11:00:31,228.65,2544181,90,228.48,1278201,1159985,-0.17463435931019675,0
2023-07-28 11:00:34,228.6,2544371,1,228.48,1277816,1159800,-0.196463654223976,0
2023-07-28 11:00:37,228.6,2544395,22,228.48,1278466,1159709,-0.196463654223976,0
2023-07-28 11:00:37,228.7,2544395,1,228.48,1278466,1159709,-0.1528050643964299,0
2023-07-28 11:00:39,228.7,2544416,1,228.48,1278813,1159750,-0.1528050643964299,0
2023-07-28 11:00:39,228.7,2544416,1,228.48,1278813,1159750,-0.1528050643964299,0
2023-07-28 11:00:41,228.7,2544419,1,228.48,1278912,1159758,-0.1528050643964299,0
2023-07-28 11:00:41,228.7,2544419,1,228.48,1278932,1159758,-0.1528050643964299,0
2023-07-28 11:00:47,228.6,2544420,1,228.48,1278847,1159728,-0.196463654223976,0
2023-07-28 11:00:47,228.6,2544420,1,228.48,1280776,1159412,-0.196463654223976,0
2023-07-28 11:00:47,228.7,2544420,1,228.48,1280776,1159412,-0.1528050643964299,0
2023-07-28 11:00:52,228.7,2544421,1,228.48,1272563,1150981,-0.1528050643964299,0
2023-07-28 11:00:52,228.7,2544421,4,228.48,1272563,1150981,-0.1528050643964299,0
2023-07-28 11:00:55,228.6,2544461,201,228.48,1272068,1151081,-0.196463654223976,0
2023-07-28 11:00:55,228.7,2544461,3,228.48,1272068,1151081,-0.1528050643964299,0
2023-07-28 11:00:58,228.7,2544945,1,228.48,1280528,1159858,-0.1528050643964299,0
2023-07-28 11:00:58,228.7,2544945,1,228.48,1280528,1159858,-0.1528050643964299,0
2023-07-28 11:00:58,228.7,2544945,17,228.48,1280528,1159858,-0.1528050643964299,0
2023-07-28 11:00:58,228.6,2544945,5,228.48,1280528,1159858,-0.196463654223976,0
2023-07-28 11:01:01,228.6,2544976,1,228.48,1280987,1160361,-0.196463654223976,0
2023-07-28 11:01:01,228.6,2544976,1,228.48,1280987,1160361,-0.196463654223976,0
2023-07-28 11:01:01,228.6,2544976,1,228.48,1280987,1160361,-0.196463654223976,0
2023-07-28 11:01:02,228.6,2544977,1,228.48,1280981,1160377,-0.196463654223976,0
2023-07-28 11:01:02,228.6,2544977,3,228.48,1280981,1160377,-0.196463654223976,0
2023-07-28 11:01:05,228.6,2545980,3,228.48,1281259,1159800,-0.196463654223976,0
2023-07-28 11:01:05,228.6,2545980,3,228.48,1280590,1160103,-0.196463654223976,0
2023-07-28 11:01:05,228.6,2545980,5,228.48,1280590,1160103,-0.196463654223976,0
2023-07-28 11:01:05,228.6,2545980,1,228.48,1280590,1160103,-0.196463654223976,0
2023-07-28 11:01:11,228.6,2545997,1,228.48,1280823,1160092,-0.196463654223976,0
2023-07-28 11:01:11,228.6,2545997,1,228.48,1281312,1160295,-0.196463654223976,0
2023-07-28 11:01:11,228.6,2545997,5,228.48,1281312,1160295,-0.196463654223976,0
2023-07-28 11:01:16,228.6,2546002,5,228.48,1281709,1151898,-0.196463654223976,0
2023-07-28 11:01:16,228.6,2546002,10,228.48,1281709,1151898,-0.196463654223976,0
2023-07-28 11:01:18,228.6,2546012,10,228.48,1281596,1160345,-0.196463654223976,0
2023-07-28 11:01:18,228.7,2546012,1,228.48,1281596,1160345,-0.1528050643964299,0
2023-07-28 11:01:20,228.7,2546013,1,228.48,1278653,1160344,-0.1528050643964299,0
2023-07-28 11:01:20,228.7,2546013,1,228.48,1278854,1161345,-0.1528050643964299,0
2023-07-28 11:01:20,228.6,2546013,1,228.48,1278854,1161345,-0.196463654223976,0
2023-07-28 11:01:26,228.6,2546015,1,228.48,1278595,1161535,-0.196463654223976,0
2023-07-28 11:01:26,228.6,2546015,1,228.48,1278625,1159735,-0.196463654223976,0
2023-07-28 11:01:26,228.7,2546015,1,228.48,1278625,1159735,-0.1528050643964299,0
2023-07-28 11:01:26,228.7,2546015,1,228.48,1278625,1159735,-0.1528050643964299,0
2023-07-28 11:01:30,228.7,2546017,1,228.48,1280197,1149678,-0.1528050643964299,0
2023-07-28 11:01:30,228.6,2546017,1,228.48,1280197,1149678,-0.196463654223976,0
2023-07-28 11:01:32,228.6,2546018,1,228.48,1280038,1158592,-0.196463654223976,0
2023-07-28 11:01:36,228.6,2546019,1,228.48,1280187,1158592,-0.196463654223976,0
2023-07-28 11:01:36,228.6,2546019,1,228.48,1280187,1158592,-0.196463654223976,0
2023-07-28 11:01:37,228.6,2546020,1,228.48,1280289,1161271,-0.196463654223976,0
2023-07-28 11:01:37,228.6,2546020,1,228.48,1279754,1160937,-0.196463654223976,0
2023-07-28 11:01:37,228.7,2546020,1,228.48,1279754,1160937,-0.1528050643964299,0
2023-07-28 11:01:43,228.7,2546021,1,228.48,1278965,1160212,-0.1528050643964299,0
2023-07-28 11:01:47,228.7,2546171,2,228.48,1279017,1160447,-0.1528050643964299,0
2023-07-28 11:01:47,228.7,2546171,1,228.48,1279017,1160447,-0.1528050643964299,0
2023-07-28 11:01:49,228.7,2546272,6,228.48,1280324,1160413,-0.1528050643964299,0
2023-07-28 11:01:49,228.6,2546272,1,228.48,1280324,1160413,-0.196463654223976,0
2023-07-28 11:01:52,228.7,2546774,2,228.48,1279869,1157248,-0.1528050643964299,0
2023-07-28 11:01:52,228.65,2546774,1,228.48,1279869,1157248,-0.17463435931019675,0
2023-07-28 11:01:54,228.65,2546775,1,228.48,1282272,1159892,-0.17463435931019675,0
2023-07-28 11:01:54,228.7,2546775,1,228.48,1281323,1160005,-0.1528050643964299,0
2023-07-28 11:01:58,228.7,2546776,1,228.48,1281310,1160081,-0.1528050643964299,0
2023-07-28 11:01:58,228.7,2546776,1,228.48,1281310,1160081,-0.1528050643964299,0
2023-07-28 11:02:03,228.65,2546778,1,228.48,1280978,1159602,-0.17463435931019675,0
2023-07-28 11:02:03,228.7,2546778,50,228.48,1280978,1159602,-0.1528050643964299,0
2023-07-28 11:02:06,228.65,2547369,446,228.48,1281411,1158020,-0.17463435931019675,0
2023-07-28 11:02:06,228.6,2547369,1,228.48,1281411,1158020,-0.196463654223976,0
2023-07-28 11:02:07,228.6,2547370,1,228.48,1281589,1158259,-0.196463654223976,0
2023-07-28 11:02:07,228.7,2547370,2,228.48,1281589,1158259,-0.1528050643964299,0
2023-07-28 11:02:10,228.65,2547372,1,228.48,1281531,1156029,-0.17463435931019675,0
2023-07-28 11:02:10,228.7,2547372,1,228.48,1281531,1156029,-0.1528050643964299,0
2023-07-28 11:02:10,228.65,2547372,6,228.48,1281531,1156029,-0.17463435931019675,0
2023-07-28 11:02:13,228.7,2547381,1,228.48,1281600,1156316,-0.1528050643964299,0
2023-07-28 11:02:13,228.7,2547381,1,228.48,1281600,1156316,-0.1528050643964299,0
2023-07-28 11:02:14,228.7,2547382,1,228.48,1281500,1154917,-0.1528050643964299,0
2023-07-28 11:02:14,228.7,2547382,1,228.48,1281500,1154917,-0.1528050643964299,0
2023-07-28 11:02:19,228.7,2547435,45,228.48,1282016,1154713,-0.1528050643964299,0
2023-07-28 11:02:19,228.7,2547435,64,228.48,1282016,1154713,-0.1528050643964299,0
2023-07-28 11:02:19,228.65,2547435,1,228.48,1282016,1154713,-0.17463435931019675,0
2023-07-28 11:02:21,228.65,2547536,1,228.48,1282068,1154913,-0.17463435931019675,0
2023-07-28 11:02:21,228.65,2547536,1,228.48,1282068,1154913,-0.17463435931019675,0
2023-07-28 11:02:21,228.65,2547536,1,228.48,1282068,1154913,-0.17463435931019675,0
2023-07-28 11:02:21,228.7,2547536,4,228.48,1282068,1154913,-0.1528050643964299,0
2023-07-28 11:02:24,228.65,2547541,1,228.48,1282067,1154549,-0.17463435931019675,0
2023-07-28 11:02:24,228.65,2547541,2,228.48,1282067,1154549,-0.17463435931019675,0
2023-07-28 11:02:24,228.65,2547541,2,228.48,1282067,1154549,-0.17463435931019675,0
2023-07-28 11:02:24,228.65,2547541,2,228.48,1282067,1154549,-0.17463435931019675,0
2023-07-28 11:02:26,228.7,2547545,2,228.48,1282287,1154996,-0.1528050643964299,0
2023-07-28 11:02:26,228.7,2547545,2,228.48,1282287,1154996,-0.1528050643964299,0
2023-07-28 11:02:26,228.7,2547545,1,228.48,1282287,1154996,-0.1528050643964299,0
2023-07-28 11:02:28,228.7,2547546,1,228.48,1283097,1156392,-0.1528050643964299,0
2023-07-28 11:02:28,228.7,2547546,92,228.48,1283097,1156392,-0.1528050643964299,0
2023-07-28 11:02:31,228.7,2547797,1,228.48,1281665,1156009,-0.1528050643964299,0
2023-07-28 11:02:31,228.65,2547797,10,228.48,1281665,1156009,-0.17463435931019675,0
2023-07-28 11:02:35,228.7,2547908,13,228.48,1281664,1156094,-0.1528050643964299,0
2023-07-28 11:02:35,228.7,2547908,13,228.48,1281664,1156094,-0.1528050643964299,0
2023-07-28 11:02:35,228.7,2547908,5,228.48,1281664,1156094,-0.1528050643964299,0
2023-07-28 11:02:37,228.65,2547915,1,228.48,1282585,1154953,-0.17463435931019675,0
2023-07-28 11:02:40,228.7,2548015,13,228.48,1282293,1155065,-0.1528050643964299,0
2023-07-28 11:02:40,228.7,2548015,13,228.48,1282293,1155065,-0.1528050643964299,0
2023-07-28 11:02:40,228.7,2548015,13,228.48,1282367,1154845,-0.1528050643964299,0
2023-07-28 11:02:40,228.7,2548015,1,228.48,1282367,1154845,-0.1528050643964299,0
2023-07-28 11:02:40,228.65,2548015,1,228.48,1282367,1154845,-0.17463435931019675,0
2023-07-28 11:02:44,228.65,2548117,1,228.48,1282264,1155189,-0.17463435931019675,0
2023-07-28 11:02:44,228.7,2548117,2,228.48,1282264,1155189,-0.1528050643964299,0
2023-07-28 11:02:44,228.7,2548117,1,228.48,1282264,1155189,-0.1528050643964299,0
2023-07-28 11:02:47,228.7,2548120,1,228.48,1282315,1155547,-0.1528050643964299,0
2023-07-28 11:02:47,228.7,2548120,1,228.48,1282315,1155547,-0.1528050643964299,0
2023-07-28 11:02:50,228.65,2548280,92,228.48,1282894,1155007,-0.17463435931019675,0
2023-07-28 11:02:50,228.7,2548280,1,228.48,1282894,1155007,-0.1528050643964299,0
2023-07-28 11:02:50,228.7,2548280,1,228.48,1282894,1155007,-0.1528050643964299,0
2023-07-28 11:02:50,228.65,2548280,1,228.48,1282894,1155007,-0.17463435931019675,0
2023-07-28 11:02:53,228.65,2548382,1,228.48,1282878,1154947,-0.17463435931019675,0
2023-07-28 11:02:53,228.7,2548382,57,228.48,1282878,1154947,-0.1528050643964299,0
2023-07-28 11:02:55,228.7,2548468,11,228.48,1285000,1151416,-0.1528050643964299,0
2023-07-28 11:02:55,228.65,2548468,1,228.48,1285000,1151416,-0.17463435931019675,0
2023-07-28 11:02:58,228.65,2548469,1,228.48,1284668,1151779,-0.17463435931019675,0
2023-07-28 11:02:58,228.75,2548469,1,228.48,1284668,1151779,-0.13097576948265066,0
2023-07-28 11:03:00,228.75,2548470,1,228.48,1285153,1152290,-0.13097576948265066,0
2023-07-28 11:03:03,228.75,2548475,5,228.48,1285334,1152287,-0.13097576948265066,0
2023-07-28 11:03:03,228.7,2548475,1,228.48,1285334,1152287,-0.1528050643964299,0
2023-07-28 11:03:06,228.7,2548477,1,228.48,1285760,1152139,-0.1528050643964299,0
2023-07-28 11:03:06,228.7,2548477,1,228.48,1285760,1152139,-0.1528050643964299,0
2023-07-28 11:03:08,228.7,2548478,1,228.48,1285739,1152291,-0.1528050643964299,0
2023-07-28 11:03:08,228.75,2548478,74,228.48,1285739,1152291,-0.13097576948265066,0
2023-07-28 11:03:10,228.75,2548578,74,228.48,1285739,1151832,-0.13097576948265066,0
2023-07-28 11:03:10,228.75,2548578,1,228.48,1285739,1151832,-0.13097576948265066,0
2023-07-28 11:03:13,228.75,2548579,1,228.48,1285294,1151585,-0.13097576948265066,0
2023-07-28 11:03:13,228.75,2548579,1,228.48,1285271,1151926,-0.13097576948265066,0
2023-07-28 11:03:13,228.75,2548579,1,228.48,1285271,1151926,-0.13097576948265066,0
2023-07-28 11:03:13,228.7,2548579,1,228.48,1285271,1151926,-0.1528050643964299,0
2023-07-28 11:03:20,228.7,2548581,1,228.48,1285270,1152002,-0.1528050643964299,0
2023-07-28 11:03:20,228.7,2548581,4,228.48,1285270,1152002,-0.1528050643964299,0
2023-07-28 11:03:23,228.75,2548596,6,228.48,1284659,1151927,-0.13097576948265066,0
2023-07-28 11:03:23,228.75,2548596,1,228.48,1284659,1151927,-0.13097576948265066,0
2023-07-28 11:03:26,228.7,2548608,1,228.48,1285131,1152298,-0.1528050643964299,0
2023-07-28 11:03:26,228.75,2548608,1,228.48,1285131,1152298,-0.13097576948265066,0
2023-07-28 11:03:26,228.75,2548608,2,228.48,1285131,1152298,-0.13097576948265066,0
2023-07-28 11:03:27,228.75,2548700,2,228.48,1285129,1152291,-0.13097576948265066,0
2023-07-28 11:03:27,228.65,2548700,5,228.48,1285129,1152291,-0.17463435931019675,0
2023-07-28 11:03:30,228.75,2548850,2,228.48,1284930,1152317,-0.13097576948265066,0
2023-07-28 11:03:30,228.65,2548850,1,228.48,1284930,1152317,-0.17463435931019675,0
2023-07-28 11:03:33,228.75,2548873,20,228.48,1284905,1152295,-0.13097576948265066,0
2023-07-28 11:03:33,228.75,2548873,1,228.48,1284905,1152295,-0.13097576948265066,0
2023-07-28 11:03:36,228.65,2548876,1,228.48,1284270,1152201,-0.17463435931019675,0
2023-07-28 11:03:36,228.75,2548876,1,228.48,1284270,1152201,-0.13097576948265066,0
2023-07-28 11:03:38,228.75,2548877,1,228.48,1284782,1151239,-0.13097576948265066,0
2023-07-28 11:03:38,228.75,2548877,1,228.48,1284782,1151239,-0.13097576948265066,0
2023-07-28 11:03:40,228.75,2548879,1,228.48,1284792,1151237,-0.13097576948265066,0
2023-07-28 11:03:40,228.75,2548879,1,228.48,1284386,1151273,-0.13097576948265066,0
2023-07-28 11:03:40,228.65,2548879,20,228.48,1284386,1151273,-0.17463435931019675,0
2023-07-28 11:03:45,228.65,2548900,1,228.48,1284365,1151279,-0.17463435931019675,0
2023-07-28 11:03:45,228.75,2548900,1,228.48,1284365,1151279,-0.13097576948265066,0
2023-07-28 11:03:45,228.65,2548900,1,228.48,1284365,1151279,-0.17463435931019675,0
2023-07-28 11:03:45,228.65,2548900,1,228.48,1284365,1151279,-0.17463435931019675,0
2023-07-28 11:03:47,228.65,2548952,1,228.48,1283872,1152729,-0.17463435931019675,0
2023-07-28 11:03:47,228.75,2548952,3,228.48,1283872,1152729,-0.13097576948265066,0
2023-07-28 11:03:49,228.75,2548966,3,228.48,1283871,1152745,-0.13097576948265066,0
2023-07-28 11:03:49,228.75,2548966,1,228.48,1283871,1152745,-0.13097576948265066,0
2023-07-28 11:03:52,228.75,2548968,1,228.48,1283807,1152743,-0.13097576948265066,0
2023-07-28 11:03:52,228.65,2548968,23,228.48,1283807,1152743,-0.17463435931019675,0
2023-07-28 11:03:55,228.65,2549120,23,228.48,1283583,1150743,-0.17463435931019675,0
2023-07-28 11:03:55,228.75,2549120,1,228.48,1283583,1150743,-0.13097576948265066,0
2023-07-28 11:03:56,228.65,2549121,1,228.48,1282821,1150748,-0.17463435931019675,0
2023-07-28 11:03:56,228.65,2549121,1,228.48,1282821,1150748,-0.17463435931019675,0
2023-07-28 11:04:00,228.65,2549123,1,228.48,1282752,1150435,-0.17463435931019675,0
2023-07-28 11:04:00,228.75,2549123,3,228.48,1282752,1150435,-0.13097576948265066,0
2023-07-28 11:04:03,228.75,2549127,1,228.48,1283445,1150904,-0.13097576948265066,0
2023-07-28 11:04:03,228.75,2549127,1,228.48,1283445,1150904,-0.13097576948265066,0
2023-07-28 11:04:03,228.7,2549127,1,228.48,1283445,1150904,-0.1528050643964299,0
2023-07-28 11:04:05,228.7,2549130,1,228.48,1283164,1151445,-0.1528050643964299,0
2023-07-28 11:04:06,228.75,2549131,1,228.48,1283165,1151369,-0.13097576948265066,0
2023-07-28 11:04:06,228.75,2549131,1,228.48,1283165,1151369,-0.13097576948265066,0
2023-07-28 11:04:06,228.75,2549131,1,228.48,1283165,1151320,-0.13097576948265066,0
2023-07-28 11:04:06,228.75,2549131,1,228.48,1282194,1150876,-0.13097576948265066,0
2023-07-28 11:04:09,228.7,2549132,1,228.48,1282374,1150953,-0.1528050643964299,0
2023-07-28 11:04:10,228.7,2549133,1,228.48,1282388,1150978,-0.1528050643964299,0
2023-07-28 11:04:10,228.7,2549133,1,228.48,1282388,1150979,-0.1528050643964299,0
2023-07-28 11:04:11,228.7,2549134,1,228.48,1284513,1150477,-0.1528050643964299,0
2023-07-28 11:04:13,228.7,2549135,1,228.48,1284512,1150477,-0.1528050643964299,0
2023-07-28 11:04:13,228.7,2549135,1,228.48,1284437,1150477,-0.1528050643964299,0
2023-07-28 11:04:13,228.7,2549135,1,228.48,1284126,1150477,-0.1528050643964299,0
2023-07-28 11:04:13,228.7,2549135,1,228.48,1284026,1150502,-0.1528050643964299,0
2023-07-28 11:04:17,228.75,2549169,4,228.48,1284176,1150666,-0.13097576948265066,0
2023-07-28 11:04:18,228.75,2549170,1,228.48,1284101,1150565,-0.13097576948265066,0
2023-07-28 11:04:19,228.75,2549171,1,228.48,1284101,1150570,-0.13097576948265066,0
2023-07-28 11:04:19,228.75,2549171,1,228.48,1284101,1150570,-0.13097576948265066,0
2023-07-28 11:04:19,228.75,2549171,1,228.48,1284101,1150552,-0.13097576948265066,0
2023-07-28 11:04:19,228.75,2549171,1,228.48,1284030,1150552,-0.13097576948265066,0
2023-07-28 11:04:24,228.75,2549172,1,228.48,1284030,1150551,-0.13097576948265066,0
2023-07-28 11:04:24,228.7,2549172,1,228.48,1284030,1150551,-0.1528050643964299,0
2023-07-28 11:04:24,228.7,2549174,1,228.48,1284104,1151045,-0.1528050643964299,0
2023-07-28 11:04:26,228.7,2549175,1,228.48,1284172,1151045,-0.1528050643964299,0
2023-07-28 11:04:27,228.75,2549177,2,228.48,1284172,1151043,-0.13097576948265066,0
2023-07-28 11:04:27,228.75,2549177,2,228.48,1284097,1150573,-0.13097576948265066,0
2023-07-28 11:04:27,228.75,2549177,1,228.48,1284122,1150573,-0.13097576948265066,0
2023-07-28 11:04:29,228.75,2549178,1,228.48,1284197,1150578,-0.13097576948265066,0
2023-07-28 11:04:29,228.75,2549178,1,228.48,1284122,1150578,-0.13097576948265066,0
2023-07-28 11:04:33,228.75,2549179,1,228.48,1284219,1150577,-0.13097576948265066,0
2023-07-28 11:04:33,228.75,2549184,5,228.48,1284223,1150572,-0.13097576948265066,0
2023-07-28 11:04:35,228.75,2549285,3,228.48,1283986,1150518,-0.13097576948265066,0
2023-07-28 11:04:36,228.9,2559295,7,228.48,1290603,1145797,-0.06548788474132533,0
2023-07-28 11:04:36,228.95,2559295,16,228.48,1290603,1145797,-0.04365858982755849,0
2023-07-28 11:04:36,228.95,2561311,16,228.48,1291418,1145952,-0.04365858982755849,0
2023-07-28 11:04:36,228.95,2561311,16,228.48,1291418,1146372,-0.04365858982755849,0
2023-07-28 11:04:36,228.8,2561311,75,228.48,1291418,1146372,-0.10914647456887142,0
2023-07-28 11:04:40,228.8,2561544,75,228.48,1289615,1147792,-0.10914647456887142,0
2023-07-28 11:04:41,228.75,2561546,1,228.48,1289248,1147699,-0.13097576948265066,0
2023-07-28 11:04:41,228.75,2561546,1,228.48,1289248,1147699,-0.13097576948265066,0
2023-07-28 11:04:42,228.75,2561547,1,228.48,1288888,1148035,-0.13097576948265066,0
2023-07-28 11:04:42,228.75,2561547,1,228.48,1288394,1148529,-0.13097576948265066,0
2023-07-28 11:04:44,228.85,2561548,1,228.48,1288434,1148528,-0.08731717965510458,0
2023-07-28 11:04:44,228.8,2561548,11,228.48,1288359,1148536,-0.10914647456887142,0
2023-07-28 11:04:46,228.8,2571784,11,228.48,1281800,1139198,-0.10914647456887142,0
2023-07-28 11:04:46,228.8,2571784,11,228.48,1282551,1137538,-0.10914647456887142,0
2023-07-28 11:04:49,228.9,2571785,1,228.48,1282551,1138116,-0.06548788474132533,0
2023-07-28 11:04:49,228.9,2571785,1,228.48,1282652,1138116,-0.06548788474132533,0
2023-07-28 11:04:49,228.9,2571785,1,228.48,1282652,1138116,-0.06548788474132533,0
2023-07-28 11:04:52,228.9,2571791,5,228.48,1282652,1138179,-0.06548788474132533,0
2023-07-28 11:04:52,228.9,2571791,5,228.48,1283724,1138393,-0.06548788474132533,0
2023-07-28 11:04:54,228.8,2572041,250,228.48,1283275,1138428,-0.10914647456887142,0
2023-07-28 11:04:55,228.8,2572043,1,228.48,1283178,1138815,-0.10914647456887142,0
2023-07-28 11:04:55,228.8,2572043,5,228.48,1283178,1138815,-0.10914647456887142,0
2023-07-28 11:04:55,228.8,2572049,5,228.48,1283103,1138809,-0.10914647456887142,0
2023-07-28 11:04:57,228.75,2572050,1,228.48,1291009,1147601,-0.13097576948265066,0
2023-07-28 11:04:57,229.0,2572050,1306,228.48,1291009,1147601,-0.021829294913779246,0
2023-07-28 11:04:57,229.0,2582050,1306,228.49,1296665,1141045,-0.021829294913779246,0
2023-07-28 11:04:57,229.0,2582050,1306,228.49,1293201,1142785,-0.021829294913779246,0
2023-07-28 11:04:57,228.95,2582050,15,228.49,1293201,1142785,-0.04365858982755849,0
2023-07-28 11:05:00,228.95,2582065,15,228.49,1293135,1142770,-0.04365858982755849,0
2023-07-28 11:05:01,228.85,2582066,1,228.49,1291887,1142474,-0.08731717965510458,0
2023-07-28 11:05:01,228.85,2582066,1,228.49,1291887,1142974,-0.08731717965510458,0
2023-07-28 11:05:01,228.85,2582066,3,228.49,1291887,1142974,-0.08731717965510458,0
2023-07-28 11:05:02,228.85,2582069,3,228.49,1291773,1142974,-0.08731717965510458,0
2023-07-28 11:05:04,228.85,2582264,100,228.49,1292450,1144964,-0.08731717965510458,0
2023-07-28 11:05:04,228.9,2582265,1,228.49,1292726,1144843,-0.06548788474132533,0
2023-07-28 11:05:04,228.95,2582265,49,228.49,1292726,1144843,-0.04365858982755849,0
2023-07-28 11:05:04,228.95,2582265,197,228.49,1292726,1144843,-0.04365858982755849,0
2023-07-28 11:05:07,228.95,2582773,197,228.49,1292953,1143682,-0.04365858982755849,0
2023-07-28 11:05:07,228.9,2582773,1,228.49,1292953,1143682,-0.06548788474132533,0
2023-07-28 11:05:07,228.95,2582773,1,228.49,1292953,1143682,-0.04365858982755849,0
2023-07-28 11:05:07,228.9,2582773,1,228.49,1292953,1143682,-0.06548788474132533,0
2023-07-28 11:05:11,228.9,2582928,1,228.49,1298010,1138724,-0.06548788474132533,0
2023-07-28 11:05:11,229.0,2582928,8,228.49,1298010,1138724,-0.021829294913779246,0
2023-07-28 11:05:16,228.9,2582937,1,228.49,1296228,1139707,-0.06548788474132533,0
2023-07-28 11:05:16,229.0,2582937,50,228.49,1296228,1139707,-0.021829294913779246,0
2023-07-28 11:05:16,229.0,2582937,3,228.49,1296228,1139707,-0.021829294913779246,0
2023-07-28 11:05:18,229.0,2582990,4,228.49,1296590,1139818,-0.021829294913779246,0
2023-07-28 11:05:18,228.9,2582990,12,228.49,1296590,1139818,-0.06548788474132533,0
2023-07-28 11:05:20,228.9,2583223,1,228.49,1297173,1138884,-0.06548788474132533,0
2023-07-28 11:05:20,229.0,2583223,1,228.49,1297173,1138884,-0.021829294913779246,0
2023-07-28 11:05:20,228.9,2583223,51,228.49,1297173,1138884,-0.06548788474132533,0
2023-07-28 11:05:22,228.9,2583524,51,228.49,1297264,1140304,-0.06548788474132533,0
2023-07-28 11:05:22,228.9,2583524,51,228.49,1297264,1140304,-0.06548788474132533,0
2023-07-28 11:05:22,228.9,2583524,51,228.49,1297264,1140304,-0.06548788474132533,0
2023-07-28 11:05:22,228.9,2583524,51,228.49,1297264,1140304,-0.06548788474132533,0
2023-07-28 11:05:22,228.9,2583524,51,228.49,1297264,1140304,-0.06548788474132533,0
2023-07-28 11:05:22,228.9,2583524,51,228.49,1297264,1140304,-0.06548788474132533,0
2023-07-28 11:05:22,228.9,2583524,51,228.49,1297264,1140304,-0.06548788474132533,0
2023-07-28 11:05:22,228.9,2583524,1,228.49,1297264,1140304,-0.06548788474132533,0
2023-07-28 11:05:28,228.9,2583526,8,228.49,1298466,1139832,-0.06548788474132533,0
2023-07-28 11:05:28,228.9,2583526,1,228.49,1298466,1139832,-0.06548788474132533,0
2023-07-28 11:05:31,228.9,2583536,1,228.49,1298456,1139832,-0.06548788474132533,0
2023-07-28 11:05:31,229.0,2583536,150,228.49,1298456,1139832,-0.021829294913779246,0
2023-07-28 11:05:34,229.1,2590639,3,228.49,1287434,1125764,0.02182929491376684,0
2023-07-28 11:05:34,229.1,2590639,3,228.49,1288037,1124024,0.02182929491376684,0
2023-07-28 11:05:34,229.1,2590639,3,228.49,1300434,1132914,0.02182929491376684,0
2023-07-28 11:05:34,229.0,2590639,51,228.49,1300434,1132914,-0.021829294913779246,0
2023-07-28 11:05:40,229.0,2590815,1,228.49,1300348,1132942,-0.021829294913779246,0
2023-07-28 11:05:40,229.1,2590815,10,228.49,1300348,1132942,0.02182929491376684,0
2023-07-28 11:05:42,229.1,2590861,10,228.49,1300141,1133032,0.02182929491376684,0
2023-07-28 11:05:46,229.0,2590863,1,228.49,1299337,1134896,-0.021829294913779246,0
2023-07-28 11:05:46,229.0,2590863,1,228.49,1299337,1134896,-0.021829294913779246,0
2023-07-28 11:05:46,229.0,2590863,4,228.49,1299337,1134896,-0.021829294913779246,0
2023-07-28 11:05:48,229.0,2590917,4,228.49,1298838,1135441,-0.021829294913779246,0
2023-07-28 11:05:48,229.1,2590917,10,228.49,1298838,1135441,0.02182929491376684,0
2023-07-28 11:05:48,229.1,2590917,5,228.49,1298838,1135441,0.02182929491376684,0
2023-07-28 11:05:51,229.05,2591522,400,228.49,1298499,1138256,0.0,0
2023-07-28 11:05:51,229.0,2591522,327,228.49,1298422,1129143,-0.021829294913779246,0
2023-07-28 11:05:51,229.1,2591522,1,228.49,1298422,1129143,0.02182929491376684,0
2023-07-28 11:05:56,229.1,2591910,1,228.49,1297973,1130093,0.02182929491376684,0
2023-07-28 11:05:56,229.05,2591910,7,228.49,1297973,1130093,0.0,0
2023-07-28 11:05:59,229.0,2592398,90,228.49,1297350,1138328,-0.021829294913779246,0
2023-07-28 11:05:59,229.0,2592398,1000,228.49,1297350,1138328,-0.021829294913779246,0
2023-07-28 11:06:02,228.95,2593549,147,228.49,1297059,1138981,-0.04365858982755849,0
2023-07-28 11:06:02,228.95,2593549,147,228.49,1296884,1138699,-0.04365858982755849,0
2023-07-28 11:06:02,228.95,2593549,147,228.49,1301160,1141036,-0.04365858982755849,0
2023-07-28 11:06:02,229.05,2593549,1,228.49,1301160,1141036,0.0,0
2023-07-28 11:06:08,229.05,2593550,1,228.49,1304825,1137151,0.0,0
2023-07-28 11:06:08,229.0,2593550,1,228.49,1304825,1137151,-0.021829294913779246,0
2023-07-28 11:06:12,229.05,2593791,1,228.49,1305573,1138342,0.0,0
2023-07-28 11:06:14,229.05,2593818,2,228.49,1304337,1138887,0.0,0
2023-07-28 11:06:14,229.1,2593818,1,228.49,1304337,1138887,0.02182929491376684,0
2023-07-28 11:06:16,229.1,2593819,1,228.49,1304847,1138863,0.02182929491376684,0
2023-07-28 11:06:16,229.0,2593819,68,228.49,1304847,1138863,-0.021829294913779246,0
2023-07-28 11:06:18,229.0,2594119,68,228.49,1292422,1127289,-0.021829294913779246,0
2023-07-28 11:06:18,229.1,2594119,1,228.49,1292422,1127289,0.02182929491376684,0
2023-07-28 11:06:22,229.1,2594120,1,228.49,1302694,1134834,0.02182929491376684,0
2023-07-28 11:06:22,229.1,2594120,23,228.49,1302984,1134694,0.02182929491376684,0
2023-07-28 11:06:22,229.0,2594120,10,228.49,1302984,1134694,-0.021829294913779246,0
2023-07-28 11:06:27,229.0,2594161,10,228.49,1302604,1136207,-0.021829294913779246,0
2023-07-28 11:06:29,229.0,2594179,18,228.49,1302271,1137977,-0.021829294913779246,0
2023-07-28 11:06:29,229.0,2594179,18,228.49,1303304,1138002,-0.021829294913779246,0
2023-07-28 11:06:29,229.0,2594179,18,228.49,1303268,1145002,-0.021829294913779246,0
2023-07-28 11:06:29,229.0,2594179,1,228.49,1303268,1145002,-0.021829294913779246,0
2023-07-28 11:06:37,229.05,2594184,4,228.49,1303313,1144798,0.0,0
2023-07-28 11:06:37,229.0,2594184,75,228.49,1303313,1144798,-0.021829294913779246,0
2023-07-28 11:06:39,229.0,2594856,75,228.49,1299868,1145909,-0.021829294913779246,0
2023-07-28 11:06:39,229.0,2594856,1,228.49,1299868,1145909,-0.021829294913779246,0
2023-07-28 11:06:39,229.1,2594856,5,228.49,1299868,1145909,0.02182929491376684,0
2023-07-28 11:06:43,229.1,2594863,5,228.49,1299732,1144922,0.02182929491376684,0
2023-07-28 11:06:43,229.0,2594863,1,228.49,1299732,1144922,-0.021829294913779246,0
2023-07-28 11:06:48,229.0,2594864,1,228.49,1301416,1144847,-0.021829294913779246,0
2023-07-28 11:06:48,229.0,2594864,1,228.49,1301416,1144847,-0.021829294913779246,0
2023-07-28 11:06:49,229.0,2594865,1,228.49,1302447,1146299,-0.021829294913779246,0
2023-07-28 11:06:49,229.1,2594865,9,228.49,1302447,1146299,0.02182929491376684,0
2023-07-28 11:06:53,229.1,2594874,10,228.49,1301964,1141908,0.02182929491376684,0
2023-07-28 11:06:56,229.15,2594984,6,228.49,1300040,1142062,0.043658589827546085,0
2023-07-28 11:06:56,229.0,2594984,17,228.49,1300040,1142062,-0.021829294913779246,0
2023-07-28 11:06:58,229.15,2595020,9,228.49,1301033,1141916,0.043658589827546085,0
2023-07-28 11:06:58,229.15,2595020,9,228.49,1299663,1140832,0.043658589827546085,0
2023-07-28 11:06:58,229.0,2595020,99,228.49,1299663,1140832,-0.021829294913779246,0
2023-07-28 11:07:03,229.0,2597484,99,228.49,1289566,1146162,-0.021829294913779246,0
2023-07-28 11:07:03,229.05,2597484,10,228.49,1289566,1146162,0.0,0
2023-07-28 11:07:06,229.05,2597684,10,228.49,1293863,1136538,0.0,0
2023-07-28 11:07:06,228.95,2597684,6,228.49,1293863,1136538,-0.04365858982755849,0
2023-07-28 11:07:08,228.95,2597690,6,228.49,1293435,1145092,-0.04365858982755849,0
2023-07-28 11:07:08,228.95,2597690,2,228.49,1293435,1145092,-0.04365858982755849,0
2023-07-28 11:07:08,229.05,2597690,1,228.49,1293435,1145092,0.0,0
2023-07-28 11:07:12,228.9,2597713,20,228.49,1293080,1144461,-0.06548788474132533,0
2023-07-28 11:07:12,229.05,2597713,1,228.49,1293080,1144461,0.0,0
2023-07-28 11:07:14,229.05,2597814,1,228.49,1293171,1144651,0.0,0
2023-07-28 11:07:14,229.0,2597814,6,228.49,1293171,1144651,-0.021829294913779246,0
2023-07-28 11:07:14,229.0,2597814,1,228.49,1293171,1144651,-0.021829294913779246,0
2023-07-28 11:07:17,229.0,2597893,1,228.49,1295350,1144118,-0.021829294913779246,0
2023-07-28 11:07:17,229.05,2597893,15,228.49,1295350,1144118,0.0,0
2023-07-28 11:07:17,229.05,2597893,451,228.49,1295350,1144118,0.0,0
2023-07-28 11:07:19,229.05,2598909,451,228.49,1295549,1143267,0.0,0
2023-07-28 11:07:19,229.05,2598909,10,228.49,1295549,1143267,0.0,0
2023-07-28 11:07:19,229.0,2598909,1,228.49,1295549,1143267,-0.021829294913779246,0
2023-07-28 11:07:23,229.0,2598920,1,228.49,1296281,1142413,-0.021829294913779246,0
2023-07-28 11:07:23,229.05,2598920,5,228.49,1296281,1142413,0.0,0
2023-07-28 11:07:23,229.0,2598920,75,228.49,1296281,1142413,-0.021829294913779246,0
2023-07-28 11:07:24,229.0,2599464,75,228.49,1303115,1142076,-0.021829294913779246,0
2023-07-28 11:07:28,229.1,2599466,1,228.49,1303368,1142249,0.02182929491376684,0
2023-07-28 11:07:28,229.1,2599466,1,228.49,1303369,1142262,0.02182929491376684,0
2023-07-28 11:07:28,229.1,2599466,1,228.49,1303369,1142262,0.02182929491376684,0
2023-07-28 11:07:31,229.1,2599467,1,228.49,1303886,1144011,0.02182929491376684,0
2023-07-28 11:07:31,229.05,2599467,1,228.49,1303886,1144011,0.0,0
2023-07-28 11:07:31,229.1,2599467,5,228.49,1303886,1144011,0.02182929491376684,0
2023-07-28 11:07:35,229.1,2599473,15,228.49,1304844,1140957,0.02182929491376684,0
2023-07-28 11:07:35,229.0,2599473,1,228.49,1304844,1140957,-0.021829294913779246,0
2023-07-28 11:07:35,229.1,2599473,1,228.49,1304844,1140957,0.02182929491376684,0
2023-07-28 11:07:38,229.15,2599541,24,228.49,1305354,1140946,0.043658589827546085,0
2023-07-28 11:07:38,229.0,2599541,37,228.49,1305354,1140946,-0.021829294913779246,0
2023-07-28 11:07:40,229.0,2600321,37,228.49,1305366,1140961,-0.021829294913779246,0
2023-07-28 11:07:40,229.0,2600321,1,228.49,1305366,1140961,-0.021829294913779246,0
2023-07-28 11:07:40,229.0,2600321,1,228.49,1305366,1140961,-0.021829294913779246,0
2023-07-28 11:07:40,229.15,2600321,1,228.49,1305366,1140961,0.043658589827546085,0
2023-07-28 11:07:42,229.15,2600329,1,228.49,1301184,1140776,0.043658589827546085,0
2023-07-28 11:07:42,229.15,2600329,1,228.49,1301289,1140786,0.043658589827546085,0
2023-07-28 11:07:42,229.15,2600329,5,228.49,1301289,1140786,0.043658589827546085,0
2023-07-28 11:07:42,229.0,2600329,6,228.49,1301289,1140786,-0.021829294913779246,0
2023-07-28 11:07:42,229.15,2600329,1,228.49,1301289,1140786,0.043658589827546085,0
2023-07-28 11:07:48,229.15,2600366,1,228.49,1301258,1139361,0.043658589827546085,0
2023-07-28 11:07:48,229.0,2600366,45,228.49,1301258,1139361,-0.021829294913779246,0
2023-07-28 11:07:49,229.0,2600416,45,228.49,1301339,1139760,-0.021829294913779246,0
2023-07-28 11:07:49,229.0,2600416,1,228.49,1301341,1139760,-0.021829294913779246,0
2023-07-28 11:07:54,229.15,2600417,5,228.49,1302970,1135712,0.043658589827546085,0
2023-07-28 11:07:54,229.05,2600417,1,228.49,1302970,1135712,0.0,0
2023-07-28 11:07:54,229.15,2600417,1,228.49,1302970,1135712,0.043658589827546085,0
2023-07-28 11:07:58,229.15,2600424,1,228.49,1306141,1139658,0.043658589827546085,0
2023-07-28 11:07:58,229.15,2600424,4,228.49,1306141,1139658,0.043658589827546085,0
2023-07-28 11:08:00,229.15,2600428,4,228.49,1304661,1133958,0.043658589827546085,0
2023-07-28 11:08:00,229.15,2600428,4,228.49,1305155,1142309,0.043658589827546085,0
2023-07-28 11:08:00,229.0,2600428,78,228.49,1305155,1142309,-0.021829294913779246,0
2023-07-28 11:08:07,229.0,2605967,1,228.49,1301204,1145359,-0.021829294913779246,0
2023-07-28 11:08:07,229.1,2605967,1,228.49,1301204,1145359,0.02182929491376684,0
2023-07-28 11:08:07,229.1,2605967,50,228.49,1301204,1145359,0.02182929491376684,0
2023-07-28 11:08:10,229.0,2608036,633,228.49,1299507,1144261,-0.021829294913779246,0
2023-07-28 11:08:10,229.0,2608036,633,228.49,1300976,1144371,-0.021829294913779246,0
2023-07-28 11:08:10,229.0,2608036,1,228.49,1300976,1144371,-0.021829294913779246,0
2023-07-28 11:08:10,228.95,2608036,1,228.49,1300976,1144371,-0.04365858982755849,0
2023-07-28 11:08:15,229.0,2608038,34,228.49,1301963,1147705,-0.021829294913779246,0
2023-07-28 11:08:16,229.0,2609072,34,228.49,1301604,1148024,-0.021829294913779246,0
2023-07-28 11:08:16,229.0,2609072,34,228.49,1301005,1148389,-0.021829294913779246,0
2023-07-28 11:08:16,228.95,2609072,1,228.49,1301005,1148389,-0.04365858982755849,0
2023-07-28 11:08:16,228.95,2609072,1,228.49,1301005,1148389,-0.04365858982755849,0
2023-07-28 11:08:22,228.95,2609073,1,228.49,1296902,1148653,-0.04365858982755849,0
2023-07-28 11:08:22,228.95,2609073,1,228.49,1296902,1148653,-0.04365858982755849,0
2023-07-28 11:08:22,228.95,2609073,1,228.49,1296902,1148653,-0.04365858982755849,0
2023-07-28 11:08:22,228.95,2609073,1,228.49,1296902,1148653,-0.04365858982755849,0
2023-07-28 11:08:22,228.95,2609073,1,228.49,1296902,1148653,-0.04365858982755849,0
2023-07-28 11:08:22,228.95,2609073,1,228.49,1297312,1148284,-0.04365858982755849,0
2023-07-28 11:08:22,228.95,2609073,1,228.49,1297312,1148284,-0.04365858982755849,0
2023-07-28 11:08:22,228.95,2609073,1,228.49,1297312,1148284,-0.04365858982755849,0
2023-07-28 11:08:22,228.95,2609073,1,228.49,1294136,1138783,-0.04365858982755849,0
2023-07-28 11:08:32,229.0,2609083,6,228.49,1294520,1138789,-0.021829294913779246,0
2023-07-28 11:08:32,228.95,2609083,1,228.49,1294520,1138789,-0.04365858982755849,0
2023-07-28 11:08:35,228.95,2609084,1,228.49,1306328,1137399,-0.04365858982755849,0
2023-07-28 11:08:35,228.95,2609084,1,228.49,1306253,1145799,-0.04365858982755849,0
2023-07-28 11:08:35,229.0,2609084,26,228.49,1306253,1145799,-0.021829294913779246,0
2023-07-28 11:08:41,228.95,2609115,1,228.49,1306344,1145884,-0.04365858982755849,0
2023-07-28 11:08:41,229.0,2609115,25,228.49,1306344,1145884,-0.021829294913779246,0
2023-07-28 11:08:44,229.0,2609141,1,228.49,1306419,1146177,-0.021829294913779246,0
2023-07-28 11:08:44,229.0,2609141,18,228.49,1306419,1146177,-0.021829294913779246,0
2023-07-28 11:08:46,228.95,2609222,1,228.49,1306423,1146124,-0.04365858982755849,0
2023-07-28 11:08:46,228.95,2609222,1,228.49,1306423,1146124,-0.04365858982755849,0
2023-07-28 11:08:48,228.95,2609223,1,228.49,1306038,1162541,-0.04365858982755849,0
2023-07-28 11:08:48,229.0,2609223,13,228.49,1306038,1162541,-0.021829294913779246,0
2023-07-28 11:08:50,229.0,2609272,13,228.49,1305828,1162395,-0.021829294913779246,0
2023-07-28 11:08:50,229.0,2609272,13,228.49,1307983,1162523,-0.021829294913779246,0
2023-07-28 11:08:50,229.0,2609272,7,228.49,1307983,1162523,-0.021829294913779246,0
2023-07-28 11:08:56,229.0,2609280,1,228.49,1309270,1155009,-0.021829294913779246,0
2023-07-28 11:08:56,229.1,2609280,10,228.49,1309270,1155009,0.02182929491376684,0
2023-07-28 11:08:58,229.1,2609291,1,228.49,1306426,1164200,0.02182929491376684,0
2023-07-28 11:08:58,229.1,2609291,20,228.49,1306426,1164200,0.02182929491376684,0
2023-07-28 11:09:01,229.0,2609313,1,228.49,1306814,1163590,-0.021829294913779246,0
2023-07-28 11:09:01,229.1,2609313,37,228.49,1306814,1163590,0.02182929491376684,0
2023-07-28 11:09:01,229.1,2609393,37,228.49,1306880,1163273,0.02182929491376684,0
2023-07-28 11:09:01,229.1,2609393,75,228.49,1306880,1163273,0.02182929491376684,0
2023-07-28 11:09:01,229.15,2609393,20,228.49,1306880,1163273,0.043658589827546085,0
2023-07-28 11:09:06,229.15,2609488,20,228.49,1306149,1163326,0.043658589827546085,0
2023-07-28 11:09:06,229.1,2609488,20,228.49,1306149,1163326,0.02182929491376684,0
2023-07-28 11:09:06,229.1,2609488,5,228.49,1306149,1163326,0.02182929491376684,0
2023-07-28 11:09:06,229.1,2609488,10,228.49,1306149,1163326,0.02182929491376684,0
2023-07-28 11:09:08,229.1,2609523,10,228.49,1306706,1163740,0.02182929491376684,0
2023-07-28 11:09:08,229.1,2609523,9,228.49,1306706,1163740,0.02182929491376684,0
2023-07-28 11:09:08,229.1,2609523,150,228.49,1306706,1163740,0.02182929491376684,0
2023-07-28 11:09:11,229.1,2609682,150,228.49,1307252,1164077,0.02182929491376684,0
2023-07-28 11:09:11,229.0,2609682,140,228.49,1307252,1164077,-0.021829294913779246,0
2023-07-28 11:09:14,229.0,2609833,1,228.49,1306073,1164034,-0.021829294913779246,0
2023-07-28 11:09:14,229.0,2609833,1,228.49,1306073,1164034,-0.021829294913779246,0
2023-07-28 11:09:14,229.0,2609833,1,228.49,1306073,1164034,-0.021829294913779246,0
2023-07-28 11:09:15,229.0,2609835,1,228.49,1306047,1164034,-0.021829294913779246,0
2023-07-28 11:09:15,229.0,2609835,63,228.49,1306047,1164034,-0.021829294913779246,0
2023-07-28 11:09:18,229.0,2609935,63,228.49,1305252,1164233,-0.021829294913779246,0
2023-07-28 11:09:18,229.0,2609935,113,228.49,1305252,1164233,-0.021829294913779246,0
2023-07-28 11:09:20,229.0,2610055,113,228.49,1305052,1155613,-0.021829294913779246,0
2023-07-28 11:09:20,229.1,2610055,23,228.49,1305052,1155613,0.02182929491376684,0
2023-07-28 11:09:21,229.1,2610155,23,228.49,1305172,1155830,0.02182929491376684,0
2023-07-28 11:09:21,229.1,2610155,23,228.49,1305178,1163739,0.02182929491376684,0
2023-07-28 11:09:21,229.0,2610155,1,228.49,1305178,1163739,-0.021829294913779246,0
2023-07-28 11:09:27,229.0,2610156,1,228.49,1305177,1163738,-0.021829294913779246,0
2023-07-28 11:09:27,229.0,2610156,20,228.49,1305177,1163738,-0.021829294913779246,0
2023-07-28 11:09:31,229.0,2610177,1,228.49,1305646,1163350,-0.021829294913779246,0
2023-07-28 11:09:31,229.0,2610177,1,228.49,1305258,1164607,-0.021829294913779246,0
2023-07-28 11:09:31,229.0,2610177,1,228.49,1305253,1164607,-0.021829294913779246,0
2023-07-28 11:09:31,229.0,2610177,1,228.49,1305253,1164607,-0.021829294913779246,0
2023-07-28 11:09:38,229.0,2610178,1,228.49,1305625,1164676,-0.021829294913779246,0
2023-07-28 11:09:38,229.0,2610178,1,228.49,1305531,1163496,-0.021829294913779246,0
2023-07-28 11:09:38,229.0,2610178,1,228.49,1305852,1165017,-0.021829294913779246,0
2023-07-28 11:09:38,229.0,2610178,1,228.49,1305852,1165017,-0.021829294913779246,0
2023-07-28 11:09:46,229.1,2610180,1,228.49,1307497,1163032,0.02182929491376684,0
2023-07-28 11:09:48,229.1,2610182,2,228.49,1307497,1163030,0.02182929491376684,0
2023-07-28 11:09:48,229.1,2610182,1,228.49,1307497,1163030,0.02182929491376684,0
2023-07-28 11:09:49,229.1,2610183,1,228.49,1307497,1163034,0.02182929491376684,0
2023-07-28 11:09:49,229.0,2610183,5,228.49,1307497,1163034,-0.021829294913779246,0
2023-07-28 11:09:53,229.0,2610189,1,228.49,1307491,1163037,-0.021829294913779246,0
2023-07-28 11:09:53,229.0,2610189,1,228.49,1307491,1163045,-0.021829294913779246,0
2023-07-28 11:09:53,229.1,2610189,7,228.49,1307491,1163045,0.02182929491376684,0
2023-07-28 11:09:53,229.1,2610189,3,228.49,1307491,1163045,0.02182929491376684,0
2023-07-28 11:09:58,229.1,2610418,3,228.49,1309318,1162633,0.02182929491376684,0
2023-07-28 11:09:58,229.1,2610418,3,228.49,1309318,1162923,0.02182929491376684,0
2023-07-28 11:09:58,229.1,2610418,1,228.49,1309318,1162923,0.02182929491376684,0
2023-07-28 11:09:58,229.1,2610418,1899,228.49,1309318,1162923,0.02182929491376684,0
2023-07-28 11:10:05,229.15,2612327,9,228.49,1307294,1164353,0.043658589827546085,0
2023-07-28 11:10:05,229.0,2612327,10,228.49,1307294,1164353,-0.021829294913779246,0
2023-07-28 11:10:08,229.0,2612337,10,228.49,1307311,1164377,-0.021829294913779246,0
2023-07-28 11:10:08,229.0,2612337,10,228.49,1307161,1165549,-0.021829294913779246,0
2023-07-28 11:10:08,229.0,2612337,10,228.49,1307707,1165003,-0.021829294913779246,0
2023-07-28 11:10:17,229.0,2612485,107,228.49,1307544,1165078,-0.021829294913779246,0
2023-07-28 11:10:17,229.1,2612485,1,228.49,1307544,1165078,0.02182929491376684,0
2023-07-28 11:10:19,229.1,2612589,1,228.49,1307311,1165589,0.02182929491376684,0
2023-07-28 11:10:19,229.1,2612589,1,228.49,1307311,1165589,0.02182929491376684,0
2023-07-28 11:10:19,229.1,2612589,1,228.49,1307311,1165589,0.02182929491376684,0
2023-07-28 11:10:20,229.1,2612590,1,228.49,1298733,1157293,0.02182929491376684,0
2023-07-28 11:10:20,229.1,2612590,1,228.49,1298733,1156939,0.02182929491376684,0
2023-07-28 11:10:20,229.1,2612590,1,228.49,1298733,1160909,0.02182929491376684,0
2023-07-28 11:10:20,229.1,2612590,1,228.49,1298477,1164133,0.02182929491376684,0
2023-07-28 11:10:20,229.1,2612590,1,228.49,1307378,1171356,0.02182929491376684,0
2023-07-28 11:10:20,229.0,2612590,1,228.49,1307378,1171356,-0.021829294913779246,0
2023-07-28 11:10:33,229.0,2612645,1,228.49,1307110,1171708,-0.021829294913779246,0
2023-07-28 11:10:33,229.05,2612645,2,228.49,1307110,1171708,0.0,0
2023-07-28 11:10:33,229.1,2612645,114,228.49,1307110,1171708,0.02182929491376684,0
2023-07-28 11:10:33,229.1,2612645,1,228.49,1307110,1171708,0.02182929491376684,0
2023-07-28 11:10:36,229.1,2612848,50,228.49,1306999,1171662,0.02182929491376684,0
2023-07-28 11:10:36,229.1,2612848,50,228.49,1306999,1171662,0.02182929491376684,0
2023-07-28 11:10:36,229.1,2612848,113,228.49,1306999,1171662,0.02182929491376684,0
2023-07-28 11:10:38,229.1,2612961,113,228.49,1307056,1171474,0.02182929491376684,0
2023-07-28 11:10:38,229.1,2612961,66,228.49,1307056,1171474,0.02182929491376684,0
2023-07-28 11:10:40,229.1,2613029,2,228.49,1307066,1171405,0.02182929491376684,0
2023-07-28 11:10:40,229.1,2613029,2,228.49,1307557,1171111,0.02182929491376684,0
2023-07-28 11:10:40,229.1,2613029,4,228.49,1307557,1171111,0.02182929491376684,0
2023-07-28 11:10:45,229.1,2613034,4,228.49,1306792,1171903,0.02182929491376684,0
2023-07-28 11:10:45,229.1,2613034,40,228.49,1306792,1171903,0.02182929491376684,0
2023-07-28 11:10:47,229.1,2613074,40,228.49,1307293,1171448,0.02182929491376684,0
2023-07-28 11:10:47,229.0,2613074,1,228.49,1307293,1171448,-0.021829294913779246,0
2023-07-28 11:10:50,229.0,2613075,1,228.49,1306801,1171863,-0.021829294913779246,0
2023-07-28 11:10:50,229.0,2613075,30,228.49,1306801,1171863,-0.021829294913779246,0
2023-07-28 11:10:52,229.0,2613105,30,228.49,1307262,1171106,-0.021829294913779246,0
2023-07-28 11:10:56,229.0,2613106,1,228.49,1306780,1171033,-0.021829294913779246,0
2023-07-28 11:10:56,229.0,2613106,1,228.49,1306780,1171183,-0.021829294913779246,0
2023-07-28 11:10:56,229.0,2613106,1,228.49,1307110,1171181,-0.021829294913779246,0
2023-07-28 11:10:56,229.0,2613106,1,228.49,1306997,1171181,-0.021829294913779246,0
2023-07-28 11:10:56,229.1,2613106,5,228.49,1306997,1171181,0.02182929491376684,0
2023-07-28 11:11:07,229.1,2613111,5,228.49,1306700,1171215,0.02182929491376684,0
2023-07-28 11:11:07,229.0,2613111,4,228.49,1306700,1171215,-0.021829294913779246,0
2023-07-28 11:11:11,229.0,2613117,2,228.49,1306694,1171314,-0.021829294913779246,0
2023-07-28 11:11:11,229.1,2613117,3,228.49,1306694,1171314,0.02182929491376684,0
2023-07-28 11:11:13,229.15,2613470,16,228.49,1306838,1169922,0.043658589827546085,0
2023-07-28 11:11:15,229.15,2613486,16,228.49,1307987,1169744,0.043658589827546085,0
2023-07-28 11:11:15,229.15,2613486,1,228.49,1307987,1169744,0.043658589827546085,0
2023-07-28 11:11:15,229.15,2613486,1,228.49,1307987,1169744,0.043658589827546085,0
2023-07-28 11:11:18,229.15,2613488,1,228.49,1307898,1169743,0.043658589827546085,0
2023-07-28 11:11:18,229.1,2613488,3,228.49,1307898,1169743,0.02182929491376684,0
2023-07-28 11:11:22,229.15,2613640,1,228.49,1308302,1170906,0.043658589827546085,0
2023-07-28 11:11:22,229.15,2613640,1,228.49,1308302,1170906,0.043658589827546085,0
2023-07-28 11:11:22,229.0,2613640,1,228.49,1308302,1170906,-0.021829294913779246,0
2023-07-28 11:11:24,229.0,2613641,1,228.49,1306527,1170516,-0.021829294913779246,0
2023-07-28 11:11:24,229.0,2613641,1,228.49,1306527,1170516,-0.021829294913779246,0
2023-07-28 11:11:24,229.0,2613641,1,228.49,1306527,1170516,-0.021829294913779246,0
2023-07-28 11:11:24,229.15,2613641,8,228.49,1306527,1170516,0.043658589827546085,0
2023-07-28 11:11:24,229.15,2613641,8,228.49,1306527,1170516,0.043658589827546085,0
2023-07-28 11:11:26,229.15,2613661,8,228.49,1306872,1170316,0.043658589827546085,0
2023-07-28 11:11:26,229.15,2613661,8,228.49,1306872,1170316,0.043658589827546085,0
2023-07-28 11:11:26,229.15,2613661,8,228.49,1306872,1170316,0.043658589827546085,0
2023-07-28 11:11:26,229.15,2613661,1,228.49,1306872,1170316,0.043658589827546085,0
2023-07-28 11:11:29,229.15,2613662,1,228.49,1306904,1170325,0.043658589827546085,0
2023-07-28 11:11:29,229.15,2613662,1,228.49,1307304,1170325,0.043658589827546085,0
2023-07-28 11:11:29,229.15,2613662,1,228.49,1307354,1170326,0.043658589827546085,0
2023-07-28 11:11:37,229.1,2613664,1,228.49,1307300,1170323,0.02182929491376684,0
2023-07-28 11:11:37,229.15,2613664,1,228.49,1307300,1170323,0.043658589827546085,0
2023-07-28 11:11:37,229.15,2613664,1,228.49,1307300,1170323,0.043658589827546085,0
2023-07-28 11:11:40,229.15,2613667,1,228.49,1307434,1170420,0.043658589827546085,0
2023-07-28 11:11:40,229.15,2613667,1,228.49,1307434,1170420,0.043658589827546085,0
2023-07-28 11:11:43,229.1,2614101,7,228.49,1307488,1170557,0.02182929491376684,0
2023-07-28 11:11:46,229.15,2614103,2,228.49,1307857,1170215,0.043658589827546085,0
2023-07-28 11:11:46,229.15,2614103,468,228.49,1307857,1170215,0.043658589827546085,0
2023-07-28 11:11:48,229.15,2614606,1,228.49,1307508,1169568,0.043658589827546085,0
2023-07-28 11:11:48,229.15,2614606,1,228.49,1307508,1169568,0.043658589827546085,0
2023-07-28 11:11:50,229.1,2614608,1,228.49,1308091,1171430,0.02182929491376684,0
2023-07-28 11:11:50,229.1,2614608,1,228.49,1308091,1171430,0.02182929491376684,0
2023-07-28 11:11:50,229.15,2614608,1,228.49,1308091,1171430,0.043658589827546085,0
2023-07-28 11:11:53,229.15,2614610,1,228.49,1308090,1171125,0.043658589827546085,0
2023-07-28 11:11:53,229.15,2614610,20,228.49,1308090,1171125,0.043658589827546085,0
2023-07-28 11:11:53,229.15,2614610,500,228.49,1308090,1171125,0.043658589827546085,0
2023-07-28 11:11:54,229.15,2615130,500,228.49,1312684,1169129,0.043658589827546085,0
2023-07-28 11:11:54,229.15,2615130,500,228.49,1312612,1169399,0.043658589827546085,0
2023-07-28 11:11:54,229.2,2615130,201,228.49,1312612,1169399,0.06548788474131292,0
2023-07-28 11:11:58,229.2,2615530,201,228.49,1313099,1167560,0.06548788474131292,0
2023-07-28 11:11:58,229.2,2615530,201,228.49,1315775,1164348,0.06548788474131292,0
2023-07-28 11:11:58,229.1,2615530,1,228.49,1315775,1164348,0.02182929491376684,0
2023-07-28 11:11:58,229.2,2615530,1,228.49,1315775,1164348,0.06548788474131292,0
2023-07-28 11:12:04,229.2,2615533,1,228.49,1315758,1164660,0.06548788474131292,0
2023-07-28 11:12:04,229.2,2615533,1,228.49,1317547,1164660,0.06548788474131292,0
2023-07-28 11:12:04,229.2,2615533,65,228.49,1317547,1164660,0.06548788474131292,0
2023-07-28 11:12:04,229.2,2615533,7,228.49,1317547,1164660,0.06548788474131292,0
2023-07-28 11:12:09,229.1,2617755,253,228.49,1314147,1163344,0.02182929491376684,0
2023-07-28 11:12:09,229.2,2617755,1,228.49,1314147,1163344,0.06548788474131292,0
2023-07-28 11:12:10,229.2,2617756,2,228.49,1319095,1165086,0.06548788474131292,0
2023-07-28 11:12:14,229.2,2617759,1,228.49,1317247,1163776,0.06548788474131292,0
2023-07-28 11:12:17,228.9,2658473,327,228.5,1270367,1175647,-0.06548788474132533,0
2023-07-28 11:12:17,228.9,2658929,1,228.5,1283379,1184205,-0.06548788474132533,0
2023-07-28 11:12:19,228.9,2658930,1,228.5,1289505,1184065,-0.06548788474132533,0
2023-07-28 11:12:19,228.8,2658930,74,228.5,1289505,1184065,-0.10914647456887142,0
2023-07-28 11:12:23,228.75,2660180,148,228.5,1287088,1175895,-0.13097576948265066,0
2023-07-28 11:12:26,228.85,2660488,75,228.5,1291024,1171893,-0.08731717965510458,0
2023-07-28 11:12:26,228.85,2660488,1,228.5,1291024,1171893,-0.08731717965510458,0
2023-07-28 11:12:26,228.8,2660488,1,228.5,1291024,1171893,-0.10914647456887142,0
2023-07-28 11:12:28,228.9,2660519,25,228.5,1292036,1171695,-0.06548788474132533,0
2023-07-28 11:12:28,228.8,2660519,1,228.5,1292036,1171695,-0.10914647456887142,0
2023-07-28 11:12:29,228.9,2660520,52,228.5,1292156,1173305,-0.06548788474132533,0
2023-07-28 11:12:32,228.9,2660620,52,228.5,1291767,1173280,-0.06548788474132533,0
2023-07-28 11:12:32,228.9,2660620,10,228.5,1291767,1173280,-0.06548788474132533,0
2023-07-28 11:12:32,228.9,2660620,4,228.5,1291767,1173280,-0.06548788474132533,0
2023-07-28 11:12:32,228.85,2660620,2,228.5,1291767,1173280,-0.08731717965510458,0
2023-07-28 11:12:36,228.85,2660639,2,228.5,1290976,1168512,-0.08731717965510458,0
2023-07-28 11:12:36,228.85,2660639,3,228.5,1290976,1168512,-0.08731717965510458,0
2023-07-28 11:12:36,228.9,2660639,2,228.5,1290976,1168512,-0.06548788474132533,0
2023-07-28 11:12:38,228.9,2660644,2,228.5,1291779,1173973,-0.06548788474132533,0
2023-07-28 11:12:38,228.85,2660644,2,228.5,1291779,1173973,-0.08731717965510458,0
2023-07-28 11:12:38,228.85,2660644,1,228.5,1291779,1173973,-0.08731717965510458,0
2023-07-28 11:12:38,228.85,2660644,43,228.5,1291779,1173973,-0.08731717965510458,0
