2023-07-28 10:49:29,2025.0,944825,49,2039.17,49098,73810,1.1539037913981671,0
2023-07-28 10:49:29,2026.05,944825,23,2039.17,49098,73810,1.2063539637344454,0
2023-07-28 10:49:30,2026.05,944848,23,2039.17,49098,73975,1.2063539637344454,0
2023-07-28 10:49:30,2023.0,944848,12,2039.17,49098,73865,1.0539987012338232,0
2023-07-28 10:49:32,2023.0,945232,12,2039.16,47866,74399,1.0539987012338232,0
2023-07-28 10:49:32,2021.9,945232,1,2039.16,47866,74399,0.9990509016434387,0
2023-07-28 10:49:32,2023.05,945232,3,2039.16,47866,74399,1.0564963284879296,0
2023-07-28 10:49:33,2023.05,945276,3,2039.16,48257,74154,1.0564963284879296,0
2023-07-28 10:49:33,2023.05,945276,1,2039.16,48257,74154,1.0564963284879296,0
2023-07-28 10:49:33,2022.55,945276,6,2039.16,48257,74154,1.0315200559468436,0
2023-07-28 10:49:36,2022.55,945283,6,2039.16,48296,74075,1.0315200559468436,0
2023-07-28 10:49:36,2022.55,945283,1,2039.16,48296,74075,1.0315200559468436,0
2023-07-28 10:49:37,2022.55,945284,1,2039.16,48295,74075,1.0315200559468436,0
2023-07-28 10:49:37,2022.55,945285,1,2039.16,48300,73910,1.0315200559468436,0
2023-07-28 10:49:37,2022.55,945285,1,2039.16,48300,74340,1.0315200559468436,0
2023-07-28 10:49:37,2022.05,945285,17,2039.16,48300,74340,1.0065437834057576,0
2023-07-28 10:49:40,2022.05,945406,17,2039.16,48141,74072,1.0065437834057576,0
2023-07-28 10:49:40,2023.8,945406,8,2039.16,48141,74072,1.0939607372995586,0
2023-07-28 10:49:41,2023.8,945456,8,2039.16,48063,74201,1.0939607372995586,0
2023-07-28 10:49:43,2023.7,945483,6,2039.16,48047,74226,1.088965482791346,0
2023-07-28 10:49:44,2023.7,945533,50,2039.16,48429,73726,1.088965482791346,0
2023-07-28 10:49:44,2023.7,945533,50,2039.16,48429,73757,1.088965482791346,0
2023-07-28 10:49:44,2022.55,945533,6,2039.16,48429,73757,1.0315200559468436,0
2023-07-28 10:49:46,2022.55,945539,6,2039.16,48584,73757,1.0315200559468436,0
2023-07-28 10:49:46,2022.55,945539,6,2039.16,48678,73797,1.0315200559468436,0
2023-07-28 10:49:46,2022.55,945539,6,2039.16,48678,73797,1.0315200559468436,0
2023-07-28 10:49:46,2023.45,945539,10,2039.16,48678,73797,1.0764773465208028,0
2023-07-28 10:49:46,2022.55,945539,6,2039.16,48678,73797,1.0315200559468436,0
2023-07-28 10:49:50,2022.55,945712,55,2039.15,48804,73741,1.0315200559468436,0
2023-07-28 10:49:51,2022.05,945735,2,2039.15,49261,73771,1.0065437834057576,0
2023-07-28 10:49:51,2022.55,945735,5,2039.15,49261,73771,1.0315200559468436,0
2023-07-28 10:49:51,2022.55,945885,5,2039.15,48922,73790,1.0315200559468436,0
2023-07-28 10:49:51,2022.55,945885,5,2039.15,48927,73790,1.0315200559468436,0
2023-07-28 10:49:54,2022.0,945965,51,2039.15,48853,73826,1.0040461561516514,0
2023-07-28 10:49:55,2022.0,945978,13,2039.15,48840,73836,1.0040461561516514,0
2023-07-28 10:49:55,2022.1,945978,100,2039.15,49188,73836,1.009041410659864,0
2023-07-28 10:49:56,2022.1,946078,100,2039.15,49042,73836,1.009041410659864,0
2023-07-28 10:49:56,2022.1,946078,100,2039.15,49054,73842,1.009041410659864,0
2023-07-28 10:49:56,2022.1,946078,100,2039.15,49057,73792,1.009041410659864,0
2023-07-28 10:49:56,2022.1,946078,100,2039.15,47887,73811,1.009041410659864,0
2023-07-28 10:49:56,2022.1,946078,120,2039.15,47887,73811,1.009041410659864,0
2023-07-28 10:50:02,2022.1,946198,120,2039.14,48249,73893,1.009041410659864,0
2023-07-28 10:50:03,2022.1,946219,16,2039.14,48120,74041,1.009041410659864,0
2023-07-28 10:50:03,2022.1,946219,16,2039.14,48120,74041,1.009041410659864,0
2023-07-28 10:50:03,2022.1,946219,16,2039.14,48049,74066,1.009041410659864,0
2023-07-28 10:50:03,2022.1,946219,16,2039.14,48049,74062,1.009041410659864,0
2023-07-28 10:50:03,2022.1,946219,16,2039.14,47901,74063,1.009041410659864,0
2023-07-28 10:50:03,2022.1,946219,16,2039.14,47901,74042,1.009041410659864,0
2023-07-28 10:50:08,2022.1,946220,1,2039.14,47931,74029,1.009041410659864,0
2023-07-28 10:50:09,2022.5,946223,3,2039.14,47819,74028,1.0290224286927374,0
2023-07-28 10:50:09,2022.5,946223,6,2039.14,47820,74028,1.0290224286927374,0
2023-07-28 10:50:11,2022.1,946240,7,2039.14,47815,74112,1.009041410659864,0
2023-07-28 10:50:11,2022.1,946240,5,2039.14,47815,74112,1.009041410659864,0
2023-07-28 10:50:12,2022.5,946247,2,2039.14,47956,74134,1.0290224286927374,0
2023-07-28 10:50:13,2022.5,946257,10,2039.14,48058,74102,1.0290224286927374,0
2023-07-28 10:50:13,2022.5,946257,10,2039.14,48070,74102,1.0290224286927374,0
2023-07-28 10:50:13,2022.5,946257,10,2039.14,48094,74102,1.0290224286927374,0
2023-07-28 10:50:13,2022.5,946257,10,2039.14,48094,74102,1.0290224286927374,0
2023-07-28 10:50:16,2022.5,946267,10,2039.14,48203,74106,1.0290224286927374,0
2023-07-28 10:50:19,2022.1,946291,16,2039.14,48130,73775,1.009041410659864,0
2023-07-28 10:50:19,2022.1,946291,16,2039.14,48130,73845,1.009041410659864,0
2023-07-28 10:50:19,2022.1,946291,16,2039.14,48130,73845,1.009041410659864,0
2023-07-28 10:50:19,2022.1,946291,16,2039.14,48103,73774,1.009041410659864,0
2023-07-28 10:50:22,2021.8,946412,82,2039.14,47995,73888,0.9940556471352147,0
2023-07-28 10:50:22,2022.1,946412,20,2039.14,47995,73888,1.009041410659864,0
2023-07-28 10:50:22,2022.1,946432,20,2039.14,47995,73869,1.009041410659864,0
2023-07-28 10:50:22,2022.1,946432,20,2039.14,47995,73869,1.009041410659864,0
2023-07-28 10:50:22,2022.1,946432,20,2039.14,47995,73819,1.009041410659864,0
2023-07-28 10:50:25,2020.5,947096,1,2039.13,51518,74412,0.9291173385283934,0
2023-07-28 10:50:25,2020.2,947096,10,2039.13,51518,74412,0.9141315750037441,0
2023-07-28 10:50:26,2021.0,947620,7,2039.12,50981,73407,0.9540936110694794,0
2023-07-28 10:50:26,2021.0,947620,7,2039.12,50981,73407,0.9540936110694794,0
2023-07-28 10:50:27,2021.7,947670,28,2039.12,52016,73369,0.9890603926270021,0
2023-07-28 10:50:27,2021.7,947670,28,2039.12,52016,73369,0.9890603926270021,0
2023-07-28 10:50:27,2021.7,947670,28,2039.12,52004,73369,0.9890603926270021,0
2023-07-28 10:50:27,2021.7,947670,28,2039.12,51994,73333,0.9890603926270021,0
2023-07-28 10:50:27,2020.85,947670,5,2039.12,51922,73496,0.9466007293071491,0
2023-07-28 10:50:32,2020.85,947685,5,2039.12,52221,73702,0.9466007293071491,0
2023-07-28 10:50:32,2020.85,947685,5,2039.12,52172,73510,0.9466007293071491,0
2023-07-28 10:50:32,2020.75,947685,81,2039.12,52172,73510,0.9416054747989364,0
2023-07-28 10:50:34,2020.75,947806,81,2039.11,52172,73582,0.9416054747989364,0
2023-07-28 10:50:34,2020.75,947806,81,2039.11,52145,73503,0.9416054747989364,0
2023-07-28 10:50:34,2020.5,947806,7,2039.11,52145,73503,0.9291173385283934,0
2023-07-28 10:50:37,2020.0,948459,12,2039.1,50859,74133,0.9041410659873075,0
2023-07-28 10:50:37,2020.0,948459,16,2039.1,50859,74133,0.9041410659873075,0
2023-07-28 10:50:37,2020.0,948517,16,2039.1,50983,73965,0.9041410659873075,0
2023-07-28 10:50:39,2020.0,948537,1,2039.1,51043,73725,0.9041410659873075,0
2023-07-28 10:50:39,2020.0,948537,1,2039.1,51042,73706,0.9041410659873075,0
2023-07-28 10:50:39,2020.0,948537,1,2039.1,51040,73620,0.9041410659873075,0
2023-07-28 10:50:42,2020.0,948538,1,2039.1,50864,73704,0.9041410659873075,0
2023-07-28 10:50:42,2020.0,948538,1,2039.1,50967,73548,0.9041410659873075,0
2023-07-28 10:50:42,2020.0,948538,6,2039.1,50967,73548,0.9041410659873075,0
2023-07-28 10:50:42,2019.55,948538,13,2039.1,50967,73548,0.8816624207003279,0
2023-07-28 10:50:44,2019.35,948625,79,2039.1,50970,73635,0.8716719116838911,0
2023-07-28 10:50:44,2019.35,948742,79,2039.09,49519,73603,0.8716719116838911,0
2023-07-28 10:50:44,2019.25,948742,24,2039.09,49519,73603,0.8666766571756785,0
2023-07-28 10:50:46,2020.75,948892,1,2039.09,50970,73540,0.9416054747989364,0
2023-07-28 10:50:47,2020.25,948942,3,2039.09,51128,73612,0.9166292022578505,0
2023-07-28 10:50:47,2019.3,948942,8,2039.09,51128,73612,0.8691742844297848,0
2023-07-28 10:50:47,2019.3,948950,8,2039.09,51171,73608,0.8691742844297848,0
2023-07-28 10:50:47,2019.3,948950,5,2039.09,51171,73608,0.8691742844297848,0
2023-07-28 10:50:47,2019.3,948950,1,2039.09,51171,73608,0.8691742844297848,0
2023-07-28 10:50:49,2019.3,948977,1,2039.09,51320,73667,0.8691742844297848,0
2023-07-28 10:50:51,2019.3,948979,1,2039.09,51094,73609,0.8691742844297848,0
2023-07-28 10:50:52,2019.3,948989,2,2039.09,51114,73628,0.8691742844297848,0
2023-07-28 10:50:52,2019.3,948989,2,2039.09,50867,73628,0.8691742844297848,0
2023-07-28 10:50:54,2019.3,949024,1,2039.09,51370,73673,0.8691742844297848,0
2023-07-28 10:50:54,2019.3,949024,1,2039.09,51211,73871,0.8691742844297848,0
2023-07-28 10:50:56,2019.55,949650,1,2039.08,52303,73253,0.8816624207003279,0
2023-07-28 10:50:56,2019.55,949650,1,2039.08,52303,73253,0.8816624207003279,0
2023-07-28 10:50:56,2019.55,949650,1,2039.08,52321,73261,0.8816624207003279,0
2023-07-28 10:50:56,2019.55,949650,8,2039.08,52321,73261,0.8816624207003279,0
2023-07-28 10:50:58,2019.5,949800,63,2039.07,51949,73412,0.8791647934462214,0
2023-07-28 10:50:58,2019.3,949800,4,2039.07,51949,73412,0.8691742844297848,0
2023-07-28 10:50:58,2019.3,949804,4,2039.07,51938,73515,0.8691742844297848,0
2023-07-28 10:50:58,2019.3,949804,4,2039.07,51969,73507,0.8691742844297848,0
2023-07-28 10:51:01,2019.3,949864,13,2039.07,51981,73608,0.8691742844297848,0
2023-07-28 10:51:01,2019.3,949864,13,2039.07,52124,73484,0.8691742844297848,0
2023-07-28 10:51:01,2020.0,949864,2,2039.07,52124,73484,0.9041410659873075,0
2023-07-28 10:51:02,2020.0,949866,2,2039.07,51952,73469,0.9041410659873075,0
2023-07-28 10:51:02,2020.0,949866,15,2039.07,51952,73469,0.9041410659873075,0
2023-07-28 10:51:04,2020.0,949971,35,2039.07,52055,73396,0.9041410659873075,0
2023-07-28 10:51:04,2020.0,949971,35,2039.07,52055,73396,0.9041410659873075,0
2023-07-28 10:51:04,2020.0,949971,35,2039.07,51945,73429,0.9041410659873075,0
2023-07-28 10:51:08,2020.25,950028,21,2039.07,51905,73399,0.9166292022578505,0
2023-07-28 10:51:08,2020.0,950028,1,2039.07,51905,73399,0.9041410659873075,0
2023-07-28 10:51:09,2020.0,950033,4,2039.07,51908,73394,0.9041410659873075,0
2023-07-28 10:51:09,2020.0,950033,4,2039.07,51908,73394,0.9041410659873075,0
2023-07-28 10:51:10,2020.0,950155,4,2039.07,52315,73379,0.9041410659873075,0
2023-07-28 10:51:10,2020.0,950156,1,2039.07,52001,73218,0.9041410659873075,0
2023-07-28 10:51:10,2020.0,950156,1,2039.07,51997,73460,0.9041410659873075,0
2023-07-28 10:51:10,2020.0,950156,1,2039.07,52048,73495,0.9041410659873075,0
2023-07-28 10:51:10,2020.0,950156,2,2039.07,52048,73495,0.9041410659873075,0
2023-07-28 10:51:14,2020.0,950158,2,2039.07,52131,73480,0.9041410659873075,0
2023-07-28 10:51:15,2020.0,950188,30,2039.07,52097,73468,0.9041410659873075,0
2023-07-28 10:51:17,2020.0,950193,5,2039.07,52093,73468,0.9041410659873075,0
2023-07-28 10:51:18,2020.15,950469,41,2039.06,52460,73109,0.9116339477496378,0
2023-07-28 10:51:18,2020.25,950469,88,2039.06,52460,73109,0.9166292022578505,0
2023-07-28 10:51:19,2021.45,950972,5,2039.05,52485,73174,0.9765722563564591,0
2023-07-28 10:51:19,2021.45,950972,5,2039.05,52499,73193,0.9765722563564591,0
2023-07-28 10:51:21,2020.4,950973,1,2039.05,52417,73201,0.9241220840201808,0
2023-07-28 10:51:21,2020.4,950973,1,2039.05,52445,72559,0.9241220840201808,0
2023-07-28 10:51:23,2021.6,950978,4,2039.05,52369,73274,0.984065138118778,0
2023-07-28 10:51:24,2021.6,950988,4,2039.05,52358,73265,0.984065138118778,0
2023-07-28 10:51:24,2021.6,950988,4,2039.05,52295,73265,0.984065138118778,0
2023-07-28 10:51:24,2020.4,950988,28,2039.05,52295,73265,0.9241220840201808,0
2023-07-28 10:51:26,2020.4,951018,28,2039.05,52236,73293,0.9241220840201808,0
2023-07-28 10:51:26,2020.4,951018,6,2039.05,52236,73293,0.9241220840201808,0
2023-07-28 10:51:27,2021.55,951035,1,2039.05,52291,72984,0.9815675108646716,0
2023-07-28 10:51:28,2020.35,951119,16,2039.05,52444,73281,0.9216244567660631,0
2023-07-28 10:51:28,2021.0,951119,11,2039.05,52709,73345,0.9540936110694794,0
2023-07-28 10:51:30,2021.05,951354,5,2039.04,53572,73217,0.9565912383235857,0
2023-07-28 10:51:30,2021.05,951354,5,2039.04,53589,73315,0.9565912383235857,0
2023-07-28 10:51:30,2021.05,951354,5,2039.04,53691,73316,0.9565912383235857,0
2023-07-28 10:51:30,2021.05,951354,5,2039.04,53696,73376,0.9565912383235857,0
2023-07-28 10:51:34,2021.0,951356,2,2039.04,53689,73376,0.9540936110694794,0
2023-07-28 10:51:35,2021.0,951368,12,2039.04,53695,73376,0.9540936110694794,0
2023-07-28 10:51:35,2021.0,951368,12,2039.04,53735,72920,0.9540936110694794,0
2023-07-28 10:51:35,2021.0,951368,12,2039.04,53785,73000,0.9540936110694794,0
2023-07-28 10:51:35,2021.7,951368,2,2039.04,54344,72857,0.9890603926270021,0
2023-07-28 10:51:42,2021.0,951399,15,2039.04,54103,73081,0.9540936110694794,0
2023-07-28 10:51:43,2021.05,951401,2,2039.04,53996,73116,0.9565912383235857,0
2023-07-28 10:51:43,2021.7,951401,17,2039.04,53996,73116,0.9890603926270021,0
2023-07-28 10:51:44,2021.05,951443,16,2039.04,53996,73114,0.9565912383235857,0
2023-07-28 10:51:44,2021.05,951443,16,2039.04,53991,73083,0.9565912383235857,0
2023-07-28 10:51:44,2021.05,951443,16,2039.04,54053,73084,0.9565912383235857,0
2023-07-28 10:51:44,2021.05,951443,16,2039.04,54053,73098,0.9565912383235857,0
2023-07-28 10:51:44,2021.1,951443,6,2039.04,54103,73119,0.959088865577692,0
2023-07-28 10:51:49,2021.1,951493,6,2039.04,54098,73081,0.959088865577692,0
2023-07-28 10:51:49,2021.1,951493,6,2039.04,54082,73102,0.959088865577692,0
2023-07-28 10:51:49,2021.1,951493,6,2039.04,54022,73101,0.959088865577692,0
2023-07-28 10:51:49,2021.1,951493,6,2039.04,54069,72939,0.959088865577692,0
2023-07-28 10:51:49,2021.1,951493,1,2039.04,54069,72939,0.959088865577692,0
2023-07-28 10:51:52,2021.1,951494,1,2039.04,54068,72944,0.959088865577692,0
2023-07-28 10:51:54,2021.65,951625,3,2039.04,53957,72778,0.9865627653728957,0
2023-07-28 10:51:54,2021.65,951625,3,2039.04,53957,72778,0.9865627653728957,0
2023-07-28 10:51:54,2021.65,951625,3,2039.04,54007,72778,0.9865627653728957,0
2023-07-28 10:51:54,2021.65,951625,3,2039.04,54008,72788,0.9865627653728957,0
2023-07-28 10:51:58,2021.15,951627,2,2039.04,54010,72792,0.9615864928318097,0
2023-07-28 10:52:00,2021.65,951632,5,2039.04,53979,72808,0.9865627653728957,0
2023-07-28 10:52:00,2021.65,951632,5,2039.04,53979,72808,0.9865627653728957,0
2023-07-28 10:52:02,2021.5,951774,1,2039.04,53573,71336,0.9790698836105654,0
2023-07-28 10:52:03,2022.1,952170,10,2039.03,53848,72628,1.009041410659864,0
2023-07-28 10:52:04,2021.6,952305,25,2039.03,54031,72557,0.984065138118778,0
2023-07-28 10:52:04,2021.6,952305,25,2039.03,53963,72537,0.984065138118778,0
2023-07-28 10:52:04,2021.6,952305,25,2039.03,53932,72583,0.984065138118778,0
2023-07-28 10:52:04,2021.6,952305,25,2039.03,53767,72587,0.984065138118778,0
2023-07-28 10:52:04,2022.7,952305,10,2039.03,53767,72587,1.039012937709174,0
2023-07-28 10:52:08,2022.7,952315,10,2039.03,53809,72631,1.039012937709174,0
2023-07-28 10:52:08,2022.7,952315,10,2039.03,53888,72612,1.039012937709174,0
2023-07-28 10:52:08,2022.7,952315,10,2039.03,53894,72615,1.039012937709174,0
2023-07-28 10:52:08,2022.7,952315,10,2039.03,53854,72610,1.039012937709174,0
2023-07-28 10:52:14,2022.55,952372,51,2039.02,53875,72704,1.0315200559468436,0
2023-07-28 10:52:14,2022.55,952372,51,2039.02,53893,72691,1.0315200559468436,0
2023-07-28 10:52:15,2021.55,952379,1,2039.02,53820,73037,0.9815675108646716,0
2023-07-28 10:52:15,2021.55,952379,1,2039.02,53820,73037,0.9815675108646716,0
2023-07-28 10:52:16,2021.5,952443,64,2039.02,53706,73054,0.9790698836105654,0
2023-07-28 10:52:17,2021.5,952448,5,2039.02,53639,72990,0.9790698836105654,0
2023-07-28 10:52:17,2021.5,952448,5,2039.02,53655,72990,0.9790698836105654,0
2023-07-28 10:52:19,2022.0,952463,13,2039.02,53571,72721,1.0040461561516514,0
2023-07-28 10:52:20,2022.0,952500,37,2039.02,53641,72639,1.0040461561516514,0
2023-07-28 10:52:21,2021.5,952520,20,2039.02,53526,72720,0.9790698836105654,0
2023-07-28 10:52:22,2022.0,952522,2,2039.02,53526,72718,1.0040461561516514,0
2023-07-28 10:52:22,2022.0,952522,2,2039.02,53526,72718,1.0040461561516514,0
2023-07-28 10:52:22,2021.5,952522,1,2039.02,53526,72718,0.9790698836105654,0
2023-07-28 10:52:26,2022.0,952608,5,2039.02,53276,72606,1.0040461561516514,0
2023-07-28 10:52:26,2022.0,952608,5,2039.02,53489,72646,1.0040461561516514,0
2023-07-28 10:52:27,2021.5,952633,10,2039.02,53490,72732,0.9790698836105654,0
2023-07-28 10:52:27,2021.5,952633,10,2039.02,53482,72698,0.9790698836105654,0
2023-07-28 10:52:30,2022.05,952643,10,2039.02,53488,72653,1.0065437834057576,0
2023-07-28 10:52:30,2022.05,952643,10,2039.02,53880,72652,1.0065437834057576,0
2023-07-28 10:52:30,2022.05,952643,10,2039.02,53875,72647,1.0065437834057576,0
2023-07-28 10:52:30,2022.05,952643,10,2039.02,53906,72658,1.0065437834057576,0
2023-07-28 10:52:30,2022.6,952643,1,2039.02,53906,72658,1.03401768320095,0
2023-07-28 10:52:34,2022.6,952647,1,2039.02,53918,72689,1.03401768320095,0
2023-07-28 10:52:34,2022.6,952647,1,2039.02,53887,72694,1.03401768320095,0
2023-07-28 10:52:34,2022.6,952647,1,2039.02,53907,72694,1.03401768320095,0
2023-07-28 10:52:34,2022.6,952647,1,2039.02,53908,72694,1.03401768320095,0
2023-07-28 10:52:38,2023.05,952897,95,2039.02,53925,72753,1.0564963284879296,0
2023-07-28 10:52:38,2023.05,952897,95,2039.02,53918,72778,1.0564963284879296,0
2023-07-28 10:52:38,2022.1,952897,5,2039.02,53880,72778,1.009041410659864,0
2023-07-28 10:52:40,2022.1,952902,5,2039.02,53918,72900,1.009041410659864,0
2023-07-28 10:52:40,2022.1,952902,5,2039.02,53915,72978,1.009041410659864,0
2023-07-28 10:52:40,2022.1,952902,5,2039.02,54001,72938,1.009041410659864,0
2023-07-28 10:52:40,2022.1,952902,5,2039.02,54010,72905,1.009041410659864,0
2023-07-28 10:52:40,2022.1,952902,5,2039.02,55123,72905,1.009041410659864,0
2023-07-28 10:52:46,2023.05,952903,1,2039.02,55128,72904,1.0564963284879296,0
2023-07-28 10:52:48,2022.1,952955,2,2039.01,54815,72819,1.009041410659864,0
2023-07-28 10:52:48,2023.0,952955,5,2039.01,54815,72819,1.0539987012338232,0
2023-07-28 10:52:48,2023.0,952965,5,2039.01,55136,72878,1.0539987012338232,0
2023-07-28 10:52:48,2022.1,952965,1,2039.01,55025,72933,1.009041410659864,0
2023-07-28 10:52:53,2023.0,953668,3,2039.0,54662,72738,1.0539987012338232,0
2023-07-28 10:52:53,2023.0,953668,3,2039.0,54662,72738,1.0539987012338232,0
2023-07-28 10:52:53,2023.0,953668,3,2039.0,54660,72782,1.0539987012338232,0
2023-07-28 10:52:53,2022.0,953668,10,2039.0,54660,72782,1.0040461561516514,0
2023-07-28 10:52:55,2022.0,953678,10,2039.0,54641,72882,1.0040461561516514,0
2023-07-28 10:52:55,2022.0,953678,10,2039.0,54644,72883,1.0040461561516514,0
2023-07-28 10:52:55,2022.0,953678,10,2039.0,54645,72888,1.0040461561516514,0
2023-07-28 10:52:55,2022.0,953678,24,2039.0,54645,72888,1.0040461561516514,0
2023-07-28 10:52:57,2022.0,953797,24,2039.0,54491,73404,1.0040461561516514,0
2023-07-28 10:52:57,2020.55,953797,17,2039.0,54491,73404,0.9316149657824998,0
2023-07-28 10:52:59,2021.5,954224,11,2038.99,53766,73304,0.9790698836105654,0
2023-07-28 10:52:59,2021.5,954238,11,2038.99,53754,73038,0.9790698836105654,0
2023-07-28 10:53:01,2021.5,954239,1,2038.99,53727,73037,0.9790698836105654,0
2023-07-28 10:53:01,2021.45,954249,9,2038.99,53707,73025,0.9765722563564591,0
2023-07-28 10:53:01,2021.45,954249,9,2038.99,53707,73025,0.9765722563564591,0
2023-07-28 10:53:01,2020.0,954249,453,2038.99,53707,73025,0.9041410659873075,0
2023-07-28 10:53:04,2021.4,955064,15,2038.98,53243,73087,0.9740746291023528,0
2023-07-28 10:53:04,2021.4,955064,15,2038.98,53287,73132,0.9740746291023528,0
2023-07-28 10:53:04,2021.4,955064,15,2038.98,53334,73242,0.9740746291023528,0
2023-07-28 10:53:04,2020.0,955064,3,2038.98,53334,73242,0.9041410659873075,0
2023-07-28 10:53:08,2020.0,955070,3,2038.98,53297,73199,0.9041410659873075,0
2023-07-28 10:53:08,2020.0,955070,3,2038.98,53310,73230,0.9041410659873075,0
2023-07-28 10:53:11,2020.0,955080,10,2038.97,53317,73230,0.9041410659873075,0
2023-07-28 10:53:11,2021.7,955080,2,2038.97,53317,73230,0.9890603926270021,0
2023-07-28 10:53:11,2021.7,955612,2,2038.97,53337,72959,0.9890603926270021,0
2023-07-28 10:53:11,2020.1,955612,8,2038.97,53337,72959,0.9091363204955201,0
2023-07-28 10:53:13,2020.1,955639,8,2038.96,53404,73132,0.9091363204955201,0
2023-07-28 10:53:13,2020.1,955639,10,2038.96,53404,73132,0.9091363204955201,0
2023-07-28 10:53:14,2020.1,955659,10,2038.96,53510,73008,0.9091363204955201,0
2023-07-28 10:53:14,2020.1,955659,8,2038.96,53510,73008,0.9091363204955201,0
2023-07-28 10:53:15,2020.1,955752,8,2038.96,53626,72739,0.9091363204955201,0
2023-07-28 10:53:16,2022.0,955832,5,2038.96,54035,72485,1.0040461561516514,0
2023-07-28 10:53:16,2022.0,955832,5,2038.96,54035,72485,1.0040461561516514,0
2023-07-28 10:53:17,2020.55,955837,5,2038.96,54940,72596,0.9316149657824998,0
2023-07-28 10:53:17,2022.0,955837,5,2038.96,54718,72596,1.0040461561516514,0
2023-07-28 10:53:18,2022.0,955898,5,2038.96,54742,72579,1.0040461561516514,0
2023-07-28 10:53:18,2022.0,955898,5,2038.96,54754,72729,1.0040461561516514,0
2023-07-28 10:53:18,2022.2,955898,9,2038.96,55273,72667,1.014036665168088,0
2023-07-28 10:53:21,2022.2,955918,9,2038.96,54848,73024,1.014036665168088,0
2023-07-28 10:53:21,2022.2,955918,9,2038.96,54848,73024,1.014036665168088,0
2023-07-28 10:53:21,2022.2,955918,9,2038.96,54906,72652,1.014036665168088,0
2023-07-28 10:53:21,2021.2,955918,1,2038.96,54906,72652,0.964084120085916,0
2023-07-28 10:53:24,2021.2,955919,1,2038.96,55018,72658,0.964084120085916,0
2023-07-28 10:53:24,2021.0,955919,2,2038.96,55018,72658,0.9540936110694794,0
2023-07-28 10:53:24,2021.0,955922,2,2038.96,54624,72963,0.9540936110694794,0
2023-07-28 10:53:24,2021.0,955922,2,2038.96,54624,72963,0.9540936110694794,0
2023-07-28 10:53:24,2021.0,955922,2,2038.96,54665,72978,0.9540936110694794,0
2023-07-28 10:53:24,2021.0,955922,2,2038.96,54648,72978,0.9540936110694794,0
2023-07-28 10:53:24,2021.0,955922,2,2038.96,54655,72978,0.9540936110694794,0
2023-07-28 10:53:30,2021.0,956046,29,2038.96,54684,72913,0.9540936110694794,0
2023-07-28 10:53:30,2021.0,956046,29,2038.96,54684,72913,0.9540936110694794,0
2023-07-28 10:53:30,2021.0,956046,29,2038.96,54700,72924,0.9540936110694794,0
2023-07-28 10:53:30,2021.0,956046,29,2038.96,54700,72967,0.9540936110694794,0
2023-07-28 10:53:30,2020.65,956046,1,2038.96,54700,72967,0.9366102202907237,0
2023-07-28 10:53:33,2020.65,956056,1,2038.96,54631,72963,0.9366102202907237,0
2023-07-28 10:53:33,2021.0,956056,38,2038.96,54631,72963,0.9540936110694794,0
2023-07-28 10:53:33,2021.0,956106,38,2038.96,54725,71927,0.9540936110694794,0
2023-07-28 10:53:33,2021.0,956106,20,2038.96,54725,72945,0.9540936110694794,0
2023-07-28 10:53:36,2021.0,956167,25,2038.95,54717,73184,0.9540936110694794,0
2023-07-28 10:53:36,2021.0,956167,25,2038.95,54717,73184,0.9540936110694794,0
2023-07-28 10:53:36,2021.0,956167,25,2038.95,54554,73190,0.9540936110694794,0
2023-07-28 10:53:36,2020.05,956167,66,2038.95,54554,73190,0.9066386932414138,0
2023-07-28 10:53:38,2020.05,956246,66,2038.95,54524,73263,0.9066386932414138,0
2023-07-28 10:53:38,2020.05,956246,66,2038.95,54518,73471,0.9066386932414138,0
2023-07-28 10:53:38,2020.05,956246,66,2038.95,54518,73493,0.9066386932414138,0
2023-07-28 10:53:38,2020.05,956246,66,2038.95,54546,73493,0.9066386932414138,0
2023-07-28 10:53:38,2021.0,956246,6,2038.95,54546,73494,0.9540936110694794,0
2023-07-28 10:53:43,2021.0,956446,6,2038.95,54520,73025,0.9540936110694794,0
2023-07-28 10:53:43,2020.35,956446,20,2038.95,54520,73025,0.9216244567660631,0
2023-07-28 10:53:44,2020.35,956484,20,2038.95,54447,73100,0.9216244567660631,0
2023-07-28 10:53:44,2020.35,956484,20,2038.95,54457,73100,0.9216244567660631,0
2023-07-28 10:53:44,2020.35,956484,20,2038.95,54457,73097,0.9216244567660631,0
2023-07-28 10:53:44,2020.35,956484,20,2038.95,54440,73072,0.9216244567660631,0
2023-07-28 10:53:44,2020.35,956484,20,2038.95,54440,73072,0.9216244567660631,0
2023-07-28 10:53:44,2020.35,956484,20,2038.95,54076,73146,0.9216244567660631,0
2023-07-28 10:53:44,2021.8,956484,17,2038.95,54374,73301,0.9940556471352147,0
2023-07-28 10:53:51,2020.55,956996,3,2038.94,54011,73075,0.9316149657824998,0
2023-07-28 10:53:51,2021.9,956996,8,2038.94,54011,73075,0.9990509016434387,0
2023-07-28 10:53:52,2021.9,957159,8,2038.94,54111,73071,0.9990509016434387,0
2023-07-28 10:53:53,2022.3,957809,10,2038.92,54898,72685,1.0190319196763007,0
2023-07-28 10:53:53,2023.2,957809,4,2038.92,54898,72685,1.06398921025026,0
2023-07-28 10:53:54,2023.85,958424,4,2038.91,54661,72341,1.096458364553665,0
2023-07-28 10:53:55,2023.85,958628,4,2038.91,54733,72527,1.096458364553665,0
2023-07-28 10:53:55,2024.4,958628,517,2038.91,54733,72527,1.1239322643488685,0
2023-07-28 10:53:55,2025.35,960182,4,2038.89,55981,72125,1.1713871821769228,0
2023-07-28 10:53:56,2025.95,960841,1,2038.88,56662,71346,1.2013587092262328,0
2023-07-28 10:53:58,2025.95,960947,5,2038.88,55401,71660,1.2013587092262328,0
2023-07-28 10:53:58,2025.95,960947,4,2038.88,55401,71660,1.2013587092262328,0
2023-07-28 10:53:59,2025.95,960966,4,2038.88,55664,71706,1.2013587092262328,0
2023-07-28 10:53:59,2025.95,960966,4,2038.88,56364,71732,1.2013587092262328,0
2023-07-28 10:53:59,2025.95,960966,4,2038.88,56193,71844,1.2013587092262328,0
2023-07-28 10:54:02,2025.0,960967,1,2038.88,56226,71853,1.1539037913981671,0
2023-07-28 10:54:04,2026.2,962052,12,2038.86,55893,71690,1.2138468454967757,0
2023-07-28 10:54:05,2025.8,962149,3,2038.86,55694,70686,1.1938658274639025,0
2023-07-28 10:54:05,2025.8,962149,3,2038.86,55694,70686,1.1938658274639025,0
2023-07-28 10:54:05,2025.9,962149,8,2038.86,55526,71936,1.1988610819721264,0
2023-07-28 10:54:06,2025.9,962439,8,2038.86,55336,71898,1.1988610819721264,0
2023-07-28 10:54:08,2025.9,962440,1,2038.86,55386,71985,1.1988610819721264,0
2023-07-28 10:54:08,2026.2,962440,19,2038.86,55380,71942,1.2138468454967757,0
2023-07-28 10:54:09,2026.2,962581,19,2038.85,55825,71647,1.2138468454967757,0
2023-07-28 10:54:09,2026.2,962581,4,2038.85,55825,71647,1.2138468454967757,0
2023-07-28 10:54:11,2026.2,962703,4,2038.85,56581,70872,1.2138468454967757,0
2023-07-28 10:54:11,2026.2,962703,4,2038.85,56082,71181,1.2138468454967757,0
2023-07-28 10:54:11,2027.0,962703,32,2038.85,56287,71508,1.253808881562511,0
2023-07-28 10:54:14,2027.0,962802,1,2038.85,55974,70681,1.253808881562511,0
2023-07-28 10:54:14,2027.0,962802,1,2038.85,55979,71358,1.253808881562511,0
2023-07-28 10:54:16,2027.7,962867,17,2038.85,55802,71182,1.2887756631200336,0
2023-07-28 10:54:16,2027.7,962867,17,2038.85,55823,71182,1.2887756631200336,0
2023-07-28 10:54:16,2028.0,962867,9,2038.85,55950,71504,1.3037614266446829,0
2023-07-28 10:54:19,2028.85,962947,2,2038.85,56769,71283,1.3462210899645246,0
2023-07-28 10:54:19,2028.85,962947,2,2038.85,56769,71283,1.3462210899645246,0
2023-07-28 10:54:19,2028.85,962947,2,2038.85,56590,71468,1.3462210899645246,0
2023-07-28 10:54:21,2028.75,962961,1,2038.85,56466,71626,1.3412258354563118,0
2023-07-28 10:54:22,2028.8,963042,29,2038.85,56523,71578,1.3437234627104182,0
2023-07-28 10:54:24,2028.8,963070,5,2038.85,56709,71639,1.3437234627104182,0
2023-07-28 10:54:24,2029.0,963070,5,2038.85,56709,71639,1.353713971726855,0
2023-07-28 10:54:24,2029.0,963088,5,2038.85,56773,71675,1.353713971726855,0
2023-07-28 10:54:26,2029.0,963093,5,2038.85,56732,71706,1.353713971726855,0
2023-07-28 10:54:26,2029.05,963093,50,2038.85,56732,71706,1.356211598980961,0
2023-07-28 10:54:27,2029.05,963190,50,2038.85,56787,71631,1.356211598980961,0
2023-07-28 10:54:27,2029.05,963190,50,2038.85,56790,71631,1.356211598980961,0
2023-07-28 10:54:27,2029.15,963190,3,2038.85,56790,71631,1.3612068534891852,0
2023-07-28 10:54:28,2029.15,963212,3,2038.85,56845,71707,1.3612068534891852,0
2023-07-28 10:54:31,2029.15,963404,21,2038.85,56898,71602,1.3612068534891852,0
2023-07-28 10:54:31,2029.45,963524,73,2038.84,56814,71500,1.3761926170138346,0
2023-07-28 10:54:31,2029.5,963524,10,2038.84,56814,71500,1.378690244267941,0
2023-07-28 10:54:33,2029.15,963664,1,2038.84,56803,71454,1.3612068534891852,0
2023-07-28 10:54:33,2029.15,963664,10,2038.84,56803,71454,1.3612068534891852,0
2023-07-28 10:54:33,2029.15,963817,10,2038.84,56820,71426,1.3612068534891852,0
2023-07-28 10:54:36,2029.15,963827,5,2038.84,56750,71666,1.3612068534891852,0
2023-07-28 10:54:36,2029.4,964025,58,2038.84,56786,71586,1.3736949897597281,0
2023-07-28 10:54:37,2029.15,964042,5,2038.84,56742,71586,1.3612068534891852,0
2023-07-28 10:54:37,2029.15,964047,5,2038.84,56739,71733,1.3612068534891852,0
2023-07-28 10:54:41,2029.15,964106,1,2038.84,56679,71786,1.3612068534891852,0
2023-07-28 10:54:41,2029.15,964113,5,2038.84,56545,71714,1.3612068534891852,0
2023-07-28 10:54:41,2029.15,964113,5,2038.84,56545,71833,1.3612068534891852,0
2023-07-28 10:54:43,2029.15,964139,3,2038.84,56523,71848,1.3612068534891852,0
2023-07-28 10:54:43,2029.45,964187,34,2038.84,56555,71780,1.3761926170138346,0
2023-07-28 10:54:43,2029.45,964187,34,2038.84,56236,71762,1.3761926170138346,0
2023-07-28 10:54:43,2029.5,964187,40,2038.84,56236,71762,1.378690244267941,0
2023-07-28 10:54:46,2029.5,964227,40,2038.84,56512,71743,1.378690244267941,0
2023-07-28 10:54:46,2029.5,964227,34,2038.84,56512,71743,1.378690244267941,0
2023-07-28 10:54:46,2029.15,964492,2,2038.83,57092,71937,1.3612068534891852,0
2023-07-28 10:54:47,2029.15,964494,2,2038.83,56927,71945,1.3612068534891852,0
2023-07-28 10:54:47,2029.15,964494,2,2038.83,56739,72017,1.3612068534891852,0
2023-07-28 10:54:47,2029.9,964494,23,2038.83,56739,72017,1.3986712623008142,0
2023-07-28 10:54:50,2029.0,965278,663,2038.83,56845,72139,1.353713971726855,0
2023-07-28 10:54:50,2029.0,965278,663,2038.83,57153,72227,1.353713971726855,0
2023-07-28 10:54:50,2029.45,965278,13,2038.83,57153,72227,1.3761926170138346,0
2023-07-28 10:54:52,2029.45,965294,13,2038.83,57217,72018,1.3761926170138346,0
2023-07-28 10:54:53,2029.0,965295,1,2038.83,57185,72246,1.353713971726855,0
2023-07-28 10:54:53,2029.0,965295,1,2038.83,57213,72218,1.353713971726855,0
2023-07-28 10:54:53,2029.45,965295,19,2038.83,57215,72128,1.3761926170138346,0
2023-07-28 10:54:56,2029.15,965663,15,2038.82,57583,72318,1.3612068534891852,0
2023-07-28 10:54:56,2029.15,965663,15,2038.82,57621,72314,1.3612068534891852,0
2023-07-28 10:54:56,2029.15,965663,15,2038.82,56868,72314,1.3612068534891852,0
2023-07-28 10:54:56,2029.15,965663,15,2038.82,56872,72314,1.3612068534891852,0
2023-07-28 10:54:56,2029.15,965663,15,2038.82,56874,72314,1.3612068534891852,0
2023-07-28 10:54:56,2029.15,965663,1,2038.82,56874,72314,1.3612068534891852,0
2023-07-28 10:55:01,2029.15,965664,1,2038.82,56929,72185,1.3612068534891852,0
2023-07-28 10:55:03,2029.15,965674,10,2038.82,56918,73274,1.3612068534891852,0
2023-07-28 10:55:04,2029.45,965677,2,2038.82,56903,73386,1.3761926170138346,0
2023-07-28 10:55:04,2029.95,965695,12,2038.82,56850,73433,1.4011688895549206,0
2023-07-28 10:55:04,2029.95,965695,48,2038.82,56850,73430,1.4011688895549206,0
2023-07-28 10:55:06,2029.95,965763,5,2038.82,56838,73059,1.4011688895549206,0
2023-07-28 10:55:06,2029.95,965763,5,2038.82,56839,73070,1.4011688895549206,0
2023-07-28 10:55:06,2030.0,965763,5,2038.82,56839,73070,1.4036665168090268,0
2023-07-28 10:55:09,2031.0,966589,10,2038.81,56863,70408,1.4536190618911988,0
2023-07-28 10:55:09,2031.0,966589,10,2038.81,56863,70408,1.4536190618911988,0
2023-07-28 10:55:10,2031.6,966653,12,2038.81,56283,71807,1.4835905889404974,0
2023-07-28 10:55:10,2031.6,966653,67,2038.81,56283,71807,1.4835905889404974,0
2023-07-28 10:55:11,2032.5,966963,1,2038.81,57231,71978,1.5285478795144567,0
2023-07-28 10:55:12,2032.5,967089,1,2038.81,57204,71997,1.5285478795144567,0
2023-07-28 10:55:13,2032.5,967093,1,2038.81,57180,72022,1.5285478795144567,0
2023-07-28 10:55:13,2032.3,967093,1,2038.81,57180,72022,1.51855737049802,0
2023-07-28 10:55:14,2032.35,967200,1,2038.81,57305,72806,1.5210549977521264,0
2023-07-28 10:55:14,2032.35,967200,1,2038.81,57305,72806,1.5210549977521264,0
2023-07-28 10:55:15,2032.25,967234,1,2038.81,57058,72820,1.5160597432439136,0
2023-07-28 10:55:16,2030.85,967312,1,2038.81,57333,72774,1.4461261801288685,0
2023-07-28 10:55:17,2030.65,967350,12,2038.81,57169,73233,1.4361356711124431,0
2023-07-28 10:55:19,2031.75,967368,1,2038.81,56892,73304,1.4910834707028278,0
2023-07-28 10:55:20,2031.9,967382,1,2038.81,57158,73723,1.498576352465158,0
2023-07-28 10:55:20,2031.9,967385,1,2038.81,57169,73640,1.498576352465158,0
2023-07-28 10:55:20,2031.9,967385,1,2038.81,57169,73640,1.498576352465158,0
2023-07-28 10:55:22,2031.9,967397,1,2038.81,57050,73929,1.498576352465158,0
2023-07-28 10:55:22,2031.9,967397,1,2038.81,57050,73929,1.498576352465158,0
2023-07-28 10:55:23,2032.0,967400,1,2038.81,57261,73713,1.5035716069733707,0
2023-07-28 10:55:24,2032.35,967496,2,2038.81,57739,73934,1.5210549977521264,0
2023-07-28 10:55:24,2032.35,967496,2,2038.81,57739,73934,1.5210549977521264,0
2023-07-28 10:55:25,2032.5,967497,1,2038.81,57394,73997,1.5285478795144567,0
2023-07-28 10:55:25,2032.5,967497,1,2038.81,57394,73997,1.5285478795144567,0
2023-07-28 10:55:26,2031.0,967504,14,2038.81,57457,74330,1.4536190618911988,0
2023-07-28 10:55:27,2032.5,967727,1,2038.81,57562,74702,1.5285478795144567,0
2023-07-28 10:55:29,2032.5,967751,4,2038.81,57668,74742,1.5285478795144567,0
2023-07-28 10:55:29,2032.9,967751,1,2038.81,57602,74869,1.54852889754733,0
2023-07-28 10:55:29,2032.9,967751,1,2038.81,57602,74869,1.54852889754733,0
2023-07-28 10:55:31,2032.9,967768,1,2038.81,57689,74884,1.54852889754733,0
2023-07-28 10:55:32,2032.9,967781,1,2038.81,57728,74851,1.54852889754733,0
2023-07-28 10:55:33,2032.9,967889,1,2038.8,57685,74861,1.54852889754733,0
2023-07-28 10:55:35,2032.9,967998,1,2038.8,57836,75144,1.54852889754733,0
2023-07-28 10:55:35,2033.0,968006,1,2038.8,57814,74960,1.5535241520555425,0
2023-07-28 10:55:36,2033.0,968091,1,2038.8,57819,74892,1.5535241520555425,0
2023-07-28 10:55:38,2032.5,968100,5,2038.8,57822,74884,1.5285478795144567,0
2023-07-28 10:55:39,2033.0,968175,1,2038.8,57819,74810,1.5535241520555425,0
2023-07-28 10:55:39,2033.0,968176,1,2038.8,57819,74809,1.5535241520555425,0
2023-07-28 10:55:40,2033.0,968280,1,2038.8,57826,74733,1.5535241520555425,0
2023-07-28 10:55:40,2033.0,968280,1,2038.8,57826,74733,1.5535241520555425,0
2023-07-28 10:55:41,2033.0,968387,1,2038.8,57817,74725,1.5535241520555425,0
2023-07-28 10:55:42,2032.5,968403,2,2038.8,57821,74722,1.5285478795144567,0
2023-07-28 10:55:43,2033.0,968416,1,2038.8,57826,75084,1.5535241520555425,0
2023-07-28 10:55:44,2033.0,968420,1,2038.8,57821,74943,1.5535241520555425,0
2023-07-28 10:55:44,2033.0,968420,1,2038.8,57821,74943,1.5535241520555425,0
2023-07-28 10:55:46,2033.0,968445,1,2038.8,57811,74960,1.5535241520555425,0
2023-07-28 10:55:46,2033.0,968446,1,2038.8,57823,74988,1.5535241520555425,0
2023-07-28 10:55:46,2033.0,968446,1,2038.8,57838,74982,1.5535241520555425,0
2023-07-28 10:55:46,2033.0,968446,1,2038.8,57838,74982,1.5535241520555425,0
2023-07-28 10:55:49,2033.0,968447,1,2038.8,57830,74981,1.5535241520555425,0
2023-07-28 10:55:50,2033.0,968467,20,2038.8,58035,74981,1.5535241520555425,0
2023-07-28 10:55:50,2032.5,968467,1,2038.8,58035,74981,1.5285478795144567,0
2023-07-28 10:55:51,2032.9,968527,50,2038.8,59046,75046,1.54852889754733,0
2023-07-28 10:55:52,2030.8,968878,5,2038.8,58131,75322,1.443628552874762,0
2023-07-28 10:55:53,2030.0,968973,1,2038.8,58019,75636,1.4036665168090268,0
2023-07-28 10:55:53,2030.0,968973,1,2038.8,58019,75636,1.4036665168090268,0
2023-07-28 10:55:55,2030.0,969021,1,2038.8,57996,75524,1.4036665168090268,0
2023-07-28 10:55:55,2030.0,969021,1,2038.8,57823,75529,1.4036665168090268,0
2023-07-28 10:55:55,2030.0,969021,1,2038.8,57823,75529,1.4036665168090268,0
2023-07-28 10:55:57,2030.0,969034,1,2038.8,57951,75511,1.4036665168090268,0
2023-07-28 10:55:57,2030.0,969034,1,2038.8,57959,75521,1.4036665168090268,0
2023-07-28 10:55:57,2029.0,969034,18,2038.8,57959,75521,1.353713971726855,0
2023-07-28 10:55:59,2029.0,969094,1,2038.8,58042,75660,1.353713971726855,0
2023-07-28 10:55:59,2028.65,969094,5,2038.8,58042,75660,1.3362305809480992,0
2023-07-28 10:55:59,2027.2,969094,39,2038.8,58042,75660,1.2637993905789477,0
2023-07-28 10:56:00,2027.2,969273,39,2038.79,56887,75153,1.2637993905789477,0
2023-07-28 10:56:00,2027.05,969273,19,2038.79,57038,75375,1.2563065088166174,0
2023-07-28 10:56:03,2027.1,969389,5,2038.79,57095,73699,1.2588041360707236,0
2023-07-28 10:56:03,2028.35,969409,15,2038.79,57085,75542,1.3212448174234386,0
2023-07-28 10:56:03,2028.35,969409,15,2038.79,56927,75529,1.3212448174234386,0
2023-07-28 10:56:03,2028.35,969409,15,2038.79,57146,75331,1.3212448174234386,0
2023-07-28 10:56:03,2027.05,969409,23,2038.79,57146,75331,1.2563065088166174,0
2023-07-28 10:56:07,2027.05,969551,1,2038.79,56224,75833,1.2563065088166174,0
2023-07-28 10:56:07,2026.3,969553,2,2038.79,57606,75410,1.2188421000049885,0
2023-07-28 10:56:07,2026.3,969553,2,2038.79,57130,75803,1.2188421000049885,0
2023-07-28 10:56:07,2026.3,969553,2,2038.79,57032,75804,1.2188421000049885,0
2023-07-28 10:56:07,2026.3,969553,2,2038.79,57068,75716,1.2188421000049885,0
2023-07-28 10:56:07,2026.65,969553,7,2038.79,57062,75739,1.2363254907837553,0
2023-07-28 10:56:12,2026.65,969560,7,2038.79,57190,75673,1.2363254907837553,0
2023-07-28 10:56:15,2026.8,969611,29,2038.79,57157,75508,1.2438183725460743,0
2023-07-28 10:56:15,2026.8,969611,29,2038.79,57273,75663,1.2438183725460743,0
2023-07-28 10:56:15,2026.8,969611,29,2038.79,57342,75681,1.2438183725460743,0
2023-07-28 10:56:19,2027.0,969627,1,2038.79,57237,75889,1.253808881562511,0
2023-07-28 10:56:19,2027.0,969627,1,2038.79,57307,76113,1.253808881562511,0
2023-07-28 10:56:20,2027.9,969749,1,2038.79,57299,75727,1.2987661721364703,0
2023-07-28 10:56:20,2027.9,969749,1,2038.79,57299,75727,1.2987661721364703,0
2023-07-28 10:56:20,2027.35,969749,22,2038.79,57299,75727,1.2712922723412667,0
2023-07-28 10:56:22,2027.9,969837,16,2038.79,57332,75200,1.2987661721364703,0
2023-07-28 10:56:22,2026.4,969950,9,2038.79,57373,75542,1.2238373545132124,0
2023-07-28 10:56:22,2026.4,969950,9,2038.79,57710,75284,1.2238373545132124,0
2023-07-28 10:56:22,2026.4,969950,9,2038.79,57710,75284,1.2238373545132124,0
2023-07-28 10:56:22,2028.15,969950,64,2038.79,57684,75389,1.3112543084070132,0
2023-07-28 10:56:22,2028.15,969950,64,2038.79,57684,75389,1.3112543084070132,0
2023-07-28 10:56:25,2029.9,970086,1,2038.78,57875,74528,1.3986712623008142,0
2023-07-28 10:56:25,2029.9,970086,1,2038.78,58917,75056,1.3986712623008142,0
2023-07-28 10:56:25,2029.9,970086,1,2038.78,58644,75272,1.3986712623008142,0
2023-07-28 10:56:25,2029.9,970086,1,2038.78,58862,75268,1.3986712623008142,0
2023-07-28 10:56:25,2029.9,970086,1,2038.78,58598,75375,1.3986712623008142,0
2023-07-28 10:56:25,2029.9,970086,1,2038.78,58728,75341,1.3986712623008142,0
2023-07-28 10:56:33,2028.65,970186,38,2038.78,58447,75342,1.3362305809480992,0
2023-07-28 10:56:33,2028.65,970186,38,2038.78,58843,75381,1.3362305809480992,0
2023-07-28 10:56:33,2027.9,970186,10,2038.78,58843,75381,1.2987661721364703,0
2023-07-28 10:56:36,2027.45,970262,12,2038.78,58106,75715,1.2762875268494906,0
2023-07-28 10:56:36,2027.45,970262,12,2038.78,58170,75331,1.2762875268494906,0
2023-07-28 10:56:36,2027.45,970262,12,2038.78,58525,75219,1.2762875268494906,0
2023-07-28 10:56:36,2028.75,970262,17,2038.78,58525,75219,1.3412258354563118,0
2023-07-28 10:56:40,2028.9,970456,1,2038.78,58611,75187,1.3487187172186423,0
2023-07-28 10:56:40,2028.9,970456,1,2038.78,58611,75187,1.3487187172186423,0
2023-07-28 10:56:40,2028.9,970456,1,2038.78,58401,75384,1.3487187172186423,0
2023-07-28 10:56:40,2027.75,970456,33,2038.78,58401,75384,1.29127329037414,0
2023-07-28 10:56:42,2027.45,970636,2,2038.78,57738,75957,1.2762875268494906,0
2023-07-28 10:56:42,2027.45,970636,20,2038.78,57831,76017,1.2762875268494906,0
2023-07-28 10:56:44,2027.45,970656,20,2038.78,57798,76405,1.2762875268494906,0
2023-07-28 10:56:46,2028.55,971156,130,2038.77,58099,75881,1.3312353264398753,0
2023-07-28 10:56:46,2028.65,971156,1,2038.77,58099,75881,1.3362305809480992,0
2023-07-28 10:56:46,2027.45,971157,2,2038.77,58114,75865,1.2762875268494906,0
2023-07-28 10:56:48,2027.45,971166,2,2038.77,57974,75958,1.2762875268494906,0
2023-07-28 10:56:48,2027.45,971166,2,2038.77,58004,76073,1.2762875268494906,0
2023-07-28 10:56:48,2027.45,971166,2,2038.77,58004,76073,1.2762875268494906,0
2023-07-28 10:56:50,2027.45,971176,2,2038.77,58001,76022,1.2762875268494906,0
2023-07-28 10:56:51,2028.0,971214,10,2038.77,58287,76141,1.3037614266446829,0
2023-07-28 10:56:52,2028.0,971224,10,2038.77,58278,76145,1.3037614266446829,0
2023-07-28 10:56:52,2028.0,971224,15,2038.77,58278,76145,1.3037614266446829,0
2023-07-28 10:56:53,2028.0,971307,15,2038.77,58926,75746,1.3037614266446829,0
2023-07-28 10:56:55,2028.0,971351,4,2038.77,57860,76107,1.3037614266446829,0
2023-07-28 10:56:55,2028.0,971351,3,2038.77,57860,76107,1.3037614266446829,0
2023-07-28 10:56:55,2028.0,971481,3,2038.77,58220,76132,1.3037614266446829,0
2023-07-28 10:56:55,2028.0,971481,3,2038.77,57991,75994,1.3037614266446829,0
2023-07-28 10:56:58,2027.5,971497,11,2038.77,58024,75937,1.278785154103597,0
2023-07-28 10:56:59,2027.45,971598,34,2038.77,57930,77147,1.2762875268494906,0
2023-07-28 10:56:59,2027.45,971598,34,2038.77,57739,76264,1.2762875268494906,0
2023-07-28 10:56:59,2027.45,971598,34,2038.77,57712,76889,1.2762875268494906,0
2023-07-28 10:56:59,2027.45,971598,34,2038.77,57904,77010,1.2762875268494906,0
2023-07-28 10:56:59,2027.45,971598,34,2038.77,57729,76967,1.2762875268494906,0
2023-07-28 10:56:59,2027.45,971598,34,2038.77,57941,76886,1.2762875268494906,0
2023-07-28 10:56:59,2027.45,971598,34,2038.77,57839,76982,1.2762875268494906,0
2023-07-28 10:57:06,2027.45,971661,63,2038.77,57944,76881,1.2762875268494906,0
2023-07-28 10:57:06,2027.45,971661,63,2038.77,58067,76783,1.2762875268494906,0
2023-07-28 10:57:06,2027.05,971661,1,2038.77,57834,77196,1.2563065088166174,0
2023-07-28 10:57:10,2027.05,971666,1,2038.77,57723,76813,1.2563065088166174,0
2023-07-28 10:57:11,2027.05,971671,1,2038.77,57974,77037,1.2563065088166174,0
2023-07-28 10:57:11,2027.05,971671,1,2038.77,57974,77037,1.2563065088166174,0
2023-07-28 10:57:12,2026.55,971673,1,2038.77,57936,76966,1.2313302362755314,0
2023-07-28 10:57:12,2026.5,971673,8,2038.77,57936,76966,1.228832609021425,0
2023-07-28 10:57:12,2026.5,971683,8,2038.77,58187,75961,1.228832609021425,0
2023-07-28 10:57:12,2026.5,971683,1,2038.77,58187,75961,1.228832609021425,0
2023-07-28 10:57:14,2026.5,971808,1,2038.77,58103,76026,1.228832609021425,0
2023-07-28 10:57:15,2026.5,971813,1,2038.77,57942,76131,1.228832609021425,0
2023-07-28 10:57:15,2026.5,971813,1,2038.77,57942,76131,1.228832609021425,0
2023-07-28 10:57:16,2026.5,971818,1,2038.77,58088,76054,1.228832609021425,0
2023-07-28 10:57:16,2026.5,971818,1,2038.77,58088,76054,1.228832609021425,0
2023-07-28 10:57:17,2026.5,971821,1,2038.77,58089,76050,1.228832609021425,0
2023-07-28 10:57:18,2026.5,971826,1,2038.77,58094,76041,1.228832609021425,0
2023-07-28 10:57:20,2026.5,971832,1,2038.77,57997,76028,1.228832609021425,0
2023-07-28 10:57:20,2026.5,971836,1,2038.77,58058,76033,1.228832609021425,0
2023-07-28 10:57:22,2026.5,971842,1,2038.77,58056,75845,1.228832609021425,0
2023-07-28 10:57:23,2026.5,971846,1,2038.77,58008,75881,1.228832609021425,0
2023-07-28 10:57:23,2026.5,971846,1,2038.77,58008,75881,1.228832609021425,0
2023-07-28 10:57:24,2026.5,971921,1,2038.76,57904,75875,1.228832609021425,0
2023-07-28 10:57:25,2026.5,972007,1,2038.76,57939,75716,1.228832609021425,0
2023-07-28 10:57:25,2026.5,972007,1,2038.76,57939,75716,1.228832609021425,0
2023-07-28 10:57:26,2026.5,972023,1,2038.76,57947,75744,1.228832609021425,0
2023-07-28 10:57:28,2026.5,972027,1,2038.76,57927,75791,1.228832609021425,0
2023-07-28 10:57:29,2026.5,972051,1,2038.76,57920,75786,1.228832609021425,0
2023-07-28 10:57:30,2024.55,972287,7,2038.76,57792,76105,1.1314251461111875,0
2023-07-28 10:57:31,2025.05,972292,1,2038.76,56790,75764,1.1564014186522735,0
2023-07-28 10:57:32,2025.05,972312,1,2038.76,57674,75739,1.1564014186522735,0
2023-07-28 10:57:32,2025.05,972312,1,2038.76,57674,75739,1.1564014186522735,0
2023-07-28 10:57:33,2025.05,972325,1,2038.76,57372,75709,1.1564014186522735,0
2023-07-28 10:57:33,2025.05,972325,1,2038.76,57372,75709,1.1564014186522735,0
2023-07-28 10:57:34,2025.05,972331,1,2038.76,57673,75717,1.1564014186522735,0
2023-07-28 10:57:34,2025.05,972332,1,2038.76,57672,75722,1.1564014186522735,0
2023-07-28 10:57:35,2025.05,972337,1,2038.76,57655,75737,1.1564014186522735,0
2023-07-28 10:57:36,2025.05,972342,1,2038.76,57700,75477,1.1564014186522735,0
2023-07-28 10:57:37,2025.05,972346,1,2038.76,57696,75480,1.1564014186522735,0
2023-07-28 10:57:37,2025.05,972346,1,2038.76,57696,75480,1.1564014186522735,0
2023-07-28 10:57:38,2025.05,972353,1,2038.76,57686,75770,1.1564014186522735,0
2023-07-28 10:57:40,2025.05,972359,1,2038.76,57684,75763,1.1564014186522735,0
2023-07-28 10:57:40,2025.85,972359,1,2038.76,57684,75763,1.1963634547180086,0
2023-07-28 10:57:41,2026.0,972778,1,2038.75,57990,75475,1.2038563364803392,0
2023-07-28 10:57:42,2026.0,972792,10,2038.75,57752,75736,1.2038563364803392,0
2023-07-28 10:57:42,2026.0,972792,11,2038.75,57752,75736,1.2038563364803392,0
2023-07-28 10:57:43,2026.0,972808,1,2038.75,57740,75839,1.2038563364803392,0
2023-07-28 10:57:43,2026.0,972808,1,2038.75,57740,75839,1.2038563364803392,0
2023-07-28 10:57:44,2026.0,972810,1,2038.75,57854,75854,1.2038563364803392,0
2023-07-28 10:57:44,2026.0,972810,1,2038.75,57976,75796,1.2038563364803392,0
2023-07-28 10:57:46,2027.4,972867,10,2038.75,57885,75666,1.2737898995953842,0
2023-07-28 10:57:46,2027.4,972867,10,2038.75,57819,75679,1.2737898995953842,0
2023-07-28 10:57:46,2027.4,972867,10,2038.75,57855,75669,1.2737898995953842,0
2023-07-28 10:57:46,2027.4,972867,13,2038.75,57855,75669,1.2737898995953842,0
2023-07-28 10:57:50,2027.4,973054,1,2038.75,57850,75693,1.2737898995953842,0
2023-07-28 10:57:50,2026.15,973055,1,2038.75,57891,75702,1.2113492182426695,0
2023-07-28 10:57:50,2026.15,973055,1,2038.75,57910,75702,1.2113492182426695,0
2023-07-28 10:57:50,2027.7,973055,4,2038.75,57910,75702,1.2887756631200336,0
2023-07-28 10:57:54,2027.7,974190,1,2038.74,58237,74398,1.2887756631200336,0
2023-07-28 10:57:55,2027.7,974220,1,2038.74,58231,74690,1.2887756631200336,0
2023-07-28 10:57:55,2027.7,974220,1,2038.74,58248,74746,1.2887756631200336,0
2023-07-28 10:57:58,2029.1,974227,6,2038.74,58250,74615,1.3587092262350675,0
2023-07-28 10:57:59,2029.1,974265,6,2038.74,58286,74730,1.3587092262350675,0
2023-07-28 10:57:59,2029.1,974265,6,2038.74,58232,74751,1.3587092262350675,0
2023-07-28 10:58:01,2029.1,974315,12,2038.74,58252,74709,1.3587092262350675,0
2023-07-28 10:58:01,2029.1,974315,11,2038.74,58252,74709,1.3587092262350675,0
2023-07-28 10:58:01,2029.1,974366,11,2038.73,58271,74724,1.3587092262350675,0
2023-07-28 10:58:03,2029.25,974372,3,2038.73,58280,74625,1.3662021079973978,0
2023-07-28 10:58:03,2029.25,974372,5,2038.73,58280,74625,1.3662021079973978,0
2023-07-28 10:58:04,2029.25,974377,5,2038.73,58300,74708,1.3662021079973978,0
2023-07-28 10:58:04,2029.1,974377,4,2038.73,58300,74708,1.3587092262350675,0
2023-07-28 10:58:05,2029.1,974427,4,2038.73,58549,74621,1.3587092262350675,0
2023-07-28 10:58:06,2029.1,974477,31,2038.73,59063,74588,1.3587092262350675,0
2023-07-28 10:58:07,2029.1,974728,22,2038.73,58122,74866,1.3587092262350675,0
2023-07-28 10:58:09,2029.1,974859,5,2038.73,58741,74657,1.3587092262350675,0
2023-07-28 10:58:09,2029.1,974859,5,2038.73,58688,74723,1.3587092262350675,0
2023-07-28 10:58:09,2029.1,974859,5,2038.73,58690,74758,1.3587092262350675,0
2023-07-28 10:58:09,2029.95,974859,20,2038.73,58720,74711,1.4011688895549206,0
2023-07-28 10:58:12,2029.95,974939,20,2038.73,58781,74614,1.4011688895549206,0
2023-07-28 10:58:12,2029.95,974939,20,2038.73,58785,74651,1.4011688895549206,0
2023-07-28 10:58:12,2029.95,974939,20,2038.73,58786,74670,1.4011688895549206,0
2023-07-28 10:58:12,2029.1,974939,22,2038.73,58645,74762,1.3587092262350675,0
2023-07-28 10:58:16,2029.95,975086,5,2038.73,58750,74797,1.4011688895549206,0
2023-07-28 10:58:16,2029.95,975086,5,2038.73,58743,74864,1.4011688895549206,0
2023-07-28 10:58:18,2029.95,975096,10,2038.73,58695,74714,1.4011688895549206,0
2023-07-28 10:58:18,2029.95,975096,1,2038.73,58696,74800,1.4011688895549206,0
2023-07-28 10:58:20,2029.95,975097,1,2038.73,58828,75730,1.4011688895549206,0
2023-07-28 10:58:21,2029.95,975198,2,2038.73,58688,75750,1.4011688895549206,0
2023-07-28 10:58:21,2029.95,975198,2,2038.73,58700,75712,1.4011688895549206,0
2023-07-28 10:58:21,2029.95,975198,1,2038.73,58700,75712,1.4011688895549206,0
2023-07-28 10:58:23,2029.95,975226,1,2038.73,58721,75725,1.4011688895549206,0
2023-07-28 10:58:23,2029.95,975226,1,2038.73,58726,75740,1.4011688895549206,0
2023-07-28 10:58:23,2029.95,975226,1,2038.73,58727,75570,1.4011688895549206,0
2023-07-28 10:58:23,2029.95,975226,1,2038.73,59012,75492,1.4011688895549206,0
2023-07-28 10:58:23,2029.1,975226,1,2038.73,59012,75492,1.3587092262350675,0
2023-07-28 10:58:27,2029.1,975228,1,2038.73,58805,75486,1.3587092262350675,0
2023-07-28 10:58:29,2029.95,975230,2,2038.73,58923,75487,1.4011688895549206,0
2023-07-28 10:58:29,2029.95,975263,13,2038.73,59046,75350,1.4011688895549206,0
2023-07-28 10:58:29,2029.95,975263,13,2038.73,59004,75441,1.4011688895549206,0
2023-07-28 10:58:29,2029.95,975263,13,2038.73,59004,75441,1.4011688895549206,0
2023-07-28 10:58:29,2029.95,975263,13,2038.73,59004,75441,1.4011688895549206,0
2023-07-28 10:58:29,2029.95,975263,13,2038.73,59006,75442,1.4011688895549206,0
2023-07-28 10:58:29,2029.95,975263,3,2038.73,59006,75442,1.4011688895549206,0
2023-07-28 10:58:35,2029.95,975279,3,2038.73,58916,75399,1.4011688895549206,0
2023-07-28 10:58:35,2029.25,975279,3,2038.73,58916,75399,1.3662021079973978,0
2023-07-28 10:58:36,2030.0,975424,55,2038.72,58715,75347,1.4036665168090268,0
2023-07-28 10:58:36,2030.0,975528,55,2038.72,58813,75249,1.4036665168090268,0
2023-07-28 10:58:36,2030.0,975528,55,2038.72,58841,75255,1.4036665168090268,0
2023-07-28 10:58:39,2030.0,975555,11,2038.72,58716,75293,1.4036665168090268,0
2023-07-28 10:58:39,2030.0,975555,11,2038.72,58712,75293,1.4036665168090268,0
2023-07-28 10:58:39,2030.0,975555,11,2038.72,58726,75276,1.4036665168090268,0
2023-07-28 10:58:39,2030.0,975555,11,2038.72,58713,75276,1.4036665168090268,0
2023-07-28 10:58:39,2030.0,975555,30,2038.72,58714,75301,1.4036665168090268,0
2023-07-28 10:58:44,2030.0,975585,30,2038.72,58793,75272,1.4036665168090268,0
2023-07-28 10:58:44,2030.0,975585,30,2038.72,58147,75278,1.4036665168090268,0
2023-07-28 10:58:44,2030.0,975585,30,2038.72,58893,75278,1.4036665168090268,0
2023-07-28 10:58:44,2030.0,975585,30,2038.72,58825,75322,1.4036665168090268,0
2023-07-28 10:58:48,2030.0,975600,7,2038.72,58806,75287,1.4036665168090268,0
2023-07-28 10:58:48,2030.0,975600,7,2038.72,58806,75302,1.4036665168090268,0
2023-07-28 10:58:50,2030.0,975605,5,2038.72,58807,75508,1.4036665168090268,0
2023-07-28 10:58:51,2030.0,975633,28,2038.72,58806,75478,1.4036665168090268,0
2023-07-28 10:58:51,2030.0,975633,28,2038.72,58806,75476,1.4036665168090268,0
2023-07-28 10:58:51,2030.0,975633,68,2038.72,58806,75476,1.4036665168090268,0
2023-07-28 10:58:54,2030.0,975911,3,2038.72,59060,75397,1.4036665168090268,0
2023-07-28 10:58:54,2030.0,975911,3,2038.72,58483,75325,1.4036665168090268,0
2023-07-28 10:58:54,2030.0,975911,3,2038.72,58483,75375,1.4036665168090268,0
2023-07-28 10:58:54,2028.85,975911,16,2038.72,58483,75375,1.3462210899645246,0
2023-07-28 10:58:58,2028.85,975962,1,2038.72,58418,75522,1.3462210899645246,0
2023-07-28 10:59:00,2028.35,976183,86,2038.72,58411,75488,1.3212448174234386,0
2023-07-28 10:59:00,2028.35,976183,86,2038.72,58468,75513,1.3212448174234386,0
2023-07-28 10:59:00,2028.35,976183,86,2038.72,58468,75647,1.3212448174234386,0
2023-07-28 10:59:00,2028.35,976183,86,2038.72,58459,75659,1.3212448174234386,0
2023-07-28 10:59:00,2028.35,976183,86,2038.72,58453,75664,1.3212448174234386,0
2023-07-28 10:59:05,2028.45,976263,11,2038.72,58385,75631,1.3262400719316625,0
2023-07-28 10:59:06,2028.0,976913,249,2038.71,57344,75796,1.3037614266446829,0
2023-07-28 10:59:06,2027.25,976913,18,2038.71,57344,75796,1.266297017833054,0
2023-07-28 10:59:06,2027.25,976963,18,2038.71,57749,75768,1.266297017833054,0
2023-07-28 10:59:06,2028.4,976963,5,2038.71,57749,75768,1.3237424446775563,0
2023-07-28 10:59:08,2028.4,976983,5,2038.71,57862,76173,1.3237424446775563,0
2023-07-28 10:59:08,2028.4,976983,5,2038.71,57867,76186,1.3237424446775563,0
2023-07-28 10:59:08,2028.4,976983,5,2038.71,57867,76186,1.3237424446775563,0
2023-07-28 10:59:08,2028.4,976983,1,2038.71,57867,76186,1.3237424446775563,0
2023-07-28 10:59:12,2028.4,977017,4,2038.71,57633,76309,1.3237424446775563,0
2023-07-28 10:59:12,2028.4,977017,4,2038.71,57633,76309,1.3237424446775563,0
2023-07-28 10:59:12,2028.4,977017,4,2038.71,57909,76340,1.3237424446775563,0
2023-07-28 10:59:12,2028.4,977017,4,2038.71,57882,76362,1.3237424446775563,0
2023-07-28 10:59:12,2028.8,977017,94,2038.71,57882,76334,1.3437234627104182,0
2023-07-28 10:59:16,2028.8,977213,94,2038.71,58019,75956,1.3437234627104182,0
2023-07-28 10:59:16,2028.8,977213,94,2038.71,58004,75938,1.3437234627104182,0
2023-07-28 10:59:16,2028.8,977213,94,2038.71,57991,75927,1.3437234627104182,0
2023-07-28 10:59:20,2028.0,977214,1,2038.71,58193,75934,1.3037614266446829,0
2023-07-28 10:59:20,2028.0,977214,1,2038.71,58193,75934,1.3037614266446829,0
2023-07-28 10:59:20,2028.0,977214,1,2038.71,58198,75934,1.3037614266446829,0
2023-07-28 10:59:23,2028.8,977246,4,2038.71,58206,75902,1.3437234627104182,0
2023-07-28 10:59:23,2028.8,977246,19,2038.71,58206,75902,1.3437234627104182,0
2023-07-28 10:59:23,2028.8,977271,19,2038.71,58222,75824,1.3437234627104182,0
2023-07-28 10:59:23,2028.8,977271,19,2038.71,58222,75834,1.3437234627104182,0
2023-07-28 10:59:23,2028.8,977271,19,2038.71,58222,75834,1.3437234627104182,0
2023-07-28 10:59:25,2028.55,977334,5,2038.7,57643,76291,1.3312353264398753,0
2023-07-28 10:59:26,2028.55,977339,5,2038.7,57643,76352,1.3312353264398753,0
2023-07-28 10:59:27,2027.3,977340,1,2038.7,57643,76387,1.2687946450871603,0
2023-07-28 10:59:27,2027.3,977340,1,2038.7,57643,76405,1.2687946450871603,0
2023-07-28 10:59:30,2026.8,977392,21,2038.7,56734,76585,1.2438183725460743,0
2023-07-28 10:59:30,2026.8,977392,21,2038.7,57783,76413,1.2438183725460743,0
2023-07-28 10:59:30,2026.8,977392,1,2038.7,57783,76413,1.2438183725460743,0
2023-07-28 10:59:31,2025.6,977394,18,2038.7,57012,76351,1.1838753184474657,0
2023-07-28 10:59:32,2025.6,977462,18,2038.7,57650,76578,1.1838753184474657,0
2023-07-28 10:59:32,2025.35,977462,9,2038.7,57650,76578,1.1713871821769228,0
2023-07-28 10:59:34,2025.4,977518,3,2038.7,57690,76251,1.1738848094310406,0
2023-07-28 10:59:34,2025.05,977710,5,2038.7,57485,76660,1.1564014186522735,0
2023-07-28 10:59:34,2025.05,977710,5,2038.7,57497,76497,1.1564014186522735,0
2023-07-28 10:59:34,2025.05,977710,5,2038.7,57448,76194,1.1564014186522735,0
2023-07-28 10:59:34,2025.05,977710,5,2038.7,57448,76195,1.1564014186522735,0
2023-07-28 10:59:34,2025.05,977710,5,2038.7,57450,76208,1.1564014186522735,0
2023-07-28 10:59:34,2025.05,977710,5,2038.7,57451,76207,1.1564014186522735,0
2023-07-28 10:59:34,2025.05,977710,5,2038.7,57483,75188,1.1564014186522735,0
2023-07-28 10:59:34,2025.05,977710,5,2038.7,57520,75201,1.1564014186522735,0
2023-07-28 10:59:34,2025.05,977710,5,2038.7,57583,75203,1.1564014186522735,0
2023-07-28 10:59:34,2025.05,977710,5,2038.7,57588,75210,1.1564014186522735,0
2023-07-28 10:59:34,2025.35,977710,2,2038.7,57588,75210,1.1713871821769228,0
2023-07-28 10:59:46,2026.45,977854,74,2038.7,58518,75157,1.2263349817673188,0
2023-07-28 10:59:46,2026.45,977854,74,2038.7,58518,75157,1.2263349817673188,0
2023-07-28 10:59:46,2026.45,977854,74,2038.7,58766,75180,1.2263349817673188,0
2023-07-28 10:59:46,2026.45,977854,1,2038.7,58512,75105,1.2263349817673188,0
2023-07-28 10:59:49,2026.45,977880,1,2038.7,58449,75236,1.2263349817673188,0
2023-07-28 10:59:49,2026.45,977880,1,2038.7,58449,75236,1.2263349817673188,0
2023-07-28 10:59:49,2026.45,977880,1,2038.7,58532,75270,1.2263349817673188,0
2023-07-28 10:59:52,2025.05,977910,6,2038.7,58701,75392,1.1564014186522735,0
2023-07-28 10:59:52,2025.05,977910,6,2038.7,58763,75285,1.1564014186522735,0
2023-07-28 10:59:52,2025.05,977910,6,2038.7,58695,75380,1.1564014186522735,0
2023-07-28 10:59:52,2026.4,977910,5,2038.7,58695,75380,1.2238373545132124,0
2023-07-28 10:59:54,2026.4,977915,5,2038.7,57846,75208,1.2238373545132124,0
2023-07-28 10:59:54,2026.4,977915,5,2038.7,57844,75229,1.2238373545132124,0
2023-07-28 10:59:54,2026.4,977915,5,2038.7,57855,75101,1.2238373545132124,0
2023-07-28 10:59:58,2025.05,978036,6,2038.7,57580,75435,1.1564014186522735,0
2023-07-28 10:59:58,2025.05,978036,6,2038.7,57674,75209,1.1564014186522735,0
2023-07-28 10:59:58,2026.3,978036,3,2038.7,57674,75209,1.2188421000049885,0
2023-07-28 11:00:00,2026.3,978039,29,2038.7,57483,75347,1.2188421000049885,0
2023-07-28 11:00:01,2026.3,978188,29,2038.69,58096,75144,1.2188421000049885,0
2023-07-28 11:00:01,2026.45,978188,8,2038.69,58096,75144,1.2263349817673188,0
2023-07-28 11:00:01,2026.45,978196,8,2038.69,57844,75306,1.2263349817673188,0
2023-07-28 11:00:03,2026.45,978269,73,2038.69,58043,75209,1.2263349817673188,0
2023-07-28 11:00:04,2026.45,978273,4,2038.69,57931,75182,1.2263349817673188,0
2023-07-28 11:00:05,2026.45,978413,7,2038.69,58104,75433,1.2263349817673188,0
2023-07-28 11:00:05,2026.3,978420,1,2038.69,58169,75282,1.2188421000049885,0
2023-07-28 11:00:08,2026.3,978431,1,2038.69,57931,75568,1.2188421000049885,0
2023-07-28 11:00:08,2026.3,978431,1,2038.69,57935,75581,1.2188421000049885,0
2023-07-28 11:00:09,2026.3,978432,1,2038.69,57959,75548,1.2188421000049885,0
2023-07-28 11:00:09,2026.3,978432,1,2038.69,58254,75219,1.2188421000049885,0
2023-07-28 11:00:12,2025.8,978479,13,2038.69,58144,75139,1.1938658274639025,0
2023-07-28 11:00:12,2025.8,978479,9,2038.69,58144,75139,1.1938658274639025,0
2023-07-28 11:00:13,2025.8,978488,9,2038.69,58119,74328,1.1938658274639025,0
2023-07-28 11:00:13,2025.0,978488,24,2038.69,58119,74328,1.1539037913981671,0
2023-07-28 11:00:14,2025.0,978553,24,2038.69,57914,75433,1.1539037913981671,0
2023-07-28 11:00:15,2025.85,978790,5,2038.69,58555,74687,1.1963634547180086,0
2023-07-28 11:00:15,2027.55,978796,1,2038.69,58652,74897,1.2812827813577032,0
2023-07-28 11:00:15,2027.55,978803,7,2038.69,58784,74807,1.2812827813577032,0
2023-07-28 11:00:15,2027.55,978803,7,2038.69,58600,74840,1.2812827813577032,0
2023-07-28 11:00:18,2027.55,978894,31,2038.68,58559,74901,1.2812827813577032,0
2023-07-28 11:00:18,2026.15,978894,1,2038.68,58559,74901,1.2113492182426695,0
2023-07-28 11:00:20,2026.15,978916,6,2038.68,58363,74940,1.2113492182426695,0
2023-07-28 11:00:20,2026.15,978916,6,2038.68,58380,75171,1.2113492182426695,0
2023-07-28 11:00:20,2026.15,978916,6,2038.68,58429,75170,1.2113492182426695,0
2023-07-28 11:00:20,2026.15,978916,6,2038.68,58408,75177,1.2113492182426695,0
2023-07-28 11:00:20,2026.15,978916,6,2038.68,58419,75157,1.2113492182426695,0
2023-07-28 11:00:20,2026.15,978916,6,2038.68,58341,75172,1.2113492182426695,0
2023-07-28 11:00:20,2027.5,978916,7,2038.68,58341,75172,1.278785154103597,0
2023-07-28 11:00:27,2027.5,978932,7,2038.68,58300,74973,1.278785154103597,0
2023-07-28 11:00:27,2027.5,978932,7,2038.68,58251,74993,1.278785154103597,0
2023-07-28 11:00:27,2027.5,978932,4,2038.68,58251,74993,1.278785154103597,0
2023-07-28 11:00:29,2026.15,978952,1,2038.68,58240,75177,1.2113492182426695,0
2023-07-28 11:00:30,2026.1,978959,2,2038.68,58203,75238,1.2088515909885518,0
2023-07-28 11:00:32,2025.0,978981,3,2038.68,57686,75466,1.1539037913981671,0
2023-07-28 11:00:32,2025.0,978981,3,2038.68,57686,75466,1.1539037913981671,0
2023-07-28 11:00:32,2025.0,978981,3,2038.68,57834,75480,1.1539037913981671,0
2023-07-28 11:00:32,2024.8,978981,14,2038.68,57834,75480,1.1439132823817304,0
2023-07-28 11:00:34,2024.8,979089,14,2038.68,57957,75400,1.1439132823817304,0
2023-07-28 11:00:34,2026.15,979089,1,2038.68,57819,75616,1.2113492182426695,0
2023-07-28 11:00:36,2026.15,979092,1,2038.68,58182,75586,1.2113492182426695,0
2023-07-28 11:00:36,2026.15,979092,1,2038.68,58185,75591,1.2113492182426695,0
2023-07-28 11:00:36,2026.15,979092,1,2038.68,58185,75591,1.2113492182426695,0
2023-07-28 11:00:36,2024.85,979092,48,2038.68,58185,75591,1.1464109096358368,0
2023-07-28 11:00:40,2024.85,979193,48,2038.68,58099,75610,1.1464109096358368,0
2023-07-28 11:00:40,2024.85,979193,48,2038.68,58100,75610,1.1464109096358368,0
2023-07-28 11:00:40,2024.85,979193,48,2038.68,58103,75668,1.1464109096358368,0
2023-07-28 11:00:40,2024.85,979193,48,2038.68,58104,75668,1.1464109096358368,0
2023-07-28 11:00:40,2024.85,979193,48,2038.68,58109,75689,1.1464109096358368,0
2023-07-28 11:00:40,2024.85,979193,48,2038.68,58106,75689,1.1464109096358368,0
2023-07-28 11:00:40,2024.85,979193,48,2038.68,58126,75689,1.1464109096358368,0
2023-07-28 11:00:40,2024.85,979193,48,2038.68,58092,75731,1.1464109096358368,0
2023-07-28 11:00:50,2026.05,979314,1,2038.68,58028,75955,1.2063539637344454,0
2023-07-28 11:00:50,2026.05,979315,1,2038.68,58343,75691,1.2063539637344454,0
2023-07-28 11:00:50,2026.1,979315,1,2038.68,58330,75706,1.2088515909885518,0
2023-07-28 11:00:52,2026.1,979316,1,2038.68,58336,75706,1.2088515909885518,0
2023-07-28 11:00:52,2025.0,979316,1,2038.68,58232,75906,1.1539037913981671,0
2023-07-28 11:00:55,2025.0,979317,1,2038.68,58232,75906,1.1539037913981671,0
2023-07-28 11:00:55,2026.1,979317,25,2038.68,58232,75906,1.2088515909885518,0
2023-07-28 11:00:57,2026.1,979343,1,2038.68,58234,75879,1.2088515909885518,0
2023-07-28 11:00:57,2026.1,979343,1,2038.68,58234,75879,1.2088515909885518,0
2023-07-28 11:00:57,2025.0,979343,33,2038.68,58235,75879,1.1539037913981671,0
2023-07-28 11:00:59,2025.0,979376,33,2038.68,58311,75828,1.1539037913981671,0
2023-07-28 11:00:59,2026.1,979376,2,2038.68,58311,75828,1.2088515909885518,0
2023-07-28 11:01:00,2026.1,979378,1,2038.68,58339,75826,1.2088515909885518,0
2023-07-28 11:01:00,2027.5,979378,5,2038.68,58339,75826,1.278785154103597,0
2023-07-28 11:01:00,2027.5,979378,1,2038.68,58339,75826,1.278785154103597,0
2023-07-28 11:01:03,2027.5,979586,6,2038.68,58704,75796,1.278785154103597,0
2023-07-28 11:01:03,2028.4,979586,3,2038.68,58704,75796,1.3237424446775563,0
2023-07-28 11:01:04,2028.4,979589,3,2038.68,59032,75668,1.3237424446775563,0
2023-07-28 11:01:04,2028.4,979589,3,2038.68,59048,75749,1.3237424446775563,0
2023-07-28 11:01:04,2028.4,979589,3,2038.68,58845,75677,1.3237424446775563,0
2023-07-28 11:01:04,2027.5,979589,2,2038.68,58845,75677,1.278785154103597,0
2023-07-28 11:01:07,2028.0,979599,4,2038.68,58854,75957,1.3037614266446829,0
2023-07-28 11:01:09,2028.0,979603,4,2038.68,58961,75758,1.3037614266446829,0
2023-07-28 11:01:09,2028.0,979603,98,2038.68,58961,75758,1.3037614266446829,0
2023-07-28 11:01:09,2028.0,979603,7,2038.68,58961,75758,1.3037614266446829,0
2023-07-28 11:01:11,2028.0,979710,7,2038.67,58922,75440,1.3037614266446829,0
2023-07-28 11:01:11,2027.5,979710,17,2038.67,58789,75459,1.278785154103597,0
2023-07-28 11:01:11,2026.4,979710,1,2038.67,58789,75459,1.2238373545132124,0
2023-07-28 11:01:14,2026.4,979799,1,2038.67,58667,75943,1.2238373545132124,0
2023-07-28 11:01:15,2027.0,979808,1,2038.67,58560,75651,1.253808881562511,0
2023-07-28 11:01:15,2027.0,979808,10,2038.67,58560,75651,1.253808881562511,0
2023-07-28 11:01:17,2027.0,979818,1,2038.67,58713,75823,1.253808881562511,0
2023-07-28 11:01:18,2027.0,979860,2,2038.67,58736,75910,1.253808881562511,0
2023-07-28 11:01:19,2027.5,979862,34,2038.67,58766,75891,1.278785154103597,0
2023-07-28 11:01:21,2027.65,979927,5,2038.67,58819,75782,1.2862780358659274,0
2023-07-28 11:01:22,2027.65,979932,5,2038.67,58807,75792,1.2862780358659274,0
2023-07-28 11:01:22,2027.65,979932,5,2038.67,58814,75792,1.2862780358659274,0
2023-07-28 11:01:22,2027.65,979932,5,2038.67,58819,75802,1.2862780358659274,0
2023-07-28 11:01:22,2027.65,979932,5,2038.67,58802,75827,1.2862780358659274,0
2023-07-28 11:01:22,2027.65,979932,5,2038.67,58851,75827,1.2862780358659274,0
2023-07-28 11:01:29,2027.7,979938,5,2038.67,58854,75904,1.2887756631200336,0
2023-07-28 11:01:29,2026.2,979938,4,2038.67,58854,75904,1.2138468454967757,0
2023-07-28 11:01:29,2026.2,979948,4,2038.67,58788,75880,1.2138468454967757,0
2023-07-28 11:01:29,2026.9,979948,1,2038.67,58788,75880,1.2488136270542984,0
2023-07-28 11:01:30,2026.9,979949,1,2038.67,58875,75824,1.2488136270542984,0
2023-07-28 11:01:30,2026.9,979949,1,2038.67,58697,75861,1.2488136270542984,0
2023-07-28 11:01:30,2026.5,979949,6,2038.67,58697,75861,1.228832609021425,0
2023-07-28 11:01:34,2026.5,979979,1,2038.67,58741,75796,1.228832609021425,0
2023-07-28 11:01:35,2026.5,979986,6,2038.67,58718,75841,1.228832609021425,0
2023-07-28 11:01:35,2025.55,979986,21,2038.67,58718,75841,1.1813776911933593,0
2023-07-28 11:01:36,2026.5,980114,7,2038.67,59037,75825,1.228832609021425,0
2023-07-28 11:01:36,2026.5,980114,1,2038.67,59037,75825,1.228832609021425,0
2023-07-28 11:01:37,2026.5,980115,1,2038.67,59056,75820,1.228832609021425,0
2023-07-28 11:01:38,2026.5,980116,1,2038.67,59018,75820,1.228832609021425,0
2023-07-28 11:01:38,2026.5,980116,1,2038.67,58998,75874,1.228832609021425,0
2023-07-28 11:01:38,2025.35,980116,2,2038.67,58998,75874,1.1713871821769228,0
2023-07-28 11:01:42,2025.35,980166,2,2038.67,58729,75751,1.1713871821769228,0
2023-07-28 11:01:42,2025.35,980166,2,2038.67,58756,75725,1.1713871821769228,0
2023-07-28 11:01:42,2025.35,980166,2,2038.67,58933,75690,1.1713871821769228,0
2023-07-28 11:01:42,2025.35,980166,2,2038.67,58919,75821,1.1713871821769228,0
2023-07-28 11:01:42,2026.2,980166,1,2038.67,58919,75821,1.2138468454967757,0
2023-07-28 11:01:47,2026.9,980177,2,2038.67,58840,75726,1.2488136270542984,0
2023-07-28 11:01:48,2026.45,980265,3,2038.67,58730,76025,1.2263349817673188,0
2023-07-28 11:01:48,2026.45,980265,3,2038.67,58736,76025,1.2263349817673188,0
2023-07-28 11:01:48,2026.45,980265,3,2038.67,58733,76064,1.2263349817673188,0
2023-07-28 11:01:48,2026.45,980265,3,2038.67,58703,75903,1.2263349817673188,0
2023-07-28 11:01:48,2026.45,980265,3,2038.67,58695,75906,1.2263349817673188,0
2023-07-28 11:01:48,2025.25,980265,10,2038.67,58695,75906,1.16639192766871,0
2023-07-28 11:01:54,2025.25,980311,10,2038.67,58735,76071,1.16639192766871,0
2023-07-28 11:01:54,2025.25,980311,10,2038.67,58722,76290,1.16639192766871,0
2023-07-28 11:01:54,2025.25,980311,10,2038.67,58591,76278,1.16639192766871,0
2023-07-28 11:01:54,2025.25,980311,10,2038.67,58682,75930,1.16639192766871,0
2023-07-28 11:01:54,2025.0,980311,17,2038.67,58539,75955,1.1539037913981671,0
2023-07-28 11:02:01,2026.25,980398,1,2038.67,58570,75620,1.216344472750882,0
2023-07-28 11:02:01,2026.25,980398,1,2038.67,58612,75701,1.216344472750882,0
2023-07-28 11:02:01,2025.2,980398,16,2038.67,58611,75667,1.1638943004146038,0
2023-07-28 11:02:03,2025.2,980414,16,2038.66,58533,75884,1.1638943004146038,0
2023-07-28 11:02:03,2025.2,980414,16,2038.66,58442,75647,1.1638943004146038,0
2023-07-28 11:02:03,2025.2,980414,16,2038.66,58441,75652,1.1638943004146038,0
2023-07-28 11:02:03,2025.2,980414,16,2038.66,58431,75642,1.1638943004146038,0
2023-07-28 11:02:03,2026.25,980414,8,2038.66,58431,75642,1.216344472750882,0
2023-07-28 11:02:09,2026.25,980424,8,2038.66,58431,75800,1.216344472750882,0
2023-07-28 11:02:09,2026.25,980424,8,2038.66,58431,75800,1.216344472750882,0
2023-07-28 11:02:12,2025.0,980545,69,2038.66,58347,75877,1.1539037913981671,0
2023-07-28 11:02:12,2025.0,980545,69,2038.66,58366,75881,1.1539037913981671,0
2023-07-28 11:02:12,2025.0,980545,69,2038.66,58364,75891,1.1539037913981671,0
2023-07-28 11:02:12,2025.0,980545,69,2038.66,58386,75777,1.1539037913981671,0
2023-07-28 11:02:12,2025.0,980545,69,2038.66,58382,75787,1.1539037913981671,0
2023-07-28 11:02:12,2025.0,980545,69,2038.66,58366,75797,1.1539037913981671,0
2023-07-28 11:02:12,2025.0,980545,11,2038.66,58366,75797,1.1539037913981671,0
2023-07-28 11:02:18,2025.0,980556,11,2038.66,58472,75823,1.1539037913981671,0
2023-07-28 11:02:18,2025.0,980556,11,2038.66,58472,75839,1.1539037913981671,0
2023-07-28 11:02:18,2025.0,980556,1,2038.66,58472,75839,1.1539037913981671,0
2023-07-28 11:02:20,2025.0,980557,1,2038.66,58465,75799,1.1539037913981671,0
2023-07-28 11:02:20,2025.0,980557,11,2038.66,58465,75799,1.1539037913981671,0
2023-07-28 11:02:21,2025.0,980568,11,2038.66,58453,75807,1.1539037913981671,0
2023-07-28 11:02:21,2025.0,980568,11,2038.66,58453,75807,1.1539037913981671,0
2023-07-28 11:02:21,2025.0,980568,10,2038.66,58449,75807,1.1539037913981671,0
2023-07-28 11:02:23,2025.0,980578,10,2038.66,58463,75817,1.1539037913981671,0
2023-07-28 11:02:23,2025.0,980578,10,2038.66,58463,75817,1.1539037913981671,0
2023-07-28 11:02:23,2025.0,980578,10,2038.66,58372,75807,1.1539037913981671,0
2023-07-28 11:02:23,2025.0,980578,10,2038.66,58372,75807,1.1539037913981671,0
2023-07-28 11:02:26,2025.0,980601,2,2038.66,58352,75768,1.1539037913981671,0
2023-07-28 11:02:26,2025.0,980601,2,2038.66,58352,75768,1.1539037913981671,0
2023-07-28 11:02:27,2025.0,980602,1,2038.66,58354,75768,1.1539037913981671,0
2023-07-28 11:02:28,2025.9,980624,22,2038.66,58378,75731,1.1988610819721264,0
2023-07-28 11:02:28,2025.9,980624,22,2038.66,58466,75689,1.1988610819721264,0
2023-07-28 11:02:28,2025.9,980624,22,2038.66,58466,75689,1.1988610819721264,0
2023-07-28 11:02:28,2025.9,980624,22,2038.66,58465,75689,1.1988610819721264,0
2023-07-28 11:02:33,2025.9,980643,19,2038.66,58449,75650,1.1988610819721264,0
2023-07-28 11:02:33,2025.9,980643,19,2038.66,58533,75650,1.1988610819721264,0
2023-07-28 11:02:33,2025.0,980643,2,2038.66,58494,75702,1.1539037913981671,0
2023-07-28 11:02:38,2025.0,980766,3,2038.66,58297,75738,1.1539037913981671,0
2023-07-28 11:02:39,2025.85,980856,63,2038.66,58294,75726,1.1963634547180086,0
2023-07-28 11:02:39,2025.85,980856,63,2038.66,58306,75741,1.1963634547180086,0
2023-07-28 11:02:39,2025.85,980856,63,2038.66,58307,75731,1.1963634547180086,0
2023-07-28 11:02:39,2025.85,980856,63,2038.66,58312,75732,1.1963634547180086,0
2023-07-28 11:02:39,2025.85,980856,63,2038.66,58312,75732,1.1963634547180086,0
2023-07-28 11:02:39,2025.7,980856,5,2038.66,58312,75732,1.1888705729556899,0
2023-07-28 11:02:44,2025.7,980861,5,2038.66,58307,75720,1.1888705729556899,0
2023-07-28 11:02:44,2025.7,980861,5,2038.66,58307,75715,1.1888705729556899,0
2023-07-28 11:02:48,2025.7,980877,15,2038.66,58307,75763,1.1888705729556899,0
2023-07-28 11:02:48,2025.7,980916,6,2038.66,58336,75795,1.1888705729556899,0
2023-07-28 11:02:51,2025.0,980921,5,2038.66,58336,75805,1.1539037913981671,0
2023-07-28 11:02:51,2025.0,980921,5,2038.66,58336,75805,1.1539037913981671,0
2023-07-28 11:02:52,2025.7,981077,26,2038.66,58316,75765,1.1888705729556899,0
2023-07-28 11:02:52,2025.7,981077,26,2038.66,58316,75709,1.1888705729556899,0
2023-07-28 11:02:52,2025.7,981077,26,2038.66,58316,75790,1.1888705729556899,0
2023-07-28 11:02:54,2024.95,981080,3,2038.66,58315,75780,1.1514061641440607,0
2023-07-28 11:02:54,2025.7,981080,1,2038.66,58315,75780,1.1888705729556899,0
2023-07-28 11:02:55,2025.7,981083,1,2038.66,58216,75782,1.1888705729556899,0
2023-07-28 11:02:55,2025.7,981083,1,2038.66,58231,75795,1.1888705729556899,0
2023-07-28 11:02:55,2025.7,981083,1,2038.66,58226,75777,1.1888705729556899,0
2023-07-28 11:02:55,2025.7,981083,1,2038.66,58178,75836,1.1888705729556899,0
2023-07-28 11:02:55,2025.7,981083,1,2038.66,58178,75837,1.1888705729556899,0
2023-07-28 11:03:03,2025.7,981114,13,2038.66,58181,75796,1.1888705729556899,0
2023-07-28 11:03:03,2025.7,981114,13,2038.66,58182,75806,1.1888705729556899,0
2023-07-28 11:03:03,2025.7,981114,13,2038.66,58182,75801,1.1888705729556899,0
2023-07-28 11:03:03,2025.7,981114,13,2038.66,58177,75796,1.1888705729556899,0
2023-07-28 11:03:03,2025.7,981114,6,2038.66,58177,75796,1.1888705729556899,0
2023-07-28 11:03:08,2025.7,981169,6,2038.65,58117,75759,1.1888705729556899,0
2023-07-28 11:03:08,2025.7,981169,6,2038.65,58114,75759,1.1888705729556899,0
2023-07-28 11:03:08,2025.7,981169,14,2038.65,58114,75759,1.1888705729556899,0
2023-07-28 11:03:14,2025.7,981183,14,2038.65,58141,75929,1.1888705729556899,0
2023-07-28 11:03:14,2025.0,981183,3,2038.65,58141,75929,1.1539037913981671,0
2023-07-28 11:03:16,2024.65,981193,84,2038.65,58095,75913,1.1364204006194114,0
2023-07-28 11:03:18,2024.65,981314,84,2038.65,58094,76108,1.1364204006194114,0
2023-07-28 11:03:18,2025.7,981314,44,2038.65,58094,76108,1.1888705729556899,0
2023-07-28 11:03:25,2025.7,981523,1,2038.65,57960,75851,1.1888705729556899,0
2023-07-28 11:03:25,2025.7,981523,6,2038.65,57960,75851,1.1888705729556899,0
2023-07-28 11:03:28,2025.7,981580,27,2038.65,57996,75822,1.1888705729556899,0
2023-07-28 11:03:28,2025.7,981580,27,2038.65,57996,75822,1.1888705729556899,0
2023-07-28 11:03:28,2025.7,981580,27,2038.65,57998,75822,1.1888705729556899,0
2023-07-28 11:03:33,2025.7,981620,3,2038.65,58086,75784,1.1888705729556899,0
2023-07-28 11:03:33,2025.7,981620,3,2038.65,57981,75770,1.1888705729556899,0
2023-07-28 11:03:33,2024.65,981620,7,2038.65,57981,75770,1.1364204006194114,0
2023-07-28 11:03:38,2024.65,981725,7,2038.65,57931,75867,1.1364204006194114,0
2023-07-28 11:03:39,2025.7,981727,2,2038.65,58150,75769,1.1888705729556899,0
2023-07-28 11:03:39,2025.7,981727,2,2038.65,58150,75774,1.1888705729556899,0
2023-07-28 11:03:39,2025.85,981727,1,2038.65,58150,75774,1.1963634547180086,0
2023-07-28 11:03:44,2025.85,981732,1,2038.65,58005,76000,1.1963634547180086,0
2023-07-28 11:03:44,2025.05,981732,5,2038.65,58005,76000,1.1564014186522735,0
2023-07-28 11:03:50,2024.65,981838,76,2038.65,57966,76090,1.1364204006194114,0
2023-07-28 11:03:50,2024.65,981838,76,2038.65,57964,76043,1.1364204006194114,0
2023-07-28 11:03:50,2024.65,981838,76,2038.65,57928,75922,1.1364204006194114,0
2023-07-28 11:03:50,2024.2,981838,10,2038.65,57928,75922,1.1139417553324318,0
2023-07-28 11:04:00,2024.2,981959,10,2038.64,57500,76390,1.1139417553324318,0
2023-07-28 11:04:00,2025.05,981959,14,2038.64,57500,76390,1.1564014186522735,0
2023-07-28 11:04:01,2025.05,981995,14,2038.64,57528,76168,1.1564014186522735,0
2023-07-28 11:04:01,2025.0,981995,41,2038.64,57528,76168,1.1539037913981671,0
2023-07-28 11:04:01,2025.0,981995,2,2038.64,57528,76168,1.1539037913981671,0
2023-07-28 11:04:04,2025.0,982038,2,2038.64,57578,76172,1.1539037913981671,0
2023-07-28 11:04:04,2025.0,982038,2,2038.64,57566,76162,1.1539037913981671,0
2023-07-28 11:04:04,2025.0,982038,2,2038.64,57575,76155,1.1539037913981671,0
2023-07-28 11:04:04,2025.0,982038,2,2038.64,57560,76181,1.1539037913981671,0
2023-07-28 11:04:04,2025.0,982038,2,2038.64,57713,76010,1.1539037913981671,0
2023-07-28 11:04:04,2025.0,982038,2,2038.64,57537,76016,1.1539037913981671,0
2023-07-28 11:04:04,2025.0,982038,2,2038.64,57537,76017,1.1539037913981671,0
2023-07-28 11:04:04,2025.0,982038,2,2038.64,57475,76049,1.1539037913981671,0
2023-07-28 11:04:04,2025.0,982038,2,2038.64,57515,75997,1.1539037913981671,0
2023-07-28 11:04:04,2025.0,982038,6,2038.64,57515,75997,1.1539037913981671,0
2023-07-28 11:04:13,2025.0,982046,6,2038.64,57555,76016,1.1539037913981671,0
2023-07-28 11:04:13,2025.0,982046,6,2038.64,57538,75984,1.1539037913981671,0
2023-07-28 11:04:13,2025.0,982046,6,2038.64,57538,76060,1.1539037913981671,0
2023-07-28 11:04:17,2023.8,982066,10,2038.64,57649,76260,1.0939607372995586,0
2023-07-28 11:04:17,2023.8,982066,10,2038.64,57516,76487,1.0939607372995586,0
2023-07-28 11:04:17,2023.8,982066,10,2038.64,57453,76461,1.0939607372995586,0
2023-07-28 11:04:17,2023.8,982066,10,2038.64,57438,76437,1.0939607372995586,0
2023-07-28 11:04:17,2023.8,982066,10,2038.64,57438,76437,1.0939607372995586,0
2023-07-28 11:04:21,2023.4,982076,4,2038.64,57543,76455,1.0739797192666967,0
2023-07-28 11:04:22,2022.8,982192,100,2038.64,55780,76497,1.0440081922173867,0
2023-07-28 11:04:22,2022.8,982192,100,2038.64,56461,76465,1.0440081922173867,0
2023-07-28 11:04:22,2021.9,982192,91,2038.64,56461,76465,0.9990509016434387,0
2023-07-28 11:04:24,2021.9,982297,91,2038.64,57084,76716,0.9990509016434387,0
2023-07-28 11:04:24,2021.9,982297,91,2038.64,57087,76699,0.9990509016434387,0
2023-07-28 11:04:24,2021.9,982297,91,2038.64,57069,76506,0.9990509016434387,0
2023-07-28 11:04:24,2021.0,982297,2,2038.64,57070,76496,0.9540936110694794,0
2023-07-28 11:04:28,2020.7,983051,2,2038.62,56722,76237,0.9391078475448301,0
2023-07-28 11:04:28,2020.7,983051,2,2038.62,56727,76254,0.9391078475448301,0
2023-07-28 11:04:28,2022.0,983051,5,2038.62,56727,76254,1.0040461561516514,0
2023-07-28 11:04:28,2020.7,983051,1,2038.62,56727,76254,0.9391078475448301,0
2023-07-28 11:04:32,2020.55,983202,1,2038.62,56643,75801,0.9316149657824998,0
2023-07-28 11:04:32,2020.55,983202,1,2038.62,56734,75787,0.9316149657824998,0
2023-07-28 11:04:32,2020.55,983202,1,2038.62,56790,75792,0.9316149657824998,0
2023-07-28 11:04:32,2020.55,983202,1,2038.62,56808,75702,0.9316149657824998,0
2023-07-28 11:04:32,2020.55,983202,1,2038.62,56628,75751,0.9316149657824998,0
2023-07-28 11:04:37,2020.6,983422,15,2038.62,56876,75832,0.9341125930366061,0
2023-07-28 11:04:37,2020.6,983422,15,2038.62,56893,75164,0.9341125930366061,0
2023-07-28 11:04:37,2020.6,983422,15,2038.62,56840,75875,0.9341125930366061,0
2023-07-28 11:04:37,2020.6,983422,15,2038.62,56861,75870,0.9341125930366061,0
2023-07-28 11:04:37,2022.0,983422,2,2038.62,56861,75870,1.0040461561516514,0
2023-07-28 11:04:42,2021.1,983486,1,2038.62,56866,75807,0.959088865577692,0
2023-07-28 11:04:43,2023.05,983881,23,2038.61,56864,75796,1.0564963284879296,0
2023-07-28 11:04:43,2021.35,983881,68,2038.61,56864,75796,0.971577001848235,0
2023-07-28 11:04:43,2021.35,984055,68,2038.61,56907,75863,0.971577001848235,0
2023-07-28 11:04:43,2022.0,984055,1,2038.61,56907,75863,1.0040461561516514,0
2023-07-28 11:04:45,2022.0,984229,1,2038.6,56932,75739,1.0040461561516514,0
2023-07-28 11:04:46,2022.0,984244,12,2038.6,56902,75793,1.0040461561516514,0
2023-07-28 11:04:46,2022.0,984244,12,2038.6,56902,75793,1.0040461561516514,0
2023-07-28 11:04:46,2022.0,984244,12,2038.6,56881,75793,1.0040461561516514,0
2023-07-28 11:04:46,2022.0,984244,1,2038.6,56881,75793,1.0040461561516514,0
2023-07-28 11:04:47,2021.55,984283,74,2038.6,57064,75767,0.9815675108646716,0
2023-07-28 11:04:49,2021.55,984386,74,2038.6,56680,75744,0.9815675108646716,0
2023-07-28 11:04:49,2021.55,984386,74,2038.6,56927,75759,0.9815675108646716,0
2023-07-28 11:04:49,2021.55,984386,74,2038.6,56825,75758,0.9815675108646716,0
2023-07-28 11:04:49,2021.55,984386,74,2038.6,57238,75732,0.9815675108646716,0
2023-07-28 11:04:54,2022.9,984406,5,2038.6,57217,75698,1.0490034467256106,0
2023-07-28 11:04:54,2022.0,984506,100,2038.6,56962,75687,1.0040461561516514,0
2023-07-28 11:04:56,2022.9,984516,10,2038.6,57021,75687,1.0490034467256106,0
2023-07-28 11:04:56,2022.0,984556,40,2038.6,57002,75692,1.0040461561516514,0
2023-07-28 11:04:56,2022.0,984556,2,2038.6,57002,75692,1.0040461561516514,0
2023-07-28 11:04:57,2022.0,984558,2,2038.6,57021,75697,1.0040461561516514,0
2023-07-28 11:04:57,2022.0,984558,2,2038.6,57021,75692,1.0040461561516514,0
2023-07-28 11:05:00,2021.85,984666,35,2038.6,57087,75824,0.996553274389321,0
2023-07-28 11:05:00,2022.85,984843,11,2038.59,57278,75640,1.046505819471493,0
2023-07-28 11:05:00,2021.0,984843,200,2038.59,57039,75699,0.9540936110694794,0
2023-07-28 11:05:02,2021.0,985457,1,2038.58,56824,75279,0.9540936110694794,0
2023-07-28 11:05:04,2022.5,985502,7,2038.58,56966,75109,1.0290224286927374,0
2023-07-28 11:05:04,2022.5,985502,7,2038.58,56782,75186,1.0290224286927374,0
2023-07-28 11:05:04,2022.5,985502,57,2038.58,56782,75186,1.0290224286927374,0
2023-07-28 11:05:04,2021.45,985502,23,2038.58,56782,75186,0.9765722563564591,0
2023-07-28 11:05:06,2022.85,985877,1,2038.58,56708,75155,1.046505819471493,0
2023-07-28 11:05:07,2022.85,985886,8,2038.58,56748,75147,1.046505819471493,0
2023-07-28 11:05:07,2021.35,985886,10,2038.58,56748,75147,0.971577001848235,0
2023-07-28 11:05:08,2021.4,986114,20,2038.57,56824,75237,0.9740746291023528,0
2023-07-28 11:05:08,2021.4,986114,20,2038.57,56960,75138,0.9740746291023528,0
2023-07-28 11:05:08,2021.4,986114,20,2038.57,56885,75075,0.9740746291023528,0
2023-07-28 11:05:08,2021.35,986114,16,2038.57,56885,75109,0.971577001848235,0
2023-07-28 11:05:12,2021.35,986240,16,2038.57,57057,74116,0.971577001848235,0
2023-07-28 11:05:13,2022.85,986241,1,2038.57,57064,74056,1.046505819471493,0
2023-07-28 11:05:13,2022.85,986241,1,2038.57,57018,73980,1.046505819471493,0
2023-07-28 11:05:15,2021.85,986251,10,2038.57,56898,74162,0.996553274389321,0
2023-07-28 11:05:15,2021.85,986251,10,2038.57,56888,73928,0.996553274389321,0
2023-07-28 11:05:15,2021.85,986251,10,2038.57,56888,73971,0.996553274389321,0
2023-07-28 11:05:15,2021.85,986251,10,2038.57,56889,74007,0.996553274389321,0
2023-07-28 11:05:15,2021.85,986251,10,2038.57,57002,74056,0.996553274389321,0
2023-07-28 11:05:21,2022.85,986272,6,2038.57,56978,74127,1.046505819471493,0
2023-07-28 11:05:21,2022.85,986272,6,2038.57,56979,74091,1.046505819471493,0
2023-07-28 11:05:21,2022.85,986272,6,2038.57,56979,74091,1.046505819471493,0
2023-07-28 11:05:21,2022.85,986272,6,2038.57,56998,74089,1.046505819471493,0
2023-07-28 11:05:24,2022.85,986399,44,2038.57,56935,74045,1.046505819471493,0
2023-07-28 11:05:24,2022.85,986399,44,2038.57,56935,74045,1.046505819471493,0
2023-07-28 11:05:24,2022.85,986399,44,2038.57,56936,74010,1.046505819471493,0
2023-07-28 11:05:26,2023.15,986498,79,2038.57,56975,73979,1.0614915829961535,0
2023-07-28 11:05:26,2023.15,986498,79,2038.57,56975,73979,1.0614915829961535,0
2023-07-28 11:05:26,2023.15,986498,79,2038.57,56987,73990,1.0614915829961535,0
2023-07-28 11:05:26,2023.15,986498,79,2038.57,56876,74228,1.0614915829961535,0
2023-07-28 11:05:30,2021.9,986569,1,2038.57,56835,74449,0.9990509016434387,0
2023-07-28 11:05:30,2023.3,986569,6,2038.57,56835,74449,1.0689844647584725,0
2023-07-28 11:05:30,2023.3,986681,6,2038.56,56931,74180,1.0689844647584725,0
2023-07-28 11:05:31,2022.05,986697,16,2038.56,57016,74268,1.0065437834057576,0
2023-07-28 11:05:31,2022.05,986697,16,2038.56,56859,74455,1.0065437834057576,0
2023-07-28 11:05:31,2022.05,986697,16,2038.56,56897,74295,1.0065437834057576,0
2023-07-28 11:05:31,2022.05,986697,16,2038.56,56921,74275,1.0065437834057576,0
2023-07-28 11:05:31,2022.05,986697,16,2038.56,56910,74282,1.0065437834057576,0
2023-07-28 11:05:31,2022.05,986697,16,2038.56,56894,74287,1.0065437834057576,0
2023-07-28 11:05:31,2023.35,986697,7,2038.56,56894,74287,1.071482092012579,0
2023-07-28 11:05:38,2023.35,986927,7,2038.56,57641,74012,1.071482092012579,0
2023-07-28 11:05:38,2023.35,986927,7,2038.56,57406,73901,1.071482092012579,0
2023-07-28 11:05:38,2023.95,986927,2,2038.56,57406,73901,1.1014536190618889,0
2023-07-28 11:05:40,2023.95,986929,2,2038.56,57135,74187,1.1014536190618889,0
2023-07-28 11:05:40,2023.95,986929,2,2038.56,57214,74162,1.1014536190618889,0
2023-07-28 11:05:44,2023.95,986949,9,2038.56,57101,74253,1.1014536190618889,0
2023-07-28 11:05:44,2023.95,987049,18,2038.56,57202,74117,1.1014536190618889,0
2023-07-28 11:05:44,2023.95,987049,18,2038.56,57202,74117,1.1014536190618889,0
2023-07-28 11:05:45,2024.0,987116,29,2038.56,57319,73939,1.1039512463159953,0
2023-07-28 11:05:45,2024.0,987116,29,2038.56,57202,74141,1.1039512463159953,0
2023-07-28 11:05:47,2023.95,987121,5,2038.56,57178,74122,1.1014536190618889,0
2023-07-28 11:05:48,2023.95,987489,10,2038.55,57088,74367,1.1014536190618889,0
2023-07-28 11:05:48,2023.95,987489,10,2038.55,57188,74154,1.1014536190618889,0
2023-07-28 11:05:48,2024.0,987489,45,2038.55,57188,74154,1.1039512463159953,0
2023-07-28 11:05:51,2023.95,987651,13,2038.55,57495,74174,1.1014536190618889,0
2023-07-28 11:05:51,2023.95,987651,13,2038.55,57495,74174,1.1014536190618889,0
2023-07-28 11:05:51,2023.95,987651,13,2038.55,57351,74379,1.1014536190618889,0
2023-07-28 11:05:52,2023.95,987661,10,2038.55,57035,74720,1.1014536190618889,0
2023-07-28 11:05:52,2023.95,987661,10,2038.55,57156,74417,1.1014536190618889,0
2023-07-28 11:05:52,2023.95,987661,10,2038.55,57206,74343,1.1014536190618889,0
2023-07-28 11:05:52,2023.95,987661,10,2038.55,57055,74507,1.1014536190618889,0
2023-07-28 11:05:52,2023.95,987661,10,2038.55,57218,74637,1.1014536190618889,0
2023-07-28 11:05:52,2023.0,987661,29,2038.55,57189,74545,1.0539987012338232,0
2023-07-28 11:05:59,2023.0,987695,29,2038.55,57210,74545,1.0539987012338232,0
2023-07-28 11:05:59,2023.0,987695,29,2038.55,57126,74526,1.0539987012338232,0
2023-07-28 11:05:59,2022.0,987695,70,2038.55,57151,74506,1.0040461561516514,0
2023-07-28 11:06:02,2022.0,987811,70,2038.55,57125,74396,1.0040461561516514,0
2023-07-28 11:06:02,2022.0,987811,70,2038.55,57063,74656,1.0040461561516514,0
2023-07-28 11:06:05,2023.4,988011,5,2038.54,57196,73977,1.0739797192666967,0
2023-07-28 11:06:06,2023.4,988016,5,2038.54,57300,74402,1.0739797192666967,0
2023-07-28 11:06:06,2023.4,988016,5,2038.54,57300,74402,1.0739797192666967,0
2023-07-28 11:06:06,2023.4,988016,5,2038.54,57427,74273,1.0739797192666967,0
2023-07-28 11:06:08,2023.4,988017,1,2038.54,57297,74448,1.0739797192666967,0
2023-07-28 11:06:08,2023.4,988017,1,2038.54,57329,74254,1.0739797192666967,0
2023-07-28 11:06:08,2023.4,988017,1,2038.54,57564,74305,1.0739797192666967,0
2023-07-28 11:06:08,2023.4,988017,1,2038.54,57529,74375,1.0739797192666967,0
2023-07-28 11:06:08,2023.4,988017,1,2038.54,57605,74359,1.0739797192666967,0
2023-07-28 11:06:08,2023.4,988017,1,2038.54,57586,74387,1.0739797192666967,0
2023-07-28 11:06:15,2023.95,988039,20,2038.54,57641,74383,1.1014536190618889,0
2023-07-28 11:06:15,2023.95,988039,20,2038.54,57592,74425,1.1014536190618889,0
2023-07-28 11:06:15,2023.95,988039,20,2038.54,57725,74414,1.1014536190618889,0
2023-07-28 11:06:15,2023.95,988039,1,2038.54,57915,74478,1.1014536190618889,0
2023-07-28 11:06:19,2023.95,988055,1,2038.54,57883,74440,1.1014536190618889,0
2023-07-28 11:06:19,2023.4,988055,1,2038.54,57883,74440,1.0739797192666967,0
2023-07-28 11:06:20,2023.4,988056,1,2038.54,57826,74379,1.0739797192666967,0
2023-07-28 11:06:20,2023.95,988056,13,2038.54,57826,74379,1.1014536190618889,0
2023-07-28 11:06:21,2023.95,988106,13,2038.54,57928,74339,1.1014536190618889,0
2023-07-28 11:06:21,2023.95,988106,13,2038.54,57963,74329,1.1014536190618889,0
2023-07-28 11:06:21,2023.95,988106,13,2038.54,58037,74358,1.1014536190618889,0
2023-07-28 11:06:21,2023.95,988106,13,2038.54,58071,74390,1.1014536190618889,0
2023-07-28 11:06:21,2022.9,988106,6,2038.54,58071,74390,1.0490034467256106,0
2023-07-28 11:06:26,2022.9,988164,6,2038.54,58063,74261,1.0490034467256106,0
2023-07-28 11:06:26,2023.55,988164,4,2038.54,58063,74261,1.0814726010290157,0
2023-07-28 11:06:28,2023.55,988321,4,2038.54,58115,74308,1.0814726010290157,0
2023-07-28 11:06:28,2023.7,988321,16,2038.54,58115,74308,1.088965482791346,0
2023-07-28 11:06:29,2023.7,988337,16,2038.54,57869,74447,1.088965482791346,0
2023-07-28 11:06:29,2023.7,988337,16,2038.54,57849,74343,1.088965482791346,0
2023-07-28 11:06:29,2023.7,988337,16,2038.54,57988,74356,1.088965482791346,0
2023-07-28 11:06:29,2023.7,988337,16,2038.54,58141,74218,1.088965482791346,0
2023-07-28 11:06:29,2023.7,988337,16,2038.54,57740,74648,1.088965482791346,0
2023-07-28 11:06:35,2023.7,988379,1,2038.54,57677,74478,1.088965482791346,0
2023-07-28 11:06:35,2023.7,988379,10,2038.54,57677,74478,1.088965482791346,0
2023-07-28 11:06:36,2023.7,988454,10,2038.54,57899,74467,1.088965482791346,0
2023-07-28 11:06:36,2023.7,988454,10,2038.54,57621,74533,1.088965482791346,0
2023-07-28 11:06:39,2022.8,988456,1,2038.54,57463,74764,1.0440081922173867,0
2023-07-28 11:06:39,2022.8,988456,4,2038.54,57463,74764,1.0440081922173867,0
2023-07-28 11:06:40,2022.8,988465,4,2038.54,57861,74721,1.0440081922173867,0
2023-07-28 11:06:40,2022.8,988465,4,2038.54,57729,74798,1.0440081922173867,0
2023-07-28 11:06:40,2023.35,988465,10,2038.54,57729,74798,1.071482092012579,0
2023-07-28 11:06:43,2022.5,988523,19,2038.54,57647,74499,1.0290224286927374,0
2023-07-28 11:06:43,2022.1,988594,37,2038.53,57822,74638,1.009041410659864,0
2023-07-28 11:06:43,2022.1,988594,37,2038.53,57788,74561,1.009041410659864,0
2023-07-28 11:06:43,2022.1,988594,1,2038.53,57788,74561,1.009041410659864,0
2023-07-28 11:06:46,2022.1,988595,1,2038.53,57761,74552,1.009041410659864,0
2023-07-28 11:06:46,2022.1,988595,1,2038.53,57652,74553,1.009041410659864,0
2023-07-28 11:06:46,2022.1,988595,1,2038.53,57679,74539,1.009041410659864,0
2023-07-28 11:06:46,2022.1,988595,1,2038.53,57887,74551,1.009041410659864,0
2023-07-28 11:06:46,2022.1,988595,4,2038.53,57887,74551,1.009041410659864,0
2023-07-28 11:06:50,2022.1,988608,4,2038.53,57977,74621,1.009041410659864,0
2023-07-28 11:06:52,2021.7,989325,2,2038.52,57010,75104,0.9890603926270021,0
2023-07-28 11:06:52,2021.7,989325,2,2038.52,57495,74423,0.9890603926270021,0
2023-07-28 11:06:52,2021.7,989325,2,2038.52,57382,74534,0.9890603926270021,0
2023-07-28 11:06:52,2021.7,989325,20,2038.52,57382,74534,0.9890603926270021,0
2023-07-28 11:06:54,2022.75,989360,5,2038.52,57132,74785,1.0415105649632803,0
2023-07-28 11:06:54,2022.75,989360,3,2038.52,57132,74785,1.0415105649632803,0
2023-07-28 11:06:56,2022.75,989373,3,2038.52,57500,74410,1.0415105649632803,0
2023-07-28 11:06:56,2022.75,989373,3,2038.52,57446,74398,1.0415105649632803,0
2023-07-28 11:06:56,2022.75,989373,3,2038.52,57426,74565,1.0415105649632803,0
2023-07-28 11:06:59,2021.7,989383,3,2038.52,57439,74623,0.9890603926270021,0
2023-07-28 11:06:59,2021.7,989383,3,2038.52,57425,74679,0.9890603926270021,0
2023-07-28 11:06:59,2021.7,989383,3,2038.52,57493,74600,0.9890603926270021,0
2023-07-28 11:06:59,2021.7,989383,3,2038.52,57495,74605,0.9890603926270021,0
2023-07-28 11:06:59,2021.7,989383,3,2038.52,57557,74499,0.9890603926270021,0
2023-07-28 11:06:59,2022.5,989383,16,2038.52,57557,74499,1.0290224286927374,0
2023-07-28 11:07:03,2022.5,989404,16,2038.52,57551,74634,1.0290224286927374,0
2023-07-28 11:07:03,2022.5,989404,16,2038.52,57554,74623,1.0290224286927374,0
2023-07-28 11:07:03,2022.5,989404,3,2038.52,57554,74623,1.0290224286927374,0
2023-07-28 11:07:05,2022.5,989526,3,2038.52,57544,74650,1.0290224286927374,0
2023-07-28 11:07:05,2021.3,989526,7,2038.52,57544,74650,0.9690793745941287,0
2023-07-28 11:07:07,2021.3,989534,7,2038.52,57260,74844,0.9690793745941287,0
2023-07-28 11:07:07,2021.15,989534,43,2038.52,57251,74828,0.9615864928318097,0
2023-07-28 11:07:10,2021.05,989587,2,2038.52,57047,74814,0.9565912383235857,0
2023-07-28 11:07:10,2022.35,989587,2,2038.52,57047,74814,1.0215295469304069,0
2023-07-28 11:07:10,2022.35,989589,2,2038.52,57011,74558,1.0215295469304069,0
2023-07-28 11:07:10,2022.35,989589,2,2038.52,57086,74573,1.0215295469304069,0
2023-07-28 11:07:10,2021.3,989589,3,2038.52,57086,74597,0.9690793745941287,0
2023-07-28 11:07:15,2021.05,989597,2,2038.52,57095,74533,0.9565912383235857,0
2023-07-28 11:07:16,2021.15,989599,16,2038.52,57206,74271,0.9615864928318097,0
2023-07-28 11:07:17,2021.15,989615,16,2038.52,57289,74322,0.9615864928318097,0
2023-07-28 11:07:17,2021.1,989615,50,2038.52,57289,74322,0.959088865577692,0
2023-07-28 11:07:18,2021.1,989665,50,2038.52,57289,74346,0.959088865577692,0
2023-07-28 11:07:18,2021.1,989665,50,2038.52,57246,74368,0.959088865577692,0
2023-07-28 11:07:18,2021.1,989665,2,2038.52,57246,74368,0.959088865577692,0
2023-07-28 11:07:20,2021.1,989667,2,2038.52,57252,74469,0.959088865577692,0
2023-07-28 11:07:20,2021.1,989667,2,2038.52,57253,74454,0.959088865577692,0
2023-07-28 11:07:20,2022.35,989667,1,2038.52,57253,74464,1.0215295469304069,0
2023-07-28 11:07:23,2021.1,989670,1,2038.52,57222,74468,0.959088865577692,0
2023-07-28 11:07:25,2021.1,989675,1,2038.52,57257,74298,0.959088865577692,0
2023-07-28 11:07:26,2021.1,989679,1,2038.52,57088,74004,0.959088865577692,0
2023-07-28 11:07:26,2022.35,989679,1,2038.52,57088,74004,1.0215295469304069,0
2023-07-28 11:07:28,2021.0,989801,41,2038.51,57191,74169,0.9540936110694794,0
2023-07-28 11:07:28,2021.0,989801,41,2038.51,57191,74133,0.9540936110694794,0
2023-07-28 11:07:28,2021.0,989801,41,2038.51,57591,74075,0.9540936110694794,0
2023-07-28 11:07:29,2021.1,989811,10,2038.51,57584,74072,0.959088865577692,0
2023-07-28 11:07:31,2021.1,989826,15,2038.51,57584,74082,0.959088865577692,0
2023-07-28 11:07:32,2021.1,989902,4,2038.51,57526,74108,0.959088865577692,0
2023-07-28 11:07:32,2021.1,989902,1,2038.51,57463,74112,0.959088865577692,0
2023-07-28 11:07:34,2021.1,989903,1,2038.51,57381,74094,0.959088865577692,0
2023-07-28 11:07:34,2021.1,989903,1,2038.51,57400,74089,0.959088865577692,0
2023-07-28 11:07:34,2021.1,989903,1,2038.51,57470,74055,0.959088865577692,0
2023-07-28 11:07:34,2021.1,989903,1,2038.51,57454,74072,0.959088865577692,0
2023-07-28 11:07:34,2021.1,989903,1,2038.51,57454,74072,0.959088865577692,0
2023-07-28 11:07:39,2021.1,990003,100,2038.51,57481,74091,0.959088865577692,0
2023-07-28 11:07:39,2021.1,990003,100,2038.51,57481,74084,0.959088865577692,0
2023-07-28 11:07:39,2021.1,990003,100,2038.51,57481,74069,0.959088865577692,0
2023-07-28 11:07:39,2021.1,990003,100,2038.51,57481,74018,0.959088865577692,0
2023-07-28 11:07:39,2022.0,990003,7,2038.51,57484,73986,1.0040461561516514,0
2023-07-28 11:07:44,2022.0,990014,1,2038.51,57389,73973,1.0040461561516514,0
2023-07-28 11:07:44,2022.0,990014,30,2038.51,57389,73973,1.0040461561516514,0
2023-07-28 11:07:45,2022.0,990049,30,2038.51,57397,73952,1.0040461561516514,0
2023-07-28 11:07:45,2022.0,990049,30,2038.51,57377,73947,1.0040461561516514,0
2023-07-28 11:07:45,2022.0,990049,30,2038.51,57413,73952,1.0040461561516514,0
2023-07-28 11:07:49,2022.0,990055,6,2038.51,57407,73946,1.0040461561516514,0
2023-07-28 11:07:49,2022.0,990055,2,2038.51,57407,73941,1.0040461561516514,0
2023-07-28 11:07:51,2022.0,990079,1,2038.51,57397,74004,1.0040461561516514,0
2023-07-28 11:07:51,2022.0,990129,50,2038.51,57399,73954,1.0040461561516514,0
2023-07-28 11:07:52,2022.0,990130,1,2038.51,57409,73948,1.0040461561516514,0
2023-07-28 11:07:54,2022.0,990330,7,2038.5,57623,73850,1.0040461561516514,0
2023-07-28 11:07:55,2022.0,990331,1,2038.5,57650,73820,1.0040461561516514,0
2023-07-28 11:07:55,2022.0,990331,1,2038.5,57685,73843,1.0040461561516514,0
2023-07-28 11:07:55,2021.2,990331,20,2038.5,57725,73843,0.964084120085916,0
2023-07-28 11:07:59,2022.0,990374,11,2038.5,57682,73923,1.0040461561516514,0
2023-07-28 11:07:59,2022.0,990374,11,2038.5,57707,73923,1.0040461561516514,0
2023-07-28 11:08:00,2022.0,990379,5,2038.5,57709,73918,1.0040461561516514,0
2023-07-28 11:08:00,2022.0,990379,5,2038.5,57709,73933,1.0040461561516514,0
2023-07-28 11:08:00,2022.0,990379,5,2038.5,57709,73883,1.0040461561516514,0
2023-07-28 11:08:00,2022.0,990379,2,2038.5,57709,74001,1.0040461561516514,0
2023-07-28 11:08:03,2022.0,990381,2,2038.5,57698,73999,1.0040461561516514,0
2023-07-28 11:08:03,2022.0,990381,20,2038.5,57698,73999,1.0040461561516514,0
2023-07-28 11:08:05,2022.0,990432,20,2038.5,57686,73936,1.0040461561516514,0
2023-07-28 11:08:05,2022.0,990432,20,2038.5,57660,74132,1.0040461561516514,0
2023-07-28 11:08:05,2022.0,990432,5,2038.5,57678,74220,1.0040461561516514,0
2023-07-28 11:08:08,2022.0,990437,5,2038.5,57663,74209,1.0040461561516514,0
2023-07-28 11:08:08,2021.2,990437,12,2038.5,57648,74272,0.964084120085916,0
2023-07-28 11:08:11,2021.2,990462,12,2038.5,57599,74330,0.964084120085916,0
2023-07-28 11:08:11,2021.2,990462,12,2038.5,57601,74347,0.964084120085916,0
2023-07-28 11:08:11,2021.2,990462,12,2038.5,57600,74452,0.964084120085916,0
2023-07-28 11:08:11,2021.2,990462,12,2038.5,57511,74437,0.964084120085916,0
2023-07-28 11:08:11,2021.2,990462,12,2038.5,57526,74432,0.964084120085916,0
2023-07-28 11:08:11,2022.0,990462,2,2038.5,57526,74432,1.0040461561516514,0
2023-07-28 11:08:18,2022.0,990464,2,2038.5,57539,74366,1.0040461561516514,0
2023-07-28 11:08:18,2022.0,990464,2,2038.5,57564,74372,1.0040461561516514,0
2023-07-28 11:08:18,2022.0,990464,2,2038.5,57549,74372,1.0040461561516514,0
2023-07-28 11:08:18,2022.0,990464,12,2038.5,57549,74372,1.0040461561516514,0
2023-07-28 11:08:20,2022.0,990476,12,2038.5,57534,74350,1.0040461561516514,0
2023-07-28 11:08:20,2021.1,990476,116,2038.5,57534,74350,0.959088865577692,0
2023-07-28 11:08:22,2021.1,990597,116,2038.5,57430,74400,0.959088865577692,0
2023-07-28 11:08:22,2022.0,990599,2,2038.5,57335,74371,1.0040461561516514,0
2023-07-28 11:08:22,2022.0,990599,2,2038.5,57335,74371,1.0040461561516514,0
2023-07-28 11:08:23,2021.1,990664,61,2038.5,57273,74376,0.959088865577692,0
2023-07-28 11:08:23,2021.1,990664,61,2038.5,57273,74376,0.959088865577692,0
2023-07-28 11:08:23,2021.1,990664,61,2038.5,57275,74322,0.959088865577692,0
2023-07-28 11:08:23,2021.1,990664,61,2038.5,57275,74102,0.959088865577692,0
2023-07-28 11:08:23,2021.1,990664,61,2038.5,57275,74102,0.959088865577692,0
2023-07-28 11:08:23,2021.1,990664,61,2038.5,57275,74102,0.959088865577692,0
2023-07-28 11:08:23,2021.95,990664,1,2038.5,57290,74102,1.001548528897545,0
2023-07-28 11:08:23,2021.95,990664,1,2038.5,57290,74102,1.001548528897545,0
2023-07-28 11:08:27,2021.95,990665,1,2038.5,57280,74363,1.001548528897545,0
2023-07-28 11:08:30,2021.95,990678,3,2038.5,57319,74341,1.001548528897545,0
2023-07-28 11:08:30,2021.95,990678,3,2038.5,57315,74341,1.001548528897545,0
2023-07-28 11:08:30,2021.95,990678,3,2038.5,57325,74342,1.001548528897545,0
2023-07-28 11:08:30,2021.95,990678,3,2038.5,57326,74342,1.001548528897545,0
2023-07-28 11:08:30,2021.95,990678,3,2038.5,57326,74352,1.001548528897545,0
2023-07-28 11:08:30,2021.9,990678,9,2038.5,57341,74351,0.9990509016434387,0
2023-07-28 11:08:35,2021.9,990711,9,2038.5,57341,74383,0.9990509016434387,0
2023-07-28 11:08:35,2021.9,990711,9,2038.5,57341,74383,0.9990509016434387,0
2023-07-28 11:08:37,2021.3,990761,50,2038.5,57091,74383,0.9690793745941287,0
2023-07-28 11:08:37,2021.3,990761,50,2038.5,57390,74258,0.9690793745941287,0
2023-07-28 11:08:37,2021.0,990761,10,2038.5,57390,74258,0.9540936110694794,0
2023-07-28 11:08:39,2021.85,991112,1,2038.49,57141,74323,0.996553274389321,0
2023-07-28 11:08:39,2021.85,991112,1,2038.49,57139,74333,0.996553274389321,0
2023-07-28 11:08:39,2021.85,991112,1,2038.49,57278,74175,0.996553274389321,0
2023-07-28 11:08:39,2021.85,991112,1,2038.49,57282,74260,0.996553274389321,0
2023-07-28 11:08:39,2020.8,991112,81,2038.49,57282,74260,0.9441031020530427,0
2023-07-28 11:08:44,2020.8,991319,81,2038.49,56943,74354,0.9441031020530427,0
2023-07-28 11:08:44,2020.8,991319,81,2038.49,56953,74372,0.9441031020530427,0
2023-07-28 11:08:44,2020.8,991319,81,2038.49,56972,74372,0.9441031020530427,0
2023-07-28 11:08:44,2021.8,991319,1,2038.49,56972,74372,0.9940556471352147,0
2023-07-28 11:08:47,2021.8,991320,1,2038.49,56974,74267,0.9940556471352147,0
2023-07-28 11:08:47,2021.8,991320,1,2038.49,56974,74380,0.9940556471352147,0
2023-07-28 11:08:47,2021.8,991320,1,2038.49,57288,74311,0.9940556471352147,0
2023-07-28 11:08:50,2021.8,991419,2,2038.49,57311,74372,0.9940556471352147,0
2023-07-28 11:08:50,2021.8,991419,2,2038.49,57311,74374,0.9940556471352147,0
