2023-07-28 10:49:30,577.0,502687,22,574.7,233726,310442,0.5576856047403356,0
2023-07-28 10:49:20,576.95,502383,49,574.7,232224,310101,0.5489717671662759,0
2023-07-28 10:49:30,577.0,502687,22,574.7,233777,315464,0.5576856047403356,0
2023-07-28 10:49:30,577.0,502687,22,574.7,232709,315630,0.5576856047403356,0
2023-07-28 10:49:30,577.0,502687,22,574.7,232871,315646,0.5576856047403356,0
2023-07-28 10:49:30,577.0,502687,22,574.7,232966,315646,0.5576856047403356,0
2023-07-28 10:49:30,577.0,502687,22,574.7,232968,315716,0.5576856047403356,0
2023-07-28 10:49:30,577.0,502687,22,574.7,232968,315722,0.5576856047403356,0
2023-07-28 10:49:40,576.95,502784,87,574.7,233028,315305,0.5489717671662759,0
2023-07-28 10:49:42,576.7,502789,4,574.7,233092,315496,0.5054025792959378,0
2023-07-28 10:49:42,577.0,502789,1,574.7,233033,315607,0.5576856047403356,0
2023-07-28 10:49:44,577.0,502802,1,574.7,232922,315102,0.5576856047403356,0
2023-07-28 10:49:44,577.0,502802,1,574.7,233031,315469,0.5576856047403356,0
2023-07-28 10:49:44,577.0,502802,1,574.7,232970,315520,0.5576856047403356,0
2023-07-28 10:49:44,577.0,502802,1,574.7,233168,315741,0.5576856047403356,0
2023-07-28 10:49:44,577.0,502802,1,574.7,233168,315866,0.5576856047403356,0
2023-07-28 10:49:44,577.0,502802,1,574.7,233193,315724,0.5576856047403356,0
2023-07-28 10:49:44,577.0,502802,32,574.7,233138,315599,0.5576856047403356,0
2023-07-28 10:49:52,577.0,502973,32,574.7,233271,315555,0.5576856047403356,0
2023-07-28 10:49:52,577.0,502973,32,574.7,232793,315695,0.5576856047403356,0
2023-07-28 10:49:52,577.0,502973,32,574.7,233134,315802,0.5576856047403356,0
2023-07-28 10:49:52,576.7,502973,16,574.7,233134,315802,0.5054025792959378,0
2023-07-28 10:49:54,576.7,502989,16,574.7,232999,315695,0.5054025792959378,0
2023-07-28 10:49:54,576.7,502989,16,574.7,233181,315790,0.5054025792959378,0
2023-07-28 10:49:54,576.7,502989,16,574.7,233276,315699,0.5054025792959378,0
2023-07-28 10:49:54,576.7,502989,16,574.7,233276,315704,0.5054025792959378,0
2023-07-28 10:50:02,577.0,503117,128,574.7,233401,315796,0.5576856047403356,0
2023-07-28 10:50:02,577.0,503117,128,574.7,233401,315672,0.5576856047403356,0
2023-07-28 10:50:02,577.0,503117,128,574.7,233197,315590,0.5576856047403356,0
2023-07-28 10:50:02,577.0,503117,128,574.7,233249,315573,0.5576856047403356,0
2023-07-28 10:50:02,577.0,503117,128,574.7,233275,315590,0.5576856047403356,0
2023-07-28 10:50:02,577.0,503117,128,574.7,233239,315590,0.5576856047403356,0
2023-07-28 10:50:12,577.0,503248,131,574.7,233392,315550,0.5576856047403356,0
2023-07-28 10:50:12,577.0,503248,131,574.7,233392,315550,0.5576856047403356,0
2023-07-28 10:50:12,577.0,503248,131,574.7,233416,315549,0.5576856047403356,0
2023-07-28 10:50:12,577.0,503248,131,574.7,233416,315549,0.5576856047403356,0
2023-07-28 10:50:19,576.75,503298,50,574.7,233137,315316,0.5141164168699975,0
2023-07-28 10:50:19,576.75,503298,50,574.7,233029,315486,0.5141164168699975,0
2023-07-28 10:50:19,576.75,503298,50,574.7,233029,315486,0.5141164168699975,0
2023-07-28 10:50:19,576.75,503298,50,574.7,233094,315500,0.5141164168699975,0
2023-07-28 10:50:19,577.0,503298,130,574.7,233094,315500,0.5576856047403356,0
2023-07-28 10:50:22,577.0,503428,130,574.7,233052,315338,0.5576856047403356,0
2023-07-28 10:50:22,577.0,503428,130,574.7,233049,315301,0.5576856047403356,0
2023-07-28 10:50:22,577.0,503428,130,574.7,233049,315301,0.5576856047403356,0
2023-07-28 10:50:22,577.0,503428,130,574.7,233049,315301,0.5576856047403356,0
2023-07-28 10:50:22,577.0,503428,130,574.7,233191,315375,0.5576856047403356,0
2023-07-28 10:50:22,577.0,503428,130,574.7,233227,315183,0.5576856047403356,0
2023-07-28 10:50:22,577.0,503428,130,574.7,233250,315166,0.5576856047403356,0
2023-07-28 10:50:22,577.0,503428,130,574.7,233375,315191,0.5576856047403356,0
2023-07-28 10:50:22,577.0,503428,130,574.7,233241,315191,0.5576856047403356,0
2023-07-28 10:50:22,577.0,503428,130,574.7,233241,315191,0.5576856047403356,0
2023-07-28 10:50:22,577.0,503428,142,574.7,233336,315191,0.5576856047403356,0
2023-07-28 10:50:33,577.0,503570,142,574.7,233540,315044,0.5576856047403356,0
2023-07-28 10:50:33,577.0,503570,142,574.7,233447,315054,0.5576856047403356,0
2023-07-28 10:50:33,577.0,503570,142,574.7,233035,315074,0.5576856047403356,0
2023-07-28 10:50:33,577.0,503570,142,574.7,232939,314950,0.5576856047403356,0
2023-07-28 10:50:33,577.0,503570,142,574.7,232819,314846,0.5576856047403356,0
2023-07-28 10:50:33,577.0,503570,142,574.7,232804,314908,0.5576856047403356,0
2023-07-28 10:50:33,577.0,503570,142,574.7,232826,314986,0.5576856047403356,0
2023-07-28 10:50:33,577.0,503570,142,574.7,232838,315001,0.5576856047403356,0
2023-07-28 10:50:43,576.7,503572,2,574.7,233689,315072,0.5054025792959378,0
2023-07-28 10:50:43,576.95,503572,4,574.7,233689,315072,0.5489717671662759,0
2023-07-28 10:50:43,577.0,503705,124,574.7,232993,314940,0.5576856047403356,0
2023-07-28 10:50:43,577.0,503705,124,574.7,233247,314890,0.5576856047403356,0
2023-07-28 10:50:46,577.0,506652,198,574.72,235505,311332,0.5576856047403356,0
2023-07-28 10:50:46,577.0,506652,198,574.72,235505,311332,0.5576856047403356,0
2023-07-28 10:50:46,577.0,506652,198,574.72,232476,311430,0.5576856047403356,0
2023-07-28 10:50:46,577.0,506652,198,574.72,234975,312024,0.5576856047403356,0
2023-07-28 10:50:46,577.0,506652,198,574.72,234975,312034,0.5576856047403356,0
2023-07-28 10:50:46,577.0,506652,198,574.72,233451,312033,0.5576856047403356,0
2023-07-28 10:50:46,577.0,506652,198,574.72,233451,312029,0.5576856047403356,0
2023-07-28 10:50:46,577.0,506652,198,574.72,233430,311890,0.5576856047403356,0
2023-07-28 10:50:46,577.0,506652,198,574.72,233430,311900,0.5576856047403356,0
2023-07-28 10:50:46,577.2,506652,12,574.72,233430,311900,0.592540955036614,0
2023-07-28 10:50:53,577.2,506833,12,574.72,233765,308213,0.592540955036614,0
2023-07-28 10:50:53,577.2,506833,12,574.72,233765,312015,0.592540955036614,0
2023-07-28 10:50:53,577.2,506833,12,574.72,233765,312015,0.592540955036614,0
2023-07-28 10:50:53,577.2,506833,12,574.72,233765,312015,0.592540955036614,0
2023-07-28 10:50:53,577.2,506833,12,574.72,233793,312015,0.592540955036614,0
2023-07-28 10:50:53,577.2,506833,12,574.72,233805,312015,0.592540955036614,0
2023-07-28 10:51:04,577.2,506908,75,574.72,233883,311950,0.592540955036614,0
2023-07-28 10:51:04,577.2,506908,75,574.72,233883,312037,0.592540955036614,0
2023-07-28 10:51:04,577.2,506908,75,574.72,233622,312180,0.592540955036614,0
2023-07-28 10:51:04,577.25,506908,13,574.72,233622,312180,0.6012547926106737,0
2023-07-28 10:51:09,577.25,507008,13,574.72,233647,311885,0.6012547926106737,0
2023-07-28 10:51:09,577.25,507008,67,574.72,233647,311885,0.6012547926106737,0
2023-07-28 10:51:14,576.9,507206,36,574.72,233670,311901,0.5402579295921964,0
2023-07-28 10:51:16,576.9,507276,36,574.72,233495,311919,0.5402579295921964,0
2023-07-28 10:51:16,577.1,507276,56,574.72,233495,311919,0.5751132798884748,0
2023-07-28 10:51:24,577.1,507442,56,574.72,233738,312257,0.5751132798884748,0
2023-07-28 10:51:29,576.9,507443,1,574.72,233733,312121,0.5402579295921964,0
2023-07-28 10:51:29,576.9,507443,1,574.72,235268,311514,0.5402579295921964,0
2023-07-28 10:51:29,577.15,507443,51,574.72,235268,311514,0.5838271174625345,0
2023-07-28 10:51:29,576.95,507443,33,574.72,235268,311514,0.5489717671662759,0
2023-07-28 10:51:36,576.95,507631,33,574.72,235279,311513,0.5489717671662759,0
2023-07-28 10:51:36,577.15,507631,166,574.72,235279,311513,0.5838271174625345,0
2023-07-28 10:51:36,577.05,507631,1,574.72,235279,311513,0.5663994423143953,0
2023-07-28 10:51:41,577.05,507800,1,574.72,236737,308167,0.5663994423143953,0
2023-07-28 10:51:41,577.2,507800,18,574.72,236737,308167,0.592540955036614,0
2023-07-28 10:51:45,577.2,507818,18,574.72,236501,311798,0.592540955036614,0
2023-07-28 10:51:45,576.85,507818,12,574.72,236501,311798,0.5315440920181367,0
2023-07-28 10:51:45,577.0,507818,75,574.72,236501,311798,0.5576856047403356,0
2023-07-28 10:51:49,576.75,509556,76,574.73,236076,311410,0.5141164168699975,0
2023-07-28 10:51:55,576.8,509897,14,574.73,219994,310461,0.5228302544440572,0
2023-07-28 10:51:55,576.8,509897,14,574.73,222431,310553,0.5228302544440572,0
2023-07-28 10:51:55,576.8,509897,22,574.73,222431,310553,0.5228302544440572,0
2023-07-28 10:52:00,576.8,512425,22,574.74,225330,310636,0.5228302544440572,0
2023-07-28 10:52:00,576.8,512425,22,574.74,226112,310089,0.5228302544440572,0
2023-07-28 10:52:00,576.8,512425,22,574.74,225551,311204,0.5228302544440572,0
2023-07-28 10:52:00,576.8,512425,22,574.74,224503,310467,0.5228302544440572,0
2023-07-28 10:52:00,576.8,512425,22,574.74,224412,310757,0.5228302544440572,0
2023-07-28 10:52:00,576.8,512425,22,574.74,224436,311038,0.5228302544440572,0
2023-07-28 10:52:00,576.8,512425,22,574.74,224432,311401,0.5228302544440572,0
2023-07-28 10:52:00,576.8,512425,22,574.74,224390,311599,0.5228302544440572,0
2023-07-28 10:52:00,576.95,512425,2,574.74,224390,311599,0.5489717671662759,0
2023-07-28 10:52:13,576.95,512449,2,574.74,224473,311289,0.5489717671662759,0
2023-07-28 10:52:13,576.95,512449,2,574.74,224891,310727,0.5489717671662759,0
2023-07-28 10:52:13,576.95,512449,2,574.74,224770,310705,0.5489717671662759,0
2023-07-28 10:52:13,576.95,512449,2,574.74,224708,310298,0.5489717671662759,0
2023-07-28 10:52:13,576.95,512449,2,574.74,224887,310682,0.5489717671662759,0
2023-07-28 10:52:13,576.95,512449,2,574.74,224743,310811,0.5489717671662759,0
2023-07-28 10:52:13,576.95,512449,2,574.74,224777,310999,0.5489717671662759,0
2023-07-28 10:52:13,576.95,512449,2,574.74,224485,310838,0.5489717671662759,0
2023-07-28 10:52:13,576.9,512449,1,574.74,224155,310339,0.5402579295921964,0
2023-07-28 10:52:23,576.9,512450,1,574.74,224557,310528,0.5402579295921964,0
2023-07-28 10:52:23,576.9,512450,1,574.74,224283,310317,0.5402579295921964,0
2023-07-28 10:52:23,576.9,512450,1,574.74,224262,310620,0.5402579295921964,0
2023-07-28 10:52:23,576.9,512450,1,574.74,224417,310528,0.5402579295921964,0
2023-07-28 10:52:23,576.9,512450,1,574.74,224417,310652,0.5402579295921964,0
2023-07-28 10:52:23,576.9,512450,1,574.74,224413,310524,0.5402579295921964,0
2023-07-28 10:52:23,576.9,512450,1,574.74,224682,310618,0.5402579295921964,0
2023-07-28 10:52:23,576.9,512450,1,574.74,224762,310618,0.5402579295921964,0
2023-07-28 10:52:32,576.9,512490,3,574.74,224727,310942,0.5402579295921964,0
2023-07-28 10:52:32,576.9,512490,3,574.74,224627,310927,0.5402579295921964,0
2023-07-28 10:52:32,576.9,512490,3,574.74,224741,310968,0.5402579295921964,0
2023-07-28 10:52:32,576.9,512490,3,574.74,224845,311092,0.5402579295921964,0
2023-07-28 10:52:32,576.9,512490,3,574.74,224845,310459,0.5402579295921964,0
2023-07-28 10:52:32,576.9,512490,3,574.74,224845,310418,0.5402579295921964,0
2023-07-28 10:52:39,576.9,512491,1,574.74,225051,310219,0.5402579295921964,0
2023-07-28 10:52:39,576.9,512491,1,574.74,224735,310342,0.5402579295921964,0
2023-07-28 10:52:39,576.9,512491,1,574.74,224813,310239,0.5402579295921964,0
2023-07-28 10:52:39,576.9,512491,1,574.74,224937,310347,0.5402579295921964,0
2023-07-28 10:52:39,576.9,512491,1,574.74,224813,310127,0.5402579295921964,0
2023-07-28 10:52:39,576.9,512491,1,574.74,224882,310073,0.5402579295921964,0
2023-07-28 10:52:39,576.9,512491,1,574.74,224852,310425,0.5402579295921964,0
2023-07-28 10:52:39,576.9,512491,1,574.74,224874,310318,0.5402579295921964,0
2023-07-28 10:52:39,576.9,512491,1,574.74,224878,310306,0.5402579295921964,0
2023-07-28 10:52:39,576.9,512491,1,574.74,224874,310306,0.5402579295921964,0
2023-07-28 10:52:39,576.9,512491,1,574.74,224874,310306,0.5402579295921964,0
2023-07-28 10:52:39,576.9,512491,1,574.74,224437,310758,0.5402579295921964,0
2023-07-28 10:52:39,576.9,512491,1,574.74,224437,310759,0.5402579295921964,0
2023-07-28 10:52:39,576.9,512491,8,574.74,224437,310759,0.5402579295921964,0
2023-07-28 10:52:52,576.9,512501,8,574.74,224433,310759,0.5402579295921964,0
2023-07-28 10:52:52,576.9,512501,8,574.74,224433,310759,0.5402579295921964,0
2023-07-28 10:52:54,576.9,512523,8,574.74,224425,310768,0.5402579295921964,0
2023-07-28 10:52:54,576.9,512523,8,574.74,224425,310816,0.5402579295921964,0
2023-07-28 10:52:54,576.9,512523,8,574.74,224762,310784,0.5402579295921964,0
2023-07-28 10:52:54,576.9,512523,8,574.74,224745,310812,0.5402579295921964,0
2023-07-28 10:52:54,576.9,512523,8,574.74,224877,310740,0.5402579295921964,0
2023-07-28 10:52:54,576.9,512523,8,574.74,224745,311505,0.5402579295921964,0
2023-07-28 10:52:54,576.9,512523,8,574.74,224521,312087,0.5402579295921964,0
2023-07-28 10:52:54,576.9,512523,8,574.74,224521,312288,0.5402579295921964,0
2023-07-28 10:52:54,576.9,512523,8,574.74,224551,312194,0.5402579295921964,0
2023-07-28 10:52:54,576.9,512523,8,574.74,224551,312196,0.5402579295921964,0
2023-07-28 10:52:54,576.9,512523,8,574.74,224244,312019,0.5402579295921964,0
2023-07-28 10:52:54,576.9,512523,8,574.74,224270,312019,0.5402579295921964,0
2023-07-28 10:53:08,576.9,512581,6,574.74,224164,312171,0.5402579295921964,0
2023-07-28 10:53:08,576.9,512581,6,574.74,224281,312056,0.5402579295921964,0
2023-07-28 10:53:08,576.9,512581,6,574.74,224281,312071,0.5402579295921964,0
2023-07-28 10:53:08,576.9,512581,6,574.74,224392,312071,0.5402579295921964,0
2023-07-28 10:53:08,576.9,512581,6,574.74,224587,312142,0.5402579295921964,0
2023-07-28 10:53:08,576.65,512581,20,574.74,224583,312137,0.4966887417218583,0
2023-07-28 10:53:15,576.65,512761,87,574.74,216871,311028,0.4966887417218583,0
2023-07-28 10:53:15,576.65,512761,87,574.74,219820,311447,0.4966887417218583,0
2023-07-28 10:53:15,576.65,512761,87,574.74,219829,311306,0.4966887417218583,0
2023-07-28 10:53:15,576.45,512761,1,574.74,219829,311306,0.4618333914255997,0
2023-07-28 10:53:20,576.45,512762,1,574.74,219828,311252,0.4618333914255997,0
2023-07-28 10:53:20,576.45,512762,1,574.74,219828,311252,0.4618333914255997,0
2023-07-28 10:53:20,576.45,512762,1,574.74,219828,311267,0.4618333914255997,0
2023-07-28 10:53:20,576.45,512762,1,574.74,219828,311267,0.4618333914255997,0
2023-07-28 10:53:20,576.45,512762,1,574.74,219828,311267,0.4618333914255997,0
2023-07-28 10:53:20,576.45,512762,1,574.74,220252,311361,0.4618333914255997,0
2023-07-28 10:53:20,576.45,512762,1,574.74,220252,311361,0.4618333914255997,0
2023-07-28 10:53:20,576.45,512762,1,574.74,221037,310526,0.4618333914255997,0
2023-07-28 10:53:20,576.45,512762,1,574.74,221037,310526,0.4618333914255997,0
2023-07-28 10:53:20,576.45,512762,1,574.74,221037,310559,0.4618333914255997,0
2023-07-28 10:53:20,576.45,512762,1,574.74,220689,310936,0.4618333914255997,0
2023-07-28 10:53:20,576.45,512762,1,574.74,220689,310919,0.4618333914255997,0
2023-07-28 10:53:20,576.45,512762,1,574.74,220283,311155,0.4618333914255997,0
2023-07-28 10:53:20,576.45,512762,1,574.74,220320,311172,0.4618333914255997,0
2023-07-28 10:53:20,576.45,512762,1,574.74,221737,311249,0.4618333914255997,0
2023-07-28 10:53:20,576.45,512762,1,574.74,221263,310577,0.4618333914255997,0
2023-07-28 10:53:20,576.45,512762,1,574.74,221358,310701,0.4618333914255997,0
2023-07-28 10:53:20,576.5,512762,84,574.74,221358,310701,0.4705472289996594,0
2023-07-28 10:53:38,576.5,512862,84,574.74,221419,310742,0.4705472289996594,0
2023-07-28 10:53:38,576.5,512862,84,574.74,221419,310752,0.4705472289996594,0
2023-07-28 10:53:38,576.5,512862,84,574.74,221419,310752,0.4705472289996594,0
2023-07-28 10:53:47,576.7,512863,1,574.74,221419,310751,0.5054025792959378,0
2023-07-28 10:53:47,576.7,512863,1,574.74,220876,310884,0.5054025792959378,0
2023-07-28 10:53:47,576.7,512863,1,574.74,221224,310806,0.5054025792959378,0
2023-07-28 10:53:47,576.7,512863,1,574.74,222225,311242,0.5054025792959378,0
2023-07-28 10:53:47,576.7,512863,1,574.74,222274,311291,0.5054025792959378,0
2023-07-28 10:53:47,576.55,512863,14,574.74,222486,311263,0.4792610665737191,0
2023-07-28 10:53:56,576.55,513003,5,574.75,222272,311313,0.4792610665737191,0
2023-07-28 10:53:56,576.55,513003,5,574.75,222455,311042,0.4792610665737191,0
2023-07-28 10:53:56,576.55,513003,2,574.75,222455,311042,0.4792610665737191,0
2023-07-28 10:53:59,576.55,513005,2,574.75,222453,311042,0.4792610665737191,0
2023-07-28 10:53:59,576.55,513005,2,574.75,222524,311007,0.4792610665737191,0
2023-07-28 10:53:59,576.55,513005,2,574.75,222524,310986,0.4792610665737191,0
2023-07-28 10:53:59,576.55,513005,2,574.75,222524,310992,0.4792610665737191,0
2023-07-28 10:53:59,576.55,513005,2,574.75,222524,311087,0.4792610665737191,0
2023-07-28 10:53:59,576.55,513005,2,574.75,222519,311398,0.4792610665737191,0
2023-07-28 10:53:59,576.7,513005,1,574.75,222519,311398,0.5054025792959378,0
2023-07-28 10:54:11,576.7,513006,1,574.75,222494,311397,0.5054025792959378,0
2023-07-28 10:54:11,576.75,513006,114,574.75,222494,311397,0.5141164168699975,0
2023-07-28 10:54:20,576.75,513157,114,574.75,222507,311057,0.5141164168699975,0
2023-07-28 10:54:20,576.75,513157,114,574.75,222927,311345,0.5141164168699975,0
2023-07-28 10:54:20,576.75,513157,119,574.75,222927,311345,0.5141164168699975,0
2023-07-28 10:54:30,576.75,513276,119,574.75,223360,310768,0.5141164168699975,0
2023-07-28 10:54:30,576.6,513276,10,574.75,223360,310768,0.4879749041477986,0
2023-07-28 10:54:32,576.6,513287,10,574.75,223270,310768,0.4879749041477986,0
2023-07-28 10:54:32,576.8,513287,1,574.75,223270,310768,0.5228302544440572,0
2023-07-28 10:54:38,576.8,513288,1,574.75,223115,311602,0.5228302544440572,0
2023-07-28 10:54:38,576.8,513288,5,574.75,223115,311602,0.5228302544440572,0
2023-07-28 10:54:38,576.8,513288,167,574.75,223115,311602,0.5228302544440572,0
2023-07-28 10:54:42,576.8,513462,167,574.75,221824,311826,0.5228302544440572,0
2023-07-28 10:54:42,576.75,513462,8,574.75,221824,311826,0.5141164168699975,0
2023-07-28 10:54:42,576.75,513462,2,574.75,221824,311826,0.5141164168699975,0
2023-07-28 10:54:47,576.75,513472,2,574.75,222620,312219,0.5141164168699975,0
2023-07-28 10:54:47,576.75,513472,2,574.75,222606,312621,0.5141164168699975,0
2023-07-28 10:54:47,577.0,513472,137,574.75,222606,312621,0.5576856047403356,0
2023-07-28 10:54:54,577.0,513629,137,574.75,222551,313316,0.5576856047403356,0
2023-07-28 10:54:54,576.65,513629,24,574.75,222551,313316,0.4966887417218583,0
2023-07-28 10:54:58,576.65,513679,24,574.75,222978,314027,0.4966887417218583,0
2023-07-28 10:54:58,576.9,513679,78,574.75,223015,315449,0.5402579295921964,0
2023-07-28 10:55:04,576.9,513786,78,574.75,222827,317175,0.5402579295921964,0
2023-07-28 10:55:04,576.9,513786,78,574.75,222567,319232,0.5402579295921964,0
2023-07-28 10:55:04,576.9,513786,78,574.75,222867,321383,0.5402579295921964,0
2023-07-28 10:55:04,576.9,513786,78,574.75,222867,321383,0.5402579295921964,0
2023-07-28 10:55:04,576.9,513786,78,574.75,222867,321383,0.5402579295921964,0
2023-07-28 10:55:04,576.9,513786,78,574.75,222867,321383,0.5402579295921964,0
2023-07-28 10:55:04,576.95,513786,87,574.75,223797,321470,0.5489717671662759,0
2023-07-28 10:55:14,576.95,513877,87,574.75,224826,321384,0.5489717671662759,0
2023-07-28 10:55:14,576.95,513877,87,574.75,224789,321333,0.5489717671662759,0
2023-07-28 10:55:14,576.95,513877,87,574.75,224789,321451,0.5489717671662759,0
2023-07-28 10:55:14,576.95,513877,87,574.75,224789,321393,0.5489717671662759,0
2023-07-28 10:55:21,576.95,513878,1,574.75,225021,322250,0.5489717671662759,0
2023-07-28 10:55:21,576.95,513878,1,574.75,225051,322542,0.5489717671662759,0
2023-07-28 10:55:21,576.95,513878,1,574.75,225051,323540,0.5489717671662759,0
2023-07-28 10:55:21,577.0,513878,38,574.75,225051,323540,0.5576856047403356,0
2023-07-28 10:55:24,577.0,514046,38,574.75,225685,323108,0.5576856047403356,0
2023-07-28 10:55:24,577.0,514046,38,574.75,225804,324231,0.5576856047403356,0
2023-07-28 10:55:24,577.0,514046,38,574.75,225744,324136,0.5576856047403356,0
2023-07-28 10:55:24,577.0,514046,38,574.75,225744,324298,0.5576856047403356,0
2023-07-28 10:55:24,577.0,514046,38,574.75,225824,324019,0.5576856047403356,0
2023-07-28 10:55:24,577.0,514046,38,574.75,225554,324173,0.5576856047403356,0
2023-07-28 10:55:24,577.0,514046,38,574.75,225344,324350,0.5576856047403356,0
2023-07-28 10:55:24,577.0,514046,38,574.75,225404,324624,0.5576856047403356,0
2023-07-28 10:55:24,577.0,514046,38,574.75,225450,324559,0.5576856047403356,0
2023-07-28 10:55:35,576.95,514146,100,574.75,225559,323910,0.5489717671662759,0
2023-07-28 10:55:35,576.75,514171,25,574.75,225528,324265,0.5141164168699975,0
2023-07-28 10:55:35,576.75,514171,25,574.75,224634,324306,0.5141164168699975,0
2023-07-28 10:55:35,576.75,514171,25,574.75,225380,323160,0.5141164168699975,0
2023-07-28 10:55:35,576.75,514171,25,574.75,225380,323057,0.5141164168699975,0
2023-07-28 10:55:35,576.75,514171,25,574.75,225526,323271,0.5141164168699975,0
2023-07-28 10:55:35,576.75,514171,25,574.75,225380,323189,0.5141164168699975,0
2023-07-28 10:55:35,576.75,514171,25,574.75,225363,323412,0.5141164168699975,0
2023-07-28 10:55:35,576.75,514171,25,574.75,225381,323547,0.5141164168699975,0
2023-07-28 10:55:44,576.7,516209,729,574.76,225184,321162,0.5054025792959378,0
2023-07-28 10:55:44,576.55,516209,17,574.76,225184,321162,0.4792610665737191,0
2023-07-28 10:55:46,576.55,516249,17,574.76,225043,321570,0.4792610665737191,0
2023-07-28 10:55:46,576.55,516249,17,574.76,224933,321726,0.4792610665737191,0
2023-07-28 10:55:46,576.55,516249,17,574.76,225047,321723,0.4792610665737191,0
2023-07-28 10:55:46,576.55,516249,17,574.76,225238,321861,0.4792610665737191,0
2023-07-28 10:55:46,576.55,516249,17,574.76,225238,320846,0.4792610665737191,0
2023-07-28 10:55:46,576.5,516249,23,574.76,225238,320846,0.4705472289996594,0
2023-07-28 10:55:51,576.5,516272,23,574.76,225350,321832,0.4705472289996594,0
2023-07-28 10:55:51,576.5,516272,23,574.76,224874,322183,0.4705472289996594,0
2023-07-28 10:55:51,576.5,516272,23,574.76,224844,322246,0.4705472289996594,0
2023-07-28 10:55:51,576.5,516272,23,574.76,224844,322216,0.4705472289996594,0
2023-07-28 10:55:51,576.5,516272,23,574.76,224899,322216,0.4705472289996594,0
2023-07-28 10:56:06,577.0,520161,1,574.77,227715,318477,0.5576856047403356,0
2023-07-28 10:56:06,577.0,520161,1,574.77,228761,319482,0.5576856047403356,0
2023-07-28 10:56:06,577.0,520161,1,574.77,226551,320016,0.5576856047403356,0
2023-07-28 10:56:06,577.0,520161,250,574.77,226551,320016,0.5576856047403356,0
2023-07-28 10:56:08,577.0,521280,33,574.78,224834,321340,0.5576856047403356,0
2023-07-28 10:56:09,577.0,522793,33,574.79,225166,321204,0.5576856047403356,0
2023-07-28 10:56:09,577.0,522793,33,574.79,227775,320096,0.5576856047403356,0
2023-07-28 10:56:11,577.0,523969,29,574.79,226089,321483,0.5576856047403356,0
2023-07-28 10:56:12,577.0,525238,29,574.8,226304,321647,0.5576856047403356,0
2023-07-28 10:56:12,577.0,525238,29,574.8,226319,321574,0.5576856047403356,0
2023-07-28 10:56:12,577.0,525238,29,574.8,226236,321574,0.5576856047403356,0
2023-07-28 10:56:12,577.0,525238,29,574.8,226236,321586,0.5576856047403356,0
2023-07-28 10:56:16,577.05,525656,59,574.8,228601,319448,0.5663994423143953,0
2023-07-28 10:56:16,577.05,525656,59,574.8,228704,319600,0.5663994423143953,0
2023-07-28 10:56:18,577.0,525657,1,574.8,227841,319938,0.5576856047403356,0
2023-07-28 10:56:18,577.0,525657,1,574.8,226697,321280,0.5576856047403356,0
2023-07-28 10:56:18,577.0,525657,76,574.8,226697,321280,0.5576856047403356,0
2023-07-28 10:56:21,577.0,525733,76,574.8,225965,321946,0.5576856047403356,0
2023-07-28 10:56:21,577.0,525733,76,574.8,225965,321946,0.5576856047403356,0
2023-07-28 10:56:21,577.0,525733,76,574.8,226231,322015,0.5576856047403356,0
2023-07-28 10:56:21,577.0,525733,76,574.8,226231,322015,0.5576856047403356,0
2023-07-28 10:56:21,577.0,525733,76,574.8,226231,322015,0.5576856047403356,0
2023-07-28 10:56:21,577.0,525733,76,574.8,224512,322222,0.5576856047403356,0
2023-07-28 10:56:21,577.0,525733,76,574.8,224512,322222,0.5576856047403356,0
2023-07-28 10:56:21,577.0,525733,76,574.8,224512,322222,0.5576856047403356,0
2023-07-28 10:56:21,577.0,525733,76,574.8,224538,322105,0.5576856047403356,0
2023-07-28 10:56:21,577.0,525733,76,574.8,224538,322105,0.5576856047403356,0
2023-07-28 10:56:21,577.0,525733,76,574.8,224538,322105,0.5576856047403356,0
2023-07-28 10:56:21,577.0,525733,76,574.8,224498,322105,0.5576856047403356,0
2023-07-28 10:56:21,577.0,525733,76,574.8,224498,322105,0.5576856047403356,0
2023-07-28 10:56:21,576.95,525733,1,574.8,224498,322105,0.5489717671662759,0
2023-07-28 10:56:31,576.95,525734,1,574.8,224498,322104,0.5489717671662759,0
2023-07-28 10:56:31,576.95,525734,1,574.8,224498,322204,0.5489717671662759,0
2023-07-28 10:56:40,577.0,526474,153,574.8,224557,321425,0.5576856047403356,0
2023-07-28 10:56:41,577.0,526734,210,574.8,224856,321357,0.5576856047403356,0
2023-07-28 10:56:41,577.0,526734,210,574.8,224878,321472,0.5576856047403356,0
2023-07-28 10:56:41,577.0,526734,210,574.8,224726,321472,0.5576856047403356,0
2023-07-28 10:56:41,577.0,526734,210,574.8,224611,321472,0.5576856047403356,0
2023-07-28 10:56:41,577.0,526734,210,574.8,224620,320681,0.5576856047403356,0
2023-07-28 10:56:41,577.0,526734,210,574.8,224909,320591,0.5576856047403356,0
2023-07-28 10:56:41,577.0,526734,210,574.8,224816,320611,0.5576856047403356,0
2023-07-28 10:56:54,577.0,527276,13,574.8,224518,320540,0.5576856047403356,0
2023-07-28 10:56:54,577.0,527276,13,574.8,230596,326540,0.5576856047403356,0
2023-07-28 10:56:54,577.0,527276,13,574.8,230596,326540,0.5576856047403356,0
2023-07-28 10:56:56,577.0,527402,13,574.8,230276,326373,0.5576856047403356,0
2023-07-28 10:56:56,577.0,527402,13,574.8,230276,326373,0.5576856047403356,0
2023-07-28 10:57:00,577.0,527444,13,574.8,230166,326484,0.5576856047403356,0
2023-07-28 10:57:00,577.0,527444,13,574.8,230253,326484,0.5576856047403356,0
2023-07-28 10:57:07,576.7,527733,4,574.81,230255,327305,0.5054025792959378,0
2023-07-28 10:57:07,576.7,527733,4,574.81,230261,327350,0.5054025792959378,0
2023-07-28 10:57:07,576.7,527733,4,574.81,230299,327660,0.5054025792959378,0
2023-07-28 10:57:07,576.7,527733,4,574.81,230315,327660,0.5054025792959378,0
2023-07-28 10:57:13,576.95,527783,26,574.81,230414,327646,0.5489717671662759,0
2023-07-28 10:57:13,576.95,527783,26,574.81,230424,327646,0.5489717671662759,0
2023-07-28 10:57:13,576.95,527783,26,574.81,230424,327651,0.5489717671662759,0
2023-07-28 10:57:13,576.95,527783,26,574.81,230447,327651,0.5489717671662759,0
2023-07-28 10:57:20,576.65,527811,27,574.81,230382,327687,0.4966887417218583,0
2023-07-28 10:57:20,576.65,527811,27,574.81,230382,327677,0.4966887417218583,0
2023-07-28 10:57:24,577.0,529367,121,574.81,230646,327365,0.5576856047403356,0
2023-07-28 10:57:25,577.0,529522,34,574.81,230639,327178,0.5576856047403356,0
2023-07-28 10:57:26,577.0,529672,150,574.81,230521,327178,0.5576856047403356,0
2023-07-28 10:57:26,577.0,529672,139,574.81,230521,327178,0.5576856047403356,0
2023-07-28 10:57:26,577.0,529811,139,574.81,230765,327255,0.5576856047403356,0
2023-07-28 10:57:26,577.0,529811,139,574.81,230705,327370,0.5576856047403356,0
2023-07-28 10:57:26,577.0,529811,32,574.81,230705,327370,0.5576856047403356,0
2023-07-28 10:57:28,577.0,531969,268,574.82,229342,327411,0.5576856047403356,0
2023-07-28 10:57:29,577.0,532237,268,574.82,229193,327296,0.5576856047403356,0
2023-07-28 10:57:29,577.0,532237,60,574.82,229193,327296,0.5576856047403356,0
2023-07-28 10:57:30,577.0,532297,35,574.82,229467,328325,0.5576856047403356,0
2023-07-28 10:57:31,577.0,532429,35,574.83,229307,328234,0.5576856047403356,0
2023-07-28 10:57:33,577.0,532430,1,574.83,229346,328234,0.5576856047403356,0
2023-07-28 10:57:33,577.0,532430,1,574.83,230860,328282,0.5576856047403356,0
2023-07-28 10:57:35,577.0,532689,31,574.83,230683,328167,0.5576856047403356,0
2023-07-28 10:57:35,577.0,532689,30,574.83,230683,328167,0.5576856047403356,0
2023-07-28 10:57:37,577.0,532881,30,574.83,230626,328995,0.5576856047403356,0
2023-07-28 10:57:37,577.0,532881,30,574.83,230649,329123,0.5576856047403356,0
2023-07-28 10:57:37,577.0,532881,30,574.83,230596,329123,0.5576856047403356,0
2023-07-28 10:57:37,577.0,532881,30,574.83,230596,329136,0.5576856047403356,0
2023-07-28 10:57:46,577.0,534788,5,574.83,231141,327692,0.5576856047403356,0
2023-07-28 10:57:46,577.0,534788,5,574.83,231224,327801,0.5576856047403356,0
2023-07-28 10:57:48,577.0,535348,65,574.84,231178,327853,0.5576856047403356,0
2023-07-28 10:57:48,577.0,535348,65,574.84,231328,327968,0.5576856047403356,0
2023-07-28 10:57:50,577.0,535389,41,574.84,231298,327810,0.5576856047403356,0
2023-07-28 10:57:50,577.0,535389,41,574.84,231726,327270,0.5576856047403356,0
2023-07-28 10:57:50,577.0,535389,41,574.84,231742,327270,0.5576856047403356,0
2023-07-28 10:57:50,577.0,535389,25,574.84,231742,327270,0.5576856047403356,0
2023-07-28 10:57:53,577.0,535414,25,574.84,231717,327270,0.5576856047403356,0
2023-07-28 10:57:55,577.0,535449,35,574.84,231705,327260,0.5576856047403356,0
2023-07-28 10:57:55,577.0,535449,404,574.84,231705,327260,0.5576856047403356,0
2023-07-28 10:57:56,577.0,540449,111,574.86,231734,327708,0.5576856047403356,0
2023-07-28 10:57:56,577.0,541156,111,574.86,232087,327593,0.5576856047403356,0
2023-07-28 10:57:56,577.0,541156,111,574.86,232053,327593,0.5576856047403356,0
2023-07-28 10:57:56,577.0,541156,111,574.86,232065,327593,0.5576856047403356,0
2023-07-28 10:57:56,577.0,541156,8,574.86,232065,327593,0.5576856047403356,0
2023-07-28 10:58:01,577.0,542156,8,574.86,232387,327519,0.5576856047403356,0
2023-07-28 10:58:01,577.0,542156,8,574.86,232422,327178,0.5576856047403356,0
2023-07-28 10:58:01,577.0,542156,8,574.86,232132,327318,0.5576856047403356,0
2023-07-28 10:58:06,577.0,542164,8,574.86,232140,327239,0.5576856047403356,0
2023-07-28 10:58:10,576.5,543458,39,574.87,227623,327589,0.4705472289996594,0
2023-07-28 10:58:10,576.55,543458,40,574.87,227623,327589,0.4792610665737191,0
2023-07-28 10:58:12,576.55,543861,40,574.87,230048,328530,0.4792610665737191,0
2023-07-28 10:58:12,576.2,543861,21,574.87,230048,328530,0.4182642035552616,0
2023-07-28 10:58:12,577.0,543861,499,574.87,230048,328530,0.5576856047403356,0
2023-07-28 10:58:17,577.0,550075,499,574.89,229825,326910,0.5576856047403356,0
2023-07-28 10:58:17,577.0,550075,311,574.89,229825,326910,0.5576856047403356,0
2023-07-28 10:58:17,577.0,550075,23,574.89,229825,326910,0.5576856047403356,0
2023-07-28 10:58:22,577.0,554335,74,574.91,229355,328412,0.5576856047403356,0
2023-07-28 10:58:22,577.0,554335,500,574.91,229355,328412,0.5576856047403356,0
2023-07-28 10:58:22,577.0,554335,250,574.91,229355,328412,0.5576856047403356,0
2023-07-28 10:58:25,577.0,556872,37,574.92,229534,327955,0.5576856047403356,0
2023-07-28 10:58:25,577.0,556872,37,574.92,229779,328107,0.5576856047403356,0
2023-07-28 10:58:25,577.0,556872,37,574.92,230072,328132,0.5576856047403356,0
2023-07-28 10:58:25,577.0,556872,37,574.92,230010,328134,0.5576856047403356,0
2023-07-28 10:58:25,577.0,556872,37,574.92,230010,328174,0.5576856047403356,0
2023-07-28 10:58:25,577.0,556872,37,574.92,230010,328284,0.5576856047403356,0
2023-07-28 10:58:25,577.0,556872,37,574.92,230860,328313,0.5576856047403356,0
2023-07-28 10:58:25,577.0,556872,37,574.92,230685,328267,0.5576856047403356,0
2023-07-28 10:58:25,577.0,556872,111,574.92,230685,328267,0.5576856047403356,0
2023-07-28 10:58:56,577.0,558112,111,574.92,230768,328059,0.5576856047403356,0
2023-07-28 10:58:56,576.85,558112,24,574.92,230768,328059,0.5315440920181367,0
2023-07-28 10:58:59,576.85,558136,24,574.92,230565,328166,0.5315440920181367,0
2023-07-28 10:58:59,576.75,558136,2,574.92,230565,328166,0.5141164168699975,0
2023-07-28 10:58:59,576.8,558136,47,574.92,230565,328166,0.5228302544440572,0
2023-07-28 10:59:05,576.8,558401,47,574.92,228407,328072,0.5228302544440572,0
2023-07-28 10:59:05,576.95,558401,10,574.92,228443,328157,0.5489717671662759,0
2023-07-28 10:59:07,576.95,558411,10,574.92,228454,327584,0.5489717671662759,0
2023-07-28 10:59:07,576.95,558411,10,574.92,228393,328537,0.5489717671662759,0
2023-07-28 10:59:07,576.95,558411,10,574.92,228414,329700,0.5489717671662759,0
2023-07-28 10:59:07,576.8,558411,17,574.92,228414,329700,0.5228302544440572,0
2023-07-28 10:59:10,576.8,558464,17,574.92,228429,329725,0.5228302544440572,0
2023-07-28 10:59:10,576.8,558464,17,574.92,228416,329752,0.5228302544440572,0
2023-07-28 10:59:10,576.8,558464,17,574.92,228416,329777,0.5228302544440572,0
2023-07-28 10:59:10,576.8,558464,17,574.92,228419,329783,0.5228302544440572,0
2023-07-28 10:59:10,576.2,558464,6,574.92,228422,329786,0.4182642035552616,0
2023-07-28 10:59:17,576.2,561230,62,574.93,221492,331488,0.4182642035552616,0
2023-07-28 10:59:17,576.2,561230,62,574.93,225333,331281,0.4182642035552616,0
2023-07-28 10:59:17,576.25,561230,1,574.93,225333,331281,0.4269780411293213,0
2023-07-28 10:59:18,576.25,561232,1,574.93,225818,327123,0.4269780411293213,0
2023-07-28 10:59:18,576.25,561232,1,574.93,225818,331219,0.4269780411293213,0
2023-07-28 10:59:18,576.25,561232,1,574.93,226076,331219,0.4269780411293213,0
2023-07-28 10:59:18,576.25,561232,6,574.93,226076,331219,0.4269780411293213,0
2023-07-28 10:59:21,576.25,561238,6,574.93,226408,329957,0.4269780411293213,0
2023-07-28 10:59:21,576.25,561238,6,574.93,226408,329957,0.4269780411293213,0
2023-07-28 10:59:21,576.25,561238,6,574.93,226484,329957,0.4269780411293213,0
2023-07-28 10:59:21,576.25,561238,6,574.93,226484,329957,0.4269780411293213,0
2023-07-28 10:59:21,576.25,561238,6,574.93,226458,330098,0.4269780411293213,0
2023-07-28 10:59:21,576.25,561238,6,574.93,226458,330102,0.4269780411293213,0
2023-07-28 10:59:21,576.25,561238,6,574.93,226458,330102,0.4269780411293213,0
2023-07-28 10:59:21,576.25,561238,6,574.93,226458,330102,0.4269780411293213,0
2023-07-28 10:59:21,576.25,561238,6,574.93,226612,330246,0.4269780411293213,0
2023-07-28 10:59:21,575.75,561238,28,574.93,226612,330246,0.33983966538864513,0
2023-07-28 10:59:31,575.75,563125,28,574.93,223580,330479,0.33983966538864513,0
2023-07-28 10:59:31,575.75,563125,28,574.93,226105,327794,0.33983966538864513,0
2023-07-28 10:59:31,575.75,563125,28,574.93,224377,330362,0.33983966538864513,0
2023-07-28 10:59:31,575.75,563125,28,574.93,224377,330364,0.33983966538864513,0
2023-07-28 10:59:31,575.75,563125,28,574.93,223628,330368,0.33983966538864513,0
2023-07-28 10:59:31,575.75,563125,28,574.93,223628,331620,0.33983966538864513,0
2023-07-28 10:59:31,576.0,563125,889,574.93,223653,331620,0.3834088532589832,0
2023-07-28 10:59:38,576.0,567764,889,574.94,230405,332049,0.3834088532589832,0
2023-07-28 10:59:38,576.0,567764,889,574.94,230845,330964,0.3834088532589832,0
2023-07-28 10:59:38,576.0,567764,889,574.94,230828,332065,0.3834088532589832,0
2023-07-28 10:59:38,576.0,567764,889,574.94,230828,332278,0.3834088532589832,0
2023-07-28 10:59:38,576.0,567764,889,574.94,230828,332252,0.3834088532589832,0
2023-07-28 10:59:38,576.1,567764,1,574.94,230828,332252,0.4008365284071224,0
2023-07-28 10:59:44,576.1,573189,1,574.95,225600,331542,0.4008365284071224,0
2023-07-28 10:59:44,576.1,573189,1,574.95,225844,331691,0.4008365284071224,0
2023-07-28 10:59:44,576.1,573189,1,574.95,225844,331739,0.4008365284071224,0
2023-07-28 10:59:44,576.1,573189,1,574.95,225844,331749,0.4008365284071224,0
2023-07-28 10:59:44,576.0,573189,20,574.95,225844,331754,0.3834088532589832,0
2023-07-28 10:59:50,576.0,573451,20,574.95,226207,331672,0.3834088532589832,0
2023-07-28 10:59:50,576.0,573451,20,574.95,226198,331292,0.3834088532589832,0
2023-07-28 10:59:50,576.0,573451,20,574.95,226241,331152,0.3834088532589832,0
2023-07-28 10:59:50,576.0,573451,20,574.95,226241,331290,0.3834088532589832,0
2023-07-28 10:59:50,576.0,573451,20,574.95,226241,331527,0.3834088532589832,0
2023-07-28 10:59:50,576.0,573451,20,574.95,226241,331522,0.3834088532589832,0
2023-07-28 10:59:58,575.7,573496,31,574.95,226358,332003,0.33112582781458544,0
2023-07-28 10:59:58,576.1,573496,3,574.95,226358,332023,0.4008365284071224,0
2023-07-28 10:59:59,576.1,574060,3,574.95,237522,331316,0.4008365284071224,0
2023-07-28 10:59:59,576.1,574060,4,574.95,237522,331316,0.4008365284071224,0
2023-07-28 11:00:01,576.1,574064,4,574.95,237410,331579,0.4008365284071224,0
2023-07-28 11:00:01,576.1,574064,4,574.95,237404,331579,0.4008365284071224,0
2023-07-28 11:00:01,576.1,574064,4,574.95,237540,331584,0.4008365284071224,0
2023-07-28 11:00:01,576.1,574064,4,574.95,237408,331480,0.4008365284071224,0
2023-07-28 11:00:01,576.0,574064,2362,574.95,237408,331480,0.3834088532589832,0
2023-07-28 11:00:05,576.1,576802,3,574.96,233796,331110,0.4008365284071224,0
2023-07-28 11:00:06,576.1,576953,3,574.96,233955,330918,0.4008365284071224,0
2023-07-28 11:00:06,576.1,576953,5,574.96,233955,330918,0.4008365284071224,0
2023-07-28 11:00:07,576.1,576966,1,574.96,233933,330856,0.4008365284071224,0
2023-07-28 11:00:08,576.1,576967,1,574.96,235129,330915,0.4008365284071224,0
2023-07-28 11:00:08,576.1,576967,1,574.96,235129,330915,0.4008365284071224,0
2023-07-28 11:00:08,576.0,576967,3000,574.96,235129,330915,0.3834088532589832,0
2023-07-28 11:00:10,576.1,579967,37,574.96,232107,331110,0.4008365284071224,0
2023-07-28 11:00:11,576.1,580226,22,574.96,232107,331114,0.4008365284071224,0
2023-07-28 11:00:12,576.1,580248,2,574.96,232107,331015,0.4008365284071224,0
2023-07-28 11:00:14,575.95,584671,22,574.97,227128,331685,0.3746950156849235,0
2023-07-28 11:00:14,575.95,584671,22,574.97,227297,331711,0.3746950156849235,0
2023-07-28 11:00:14,575.95,584671,22,574.97,227212,331648,0.3746950156849235,0
2023-07-28 11:00:14,575.95,584671,22,574.97,227222,331650,0.3746950156849235,0
2023-07-28 11:00:14,575.6,584671,15,574.97,227222,331650,0.3136981526664462,0
2023-07-28 11:00:18,575.6,584701,15,574.97,227060,331694,0.3136981526664462,0
2023-07-28 11:00:20,576.0,586857,4,574.98,274580,330521,0.3834088532589832,0
2023-07-28 11:00:20,576.0,586857,4,574.98,275162,331301,0.3834088532589832,0
2023-07-28 11:00:20,576.15,586857,2,574.98,275109,331264,0.4095503659811821,0
2023-07-28 11:00:22,576.15,586860,2,574.98,276740,331011,0.4095503659811821,0
2023-07-28 11:00:22,576.15,586860,2,574.98,276667,331354,0.4095503659811821,0
2023-07-28 11:00:22,576.15,586860,2,574.98,276684,331354,0.4095503659811821,0
2023-07-28 11:00:22,576.15,586860,2,574.98,276667,331354,0.4095503659811821,0
2023-07-28 11:00:22,576.15,586860,2,574.98,276682,331354,0.4095503659811821,0
2023-07-28 11:00:22,576.15,586860,2,574.98,276682,331355,0.4095503659811821,0
2023-07-28 11:00:36,576.4,586866,6,574.98,276946,331082,0.4531195538515202,0
2023-07-28 11:00:36,576.4,586866,6,574.98,276961,331208,0.4531195538515202,0
2023-07-28 11:00:36,576.4,586866,6,574.98,276961,331170,0.4531195538515202,0
2023-07-28 11:00:36,576.4,586866,6,574.98,276254,331220,0.4531195538515202,0
2023-07-28 11:00:39,576.4,586867,1,574.98,276411,331288,0.4531195538515202,0
2023-07-28 11:00:39,576.4,586867,1,574.98,276798,331352,0.4531195538515202,0
2023-07-28 11:00:41,576.2,586869,1,574.98,276645,331352,0.4182642035552616,0
2023-07-28 11:00:41,576.2,586869,1,574.98,276645,331386,0.4182642035552616,0
2023-07-28 11:00:44,576.0,596869,8152,574.99,265372,331748,0.3834088532589832,0
2023-07-28 11:00:44,576.0,596869,8152,574.99,265372,331748,0.3834088532589832,0
2023-07-28 11:00:44,576.0,596869,8152,574.99,267151,331990,0.3834088532589832,0
2023-07-28 11:00:45,576.05,596870,1,574.99,267150,332059,0.3921226908330429,0
2023-07-28 11:00:45,576.05,596870,1,574.99,267975,332050,0.3921226908330429,0
2023-07-28 11:00:45,576.05,596870,34,574.99,267975,332050,0.3921226908330429,0
2023-07-28 11:00:48,576.05,596904,34,574.99,267994,332050,0.3921226908330429,0
2023-07-28 11:00:48,576.05,596904,34,574.99,267994,332049,0.3921226908330429,0
2023-07-28 11:00:48,576.05,596904,34,574.99,268486,331869,0.3921226908330429,0
2023-07-28 11:00:48,576.05,596904,34,574.99,268506,331869,0.3921226908330429,0
2023-07-28 11:00:48,576.05,596904,34,574.99,268466,331753,0.3921226908330429,0
2023-07-28 11:00:48,576.05,596904,34,574.99,268466,331843,0.3921226908330429,0
2023-07-28 11:00:48,576.05,596904,34,574.99,268466,331844,0.3921226908330429,0
2023-07-28 11:01:00,576.05,596939,7,574.99,268433,331759,0.3921226908330429,0
2023-07-28 11:01:00,576.05,596939,7,574.99,268576,331942,0.3921226908330429,0
2023-07-28 11:01:00,576.05,596939,7,574.99,268389,332026,0.3921226908330429,0
2023-07-28 11:01:00,576.05,596939,7,574.99,268389,331981,0.3921226908330429,0
2023-07-28 11:01:00,576.05,596939,7,574.99,268389,331907,0.3921226908330429,0
2023-07-28 11:01:00,576.05,596939,7,574.99,262389,325907,0.3921226908330429,0
2023-07-28 11:01:00,576.05,596939,7,574.99,261837,326069,0.3921226908330429,0
2023-07-28 11:01:00,576.05,596939,7,574.99,262168,325931,0.3921226908330429,0
2023-07-28 11:01:00,576.05,596939,7,574.99,262034,325832,0.3921226908330429,0
2023-07-28 11:01:00,576.05,596939,7,574.99,262034,325836,0.3921226908330429,0
2023-07-28 11:01:12,576.0,636898,23,575.06,219959,327089,0.3834088532589832,0
2023-07-28 11:01:12,576.0,636898,23,575.06,220458,327014,0.3834088532589832,0
2023-07-28 11:01:12,575.5,636898,1,575.06,220458,327014,0.296270477518307,0
2023-07-28 11:01:14,575.6,637085,18,575.06,212616,326689,0.3136981526664462,0
2023-07-28 11:01:14,575.6,637085,41,575.06,212616,326689,0.3136981526664462,0
2023-07-28 11:01:14,575.6,637230,41,575.06,218746,327006,0.3136981526664462,0
2023-07-28 11:01:14,575.6,637230,1,575.06,218746,327006,0.3136981526664462,0
2023-07-28 11:01:16,575.6,637231,1,575.06,217890,328523,0.3136981526664462,0
2023-07-28 11:01:17,575.6,637289,58,575.06,219192,326332,0.3136981526664462,0
2023-07-28 11:01:17,575.6,637289,58,575.06,218115,327031,0.3136981526664462,0
2023-07-28 11:01:17,575.6,637289,58,575.06,218399,326049,0.3136981526664462,0
2023-07-28 11:01:23,575.5,637319,29,575.06,217778,326107,0.296270477518307,0
2023-07-28 11:01:24,575.5,637448,122,575.06,222854,332691,0.296270477518307,0
2023-07-28 11:01:24,575.5,637448,122,575.06,223058,333191,0.296270477518307,0
2023-07-28 11:01:24,575.5,637448,122,575.06,223058,333191,0.296270477518307,0
2023-07-28 11:01:24,575.5,637448,122,575.06,223799,333150,0.296270477518307,0
2023-07-28 11:01:24,575.5,637448,122,575.06,223932,332837,0.296270477518307,0
2023-07-28 11:01:24,575.5,637448,122,575.06,224094,332759,0.296270477518307,0
2023-07-28 11:01:24,575.5,637448,122,575.06,223918,333074,0.296270477518307,0
2023-07-28 11:01:34,575.6,637450,2,575.06,223864,332789,0.3136981526664462,0
2023-07-28 11:01:34,575.6,637450,2,575.06,223774,333137,0.3136981526664462,0
2023-07-28 11:01:34,575.6,637450,2,575.06,223595,332654,0.3136981526664462,0
2023-07-28 11:01:34,575.6,637450,2,575.06,223635,332677,0.3136981526664462,0
2023-07-28 11:01:34,575.6,637450,2,575.06,223920,332603,0.3136981526664462,0
2023-07-28 11:01:34,575.6,637450,2,575.06,223777,332553,0.3136981526664462,0
2023-07-28 11:01:34,575.6,637450,2,575.06,223967,332746,0.3136981526664462,0
2023-07-28 11:01:41,575.6,638165,8,575.06,221730,332187,0.3136981526664462,0
2023-07-28 11:01:41,575.6,638165,8,575.06,222031,332954,0.3136981526664462,0
2023-07-28 11:01:41,575.6,638165,8,575.06,222206,333003,0.3136981526664462,0
2023-07-28 11:01:41,575.6,638165,8,575.06,222014,332697,0.3136981526664462,0
2023-07-28 11:01:45,575.6,638206,3,575.06,222961,332911,0.3136981526664462,0
2023-07-28 11:01:45,575.6,638206,3,575.06,222987,332962,0.3136981526664462,0
2023-07-28 11:01:45,575.6,638206,3,575.06,223013,332962,0.3136981526664462,0
2023-07-28 11:01:50,575.6,638245,1,575.06,221004,332989,0.3136981526664462,0
2023-07-28 11:01:50,575.6,638245,1,575.06,221501,332740,0.3136981526664462,0
2023-07-28 11:01:50,575.6,638245,1,575.06,221698,332040,0.3136981526664462,0
2023-07-28 11:01:53,575.35,638359,1,575.06,221482,331872,0.2701289647961081,0
2023-07-28 11:01:53,575.35,638359,1,575.06,222671,332081,0.2701289647961081,0
2023-07-28 11:01:53,575.35,638359,1,575.06,222712,332182,0.2701289647961081,0
2023-07-28 11:01:53,575.35,638359,1,575.06,222491,332352,0.2701289647961081,0
2023-07-28 11:01:53,575.35,638359,1,575.06,222491,332265,0.2701289647961081,0
2023-07-28 11:01:53,575.35,638359,1,575.06,222491,332348,0.2701289647961081,0
2023-07-28 11:01:53,576.85,638359,21,575.06,222491,332348,0.5315440920181367,0
2023-07-28 11:02:00,576.85,650216,21,575.08,231585,309828,0.5315440920181367,0
2023-07-28 11:02:00,576.8,650339,36,575.08,232476,327068,0.5228302544440572,0
2023-07-28 11:02:02,576.9,651305,438,575.08,232391,328405,0.5402579295921964,0
2023-07-28 11:02:02,576.5,651305,435,575.08,232391,328405,0.4705472289996594,0
2023-07-28 11:02:03,576.5,652094,19,575.08,231381,329884,0.4705472289996594,0
2023-07-28 11:02:03,576.5,652094,19,575.08,231381,329884,0.4705472289996594,0
2023-07-28 11:02:03,576.5,652094,19,575.08,231579,329858,0.4705472289996594,0
2023-07-28 11:02:03,576.1,652094,152,575.08,231579,329858,0.4008365284071224,0
2023-07-28 11:02:03,576.1,652094,696,575.08,231579,329858,0.4008365284071224,0
2023-07-28 11:02:05,576.1,654345,696,575.09,224509,328948,0.4008365284071224,0
2023-07-28 11:02:08,575.95,654354,1,575.09,224345,327559,0.3746950156849235,0
2023-07-28 11:02:08,575.95,654354,1,575.09,224212,330786,0.3746950156849235,0
2023-07-28 11:02:08,576.0,654354,69,575.09,224212,330786,0.3834088532589832,0
2023-07-28 11:02:10,576.0,654624,10,575.09,224437,330882,0.3834088532589832,0
2023-07-28 11:02:10,576.0,654624,10,575.09,224437,330882,0.3834088532589832,0
2023-07-28 11:02:10,576.0,654624,10,575.09,224437,330882,0.3834088532589832,0
2023-07-28 11:02:10,576.0,654624,10,575.09,224136,331065,0.3834088532589832,0
2023-07-28 11:02:10,576.0,654624,10,575.09,224136,331049,0.3834088532589832,0
2023-07-28 11:02:10,576.0,654624,10,575.09,224116,331049,0.3834088532589832,0
2023-07-28 11:02:10,576.15,654624,1,575.09,224116,331049,0.4095503659811821,0
2023-07-28 11:02:15,576.15,654625,1,575.09,224116,329993,0.4095503659811821,0
2023-07-28 11:02:15,576.15,654625,1,575.09,223974,329565,0.4095503659811821,0
2023-07-28 11:02:15,576.15,654625,1,575.09,224007,329565,0.4095503659811821,0
2023-07-28 11:02:19,576.45,655608,66,575.09,225148,327953,0.4618333914255997,0
2023-07-28 11:02:19,576.45,655608,66,575.09,224993,329401,0.4618333914255997,0
2023-07-28 11:02:19,576.45,655608,66,575.09,224893,330067,0.4618333914255997,0
2023-07-28 11:02:19,576.45,655608,66,575.09,225068,330067,0.4618333914255997,0
2023-07-28 11:02:19,576.45,655608,66,575.09,225068,330067,0.4618333914255997,0
2023-07-28 11:02:19,576.4,655608,1,575.09,226068,331067,0.4531195538515202,0
2023-07-28 11:02:19,576.4,655608,1,575.09,226068,331067,0.4531195538515202,0
2023-07-28 11:02:24,576.4,655609,1,575.09,226180,331177,0.4531195538515202,0
2023-07-28 11:02:24,576.4,655609,1,575.09,226180,331055,0.4531195538515202,0
2023-07-28 11:02:24,576.4,655609,1,575.09,226180,331177,0.4531195538515202,0
2023-07-28 11:02:24,576.4,655609,1,575.09,226139,331371,0.4531195538515202,0
2023-07-28 11:02:24,576.4,655609,1,575.09,226139,331364,0.4531195538515202,0
2023-07-28 11:02:31,576.4,655611,2,575.09,226471,331466,0.4531195538515202,0
2023-07-28 11:02:31,576.15,655611,20,575.09,226471,331449,0.4095503659811821,0
2023-07-28 11:02:32,576.15,655631,20,575.09,226386,331439,0.4095503659811821,0
2023-07-28 11:02:32,576.15,655631,20,575.09,226386,331439,0.4095503659811821,0
2023-07-28 11:02:32,576.15,655631,20,575.09,226319,331450,0.4095503659811821,0
2023-07-28 11:02:32,576.15,655631,20,575.09,226061,331176,0.4095503659811821,0
2023-07-28 11:02:32,576.15,655631,20,575.09,226084,331176,0.4095503659811821,0
2023-07-28 11:02:37,576.15,655684,5,575.09,226029,331488,0.4095503659811821,0
2023-07-28 11:02:38,576.15,655720,5,575.09,225790,331722,0.4095503659811821,0
2023-07-28 11:02:38,576.15,655720,5,575.09,225877,331581,0.4095503659811821,0
2023-07-28 11:02:38,576.15,655720,5,575.09,225877,331517,0.4095503659811821,0
2023-07-28 11:02:38,576.15,655720,5,575.09,225877,331517,0.4095503659811821,0
2023-07-28 11:02:38,576.15,655720,5,575.09,225867,331792,0.4095503659811821,0
2023-07-28 11:02:38,576.15,655720,5,575.09,225932,331344,0.4095503659811821,0
2023-07-28 11:02:38,576.15,655720,5,575.09,225828,331115,0.4095503659811821,0
2023-07-28 11:02:46,576.15,655756,5,575.09,225741,331314,0.4095503659811821,0
2023-07-28 11:02:46,576.15,655756,5,575.09,225737,331331,0.4095503659811821,0
2023-07-28 11:02:46,576.15,655756,5,575.09,225694,331339,0.4095503659811821,0
2023-07-28 11:02:46,576.15,655756,5,575.09,225694,331339,0.4095503659811821,0
2023-07-28 11:02:46,576.15,655756,5,575.09,225719,331360,0.4095503659811821,0
2023-07-28 11:02:46,576.15,655756,5,575.09,225719,331860,0.4095503659811821,0
2023-07-28 11:02:46,576.15,655756,5,575.09,225740,331860,0.4095503659811821,0
2023-07-28 11:02:46,576.15,655756,10,575.09,225740,331860,0.4095503659811821,0
2023-07-28 11:02:58,576.15,655781,10,575.09,225742,331884,0.4095503659811821,0
2023-07-28 11:02:58,576.15,655781,10,575.09,225518,332010,0.4095503659811821,0
2023-07-28 11:02:58,576.15,655781,1,575.09,225518,332010,0.4095503659811821,0
2023-07-28 11:03:02,576.15,655782,1,575.09,225517,332025,0.4095503659811821,0
2023-07-28 11:03:02,576.15,655782,1,575.09,225762,332004,0.4095503659811821,0
2023-07-28 11:03:02,576.15,655782,1,575.09,226014,332266,0.4095503659811821,0
2023-07-28 11:03:02,576.35,655782,1,575.09,226014,332266,0.4444057162774605,0
2023-07-28 11:03:08,576.35,655783,1,575.09,225566,331890,0.4444057162774605,0
2023-07-28 11:03:08,576.45,655783,1,575.09,225303,331852,0.4618333914255997,0
2023-07-28 11:03:15,576.45,655784,1,575.09,225266,332087,0.4618333914255997,0
2023-07-28 11:03:15,576.45,655784,1,575.09,228657,330158,0.4618333914255997,0
2023-07-28 11:03:15,576.45,655784,1,575.09,228641,330106,0.4618333914255997,0
2023-07-28 11:03:15,576.45,655784,1,575.09,228641,330106,0.4618333914255997,0
2023-07-28 11:03:39,576.45,655786,1,575.09,230192,330273,0.4618333914255997,0
2023-07-28 11:03:39,576.45,655786,20,575.09,230192,330273,0.4618333914255997,0
2023-07-28 11:03:41,576.45,655843,20,575.09,229815,330277,0.4618333914255997,0
2023-07-28 11:03:41,576.45,655843,20,575.09,229788,330277,0.4618333914255997,0
2023-07-28 11:03:58,576.75,655868,23,575.09,228413,330567,0.5141164168699975,0
2023-07-28 11:03:58,576.75,655868,30,575.09,228413,330567,0.5141164168699975,0
2023-07-28 11:04:01,576.75,655961,30,575.09,228563,330297,0.5141164168699975,0
2023-07-28 11:04:01,576.75,655961,30,575.09,228579,330495,0.5141164168699975,0
2023-07-28 11:04:01,576.75,655961,30,575.09,228684,330495,0.5141164168699975,0
2023-07-28 11:04:01,576.7,655961,76,575.09,228684,330495,0.5054025792959378,0
2023-07-28 11:04:11,576.7,656037,76,575.09,228841,330485,0.5054025792959378,0
2023-07-28 11:04:11,576.75,656037,17,575.09,228841,330485,0.5141164168699975,0
2023-07-28 11:04:21,576.75,656112,17,575.09,229413,330559,0.5141164168699975,0
2023-07-28 11:04:21,576.65,656112,19,575.09,229413,330559,0.4966887417218583,0
2023-07-28 11:04:23,576.65,656132,19,575.09,229394,330542,0.4966887417218583,0
2023-07-28 11:04:23,576.65,656132,19,575.09,229308,330334,0.4966887417218583,0
2023-07-28 11:04:23,576.8,656132,56,575.09,229308,330334,0.5228302544440572,0
2023-07-28 11:04:23,576.7,656132,10,575.09,229308,330334,0.5054025792959378,0
2023-07-28 11:04:23,576.8,656132,106,575.09,229308,330334,0.5228302544440572,0
2023-07-28 11:04:33,576.8,656919,106,575.09,228664,329493,0.5228302544440572,0
2023-07-28 11:04:33,576.7,656919,2,575.09,228664,329493,0.5054025792959378,0
2023-07-28 11:04:38,576.7,656939,2,575.09,228620,329668,0.5054025792959378,0
2023-07-28 11:04:38,576.7,656939,2,575.09,228620,329673,0.5054025792959378,0
2023-07-28 11:04:38,576.7,656939,2,575.09,228650,329673,0.5054025792959378,0
2023-07-28 11:04:38,576.7,656939,1,575.09,228650,329673,0.5054025792959378,0
2023-07-28 11:04:48,576.7,656940,1,575.09,228260,329829,0.5054025792959378,0
2023-07-28 11:04:48,576.7,656940,1,575.09,228234,330021,0.5054025792959378,0
2023-07-28 11:04:48,576.7,656940,1,575.09,228234,329934,0.5054025792959378,0
2023-07-28 11:04:48,576.7,656940,1,575.09,228091,330199,0.5054025792959378,0
2023-07-28 11:04:48,576.85,656940,15,575.09,228091,330199,0.5315440920181367,0
2023-07-28 11:05:14,576.85,657037,15,575.09,228035,330133,0.5315440920181367,0
2023-07-28 11:05:14,576.85,657037,1,575.09,228035,330133,0.5315440920181367,0
2023-07-28 11:05:18,576.85,657038,1,575.09,228070,330201,0.5315440920181367,0
2023-07-28 11:05:18,576.85,657038,1,575.09,228070,330201,0.5315440920181367,0
2023-07-28 11:05:18,576.85,657038,1,575.09,228070,330201,0.5315440920181367,0
2023-07-28 11:05:18,576.85,657038,1,575.09,228070,330201,0.5315440920181367,0
2023-07-28 11:05:22,576.85,657050,1,575.09,228070,330189,0.5315440920181367,0
2023-07-28 11:05:22,576.85,657050,1,575.09,228070,330189,0.5315440920181367,0
2023-07-28 11:05:22,576.85,657050,1,575.09,228070,330189,0.5315440920181367,0
2023-07-28 11:05:22,576.85,657050,1,575.09,228070,330189,0.5315440920181367,0
2023-07-28 11:05:22,576.85,657050,50,575.09,228070,330189,0.5315440920181367,0
2023-07-28 11:05:22,576.85,657050,50,575.09,228070,330189,0.5315440920181367,0
2023-07-28 11:05:22,576.85,657050,50,575.09,228070,330189,0.5315440920181367,0
2023-07-28 11:05:26,576.85,657207,5,575.1,228070,330116,0.5315440920181367,0
2023-07-28 11:05:26,576.7,657207,22,575.1,228070,330116,0.5054025792959378,0
2023-07-28 11:05:30,576.7,657246,22,575.1,228219,330111,0.5054025792959378,0
2023-07-28 11:05:36,576.85,657291,45,575.1,228341,330131,0.5315440920181367,0
2023-07-28 11:05:36,576.9,657291,65,575.1,228341,330131,0.5402579295921964,0
2023-07-28 11:05:38,576.9,657358,65,575.1,228275,330558,0.5402579295921964,0
2023-07-28 11:05:44,576.75,657366,4,575.1,228530,331045,0.5141164168699975,0
2023-07-28 11:05:44,576.95,657366,39,575.1,228530,331045,0.5489717671662759,0
2023-07-28 11:05:47,576.95,657552,39,575.1,228642,330858,0.5489717671662759,0
2023-07-28 11:05:47,576.9,657552,1,575.1,228642,330858,0.5402579295921964,0
2023-07-28 11:05:57,576.95,657670,100,575.1,228945,330775,0.5489717671662759,0
2023-07-28 11:05:57,576.8,657670,2,575.1,228945,330775,0.5228302544440572,0
2023-07-28 11:05:57,576.75,657670,40,575.1,228945,330775,0.5141164168699975,0
2023-07-28 11:06:00,576.75,657722,40,575.1,228684,330768,0.5141164168699975,0
2023-07-28 11:06:00,577.0,657722,62,575.1,228684,330768,0.5576856047403356,0
2023-07-28 11:06:00,576.75,657722,71,575.1,228684,330768,0.5141164168699975,0
2023-07-28 11:06:00,576.75,657722,5,575.1,228684,330768,0.5141164168699975,0
2023-07-28 11:06:04,576.75,658529,5,575.1,228685,331328,0.5141164168699975,0
2023-07-28 11:06:04,576.75,658529,5,575.1,228685,331328,0.5141164168699975,0
2023-07-28 11:06:07,576.75,658976,5,575.1,228619,331251,0.5141164168699975,0
2023-07-28 11:06:07,576.95,658976,33,575.1,228619,331251,0.5489717671662759,0
2023-07-28 11:06:13,576.75,659098,2,575.1,228464,330982,0.5141164168699975,0
2023-07-28 11:06:13,576.75,659098,2,575.1,228464,330982,0.5141164168699975,0
2023-07-28 11:06:13,576.6,659098,13,575.1,228464,330982,0.4879749041477986,0
2023-07-28 11:06:17,576.6,659200,13,575.1,229221,331515,0.4879749041477986,0
2023-07-28 11:06:17,576.6,659200,13,575.1,229616,331920,0.4879749041477986,0
2023-07-28 11:06:17,576.6,659200,13,575.1,229616,331935,0.4879749041477986,0
2023-07-28 11:06:17,576.6,659200,13,575.1,229610,331795,0.4879749041477986,0
2023-07-28 11:06:17,576.65,659200,1,575.1,229610,331795,0.4966887417218583,0
2023-07-28 11:06:34,576.65,659201,1,575.1,229610,331755,0.4966887417218583,0
2023-07-28 11:06:34,576.65,659201,9,575.1,229610,331755,0.4966887417218583,0
2023-07-28 11:06:41,576.65,659211,9,575.1,229631,331771,0.4966887417218583,0
2023-07-28 11:06:41,576.65,659211,9,575.1,229624,331820,0.4966887417218583,0
2023-07-28 11:06:41,576.65,659211,9,575.1,229495,331844,0.4966887417218583,0
2023-07-28 11:06:41,576.65,659211,9,575.1,229624,331715,0.4966887417218583,0
2023-07-28 11:06:41,576.65,659211,9,575.1,229624,331716,0.4966887417218583,0
2023-07-28 11:06:41,576.85,659211,27,575.1,229624,331716,0.5315440920181367,0
2023-07-28 11:07:26,576.65,659298,5,575.1,229578,331779,0.4966887417218583,0
2023-07-28 11:07:26,576.65,659298,5,575.1,229578,331621,0.4966887417218583,0
2023-07-28 11:07:26,576.65,659298,5,575.1,229726,331376,0.4966887417218583,0
2023-07-28 11:07:26,576.65,659298,5,575.1,229597,331349,0.4966887417218583,0
2023-07-28 11:07:26,576.65,659298,5,575.1,229597,331154,0.4966887417218583,0
2023-07-28 11:07:26,576.65,659298,32,575.1,229597,331154,0.4966887417218583,0
2023-07-28 11:07:43,576.65,659361,32,575.1,229597,331174,0.4966887417218583,0
2023-07-28 11:07:51,576.9,659419,19,575.1,229704,332047,0.5402579295921964,0
2023-07-28 11:07:51,576.9,659419,19,575.1,229665,331994,0.5402579295921964,0
2023-07-28 11:07:51,576.9,659419,1,575.1,229665,331994,0.5402579295921964,0
2023-07-28 11:08:01,576.9,659451,1,575.1,229714,332122,0.5402579295921964,0
2023-07-28 11:08:01,576.9,659451,3,575.1,229714,332122,0.5402579295921964,0
2023-07-28 11:08:05,576.9,659455,3,575.1,229554,333330,0.5402579295921964,0
2023-07-28 11:08:05,576.9,659455,87,575.1,229554,333330,0.5402579295921964,0
2023-07-28 11:08:11,576.9,659542,87,575.1,229912,333402,0.5402579295921964,0
2023-07-28 11:08:11,576.75,659542,8,575.1,229912,333402,0.5141164168699975,0
2023-07-28 11:08:16,576.95,659553,1,575.1,229925,333554,0.5489717671662759,0
2023-07-28 11:08:16,576.75,659553,1,575.1,229925,333554,0.5141164168699975,0
2023-07-28 11:08:19,576.75,659554,1,575.1,229492,333606,0.5141164168699975,0
2023-07-28 11:08:19,576.75,659554,1,575.1,229492,333606,0.5141164168699975,0
2023-07-28 11:08:19,576.95,659554,5,575.1,229492,333606,0.5489717671662759,0
2023-07-28 11:08:19,576.95,659554,5,575.1,229492,333606,0.5489717671662759,0
2023-07-28 11:08:19,576.95,659554,5,575.1,229492,333606,0.5489717671662759,0
2023-07-28 11:08:23,576.95,659850,5,575.1,229633,333621,0.5489717671662759,0
2023-07-28 11:08:23,576.95,659850,5,575.1,229633,333621,0.5489717671662759,0
2023-07-28 11:08:23,576.95,659850,5,575.1,229633,333621,0.5489717671662759,0
2023-07-28 11:08:23,576.75,659850,18,575.1,229633,333621,0.5141164168699975,0
2023-07-28 11:08:23,576.75,659850,18,575.1,229633,333621,0.5141164168699975,0
2023-07-28 11:08:23,576.75,659850,18,575.1,229633,333621,0.5141164168699975,0
2023-07-28 11:08:27,576.75,659942,18,575.1,229449,333764,0.5141164168699975,0
2023-07-28 11:08:33,576.95,660055,26,575.1,229526,333607,0.5489717671662759,0
2023-07-28 11:08:33,576.95,660055,20,575.1,229526,333607,0.5489717671662759,0
2023-07-28 11:08:36,576.95,660075,20,575.1,229526,333587,0.5489717671662759,0
2023-07-28 11:08:36,576.9,660075,1,575.1,229526,333587,0.5402579295921964,0
2023-07-28 11:08:36,576.95,660075,2,575.1,229526,333587,0.5489717671662759,0
2023-07-28 11:08:41,576.95,660082,2,575.1,229563,333559,0.5489717671662759,0
2023-07-28 11:08:41,576.95,660082,4,575.1,229563,333559,0.5489717671662759,0
2023-07-28 11:08:44,576.95,660224,4,575.1,229657,333573,0.5489717671662759,0
2023-07-28 11:08:44,576.95,660224,4,575.1,229661,333573,0.5489717671662759,0
2023-07-28 11:08:44,576.9,660224,2,575.1,229661,333573,0.5402579295921964,0
2023-07-28 11:08:53,576.9,660226,2,575.1,229353,333554,0.5402579295921964,0
2023-07-28 11:08:53,576.95,660226,43,575.1,229353,333554,0.5489717671662759,0
2023-07-28 11:08:53,576.95,660226,1,575.1,229353,333554,0.5489717671662759,0
2023-07-28 11:08:57,576.95,660384,1,575.1,229517,333611,0.5489717671662759,0
2023-07-28 11:08:57,576.95,660384,1,575.1,229517,333611,0.5489717671662759,0
2023-07-28 11:08:58,576.95,660385,1,575.1,229517,333516,0.5489717671662759,0
2023-07-28 11:08:58,576.95,660385,2,575.1,229517,333516,0.5489717671662759,0
2023-07-28 11:09:03,576.95,660387,2,575.1,229468,333431,0.5489717671662759,0
2023-07-28 11:09:03,576.95,660387,6,575.1,229468,333431,0.5489717671662759,0
2023-07-28 11:09:03,576.8,660387,3,575.1,229468,333431,0.5228302544440572,0
2023-07-28 11:09:08,576.8,660680,3,575.1,229556,333469,0.5228302544440572,0
2023-07-28 11:09:08,576.8,660680,15,575.1,229556,333469,0.5228302544440572,0
2023-07-28 11:09:08,576.95,660680,1,575.1,229556,333469,0.5489717671662759,0
2023-07-28 11:09:12,576.95,660721,1,575.1,229526,333291,0.5489717671662759,0
2023-07-28 11:09:12,576.95,660721,1,575.1,229530,333321,0.5489717671662759,0
2023-07-28 11:09:12,576.9,660721,1,575.1,229530,333321,0.5402579295921964,0
2023-07-28 11:09:20,576.9,660722,1,575.1,229530,333523,0.5402579295921964,0
2023-07-28 11:09:20,576.9,660722,3,575.1,229530,333523,0.5402579295921964,0
2023-07-28 11:09:24,576.9,660725,3,575.1,229317,333780,0.5402579295921964,0
2023-07-28 11:09:24,576.95,660725,1,575.1,229317,333780,0.5489717671662759,0
2023-07-28 11:09:26,576.95,661839,1,575.11,229170,333837,0.5489717671662759,0
2023-07-28 11:09:26,576.95,661839,1,575.11,229170,333842,0.5489717671662759,0
2023-07-28 11:09:26,576.8,661839,87,575.11,229170,333842,0.5228302544440572,0
2023-07-28 11:09:26,576.9,661839,1,575.11,229170,333842,0.5402579295921964,0
2023-07-28 11:09:34,576.9,662121,1,575.11,229089,333237,0.5402579295921964,0
2023-07-28 11:09:34,576.9,662121,3,575.11,229089,333237,0.5402579295921964,0
2023-07-28 11:09:44,576.9,662153,3,575.11,229261,333493,0.5402579295921964,0
2023-07-28 11:09:44,576.9,662153,3,575.11,229261,333632,0.5402579295921964,0
2023-07-28 11:09:44,576.9,662153,3,575.11,229276,333607,0.5402579295921964,0
2023-07-28 11:09:44,576.95,662153,1,575.11,229276,333607,0.5489717671662759,0
2023-07-28 11:09:44,576.95,662153,1,575.11,229276,333607,0.5489717671662759,0
2023-07-28 11:09:56,576.95,662155,1,575.11,229276,333605,0.5489717671662759,0
2023-07-28 11:09:56,576.95,662155,1,575.11,229276,333635,0.5489717671662759,0
2023-07-28 11:09:56,576.75,662155,19,575.11,229276,333635,0.5141164168699975,0
2023-07-28 11:10:09,576.95,662213,1,575.11,229068,333809,0.5489717671662759,0
2023-07-28 11:10:10,576.95,662214,1,575.11,229155,333634,0.5489717671662759,0
2023-07-28 11:10:10,576.95,662214,1,575.11,229184,333634,0.5489717671662759,0
2023-07-28 11:10:10,576.75,662214,19,575.11,229184,333634,0.5141164168699975,0
2023-07-28 11:10:10,576.95,662214,2,575.11,229184,333634,0.5489717671662759,0
2023-07-28 11:10:21,576.95,662284,2,575.11,229184,333632,0.5489717671662759,0
2023-07-28 11:10:21,576.75,662284,19,575.11,229090,333557,0.5141164168699975,0
2023-07-28 11:10:30,576.75,662319,19,575.11,229001,333684,0.5141164168699975,0
2023-07-28 11:10:30,576.75,662319,19,575.11,229001,333684,0.5141164168699975,0
2023-07-28 11:10:38,576.75,662398,19,575.11,229001,333639,0.5141164168699975,0
2023-07-28 11:10:38,576.75,662398,19,575.11,229001,333639,0.5141164168699975,0
2023-07-28 11:10:42,576.95,662441,8,575.11,229001,333623,0.5489717671662759,0
2023-07-28 11:10:42,576.75,662441,19,575.11,229001,333623,0.5141164168699975,0
2023-07-28 11:10:44,576.75,662475,19,575.11,229059,333731,0.5141164168699975,0
2023-07-28 11:10:44,576.75,662475,19,575.11,229059,333731,0.5141164168699975,0
2023-07-28 11:10:47,576.75,662510,19,575.11,228921,333858,0.5141164168699975,0
2023-07-28 11:10:47,576.75,662510,18,575.11,228921,333858,0.5141164168699975,0
2023-07-28 11:10:52,576.75,662537,18,575.11,228597,334122,0.5141164168699975,0
2023-07-28 11:10:52,576.75,662537,89,575.11,228597,334122,0.5141164168699975,0
2023-07-28 11:10:52,576.9,662537,1,575.11,228597,334122,0.5402579295921964,0
2023-07-28 11:10:57,576.9,662676,1,575.11,228678,334209,0.5402579295921964,0
2023-07-28 11:10:57,576.9,662676,1,575.11,228863,333967,0.5402579295921964,0
2023-07-28 11:10:57,576.9,662676,1,575.11,229477,333854,0.5402579295921964,0
2023-07-28 11:10:57,576.9,662676,1,575.11,229018,333335,0.5402579295921964,0
2023-07-28 11:10:57,576.9,662676,1,575.11,228954,333441,0.5402579295921964,0
2023-07-28 11:10:57,576.85,662676,1,575.11,228923,333570,0.5315440920181367,0
2023-07-28 11:10:57,576.85,662676,1,575.11,228923,333570,0.5315440920181367,0
2023-07-28 11:10:57,576.85,662676,1,575.11,228923,333570,0.5315440920181367,0
2023-07-28 11:10:57,576.85,662676,1,575.11,228923,333570,0.5315440920181367,0
2023-07-28 11:10:57,576.85,662676,1,575.11,228923,333570,0.5315440920181367,0
2023-07-28 11:10:57,576.8,662676,80,575.11,228923,333570,0.5228302544440572,0
2023-07-28 11:10:57,576.8,662676,80,575.11,228923,333570,0.5228302544440572,0
2023-07-28 11:10:57,576.8,662676,80,575.11,228923,333570,0.5228302544440572,0
2023-07-28 11:11:28,576.8,663793,3,575.11,228973,333456,0.5228302544440572,0
2023-07-28 11:11:28,576.5,663793,5,575.11,228973,333456,0.4705472289996594,0
2023-07-28 11:11:28,576.55,663793,11,575.11,228973,333456,0.4792610665737191,0
2023-07-28 11:11:29,576.55,663877,11,575.11,227543,334218,0.4792610665737191,0
2023-07-28 11:11:29,576.55,663877,4,575.11,227550,334367,0.4792610665737191,0
2023-07-28 11:11:36,576.55,663881,4,575.11,227482,333861,0.4792610665737191,0
2023-07-28 11:11:36,576.55,663881,7,575.11,227482,333861,0.4792610665737191,0
2023-07-28 11:11:36,576.55,663881,1,575.11,227482,333861,0.4792610665737191,0
2023-07-28 11:11:42,576.55,663892,1,575.11,227457,333854,0.4792610665737191,0
2023-07-28 11:11:42,576.55,663892,10,575.11,227457,333854,0.4792610665737191,0
2023-07-28 11:11:46,576.55,663902,10,575.11,227994,332549,0.4792610665737191,0
2023-07-28 11:11:46,576.55,663902,10,575.11,227816,332549,0.4792610665737191,0
2023-07-28 11:11:46,576.55,663902,1,575.11,227816,332549,0.4792610665737191,0
2023-07-28 11:11:54,576.55,663903,1,575.11,227848,332579,0.4792610665737191,0
2023-07-28 11:11:54,576.55,663903,1,575.11,227848,332579,0.4792610665737191,0
2023-07-28 11:12:00,576.55,663904,1,575.11,227848,332579,0.4792610665737191,0
2023-07-28 11:12:00,576.55,663904,1,575.11,227848,332579,0.4792610665737191,0
2023-07-28 11:12:04,576.55,663906,1,575.11,227866,332577,0.4792610665737191,0
2023-07-28 11:12:04,576.55,663906,4,575.11,227866,332577,0.4792610665737191,0
2023-07-28 11:12:09,576.55,663912,4,575.11,227781,332164,0.4792610665737191,0
2023-07-28 11:12:09,576.55,663912,111,575.11,227781,332214,0.4792610665737191,0
2023-07-28 11:12:09,576.6,663912,1,575.11,227781,332214,0.4879749041477986,0
2023-07-28 11:12:09,576.85,663912,7,575.11,227781,332214,0.5315440920181367,0
2023-07-28 11:12:16,576.85,665244,7,575.12,228579,330916,0.5315440920181367,0
2023-07-28 11:12:16,576.85,665244,1,575.12,228579,330916,0.5315440920181367,0
2023-07-28 11:12:16,576.55,665244,55,575.12,228579,330916,0.4792610665737191,0
2023-07-28 11:12:21,576.55,665300,55,575.12,228625,330864,0.4792610665737191,0
2023-07-28 11:12:21,576.55,665300,21,575.12,228625,330864,0.4792610665737191,0
2023-07-28 11:12:23,576.55,665321,21,575.12,228632,330614,0.4792610665737191,0
2023-07-28 11:12:23,576.85,665321,1,575.12,228632,330614,0.5315440920181367,0
2023-07-28 11:12:23,576.85,665321,1,575.12,228632,330614,0.5315440920181367,0
2023-07-28 11:12:29,576.85,665323,1,575.12,228865,330531,0.5315440920181367,0
2023-07-28 11:12:29,576.55,665323,100,575.12,228865,330531,0.4792610665737191,0
2023-07-28 11:12:34,576.55,665423,100,575.12,228521,331540,0.4792610665737191,0
2023-07-28 11:12:34,576.55,665423,20,575.12,228521,331540,0.4792610665737191,0
2023-07-28 11:12:36,576.55,665443,20,575.12,228388,331516,0.4792610665737191,0
2023-07-28 11:12:36,576.55,665443,20,575.12,228728,331519,0.4792610665737191,0
2023-07-28 11:12:36,576.55,665443,20,575.12,228728,331488,0.4792610665737191,0
2023-07-28 11:12:36,576.75,665443,1,575.12,228728,331488,0.5141164168699975,0
2023-07-28 11:12:36,576.55,665443,30,575.12,228728,331488,0.4792610665737191,0
2023-07-28 11:12:36,576.55,665443,8,575.12,228728,331488,0.4792610665737191,0
2023-07-28 11:12:36,576.7,665443,1,575.12,228728,331488,0.5054025792959378,0
2023-07-28 11:13:01,576.7,665751,1,575.12,228313,330607,0.5054025792959378,0
2023-07-28 11:13:01,576.7,665751,1,575.12,228206,330597,0.5054025792959378,0
2023-07-28 11:13:01,576.7,665751,1,575.12,228208,330556,0.5054025792959378,0
2023-07-28 11:13:01,576.7,665751,1,575.12,228298,330561,0.5054025792959378,0
2023-07-28 11:13:01,576.7,665751,1,575.12,228338,330538,0.5054025792959378,0
2023-07-28 11:13:01,576.7,665751,1,575.12,228338,330538,0.5054025792959378,0
2023-07-28 11:13:01,576.55,665751,2,575.12,228338,330538,0.4792610665737191,0
2023-07-28 11:13:21,576.55,665754,2,575.12,228336,330003,0.4792610665737191,0
2023-07-28 11:13:21,576.7,665754,1,575.12,228336,330003,0.5054025792959378,0
2023-07-28 11:13:21,576.7,665754,53,575.12,228336,330003,0.5054025792959378,0
2023-07-28 11:13:25,576.7,665808,53,575.12,228375,329970,0.5054025792959378,0
2023-07-28 11:13:25,576.7,665808,40,575.12,228375,329970,0.5054025792959378,0
2023-07-28 11:13:27,576.7,665848,40,575.12,228272,329907,0.5054025792959378,0
2023-07-28 11:13:27,576.55,665848,4,575.12,228272,329907,0.4792610665737191,0
2023-07-28 11:13:27,576.7,665848,27,575.12,228272,329907,0.5054025792959378,0
2023-07-28 11:13:37,576.75,665973,1,575.12,228331,329924,0.5141164168699975,0
2023-07-28 11:13:37,576.55,665973,10,575.12,228331,329924,0.4792610665737191,0
2023-07-28 11:13:39,576.55,665983,10,575.12,228326,330027,0.4792610665737191,0
2023-07-28 11:13:46,576.7,665995,33,575.12,228247,331699,0.5054025792959378,0
2023-07-28 11:13:46,576.7,665995,167,575.12,228247,331699,0.5054025792959378,0
2023-07-28 11:13:48,576.7,666195,167,575.12,227836,330621,0.5054025792959378,0
2023-07-28 11:13:48,576.75,666195,1,575.12,227836,330621,0.5141164168699975,0
2023-07-28 11:13:48,576.8,666195,1,575.12,227836,330621,0.5228302544440572,0
2023-07-28 11:13:54,576.8,666197,1,575.12,227889,330633,0.5228302544440572,0
2023-07-28 11:13:54,576.85,666197,76,575.12,227889,330633,0.5315440920181367,0
2023-07-28 11:13:58,576.85,666321,76,575.12,227211,329987,0.5315440920181367,0
2023-07-28 11:13:58,576.55,666321,12,575.12,227211,329987,0.4792610665737191,0
2023-07-28 11:14:07,576.55,666955,1,575.12,227595,330967,0.4792610665737191,0
2023-07-28 11:14:07,576.15,666955,63,575.12,227595,330967,0.4095503659811821,0
2023-07-28 11:14:11,576.15,669455,63,575.12,226250,331641,0.4095503659811821,0
2023-07-28 11:14:11,576.65,669455,1,575.12,226250,331641,0.4966887417218583,0
2023-07-28 11:14:11,576.35,669455,11,575.12,226250,331641,0.4444057162774605,0
2023-07-28 11:14:11,576.7,669455,1,575.12,226250,331641,0.5054025792959378,0
2023-07-28 11:14:20,576.3,669970,3,575.13,227133,330947,0.435691878703381,0
2023-07-28 11:14:20,576.7,669970,1,575.13,227133,330947,0.5054025792959378,0
2023-07-28 11:14:20,576.7,669970,1,575.13,227133,330947,0.5054025792959378,0
2023-07-28 11:14:24,576.7,669972,1,575.13,227867,332735,0.5054025792959378,0
2023-07-28 11:14:24,576.7,669972,1,575.13,227867,332735,0.5054025792959378,0
2023-07-28 11:14:24,576.7,669972,1,575.13,227867,332735,0.5054025792959378,0
2023-07-28 11:14:24,576.7,669972,1,575.13,227867,332735,0.5054025792959378,0
2023-07-28 11:14:24,576.7,669972,1,575.13,227867,332735,0.5054025792959378,0
2023-07-28 11:14:24,576.7,669972,1,575.13,227867,332735,0.5054025792959378,0
2023-07-28 11:14:24,576.75,669972,2,575.13,227867,332735,0.5141164168699975,0
2023-07-28 11:14:28,576.75,669983,1,575.13,227898,332843,0.5141164168699975,0
2023-07-28 11:14:28,576.75,669983,1,575.13,227970,332843,0.5141164168699975,0
2023-07-28 11:14:28,576.75,669983,1,575.13,227869,332922,0.5141164168699975,0
2023-07-28 11:14:28,576.4,669983,1,575.13,227869,332922,0.4531195538515202,0
2023-07-28 11:14:38,576.4,669984,1,575.13,227874,332939,0.4531195538515202,0
2023-07-28 11:14:38,576.4,669984,1,575.13,227591,333063,0.4531195538515202,0
2023-07-28 11:14:38,576.4,669984,1,575.13,227544,333031,0.4531195538515202,0
2023-07-28 11:14:38,576.4,669984,5,575.13,227544,333031,0.4531195538515202,0
2023-07-28 11:14:38,576.4,669984,1,575.13,227544,333031,0.4531195538515202,0
2023-07-28 11:14:52,576.4,670019,1,575.13,227626,332801,0.4531195538515202,0
2023-07-28 11:14:52,576.4,670019,1,575.13,227402,333017,0.4531195538515202,0
2023-07-28 11:14:52,576.4,670019,1,575.13,227502,333018,0.4531195538515202,0
2023-07-28 11:14:52,576.4,670019,1,575.13,227513,333185,0.4531195538515202,0
2023-07-28 11:14:52,576.4,670019,1,575.13,227499,333041,0.4531195538515202,0
2023-07-28 11:14:52,576.4,670019,1,575.13,227499,333047,0.4531195538515202,0
2023-07-28 11:14:52,576.4,670019,1,575.13,227455,333064,0.4531195538515202,0
2023-07-28 11:14:52,576.4,670019,1,575.13,227455,333060,0.4531195538515202,0
2023-07-28 11:14:52,576.4,670019,1,575.13,227455,333318,0.4531195538515202,0
2023-07-28 11:14:52,576.4,670019,1,575.13,227455,333449,0.4531195538515202,0
2023-07-28 11:14:52,576.4,670019,1,575.13,227476,333184,0.4531195538515202,0
2023-07-28 11:14:52,576.4,670019,1,575.13,227476,333221,0.4531195538515202,0
2023-07-28 11:14:52,576.4,670019,1,575.13,227476,333204,0.4531195538515202,0
2023-07-28 11:14:52,576.4,670019,1,575.13,227673,332959,0.4531195538515202,0
2023-07-28 11:14:52,576.4,670019,1,575.13,227431,333190,0.4531195538515202,0
2023-07-28 11:14:52,576.4,670019,1,575.13,227539,333263,0.4531195538515202,0
2023-07-28 11:14:52,576.4,670019,1,575.13,227539,333443,0.4531195538515202,0
2023-07-28 11:14:52,576.4,670019,1,575.13,227565,333281,0.4531195538515202,0
2023-07-28 11:14:52,576.4,670019,1,575.13,227565,332079,0.4531195538515202,0
2023-07-28 11:14:52,576.4,670019,5,575.13,227565,332054,0.4531195538515202,0
2023-07-28 11:15:28,576.4,670024,5,575.13,227560,331868,0.4531195538515202,0
2023-07-28 11:15:28,576.4,670024,5,575.13,227433,332012,0.4531195538515202,0
2023-07-28 11:15:28,576.4,670024,5,575.13,227434,332012,0.4531195538515202,0
2023-07-28 11:15:28,576.4,670024,5,575.13,227305,332044,0.4531195538515202,0
2023-07-28 11:15:28,576.4,670024,5,575.13,227432,332087,0.4531195538515202,0
2023-07-28 11:15:28,576.4,670024,5,575.13,227402,332152,0.4531195538515202,0
2023-07-28 11:15:28,576.4,670024,5,575.13,227509,332103,0.4531195538515202,0
2023-07-28 11:15:28,576.4,670024,5,575.13,227509,331988,0.4531195538515202,0
2023-07-28 11:15:28,576.4,670024,5,575.13,227507,331904,0.4531195538515202,0
2023-07-28 11:15:28,576.6,670024,1,575.13,227507,331924,0.4879749041477986,0
2023-07-28 11:15:42,576.4,670027,10,575.13,227507,331921,0.4531195538515202,0
2023-07-28 11:15:42,576.6,670037,1,575.13,227420,331903,0.4879749041477986,0
2023-07-28 11:15:43,576.6,670038,1,575.13,227438,331985,0.4879749041477986,0
2023-07-28 11:15:43,576.6,670038,1,575.13,227054,331992,0.4879749041477986,0
2023-07-28 11:15:46,576.55,670039,1,575.13,227561,332301,0.4792610665737191,0
2023-07-28 11:15:46,576.55,670039,1,575.13,227554,332471,0.4792610665737191,0
2023-07-28 11:15:46,576.55,670039,1,575.13,227654,332649,0.4792610665737191,0
2023-07-28 11:15:46,576.55,670039,1,575.13,227639,332496,0.4792610665737191,0
2023-07-28 11:15:46,576.6,670039,7,575.13,227639,332496,0.4879749041477986,0
2023-07-28 11:15:50,576.6,670089,7,575.13,227667,332451,0.4879749041477986,0
2023-07-28 11:15:50,576.6,670089,7,575.13,227442,332635,0.4879749041477986,0
2023-07-28 11:15:50,576.6,670089,7,575.13,227442,332635,0.4879749041477986,0
2023-07-28 11:15:50,576.6,670089,10,575.13,227537,332611,0.4879749041477986,0
2023-07-28 11:15:55,576.6,670249,10,575.13,227980,332014,0.4879749041477986,0
2023-07-28 11:15:55,576.6,670249,10,575.13,228061,331903,0.4879749041477986,0
2023-07-28 11:15:55,576.6,670249,10,575.13,227906,331990,0.4879749041477986,0
2023-07-28 11:16:04,576.6,670250,1,575.13,228040,331843,0.4879749041477986,0
2023-07-28 11:16:06,576.6,670394,82,575.13,228106,331922,0.4879749041477986,0
2023-07-28 11:16:06,576.6,670394,17,575.13,228106,331922,0.4879749041477986,0
2023-07-28 11:16:08,576.6,670411,17,575.13,227856,332236,0.4879749041477986,0
2023-07-28 11:16:08,576.65,670411,1,575.13,227856,332236,0.4966887417218583,0
2023-07-28 11:16:08,576.75,670411,1,575.13,227856,332236,0.5141164168699975,0
2023-07-28 11:16:14,576.75,670438,1,575.13,227848,331648,0.5141164168699975,0
2023-07-28 11:16:14,576.75,670438,1,575.13,227848,331611,0.5141164168699975,0
2023-07-28 11:16:14,576.75,670438,1,575.13,227849,331612,0.5141164168699975,0
2023-07-28 11:16:14,576.8,670438,100,575.13,227849,331612,0.5228302544440572,0
2023-07-28 11:16:24,576.8,670563,100,575.13,228075,332510,0.5228302544440572,0
2023-07-28 11:16:31,576.6,671567,4,575.13,227573,331416,0.4879749041477986,0
2023-07-28 11:16:31,576.85,671567,1,575.13,227573,331416,0.5315440920181367,0
2023-07-28 11:16:33,576.85,671568,1,575.13,227898,331392,0.5315440920181367,0
2023-07-28 11:16:33,576.85,671568,1,575.13,228249,331416,0.5315440920181367,0
2023-07-28 11:16:33,576.85,671568,1,575.13,228028,331146,0.5315440920181367,0
2023-07-28 11:16:33,576.8,671568,1,575.13,228028,331146,0.5228302544440572,0
2023-07-28 11:16:33,576.8,671568,1,575.13,228028,331146,0.5228302544440572,0
2023-07-28 11:16:51,576.8,671571,1,575.13,228199,331140,0.5228302544440572,0
2023-07-28 11:16:51,576.8,671571,1,575.13,227146,334135,0.5228302544440572,0
2023-07-28 11:16:51,576.65,671571,1,575.13,227146,334135,0.4966887417218583,0
2023-07-28 11:16:58,576.65,671572,1,575.13,226764,334176,0.4966887417218583,0
2023-07-28 11:16:58,576.6,671572,7,575.13,226764,334176,0.4879749041477986,0
2023-07-28 11:17:03,576.6,672463,577,575.13,226370,334745,0.4879749041477986,0
2023-07-28 11:17:03,576.6,672463,577,575.13,226611,334834,0.4879749041477986,0
2023-07-28 11:17:03,576.6,672463,577,575.13,226767,335079,0.4879749041477986,0
2023-07-28 11:17:03,576.4,672463,23,575.13,226767,335079,0.4531195538515202,0
2023-07-28 11:17:15,576.4,672762,23,575.13,226511,333682,0.4531195538515202,0
2023-07-28 11:17:15,576.6,672762,66,575.13,226511,333682,0.4879749041477986,0
2023-07-28 11:17:19,576.6,673195,66,575.13,227726,331971,0.4879749041477986,0
2023-07-28 11:17:19,576.6,673195,66,575.13,227726,331971,0.4879749041477986,0
2023-07-28 11:17:19,576.6,673195,66,575.13,227726,331971,0.4879749041477986,0
2023-07-28 11:17:19,576.6,673195,66,575.13,227726,331971,0.4879749041477986,0
2023-07-28 11:17:19,576.6,673195,66,575.13,227726,331971,0.4879749041477986,0
2023-07-28 11:17:19,576.6,673195,66,575.13,227726,331971,0.4879749041477986,0
2023-07-28 11:17:19,576.6,673195,66,575.13,227726,331971,0.4879749041477986,0
2023-07-28 11:17:19,576.6,673195,66,575.13,227726,331971,0.4879749041477986,0
2023-07-28 11:17:19,576.6,673195,66,575.13,227726,331971,0.4879749041477986,0
2023-07-28 11:17:19,576.6,673195,66,575.13,227726,331971,0.4879749041477986,0
2023-07-28 11:17:19,576.6,673195,66,575.13,227741,331971,0.4879749041477986,0
2023-07-28 11:17:19,576.65,673195,1,575.13,227741,331971,0.4966887417218583,0
2023-07-28 11:17:36,576.65,673196,1,575.13,227696,331362,0.4966887417218583,0
2023-07-28 11:17:36,576.65,673196,1,575.13,227715,331384,0.4966887417218583,0
2023-07-28 11:17:36,576.65,673196,1,575.13,227588,331378,0.4966887417218583,0
2023-07-28 11:17:36,576.6,673196,1,575.13,227588,331378,0.4879749041477986,0
2023-07-28 11:17:36,576.6,673196,1,575.13,227588,331378,0.4879749041477986,0
2023-07-28 11:17:55,576.6,673198,1,575.13,227617,331376,0.4879749041477986,0
2023-07-28 11:17:55,576.6,673198,1,575.13,227617,331376,0.4879749041477986,0
2023-07-28 11:17:55,576.6,673198,1,575.13,227617,331376,0.4879749041477986,0
2023-07-28 11:17:55,576.6,673198,1,575.13,227617,331376,0.4879749041477986,0
2023-07-28 11:17:55,576.6,673198,2,575.13,227617,331376,0.4879749041477986,0
2023-07-28 11:17:59,576.6,673205,2,575.13,227597,331372,0.4879749041477986,0
2023-07-28 11:17:59,576.4,673205,17,575.13,227597,331372,0.4531195538515202,0
2023-07-28 11:17:59,576.45,673205,1,575.13,227597,331372,0.4618333914255997,0
2023-07-28 11:18:03,576.45,673223,1,575.13,227618,332226,0.4618333914255997,0
2023-07-28 11:18:03,576.45,673223,1,575.13,228263,332346,0.4618333914255997,0
2023-07-28 11:18:14,576.6,673224,1,575.13,228196,332283,0.4879749041477986,0
2023-07-28 11:18:14,576.4,673224,10,575.13,228196,332283,0.4531195538515202,0
2023-07-28 11:18:14,576.6,673224,5,575.13,228196,332283,0.4879749041477986,0
2023-07-28 11:18:14,576.65,673224,5,575.13,228196,332283,0.4966887417218583,0
2023-07-28 11:18:18,576.45,673288,20,575.13,227663,332075,0.4618333914255997,0
2023-07-28 11:18:18,576.45,673288,20,575.13,227663,332075,0.4618333914255997,0
2023-07-28 11:18:18,576.65,673288,4,575.13,227663,332075,0.4966887417218583,0
2023-07-28 11:18:18,576.4,673288,18,575.13,227663,332075,0.4531195538515202,0
2023-07-28 11:18:20,576.4,673344,18,575.13,227794,331955,0.4531195538515202,0
2023-07-28 11:18:20,576.4,673344,18,575.13,227822,331983,0.4531195538515202,0
2023-07-28 11:18:20,576.4,673344,18,575.13,227951,332163,0.4531195538515202,0
2023-07-28 11:18:35,576.4,673394,8,575.13,228164,331949,0.4531195538515202,0
2023-07-28 11:18:35,576.6,673394,1,575.13,228164,331949,0.4879749041477986,0
2023-07-28 11:18:35,576.4,673394,9,575.13,228164,331949,0.4531195538515202,0
2023-07-28 11:18:38,576.4,673485,9,575.13,228036,331808,0.4531195538515202,0
2023-07-28 11:18:38,576.4,673485,9,575.13,228036,331811,0.4531195538515202,0
2023-07-28 11:18:38,576.4,673485,9,575.13,228079,331967,0.4531195538515202,0
2023-07-28 11:18:38,576.4,673485,9,575.13,228003,331957,0.4531195538515202,0
2023-07-28 11:18:38,576.4,673485,9,575.13,228094,332003,0.4531195538515202,0
2023-07-28 11:18:38,576.45,673485,1,575.13,228094,332003,0.4618333914255997,0
2023-07-28 11:18:59,576.45,673486,1,575.13,228094,332002,0.4618333914255997,0
2023-07-28 11:18:59,576.45,673486,1,575.13,228094,332002,0.4618333914255997,0
2023-07-28 11:19:03,576.45,673487,1,575.13,228094,332009,0.4618333914255997,0
2023-07-28 11:19:03,576.4,673487,1,575.13,228094,332009,0.4531195538515202,0
2023-07-28 11:19:03,576.25,673487,1,575.13,228094,332009,0.4269780411293213,0
2023-07-28 11:19:10,576.0,675494,50,575.14,216978,335910,0.3834088532589832,0
2023-07-28 11:19:10,575.9,675494,1,575.14,216978,335910,0.365981178110844,0
2023-07-28 11:19:14,575.9,675495,1,575.14,217775,334650,0.365981178110844,0
2023-07-28 11:19:14,575.6,675495,15,575.14,217775,334650,0.3136981526664462,0
2023-07-28 11:19:18,575.6,675536,1,575.14,222048,337202,0.3136981526664462,0
2023-07-28 11:19:18,575.6,675536,1,575.14,222442,337113,0.3136981526664462,0
2023-07-28 11:19:18,575.6,675536,1,575.14,222442,337113,0.3136981526664462,0
2023-07-28 11:19:25,575.6,675546,1,575.14,222442,337208,0.3136981526664462,0
2023-07-28 11:19:25,575.9,675546,120,575.14,222442,337208,0.365981178110844,0
2023-07-28 11:19:25,575.6,675546,3,575.14,222442,337208,0.3136981526664462,0
2023-07-28 11:19:30,575.6,675930,3,575.14,222332,336845,0.3136981526664462,0
2023-07-28 11:19:30,575.85,675930,1,575.14,222332,336845,0.35726734053678433,0
2023-07-28 11:19:34,575.85,675931,1,575.14,222342,336824,0.35726734053678433,0
2023-07-28 11:19:34,575.85,675931,1,575.14,222458,336943,0.35726734053678433,0
2023-07-28 11:19:34,575.85,675931,1,575.14,222458,336842,0.35726734053678433,0
2023-07-28 11:19:34,575.6,675931,1,575.14,222458,336842,0.3136981526664462,0
2023-07-28 11:19:47,575.85,675962,3,575.14,222437,336915,0.35726734053678433,0
2023-07-28 11:19:47,575.85,675962,1,575.14,222437,336915,0.35726734053678433,0
2023-07-28 11:19:50,575.85,675963,1,575.14,222467,336860,0.35726734053678433,0
2023-07-28 11:19:50,575.9,675963,410,575.14,222467,336860,0.365981178110844,0
2023-07-28 11:19:54,575.9,676763,410,575.14,222593,335990,0.365981178110844,0
2023-07-28 11:19:54,575.9,676763,410,575.14,222553,335984,0.365981178110844,0
2023-07-28 11:19:54,575.9,676763,1,575.14,222553,335984,0.365981178110844,0
2023-07-28 11:20:04,575.85,676767,1,575.14,223249,336521,0.35726734053678433,0
2023-07-28 11:20:04,575.6,676767,34,575.14,223249,336521,0.3136981526664462,0
2023-07-28 11:20:05,575.6,676823,34,575.14,221554,335413,0.3136981526664462,0
2023-07-28 11:20:07,575.45,676851,8,575.14,217466,334522,0.2875566399442473,0
2023-07-28 11:20:07,575.45,676851,8,575.14,217916,334725,0.2875566399442473,0
2023-07-28 11:20:07,575.45,676851,8,575.14,220647,334725,0.2875566399442473,0
2023-07-28 11:20:07,575.45,676851,8,575.14,220647,334734,0.2875566399442473,0
2023-07-28 11:20:07,575.45,676851,8,575.14,220647,334733,0.2875566399442473,0
2023-07-28 11:20:07,575.45,676851,8,575.14,220847,334581,0.2875566399442473,0
2023-07-28 11:20:07,575.45,676851,8,575.14,220847,334585,0.2875566399442473,0
2023-07-28 11:20:07,575.45,676851,8,575.14,220771,334610,0.2875566399442473,0
2023-07-28 11:20:07,575.45,676851,8,575.14,220771,334686,0.2875566399442473,0
2023-07-28 11:20:16,575.55,676854,3,575.14,220771,334575,0.3049843150923667,0
2023-07-28 11:20:16,575.3,676854,36,575.14,220771,334575,0.2614151272220286,0
2023-07-28 11:20:17,575.3,676925,36,575.14,220700,334575,0.2614151272220286,0
2023-07-28 11:20:17,575.3,676925,36,575.14,220750,334575,0.2614151272220286,0
2023-07-28 11:20:17,575.55,676925,1,575.14,220750,334575,0.3049843150923667,0
2023-07-28 11:20:20,575.55,676926,1,575.14,220750,334574,0.3049843150923667,0
2023-07-28 11:20:20,575.55,676926,1,575.14,220770,334607,0.3049843150923667,0
2023-07-28 11:20:20,575.55,676926,1,575.14,220916,334431,0.3049843150923667,0
2023-07-28 11:20:20,575.55,676926,1,575.14,220995,334431,0.3049843150923667,0
2023-07-28 11:20:20,575.55,676926,1,575.14,220995,334431,0.3049843150923667,0
2023-07-28 11:20:20,575.55,676926,1,575.14,220995,334506,0.3049843150923667,0
2023-07-28 11:20:20,575.55,676926,1,575.14,220995,334506,0.3049843150923667,0
2023-07-28 11:20:20,575.55,676926,1,575.14,220995,334506,0.3049843150923667,0
2023-07-28 11:20:26,575.55,676927,1,575.14,221095,334640,0.3049843150923667,0
2023-07-28 11:20:26,575.55,676927,1,575.14,221095,334640,0.3049843150923667,0
2023-07-28 11:20:26,575.55,676927,1,575.14,221095,334640,0.3049843150923667,0
2023-07-28 11:20:26,575.55,676927,1,575.14,220969,334645,0.3049843150923667,0
2023-07-28 11:20:26,575.55,676927,1,575.14,220969,334630,0.3049843150923667,0
2023-07-28 11:20:26,575.55,676927,1,575.14,220974,334630,0.3049843150923667,0
2023-07-28 11:20:31,575.55,676928,1,575.14,221010,334626,0.3049843150923667,0
2023-07-28 11:20:31,575.55,676928,1,575.14,221939,334000,0.3049843150923667,0
2023-07-28 11:20:31,575.35,676928,25,575.14,221939,334000,0.2701289647961081,0
2023-07-28 11:20:35,575.55,676953,12,575.14,221939,334111,0.3049843150923667,0
2023-07-28 11:20:36,575.55,676972,12,575.14,222524,333665,0.3049843150923667,0
2023-07-28 11:20:36,575.55,676972,12,575.14,224308,333730,0.3049843150923667,0
2023-07-28 11:20:36,575.55,676972,12,575.14,223614,333841,0.3049843150923667,0
2023-07-28 11:20:36,575.55,676972,12,575.14,224144,333758,0.3049843150923667,0
2023-07-28 11:20:36,575.55,676972,12,575.14,224066,333769,0.3049843150923667,0
2023-07-28 11:20:36,575.55,676972,12,575.14,224066,333760,0.3049843150923667,0
2023-07-28 11:20:36,575.6,676972,79,575.14,224066,333760,0.3136981526664462,0
2023-07-28 11:20:42,575.6,677084,79,575.14,223954,333749,0.3136981526664462,0
2023-07-28 11:20:42,575.6,677084,79,575.14,223954,333755,0.3136981526664462,0
2023-07-28 11:20:42,575.6,677084,79,575.14,223954,333766,0.3136981526664462,0
2023-07-28 11:20:42,575.6,677084,79,575.14,223954,333763,0.3136981526664462,0
2023-07-28 11:20:42,575.6,677084,1,575.14,223954,333763,0.3136981526664462,0
2023-07-28 11:20:46,575.6,677085,1,575.14,223954,333770,0.3136981526664462,0
2023-07-28 11:20:46,575.6,677085,56,575.14,223954,333759,0.3136981526664462,0
2023-07-28 11:20:48,575.6,677141,56,575.14,224084,333303,0.3136981526664462,0
2023-07-28 11:20:48,575.6,677141,56,575.14,224084,333308,0.3136981526664462,0
2023-07-28 11:20:48,575.6,677141,56,575.14,224084,333300,0.3136981526664462,0
2023-07-28 11:20:48,575.6,677141,19,575.14,224084,333300,0.3136981526664462,0
2023-07-28 11:20:52,575.6,677265,19,575.14,224494,334088,0.3136981526664462,0
2023-07-28 11:20:52,575.6,677265,19,575.14,224494,333963,0.3136981526664462,0
2023-07-28 11:20:54,575.85,677275,10,575.14,224381,333949,0.35726734053678433,0
2023-07-28 11:20:54,575.85,677275,10,575.14,224468,334071,0.35726734053678433,0
2023-07-28 11:20:56,575.85,677283,8,575.14,224630,333891,0.35726734053678433,0
2023-07-28 11:20:58,575.85,677458,165,575.14,224678,333495,0.35726734053678433,0
2023-07-28 11:20:58,575.85,677458,165,575.14,224678,333493,0.35726734053678433,0
2023-07-28 11:20:58,575.85,677458,165,575.14,224678,333493,0.35726734053678433,0
2023-07-28 11:20:58,575.85,677458,165,575.14,224705,333619,0.35726734053678433,0
2023-07-28 11:20:58,575.85,677458,165,575.14,224705,333597,0.35726734053678433,0
2023-07-28 11:21:03,575.85,677488,30,575.14,224745,333708,0.35726734053678433,0
2023-07-28 11:21:03,575.85,677488,30,575.14,224745,333722,0.35726734053678433,0
2023-07-28 11:21:03,575.85,677488,1,575.14,224745,333722,0.35726734053678433,0
2023-07-28 11:21:03,575.85,677488,1,575.14,224745,333722,0.35726734053678433,0
2023-07-28 11:21:10,575.85,677649,1,575.14,224718,333517,0.35726734053678433,0
2023-07-28 11:21:10,575.65,677649,10,575.14,224718,333517,0.32241199024050593,0
2023-07-28 11:21:10,575.85,677649,1,575.14,224718,333517,0.35726734053678433,0
2023-07-28 11:21:20,575.65,677728,7,575.14,224343,333304,0.32241199024050593,0
2023-07-28 11:21:20,575.65,677728,7,575.14,224343,333304,0.32241199024050593,0
2023-07-28 11:21:20,575.85,677728,148,575.14,224343,333304,0.35726734053678433,0
2023-07-28 11:21:22,575.85,677876,148,575.14,225570,333237,0.35726734053678433,0
2023-07-28 11:21:22,575.85,677876,1,575.14,225570,333237,0.35726734053678433,0
2023-07-28 11:21:33,575.9,678803,165,575.14,225656,333674,0.365981178110844,0
2023-07-28 11:21:33,576.0,678803,165,575.14,225656,333674,0.3834088532589832,0
2023-07-28 11:21:34,576.0,680071,165,575.14,225688,333343,0.3834088532589832,0
2023-07-28 11:21:34,576.0,680071,8,575.14,225688,333343,0.3834088532589832,0
2023-07-28 11:21:34,576.0,680071,1,575.14,225688,333343,0.3834088532589832,0
2023-07-28 11:21:40,576.0,680080,1,575.14,225777,333613,0.3834088532589832,0
2023-07-28 11:21:40,576.0,680080,143,575.14,225777,333613,0.3834088532589832,0
2023-07-28 11:21:44,576.0,680223,143,575.14,225783,333473,0.3834088532589832,0
2023-07-28 11:21:44,576.0,680223,143,575.14,225810,333647,0.3834088532589832,0
2023-07-28 11:21:44,576.0,680223,2,575.14,225810,333647,0.3834088532589832,0
2023-07-28 11:21:44,576.0,680223,1,575.14,225810,333647,0.3834088532589832,0
2023-07-28 11:21:51,576.0,680226,1,575.14,225810,333644,0.3834088532589832,0
2023-07-28 11:21:51,576.0,680226,138,575.14,225810,333644,0.3834088532589832,0
2023-07-28 11:21:55,576.0,680381,138,575.14,225858,333580,0.3834088532589832,0
2023-07-28 11:21:55,576.0,680381,1,575.14,225858,333580,0.3834088532589832,0
2023-07-28 11:22:00,576.0,680382,2,575.14,225871,333609,0.3834088532589832,0
2023-07-28 11:22:00,575.8,680382,49,575.14,225871,333609,0.3485535029627048,0
2023-07-28 11:22:04,575.8,680449,15,575.14,226319,335897,0.3485535029627048,0
2023-07-28 11:22:04,575.8,680449,1,575.14,226319,335897,0.3485535029627048,0
2023-07-28 11:22:04,575.95,680449,1,575.14,226319,335897,0.3746950156849235,0
2023-07-28 11:22:07,575.95,680531,1,575.14,226379,335346,0.3746950156849235,0
2023-07-28 11:22:07,575.95,680531,1,575.14,225555,335359,0.3746950156849235,0
2023-07-28 11:22:07,575.95,680531,1,575.14,225555,335359,0.3746950156849235,0
2023-07-28 11:22:07,575.95,680531,47,575.14,225555,335359,0.3746950156849235,0
2023-07-28 11:22:17,575.95,680673,47,575.14,225567,335157,0.3746950156849235,0
2023-07-28 11:22:17,575.8,680673,1,575.14,225567,335157,0.3485535029627048,0
2023-07-28 11:22:20,575.8,680674,1,575.14,225712,335157,0.3485535029627048,0
2023-07-28 11:22:27,575.95,680804,21,575.14,225748,334764,0.3746950156849235,0
2023-07-28 11:22:27,575.8,680804,56,575.14,225748,334764,0.3485535029627048,0
2023-07-28 11:22:27,575.75,680804,17,575.14,225748,334764,0.33983966538864513,0
2023-07-28 11:22:31,575.75,682075,17,575.14,223904,334740,0.33983966538864513,0
2023-07-28 11:22:31,575.8,682075,1,575.14,223904,334740,0.3485535029627048,0
2023-07-28 11:22:32,575.8,682076,1,575.14,223929,334133,0.3485535029627048,0
2023-07-28 11:22:32,575.75,682076,3,575.14,223929,334133,0.33983966538864513,0
2023-07-28 11:22:40,575.75,682081,3,575.14,223929,334064,0.33983966538864513,0
2023-07-28 11:22:40,575.75,682081,1,575.14,223929,334064,0.33983966538864513,0
2023-07-28 11:22:44,575.8,682157,2,575.14,224012,334093,0.3485535029627048,0
2023-07-28 11:22:44,575.8,682157,1,575.14,224012,334093,0.3485535029627048,0
2023-07-28 11:22:44,575.8,682157,1,575.14,224012,334093,0.3485535029627048,0
2023-07-28 11:22:48,575.8,682196,8,575.14,224022,334030,0.3485535029627048,0
2023-07-28 11:22:48,575.8,682196,8,575.14,224022,334030,0.3485535029627048,0
2023-07-28 11:22:53,575.8,682397,1,575.14,223506,334188,0.3485535029627048,0
2023-07-28 11:22:53,575.8,682397,1,575.14,223506,334188,0.3485535029627048,0
2023-07-28 11:22:53,575.8,682397,1,575.14,223506,334188,0.3485535029627048,0
2023-07-28 11:22:53,575.5,682397,1,575.14,223506,334188,0.296270477518307,0
2023-07-28 11:22:57,575.5,683560,1,575.14,223299,334237,0.296270477518307,0
2023-07-28 11:22:57,575.5,683560,1,575.14,221840,334010,0.296270477518307,0
2023-07-28 11:22:57,575.45,683560,1,575.14,221840,334010,0.2875566399442473,0
2023-07-28 11:23:02,575.45,683561,1,575.14,221939,334018,0.2875566399442473,0
2023-07-28 11:23:02,575.5,683561,1,575.14,221939,334018,0.296270477518307,0
2023-07-28 11:23:08,575.5,683562,1,575.14,221939,334099,0.296270477518307,0
2023-07-28 11:23:08,575.5,683562,1,575.14,221939,334179,0.296270477518307,0
2023-07-28 11:23:08,575.45,683562,50,575.14,221939,334179,0.2875566399442473,0
2023-07-28 11:23:19,575.45,683612,50,575.14,221884,334255,0.2875566399442473,0
2023-07-28 11:23:19,575.45,683612,50,575.14,221884,334255,0.2875566399442473,0
2023-07-28 11:23:19,575.5,683612,1,575.14,221884,334255,0.296270477518307,0
2023-07-28 11:23:19,575.5,683612,1,575.14,221884,334255,0.296270477518307,0
2023-07-28 11:23:25,575.5,683614,1,575.14,221884,334253,0.296270477518307,0
2023-07-28 11:23:25,575.5,683614,1,575.14,221884,334253,0.296270477518307,0
2023-07-28 11:23:25,575.5,683614,1,575.14,221884,334253,0.296270477518307,0
2023-07-28 11:23:25,575.5,683614,1,575.14,221884,334253,0.296270477518307,0
2023-07-28 11:23:25,575.5,683614,1,575.14,221884,334253,0.296270477518307,0
2023-07-28 11:23:25,575.5,683614,1,575.14,221884,334253,0.296270477518307,0
2023-07-28 11:23:25,575.5,683614,1,575.14,222018,334439,0.296270477518307,0
2023-07-28 11:23:25,575.5,683614,1,575.14,222018,334439,0.296270477518307,0
2023-07-28 11:23:25,575.45,683614,35,575.14,222018,334439,0.2875566399442473,0
2023-07-28 11:23:34,575.45,683903,35,575.14,220787,333796,0.2875566399442473,0
2023-07-28 11:23:34,575.5,683903,1,575.14,220787,333796,0.296270477518307,0
2023-07-28 11:23:38,575.5,683916,1,575.14,220946,333957,0.296270477518307,0
2023-07-28 11:23:38,575.5,683916,5,575.14,220946,333957,0.296270477518307,0
2023-07-28 11:23:38,575.5,683916,1,575.14,220946,333957,0.296270477518307,0
2023-07-28 11:23:41,575.5,683922,1,575.14,220903,333929,0.296270477518307,0
2023-07-28 11:23:47,575.5,683923,1,575.14,220920,333928,0.296270477518307,0
2023-07-28 11:23:47,575.5,683923,23,575.14,220920,333928,0.296270477518307,0
2023-07-28 11:23:47,575.5,683923,1,575.14,220920,333928,0.296270477518307,0
2023-07-28 11:23:49,575.5,683948,1,575.14,221223,333918,0.296270477518307,0
2023-07-28 11:23:49,575.35,683948,10,575.14,221223,333918,0.2701289647961081,0
2023-07-28 11:23:49,575.5,683948,1,575.14,221223,333918,0.296270477518307,0
2023-07-28 11:23:54,575.5,683960,1,575.14,221172,333947,0.296270477518307,0
2023-07-28 11:23:54,575.35,683960,3,575.14,221172,333947,0.2701289647961081,0
2023-07-28 11:23:54,575.5,683960,1,575.14,221172,333947,0.296270477518307,0
2023-07-28 11:23:57,575.5,683964,1,575.14,221153,333946,0.296270477518307,0
2023-07-28 11:23:57,575.5,683964,1,575.14,221153,333946,0.296270477518307,0
2023-07-28 11:23:57,575.45,683964,1,575.14,221153,333946,0.2875566399442473,0
2023-07-28 11:23:57,575.5,683964,1,575.14,221153,333946,0.296270477518307,0
2023-07-28 11:24:00,575.5,683967,1,575.14,221153,333934,0.296270477518307,0
2023-07-28 11:24:00,575.5,683967,1,575.14,221153,333934,0.296270477518307,0
2023-07-28 11:24:00,575.5,683967,1,575.14,221153,333934,0.296270477518307,0
2023-07-28 11:24:05,575.5,684259,1,575.14,221782,334141,0.296270477518307,0
2023-07-28 11:24:05,575.5,684259,1,575.14,221782,334141,0.296270477518307,0
2023-07-28 11:24:05,575.5,684259,1,575.14,221782,334141,0.296270477518307,0
2023-07-28 11:24:05,575.5,684259,200,575.14,221782,334141,0.296270477518307,0
2023-07-28 11:24:08,575.5,684460,200,575.14,222121,333868,0.296270477518307,0
2023-07-28 11:24:08,575.5,684460,1,575.14,222121,333868,0.296270477518307,0
2023-07-28 11:24:08,575.5,684460,26,575.14,222121,333868,0.296270477518307,0
2023-07-28 11:24:08,575.65,684460,1,575.14,222121,333868,0.32241199024050593,0
2023-07-28 11:24:12,575.65,685997,1,575.15,222922,333661,0.32241199024050593,0
2023-07-28 11:24:12,575.5,685997,6,575.15,222922,333661,0.296270477518307,0
2023-07-28 11:24:14,575.5,686017,6,575.15,223209,333664,0.296270477518307,0
2023-07-28 11:24:14,575.5,686017,6,575.15,223255,333701,0.296270477518307,0
2023-07-28 11:24:14,575.65,686017,1,575.15,223255,333701,0.32241199024050593,0
2023-07-28 11:24:14,575.9,686017,1,575.15,223255,333701,0.365981178110844,0
2023-07-28 11:24:22,575.9,686029,1,575.15,225667,333270,0.365981178110844,0
2023-07-28 11:24:22,575.95,686029,1,575.15,225667,333270,0.3746950156849235,0
2023-07-28 11:24:22,575.95,686029,1,575.15,225667,333270,0.3746950156849235,0
2023-07-28 11:24:27,575.95,686031,1,575.15,225738,333326,0.3746950156849235,0
2023-07-28 11:24:27,576.0,686031,30,575.15,225738,333326,0.3834088532589832,0
2023-07-28 11:24:30,576.0,686150,30,575.15,225734,333668,0.3834088532589832,0
2023-07-28 11:24:30,576.2,686150,1,575.15,225734,333668,0.4182642035552616,0
2023-07-28 11:24:30,576.3,686150,1,575.15,225734,333668,0.435691878703381,0
2023-07-28 11:24:34,576.3,686152,1,575.15,226691,334536,0.435691878703381,0
2023-07-28 11:24:34,576.3,686152,1,575.15,226638,335007,0.435691878703381,0
2023-07-28 11:24:34,576.3,686152,1,575.15,226638,335007,0.435691878703381,0
2023-07-28 11:24:34,576.35,686152,1,575.15,226638,335007,0.4444057162774605,0
2023-07-28 11:24:34,576.45,686152,1,575.15,226638,335007,0.4618333914255997,0
2023-07-28 11:24:42,576.45,686158,1,575.15,225543,333833,0.4618333914255997,0
2023-07-28 11:24:42,576.45,686158,1,575.15,225543,333833,0.4618333914255997,0
2023-07-28 11:24:42,576.45,686158,1,575.15,225543,333833,0.4618333914255997,0
2023-07-28 11:24:46,576.45,686166,4,575.15,228364,333795,0.4618333914255997,0
2023-07-28 11:24:46,576.45,686166,1,575.15,228364,333795,0.4618333914255997,0
2023-07-28 11:24:46,576.45,686166,1,575.15,228364,333795,0.4618333914255997,0
2023-07-28 11:24:46,576.45,686166,1,575.15,228364,333795,0.4618333914255997,0
2023-07-28 11:24:49,576.45,686171,1,575.15,228292,333855,0.4618333914255997,0
2023-07-28 11:24:49,576.45,686171,1,575.15,228292,333855,0.4618333914255997,0
2023-07-28 11:24:51,576.45,686172,1,575.15,228292,333866,0.4618333914255997,0
2023-07-28 11:24:51,576.45,686172,1,575.15,228292,333866,0.4618333914255997,0
2023-07-28 11:24:51,576.45,686172,1,575.15,228292,333866,0.4618333914255997,0
