2023-07-28 10:49:24,3749.85,145112,1,3756.61,38141,64071,0.21245891124829144,0
2023-07-28 10:49:24,3749.85,145112,1,3756.61,38142,64071,0.21245891124829144,0
2023-07-28 10:49:24,3748.0,145112,4,3756.61,38130,64104,0.16301878724711802,0
2023-07-28 10:49:32,3748.0,145116,4,3756.61,38068,64104,0.16301878724711802,0
2023-07-28 10:49:34,3748.85,145117,1,3756.61,37976,64216,0.1857345198963045,0
2023-07-28 10:49:34,3748.85,145117,1,3756.61,38010,64215,0.1857345198963045,0
2023-07-28 10:49:34,3748.85,145117,1,3756.61,38010,64204,0.1857345198963045,0
2023-07-28 10:49:34,3749.0,145117,13,3756.61,38010,64204,0.18974317859910497,0
2023-07-28 10:49:39,3748.65,145920,8,3756.57,38204,63674,0.18038964162591198,0
2023-07-28 10:49:41,3748.65,145928,8,3756.57,38180,63666,0.18038964162591198,0
2023-07-28 10:49:41,3748.65,145928,8,3756.57,38148,63673,0.18038964162591198,0
2023-07-28 10:49:41,3748.65,145928,8,3756.57,38063,63703,0.18038964162591198,0
2023-07-28 10:49:41,3748.65,145928,8,3756.57,37029,63517,0.18038964162591198,0
2023-07-28 10:49:41,3748.65,145928,8,3756.57,37989,63548,0.18038964162591198,0
2023-07-28 10:49:41,3748.65,145928,8,3756.57,38192,63576,0.18038964162591198,0
2023-07-28 10:49:41,3749.2,145928,1,3756.57,38222,63555,0.1950880568694975,0
2023-07-28 10:49:48,3749.2,145930,1,3756.57,37181,63551,0.1950880568694975,0
2023-07-28 10:49:48,3749.2,145930,1,3756.57,37181,63551,0.1950880568694975,0
2023-07-28 10:49:49,3749.2,145931,1,3756.57,37941,63675,0.1950880568694975,0
2023-07-28 10:49:51,3747.85,145945,14,3756.57,36863,63639,0.15901012854431754,0
2023-07-28 10:49:51,3747.85,145945,14,3756.57,34799,63674,0.15901012854431754,0
2023-07-28 10:49:51,3750.0,145945,3,3756.57,34799,63674,0.21646756995109193,0
2023-07-28 10:49:53,3750.0,145948,3,3756.57,37952,63643,0.21646756995109193,0
2023-07-28 10:49:53,3747.85,145948,2,3756.57,37952,63643,0.15901012854431754,0
2023-07-28 10:49:54,3747.85,145987,2,3756.57,37693,63628,0.15901012854431754,0
2023-07-28 10:49:54,3747.85,145987,2,3756.57,36823,63617,0.15901012854431754,0
2023-07-28 10:49:54,3747.85,145987,2,3756.57,38064,63612,0.15901012854431754,0
2023-07-28 10:49:54,3747.85,145987,2,3756.57,36917,63646,0.15901012854431754,0
2023-07-28 10:49:54,3747.85,145987,2,3756.57,37160,63666,0.15901012854431754,0
2023-07-28 10:49:54,3747.85,145987,2,3756.57,37917,63743,0.15901012854431754,0
2023-07-28 10:49:54,3747.85,145987,2,3756.57,37910,63734,0.15901012854431754,0
2023-07-28 10:49:54,3747.85,145987,2,3756.57,36881,63764,0.15901012854431754,0
2023-07-28 10:50:03,3748.9,145988,1,3756.57,37920,63714,0.1870707394639087,0
2023-07-28 10:50:03,3748.9,145988,1,3756.57,36928,63756,0.1870707394639087,0
2023-07-28 10:50:03,3747.95,145988,14,3756.57,36928,63756,0.1616825676795138,0
2023-07-28 10:50:04,3747.95,146002,14,3756.57,37011,63751,0.1616825676795138,0
2023-07-28 10:50:04,3747.95,146002,14,3756.57,37993,63745,0.1616825676795138,0
2023-07-28 10:50:04,3747.95,146002,14,3756.57,38010,63756,0.1616825676795138,0
2023-07-28 10:50:04,3747.95,146002,14,3756.57,38006,63996,0.1616825676795138,0
2023-07-28 10:50:04,3747.95,146002,14,3756.57,38010,63853,0.1616825676795138,0
2023-07-28 10:50:04,3747.95,146002,14,3756.57,38010,64067,0.1616825676795138,0
2023-07-28 10:50:04,3747.95,146002,14,3756.57,37979,64075,0.1616825676795138,0
2023-07-28 10:50:04,3747.95,146002,14,3756.57,37980,64075,0.1616825676795138,0
2023-07-28 10:50:04,3747.95,146002,14,3756.57,37981,64075,0.1616825676795138,0
2023-07-28 10:50:04,3747.95,146002,14,3756.57,38000,64075,0.1616825676795138,0
2023-07-28 10:50:04,3748.75,146002,1,3756.57,37989,64075,0.18306208076110822,0
2023-07-28 10:50:18,3748.75,146004,1,3756.57,37968,64028,0.18306208076110822,0
2023-07-28 10:50:18,3748.75,146004,1,3756.57,37968,64028,0.18306208076110822,0
2023-07-28 10:50:20,3748.75,146005,1,3756.57,37921,64073,0.18306208076110822,0
2023-07-28 10:50:20,3748.75,146005,1,3756.57,37921,64073,0.18306208076110822,0
2023-07-28 10:50:20,3748.75,146005,1,3756.57,37947,63838,0.18306208076110822,0
2023-07-28 10:50:20,3748.75,146005,1,3756.57,37947,63838,0.18306208076110822,0
2023-07-28 10:50:20,3748.75,146005,1,3756.57,37891,63795,0.18306208076110822,0
2023-07-28 10:50:20,3748.75,146005,1,3756.57,37891,63795,0.18306208076110822,0
2023-07-28 10:50:20,3748.75,146005,1,3756.57,37998,63805,0.18306208076110822,0
2023-07-28 10:50:20,3748.75,146005,1,3756.57,37959,63816,0.18306208076110822,0
2023-07-28 10:50:20,3748.75,146005,1,3756.57,37959,64068,0.18306208076110822,0
2023-07-28 10:50:20,3748.75,146005,1,3756.57,34992,64037,0.18306208076110822,0
2023-07-28 10:50:20,3748.75,146005,1,3756.57,34932,64088,0.18306208076110822,0
2023-07-28 10:50:20,3748.75,146005,1,3756.57,37994,64067,0.18306208076110822,0
2023-07-28 10:50:20,3748.75,146005,1,3756.57,37970,64065,0.18306208076110822,0
2023-07-28 10:50:33,3748.9,146306,10,3756.55,37038,63602,0.1870707394639087,0
2023-07-28 10:50:33,3748.9,146335,10,3756.55,36002,63710,0.1870707394639087,0
2023-07-28 10:50:33,3748.9,146335,10,3756.55,35936,63796,0.1870707394639087,0
2023-07-28 10:50:33,3748.9,146335,10,3756.55,36944,63872,0.1870707394639087,0
2023-07-28 10:50:33,3748.9,146335,10,3756.55,37138,63726,0.1870707394639087,0
2023-07-28 10:50:33,3748.9,146335,10,3756.55,37138,63726,0.1870707394639087,0
2023-07-28 10:50:40,3748.05,146346,11,3756.55,38195,63463,0.16435500681472223,0
2023-07-28 10:50:40,3748.05,146346,11,3756.55,38189,63654,0.16435500681472223,0
2023-07-28 10:50:40,3748.05,146346,11,3756.55,38169,63712,0.16435500681472223,0
2023-07-28 10:50:40,3748.05,146346,11,3756.55,37228,63443,0.16435500681472223,0
2023-07-28 10:50:45,3748.25,146348,1,3756.55,38064,63748,0.16969988508511474,0
2023-07-28 10:50:45,3748.25,146348,1,3756.55,38096,63710,0.16969988508511474,0
2023-07-28 10:50:45,3748.25,146348,1,3756.55,37991,63528,0.16969988508511474,0
2023-07-28 10:50:45,3748.25,146348,1,3756.55,38056,63723,0.16969988508511474,0
2023-07-28 10:50:45,3748.25,146348,1,3756.55,37004,63471,0.16969988508511474,0
2023-07-28 10:50:45,3748.25,146348,1,3756.55,38085,63739,0.16969988508511474,0
2023-07-28 10:50:45,3748.25,146348,1,3756.55,36999,63613,0.16969988508511474,0
2023-07-28 10:50:45,3749.95,146348,4,3756.55,36999,63613,0.2151313503834877,0
2023-07-28 10:50:53,3748.25,146352,4,3756.55,38151,63568,0.16969988508511474,0
2023-07-28 10:50:54,3748.25,146356,4,3756.55,38175,63761,0.16969988508511474,0
2023-07-28 10:50:54,3748.25,146356,4,3756.55,38174,63554,0.16969988508511474,0
2023-07-28 10:50:54,3748.25,146356,4,3756.55,38137,63742,0.16969988508511474,0
2023-07-28 10:50:54,3748.25,146356,4,3756.55,38139,63551,0.16969988508511474,0
2023-07-28 10:50:54,3748.25,146356,4,3756.55,38119,63569,0.16969988508511474,0
2023-07-28 10:50:54,3748.25,146356,4,3756.55,38156,63771,0.16969988508511474,0
2023-07-28 10:51:03,3749.05,146357,1,3756.55,36103,63820,0.19107939816670919,0
2023-07-28 10:51:03,3749.05,146357,1,3756.55,38059,63793,0.19107939816670919,0
2023-07-28 10:51:03,3749.05,146357,1,3756.55,38071,63772,0.19107939816670919,0
2023-07-28 10:51:07,3748.1,146389,1,3756.55,37730,63952,0.1656912263823143,0
2023-07-28 10:51:07,3748.1,146389,1,3756.55,37843,64157,0.1656912263823143,0
2023-07-28 10:51:07,3748.1,146389,1,3756.55,38064,63821,0.1656912263823143,0
2023-07-28 10:51:07,3748.1,146389,1,3756.55,38064,63822,0.1656912263823143,0
2023-07-28 10:51:07,3748.1,146389,1,3756.55,38078,63814,0.1656912263823143,0
2023-07-28 10:51:07,3748.1,146389,1,3756.55,38101,63814,0.1656912263823143,0
2023-07-28 10:51:07,3748.1,146389,1,3756.55,38084,63876,0.1656912263823143,0
2023-07-28 10:51:14,3749.95,146399,10,3756.55,38183,63610,0.2151313503834877,0
2023-07-28 10:51:14,3749.95,146399,10,3756.55,35970,63568,0.2151313503834877,0
2023-07-28 10:51:14,3749.95,146399,10,3756.55,37069,63558,0.2151313503834877,0
2023-07-28 10:51:14,3749.95,146399,5,3756.55,38095,63758,0.2151313503834877,0
2023-07-28 10:51:18,3749.95,146405,5,3756.55,37966,63934,0.2151313503834877,0
2023-07-28 10:51:18,3749.95,146405,5,3756.55,38078,63674,0.2151313503834877,0
2023-07-28 10:51:21,3748.25,146408,3,3756.55,35898,63625,0.16969988508511474,0
2023-07-28 10:51:21,3748.25,146408,3,3756.55,37909,63837,0.16969988508511474,0
2023-07-28 10:51:21,3748.25,146408,3,3756.55,36887,64094,0.16969988508511474,0
2023-07-28 10:51:21,3748.8,146408,21,3756.55,36887,64094,0.18439830032871243,0
2023-07-28 10:51:24,3748.8,146453,21,3756.54,37933,64289,0.18439830032871243,0
2023-07-28 10:51:26,3747.75,146456,2,3756.54,37956,64310,0.15633768940912127,0
2023-07-28 10:51:26,3748.8,146456,11,3756.54,37956,64310,0.18439830032871243,0
2023-07-28 10:51:26,3748.8,146477,11,3756.54,37956,64279,0.18439830032871243,0
2023-07-28 10:51:26,3748.8,146477,11,3756.54,37956,64284,0.18439830032871243,0
2023-07-28 10:51:26,3748.8,146477,11,3756.54,36956,63962,0.18439830032871243,0
2023-07-28 10:51:26,3748.0,146477,11,3756.54,38140,63513,0.16301878724711802,0
2023-07-28 10:51:31,3748.05,146647,7,3756.53,38016,63899,0.16435500681472223,0
2023-07-28 10:51:33,3748.5,146649,1,3756.53,35980,64014,0.1763809829231115,0
2023-07-28 10:51:33,3749.6,146649,1,3756.53,35980,64014,0.20577781341029472,0
2023-07-28 10:51:34,3749.6,146664,1,3756.53,38003,63773,0.20577781341029472,0
2023-07-28 10:51:34,3749.6,146664,1,3756.53,38027,63976,0.20577781341029472,0
2023-07-28 10:51:34,3749.6,146664,1,3756.53,37027,63971,0.20577781341029472,0
2023-07-28 10:51:34,3749.6,146664,1,3756.53,38027,63971,0.20577781341029472,0
2023-07-28 10:51:38,3749.6,146665,1,3756.53,38021,64011,0.20577781341029472,0
2023-07-28 10:51:38,3749.6,146665,1,3756.53,37971,64011,0.20577781341029472,0
2023-07-28 10:51:38,3749.6,146665,11,3756.53,37971,64011,0.20577781341029472,0
2023-07-28 10:51:40,3749.6,146676,11,3756.53,38001,64012,0.20577781341029472,0
2023-07-28 10:51:42,3748.0,146677,1,3756.53,37850,64097,0.16301878724711802,0
2023-07-28 10:51:43,3747.5,146699,12,3756.53,37917,64215,0.14965659157112454,0
2023-07-28 10:51:44,3749.45,146700,1,3756.53,36938,64214,0.20176915470749424,0
2023-07-28 10:51:44,3749.45,146700,1,3756.53,36962,64198,0.20176915470749424,0
2023-07-28 10:51:44,3749.45,146700,1,3756.53,37989,64065,0.20176915470749424,0
2023-07-28 10:51:44,3749.45,146700,1,3756.53,38110,63806,0.20176915470749424,0
2023-07-28 10:51:44,3747.45,146700,7,3756.53,38110,64069,0.14832037200352033,0
2023-07-28 10:51:48,3747.45,146709,7,3756.53,38007,64222,0.14832037200352033,0
2023-07-28 10:51:48,3747.45,146709,7,3756.53,38007,64207,0.14832037200352033,0
2023-07-28 10:51:53,3749.9,146801,13,3756.53,38010,63785,0.21379513081589566,0
2023-07-28 10:51:53,3749.9,146801,13,3756.53,38076,63977,0.21379513081589566,0
2023-07-28 10:51:53,3749.9,146801,13,3756.53,38076,63978,0.21379513081589566,0
2023-07-28 10:51:53,3749.9,146801,13,3756.53,38076,63995,0.21379513081589566,0
2023-07-28 10:51:53,3749.9,146801,13,3756.53,38076,63996,0.21379513081589566,0
2023-07-28 10:51:53,3749.9,146801,13,3756.53,38076,63996,0.21379513081589566,0
2023-07-28 10:51:53,3749.9,146801,11,3756.53,38076,63996,0.21379513081589566,0
2023-07-28 10:51:59,3749.9,146812,11,3756.52,38077,63974,0.21379513081589566,0
2023-07-28 10:51:59,3749.9,146812,11,3756.52,38095,63957,0.21379513081589566,0
2023-07-28 10:51:59,3749.9,146812,11,3756.52,38087,63955,0.21379513081589566,0
2023-07-28 10:51:59,3748.75,146812,1,3756.52,38087,63969,0.18306208076110822,0
2023-07-28 10:52:03,3748.75,146813,1,3756.52,38109,63948,0.18306208076110822,0
2023-07-28 10:52:03,3748.75,146813,1,3756.52,38109,63949,0.18306208076110822,0
2023-07-28 10:52:03,3748.75,146813,1,3756.52,38109,63949,0.18306208076110822,0
2023-07-28 10:52:03,3749.9,146813,1,3756.52,38110,63949,0.21379513081589566,0
2023-07-28 10:52:08,3747.8,146854,13,3756.52,36997,64115,0.15767390897672548,0
2023-07-28 10:52:08,3747.8,146854,13,3756.52,38002,64122,0.15767390897672548,0
2023-07-28 10:52:08,3747.8,146854,13,3756.52,38002,64336,0.15767390897672548,0
2023-07-28 10:52:08,3747.8,146854,13,3756.52,38024,64336,0.15767390897672548,0
2023-07-28 10:52:08,3747.8,146854,13,3756.52,38025,64323,0.15767390897672548,0
2023-07-28 10:52:08,3747.8,146854,13,3756.52,38083,63876,0.15767390897672548,0
2023-07-28 10:52:08,3747.8,146854,13,3756.52,38054,64134,0.15767390897672548,0
2023-07-28 10:52:19,3748.8,146855,1,3756.52,38036,64211,0.18439830032871243,0
2023-07-28 10:52:19,3748.8,146855,1,3756.52,38035,64211,0.18439830032871243,0
2023-07-28 10:52:19,3748.8,146855,1,3756.52,38048,64223,0.18439830032871243,0
2023-07-28 10:52:19,3748.8,146855,1,3756.52,38048,64264,0.18439830032871243,0
2023-07-28 10:52:19,3748.8,146855,1,3756.52,38048,64264,0.18439830032871243,0
2023-07-28 10:52:19,3748.8,146855,1,3756.52,38048,64264,0.18439830032871243,0
2023-07-28 10:52:19,3748.8,146855,1,3756.52,38048,64264,0.18439830032871243,0
2023-07-28 10:52:25,3747.45,146864,6,3756.52,38039,64105,0.14832037200352033,0
2023-07-28 10:52:25,3747.95,146864,13,3756.52,38039,64105,0.1616825676795138,0
2023-07-28 10:52:26,3747.95,146877,13,3756.52,38070,64239,0.1616825676795138,0
2023-07-28 10:52:28,3748.4,146887,10,3756.52,38041,64229,0.17370854378791523,0
2023-07-28 10:52:28,3748.4,146887,10,3756.52,38041,64228,0.17370854378791523,0
2023-07-28 10:52:28,3748.4,146887,10,3756.52,38016,63732,0.17370854378791523,0
2023-07-28 10:52:28,3748.4,146887,10,3756.52,38117,64027,0.17370854378791523,0
2023-07-28 10:52:28,3748.4,146887,10,3756.52,38117,64042,0.17370854378791523,0
2023-07-28 10:52:28,3748.4,146887,10,3756.52,38117,64042,0.17370854378791523,0
2023-07-28 10:52:28,3748.55,146887,1,3756.52,38117,64042,0.1777172024907157,0
2023-07-28 10:52:34,3748.55,146889,1,3756.52,37176,64230,0.1777172024907157,0
2023-07-28 10:52:34,3748.55,146889,1,3756.52,38148,63874,0.1777172024907157,0
2023-07-28 10:52:34,3748.55,146889,1,3756.52,38148,64074,0.1777172024907157,0
2023-07-28 10:52:34,3748.55,146889,1,3756.52,38116,64161,0.1777172024907157,0
2023-07-28 10:52:34,3748.55,146889,1,3756.52,38092,64166,0.1777172024907157,0
2023-07-28 10:52:34,3748.55,146889,1,3756.52,38096,64179,0.1777172024907157,0
2023-07-28 10:52:34,3748.55,146889,1,3756.52,38101,64188,0.1777172024907157,0
2023-07-28 10:52:34,3748.55,146889,1,3756.52,38106,64187,0.1777172024907157,0
2023-07-28 10:52:34,3748.55,146889,1,3756.52,38111,64187,0.1777172024907157,0
2023-07-28 10:52:34,3748.55,146889,1,3756.52,37088,64168,0.1777172024907157,0
2023-07-28 10:52:34,3748.55,146889,1,3756.52,37104,64172,0.1777172024907157,0
2023-07-28 10:52:34,3747.4,146889,2,3756.52,37104,64172,0.14698415243592827,0
2023-07-28 10:52:44,3747.4,146891,2,3756.52,38140,64173,0.14698415243592827,0
2023-07-28 10:52:44,3747.4,146891,2,3756.52,38159,64126,0.14698415243592827,0
2023-07-28 10:52:44,3747.4,146891,2,3756.52,38178,64218,0.14698415243592827,0
2023-07-28 10:52:44,3747.4,146891,2,3756.52,38173,64264,0.14698415243592827,0
2023-07-28 10:52:44,3747.4,146891,2,3756.52,37025,64014,0.14698415243592827,0
2023-07-28 10:52:44,3747.4,146891,2,3756.52,38025,64203,0.14698415243592827,0
2023-07-28 10:52:44,3747.4,146891,2,3756.52,38025,64196,0.14698415243592827,0
2023-07-28 10:52:44,3747.4,146891,2,3756.52,38025,64196,0.14698415243592827,0
2023-07-28 10:52:53,3749.2,146893,2,3756.52,37161,64056,0.1950880568694975,0
2023-07-28 10:52:54,3749.2,146897,4,3756.52,38231,63786,0.1950880568694975,0
2023-07-28 10:52:54,3749.2,146897,4,3756.52,38231,64008,0.1950880568694975,0
2023-07-28 10:52:54,3749.2,146897,4,3756.52,38231,64036,0.1950880568694975,0
2023-07-28 10:52:54,3749.2,146897,6,3756.52,38156,64281,0.1950880568694975,0
2023-07-28 10:52:57,3749.35,146903,1,3756.52,38162,64289,0.19909671557229797,0
2023-07-28 10:52:58,3749.35,146924,1,3756.52,36975,64038,0.19909671557229797,0
2023-07-28 10:53:01,3749.6,146931,3,3756.52,38034,63807,0.20577781341029472,0
2023-07-28 10:53:01,3749.6,146931,3,3756.52,38018,64060,0.20577781341029472,0
2023-07-28 10:53:01,3749.6,146931,3,3756.52,38024,64216,0.20577781341029472,0
2023-07-28 10:53:03,3748.8,146932,1,3756.52,35989,64229,0.18439830032871243,0
2023-07-28 10:53:03,3748.0,146932,1,3756.52,35989,64229,0.16301878724711802,0
2023-07-28 10:53:04,3748.0,146933,1,3756.52,37981,64241,0.16301878724711802,0
2023-07-28 10:53:04,3748.0,146933,1,3756.52,37972,63767,0.16301878724711802,0
2023-07-28 10:53:04,3748.0,146933,1,3756.52,37969,63950,0.16301878724711802,0
2023-07-28 10:53:04,3748.0,146933,1,3756.52,37984,64014,0.16301878724711802,0
2023-07-28 10:53:04,3748.0,146933,1,3756.52,38003,64080,0.16301878724711802,0
2023-07-28 10:53:04,3748.0,146933,1,3756.52,38003,64090,0.16301878724711802,0
2023-07-28 10:53:04,3748.0,146933,1,3756.52,38003,64089,0.16301878724711802,0
2023-07-28 10:53:04,3748.0,146933,1,3756.52,38003,64089,0.16301878724711802,0
2023-07-28 10:53:04,3748.0,146933,1,3756.52,38003,64089,0.16301878724711802,0
2023-07-28 10:53:04,3748.0,146933,1,3756.52,37996,64079,0.16301878724711802,0
2023-07-28 10:53:15,3748.0,146945,1,3756.52,37972,64144,0.16301878724711802,0
2023-07-28 10:53:15,3748.0,146945,1,3756.52,37985,64144,0.16301878724711802,0
2023-07-28 10:53:15,3748.0,146945,1,3756.52,37977,64130,0.16301878724711802,0
2023-07-28 10:53:15,3748.0,146945,1,3756.52,37977,64130,0.16301878724711802,0
2023-07-28 10:53:15,3748.0,146945,1,3756.52,37977,64130,0.16301878724711802,0
2023-07-28 10:53:15,3748.0,146945,1,3756.52,37977,64230,0.16301878724711802,0
2023-07-28 10:53:15,3748.0,146945,1,3756.52,37977,64230,0.16301878724711802,0
2023-07-28 10:53:15,3748.0,146945,1,3756.52,37977,64230,0.16301878724711802,0
2023-07-28 10:53:15,3748.0,146945,1,3756.52,38052,64230,0.16301878724711802,0
2023-07-28 10:53:15,3748.0,146945,1,3756.52,38052,64230,0.16301878724711802,0
2023-07-28 10:53:25,3747.3,146960,2,3756.52,38069,64181,0.144311713300732,0
2023-07-28 10:53:25,3747.3,146960,2,3756.52,38069,64181,0.144311713300732,0
2023-07-28 10:53:26,3748.75,146965,4,3756.52,38053,64181,0.18306208076110822,0
2023-07-28 10:53:26,3748.75,146965,4,3756.52,38053,64183,0.18306208076110822,0
2023-07-28 10:53:26,3748.75,146965,4,3756.52,38053,64183,0.18306208076110822,0
2023-07-28 10:53:29,3748.75,146970,4,3756.52,38067,64207,0.18306208076110822,0
2023-07-28 10:53:29,3748.75,146970,4,3756.52,38068,64207,0.18306208076110822,0
2023-07-28 10:53:29,3748.75,146970,10,3756.52,38054,64207,0.18306208076110822,0
2023-07-28 10:53:29,3748.05,146970,1,3756.52,38054,64207,0.16435500681472223,0
2023-07-28 10:53:33,3747.2,147018,32,3756.51,38021,64096,0.14163927416552358,0
2023-07-28 10:53:33,3747.2,147018,32,3756.51,38186,64101,0.14163927416552358,0
2023-07-28 10:53:33,3747.2,147018,32,3756.51,38167,64101,0.14163927416552358,0
2023-07-28 10:53:33,3747.2,147018,32,3756.51,38167,64105,0.14163927416552358,0
2023-07-28 10:53:37,3747.2,147041,23,3756.51,36112,64165,0.14163927416552358,0
2023-07-28 10:53:37,3747.2,147041,23,3756.51,38087,64243,0.14163927416552358,0
2023-07-28 10:53:40,3747.0,147042,1,3756.51,38116,64272,0.13629439589513107,0
2023-07-28 10:53:40,3747.0,147042,1,3756.51,38116,64290,0.13629439589513107,0
2023-07-28 10:53:40,3746.05,147042,7,3756.51,38116,64290,0.11090622411074831,0
2023-07-28 10:53:40,3746.05,147080,7,3756.51,36592,64423,0.11090622411074831,0
2023-07-28 10:53:40,3746.4,147080,90,3756.51,36592,64423,0.1202597610839413,0
2023-07-28 10:53:42,3746.4,147170,90,3756.5,37642,64343,0.1202597610839413,0
2023-07-28 10:53:42,3746.4,147170,90,3756.5,37634,64328,0.1202597610839413,0
2023-07-28 10:53:42,3746.4,147170,90,3756.5,37692,64172,0.1202597610839413,0
2023-07-28 10:53:42,3745.0,147170,3,3756.5,37692,64172,0.08284561319115714,0
2023-07-28 10:53:46,3745.0,147175,3,3756.5,37684,64225,0.08284561319115714,0
2023-07-28 10:53:46,3745.0,147175,3,3756.5,37692,64228,0.08284561319115714,0
2023-07-28 10:53:46,3745.0,147175,3,3756.5,37713,64228,0.08284561319115714,0
2023-07-28 10:53:46,3746.4,147175,1,3756.5,37713,64228,0.1202597610839413,0
2023-07-28 10:53:51,3747.2,147177,1,3756.5,37790,63449,0.14163927416552358,0
2023-07-28 10:53:51,3747.95,147177,1,3756.5,37667,63903,0.1616825676795138,0
2023-07-28 10:53:52,3747.95,147180,1,3756.5,37703,63979,0.1616825676795138,0
2023-07-28 10:53:52,3747.95,147180,1,3756.5,36699,63918,0.1616825676795138,0
2023-07-28 10:53:52,3747.95,147180,10,3756.5,36699,63918,0.1616825676795138,0
2023-07-28 10:53:55,3748.5,147211,2,3756.5,37773,63770,0.1763809829231115,0
2023-07-28 10:53:55,3748.5,147211,2,3756.5,37773,63770,0.1763809829231115,0
2023-07-28 10:53:55,3748.5,147211,2,3756.5,37982,63979,0.1763809829231115,0
2023-07-28 10:53:57,3748.15,147240,12,3756.5,37675,64228,0.16702744594991847,0
2023-07-28 10:53:57,3748.15,147240,12,3756.5,37731,64205,0.16702744594991847,0
2023-07-28 10:54:00,3746.0,147277,3,3756.5,36716,63981,0.1095700045431441,0
2023-07-28 10:54:00,3746.0,147277,3,3756.5,37809,63882,0.1095700045431441,0
2023-07-28 10:54:02,3748.55,147306,8,3756.49,35750,63778,0.1777172024907157,0
2023-07-28 10:54:02,3748.55,147306,8,3756.49,37756,63873,0.1777172024907157,0
2023-07-28 10:54:02,3748.7,147306,29,3756.49,36877,63822,0.18172586119350403,0
2023-07-28 10:54:04,3748.7,147335,29,3756.49,37854,63803,0.18172586119350403,0
2023-07-28 10:54:04,3748.7,147335,29,3756.49,37878,64065,0.18172586119350403,0
2023-07-28 10:54:04,3748.9,147335,1,3756.49,37909,64067,0.1870707394639087,0
2023-07-28 10:54:07,3748.9,147336,1,3756.49,37869,64166,0.1870707394639087,0
2023-07-28 10:54:07,3748.9,147336,1,3756.49,37714,64185,0.1870707394639087,0
2023-07-28 10:54:07,3748.9,147336,1,3756.49,37762,64120,0.1870707394639087,0
2023-07-28 10:54:07,3748.9,147336,1,3756.49,37762,64120,0.1870707394639087,0
2023-07-28 10:54:07,3748.9,147336,1,3756.49,37762,64120,0.1870707394639087,0
2023-07-28 10:54:07,3748.9,147336,1,3756.49,37796,64079,0.1870707394639087,0
2023-07-28 10:54:07,3748.9,147336,1,3756.49,37796,64079,0.1870707394639087,0
2023-07-28 10:54:07,3748.9,147336,1,3756.49,37804,64080,0.1870707394639087,0
2023-07-28 10:54:07,3748.9,147336,1,3756.49,37826,64080,0.1870707394639087,0
2023-07-28 10:54:07,3748.9,147336,1,3756.49,37826,64068,0.1870707394639087,0
2023-07-28 10:54:07,3748.9,147336,1,3756.49,37857,64046,0.1870707394639087,0
2023-07-28 10:54:21,3747.95,147337,1,3756.49,37868,64045,0.1616825676795138,0
2023-07-28 10:54:21,3747.95,147337,1,3756.49,37867,64045,0.1616825676795138,0
2023-07-28 10:54:22,3747.95,147342,3,3756.49,37858,64040,0.1616825676795138,0
2023-07-28 10:54:22,3747.95,147342,3,3756.49,37857,64054,0.1616825676795138,0
2023-07-28 10:54:22,3747.95,147342,1,3756.49,37857,64054,0.1616825676795138,0
2023-07-28 10:54:24,3747.95,147348,5,3756.49,37859,64051,0.1616825676795138,0
2023-07-28 10:54:24,3747.95,147348,5,3756.49,37859,64051,0.1616825676795138,0
2023-07-28 10:54:24,3747.95,147348,5,3756.49,37883,64034,0.1616825676795138,0
2023-07-28 10:54:24,3747.95,147348,5,3756.49,37883,64017,0.1616825676795138,0
2023-07-28 10:54:24,3747.95,147348,5,3756.49,37791,64148,0.1616825676795138,0
2023-07-28 10:54:24,3748.8,147348,5,3756.49,36922,63954,0.18439830032871243,0
2023-07-28 10:54:29,3748.8,147353,5,3756.49,36926,63953,0.18439830032871243,0
2023-07-28 10:54:29,3748.8,147353,5,3756.49,36923,63958,0.18439830032871243,0
2023-07-28 10:54:29,3748.8,147353,5,3756.49,35923,63983,0.18439830032871243,0
2023-07-28 10:54:33,3746.2,147363,10,3756.49,37976,64025,0.11491488281353662,0
2023-07-28 10:54:33,3746.2,147363,10,3756.49,37072,64675,0.11491488281353662,0
2023-07-28 10:54:33,3748.95,147363,2,3756.49,37072,64675,0.18840695903150076,0
2023-07-28 10:54:37,3748.95,147365,2,3756.49,38080,65278,0.18840695903150076,0
2023-07-28 10:54:37,3748.95,147365,2,3756.49,38050,65116,0.18840695903150076,0
2023-07-28 10:54:37,3748.95,147365,2,3756.49,38100,65301,0.18840695903150076,0
2023-07-28 10:54:37,3748.95,147365,2,3756.49,38036,65517,0.18840695903150076,0
2023-07-28 10:54:37,3748.95,147365,2,3756.49,36032,66070,0.18840695903150076,0
2023-07-28 10:54:37,3748.95,147365,2,3756.49,37042,66350,0.18840695903150076,0
2023-07-28 10:54:37,3748.95,147365,2,3756.49,38035,66567,0.18840695903150076,0
2023-07-28 10:54:37,3748.95,147365,2,3756.49,38037,66575,0.18840695903150076,0
2023-07-28 10:54:37,3748.95,147365,2,3756.49,37037,66941,0.18840695903150076,0
2023-07-28 10:54:37,3748.95,147365,2,3756.49,37037,66941,0.18840695903150076,0
2023-07-28 10:54:37,3748.95,147365,2,3756.49,37081,66788,0.18840695903150076,0
2023-07-28 10:54:37,3747.95,147365,1,3756.49,37081,66788,0.1616825676795138,0
2023-07-28 10:54:48,3747.95,147366,1,3756.49,38061,67350,0.1616825676795138,0
2023-07-28 10:54:48,3747.95,147366,1,3756.49,36060,66988,0.1616825676795138,0
2023-07-28 10:54:48,3747.95,147366,1,3756.49,38063,67063,0.1616825676795138,0
2023-07-28 10:54:48,3747.95,147366,1,3756.49,38064,67338,0.1616825676795138,0
2023-07-28 10:54:48,3747.95,147366,1,3756.49,38090,67189,0.1616825676795138,0
2023-07-28 10:54:48,3747.95,147366,1,3756.49,38040,67200,0.1616825676795138,0
2023-07-28 10:54:56,3748.9,147371,5,3756.49,38040,66996,0.1870707394639087,0
2023-07-28 10:54:56,3748.9,147371,5,3756.49,38059,67193,0.1870707394639087,0
2023-07-28 10:54:56,3748.9,147371,5,3756.49,38054,67193,0.1870707394639087,0
2023-07-28 10:54:56,3748.9,147371,5,3756.49,38066,67184,0.1870707394639087,0
2023-07-28 10:54:56,3748.9,147371,5,3756.49,38093,67185,0.1870707394639087,0
2023-07-28 10:54:56,3748.9,147371,5,3756.49,38093,67185,0.1870707394639087,0
2023-07-28 10:54:56,3748.9,147371,5,3756.49,38093,67183,0.1870707394639087,0
2023-07-28 10:54:56,3748.9,147371,5,3756.49,38056,66941,0.1870707394639087,0
2023-07-28 10:54:56,3748.9,147371,5,3756.49,38056,66941,0.1870707394639087,0
2023-07-28 10:54:56,3748.9,147371,5,3756.49,38075,67149,0.1870707394639087,0
2023-07-28 10:54:56,3748.9,147371,5,3756.49,37059,67013,0.1870707394639087,0
2023-07-28 10:55:07,3747.75,147374,1,3756.49,38009,67165,0.15633768940912127,0
2023-07-28 10:55:07,3747.75,147374,1,3756.49,38009,67165,0.15633768940912127,0
2023-07-28 10:55:07,3747.75,147374,1,3756.49,38057,67407,0.15633768940912127,0
2023-07-28 10:55:07,3747.75,147374,1,3756.49,38037,67382,0.15633768940912127,0
2023-07-28 10:55:07,3747.75,147374,1,3756.49,38038,67365,0.15633768940912127,0
2023-07-28 10:55:14,3748.0,147408,34,3756.49,37001,67394,0.16301878724711802,0
2023-07-28 10:55:14,3748.0,147408,34,3756.49,36682,67260,0.16301878724711802,0
2023-07-28 10:55:14,3748.0,147408,34,3756.49,37676,67367,0.16301878724711802,0
2023-07-28 10:55:18,3746.8,147409,1,3756.49,37350,67529,0.13094951762473853,0
2023-07-28 10:55:18,3746.8,147409,1,3756.49,37512,67497,0.13094951762473853,0
2023-07-28 10:55:18,3746.8,147409,1,3756.49,37469,67532,0.13094951762473853,0
2023-07-28 10:55:18,3747.45,147409,9,3756.49,37469,67532,0.14832037200352033,0
2023-07-28 10:55:23,3747.45,147418,9,3756.49,36476,67324,0.14832037200352033,0
2023-07-28 10:55:23,3747.45,147418,9,3756.49,37447,67672,0.14832037200352033,0
2023-07-28 10:55:23,3747.45,147418,9,3756.49,37432,67689,0.14832037200352033,0
2023-07-28 10:55:23,3747.45,147418,9,3756.49,36405,67514,0.14832037200352033,0
2023-07-28 10:55:23,3747.45,147418,9,3756.49,37422,67705,0.14832037200352033,0
2023-07-28 10:55:23,3747.45,147418,9,3756.49,36427,67724,0.14832037200352033,0
2023-07-28 10:55:23,3745.05,147418,1,3756.49,35431,67538,0.08418183275876134,0
2023-07-28 10:55:30,3745.05,147443,1,3756.49,36379,67881,0.08418183275876134,0
2023-07-28 10:55:30,3745.05,147443,1,3756.49,37398,67896,0.08418183275876134,0
2023-07-28 10:55:30,3745.05,147443,1,3756.49,37553,67896,0.08418183275876134,0
2023-07-28 10:55:30,3745.05,147443,1,3756.49,37553,67896,0.08418183275876134,0
2023-07-28 10:55:30,3745.05,147443,1,3756.49,37549,67903,0.08418183275876134,0
2023-07-28 10:55:30,3745.05,147443,1,3756.49,37549,67915,0.08418183275876134,0
2023-07-28 10:55:30,3745.05,147443,1,3756.49,37549,67915,0.08418183275876134,0
2023-07-28 10:55:30,3745.05,147443,1,3756.49,37549,67903,0.08418183275876134,0
2023-07-28 10:55:30,3745.05,147443,1,3756.49,37579,67873,0.08418183275876134,0
2023-07-28 10:55:30,3745.05,147443,1,3756.49,37579,67892,0.08418183275876134,0
2023-07-28 10:55:41,3745.0,147463,2,3756.49,36559,67890,0.08284561319115714,0
2023-07-28 10:55:41,3745.0,147463,2,3756.49,37564,67902,0.08284561319115714,0
2023-07-28 10:55:41,3745.0,147463,2,3756.49,37559,67888,0.08284561319115714,0
2023-07-28 10:55:41,3745.0,147463,2,3756.49,37559,67888,0.08284561319115714,0
2023-07-28 10:55:46,3744.2,147529,10,3756.48,37524,67759,0.06146610010956271,0
2023-07-28 10:55:46,3744.2,147529,10,3756.48,37460,67720,0.06146610010956271,0
2023-07-28 10:55:46,3744.2,147529,10,3756.48,37465,67720,0.06146610010956271,0
2023-07-28 10:55:46,3744.2,147529,10,3756.48,37494,67723,0.06146610010956271,0
2023-07-28 10:55:46,3744.2,147529,10,3756.48,37519,67723,0.06146610010956271,0
2023-07-28 10:55:46,3744.2,147529,10,3756.48,37488,67723,0.06146610010956271,0
2023-07-28 10:55:52,3744.0,147539,10,3756.48,37443,67728,0.056121221839170184,0
2023-07-28 10:55:52,3744.0,147539,10,3756.48,37503,67746,0.056121221839170184,0
2023-07-28 10:55:52,3744.0,147539,10,3756.48,37501,67746,0.056121221839170184,0
2023-07-28 10:55:55,3745.0,147560,21,3756.48,37504,67692,0.08284561319115714,0
2023-07-28 10:55:55,3744.1,147560,29,3756.48,36480,67716,0.058793660974366446,0
2023-07-28 10:55:57,3744.1,147660,29,3756.47,37444,67733,0.058793660974366446,0
2023-07-28 10:55:57,3744.1,147660,29,3756.47,36440,67724,0.058793660974366446,0
2023-07-28 10:55:57,3744.1,147660,29,3756.47,37424,67750,0.058793660974366446,0
2023-07-28 10:55:57,3744.1,147660,29,3756.47,37438,67750,0.058793660974366446,0
2023-07-28 10:55:57,3744.15,147660,7,3756.47,37431,67750,0.06012988054197065,0
2023-07-28 10:56:03,3744.15,147681,7,3756.47,37446,67718,0.06012988054197065,0
2023-07-28 10:56:03,3744.15,147681,7,3756.47,37461,67726,0.06012988054197065,0
2023-07-28 10:56:03,3744.15,147681,7,3756.47,36461,67733,0.06012988054197065,0
2023-07-28 10:56:03,3744.15,147681,7,3756.47,37466,67734,0.06012988054197065,0
2023-07-28 10:56:03,3744.15,147681,7,3756.47,37456,67736,0.06012988054197065,0
2023-07-28 10:56:03,3744.15,147681,7,3756.47,37456,67736,0.06012988054197065,0
2023-07-28 10:56:03,3744.15,147681,7,3756.47,37462,67737,0.06012988054197065,0
2023-07-28 10:56:03,3744.15,147681,7,3756.47,36462,67737,0.06012988054197065,0
2023-07-28 10:56:03,3744.15,147681,7,3756.47,37462,67737,0.06012988054197065,0
2023-07-28 10:56:03,3744.15,147681,7,3756.47,37516,67703,0.06012988054197065,0
2023-07-28 10:56:03,3744.15,147681,7,3756.47,37740,67712,0.06012988054197065,0
2023-07-28 10:56:03,3744.15,147681,7,3756.47,35791,67665,0.06012988054197065,0
2023-07-28 10:56:16,3744.15,147701,4,3756.47,37768,67738,0.06012988054197065,0
2023-07-28 10:56:16,3744.15,147701,1,3756.47,37768,67738,0.06012988054197065,0
2023-07-28 10:56:17,3744.15,147702,1,3756.47,37778,67733,0.06012988054197065,0
2023-07-28 10:56:17,3744.15,147702,1,3756.47,36731,67521,0.06012988054197065,0
2023-07-28 10:56:17,3744.15,147702,1,3756.47,37764,67703,0.06012988054197065,0
2023-07-28 10:56:17,3744.15,147702,1,3756.47,37764,67703,0.06012988054197065,0
2023-07-28 10:56:17,3744.15,147702,1,3756.47,37750,67722,0.06012988054197065,0
2023-07-28 10:56:17,3744.15,147702,1,3756.47,37750,67722,0.06012988054197065,0
2023-07-28 10:56:17,3744.15,147702,1,3756.47,37750,67698,0.06012988054197065,0
2023-07-28 10:56:17,3744.15,147702,1,3756.47,37750,67698,0.06012988054197065,0
2023-07-28 10:56:17,3744.15,147702,1,3756.47,37755,67702,0.06012988054197065,0
2023-07-28 10:56:17,3744.15,147702,1,3756.47,37755,67702,0.06012988054197065,0
2023-07-28 10:56:17,3744.15,147702,1,3756.47,36769,67682,0.06012988054197065,0
2023-07-28 10:56:17,3744.15,147702,1,3756.47,36769,67682,0.06012988054197065,0
2023-07-28 10:56:17,3744.15,147702,1,3756.47,37721,67730,0.06012988054197065,0
2023-07-28 10:56:17,3744.15,147702,1,3756.47,37736,67730,0.06012988054197065,0
2023-07-28 10:56:17,3744.15,147702,1,3756.47,37836,67730,0.06012988054197065,0
2023-07-28 10:56:17,3744.15,147702,1,3756.47,37837,67730,0.06012988054197065,0
2023-07-28 10:56:17,3744.15,147702,1,3756.47,37837,67730,0.06012988054197065,0
2023-07-28 10:56:32,3744.15,147704,2,3756.47,37835,67730,0.06012988054197065,0
2023-07-28 10:56:32,3744.15,147704,2,3756.47,37891,67525,0.06012988054197065,0
2023-07-28 10:56:32,3745.75,147704,1,3756.47,37902,67486,0.10288890670514736,0
2023-07-28 10:56:35,3745.75,147730,1,3756.46,37940,67511,0.10288890670514736,0
2023-07-28 10:56:35,3745.75,147730,1,3756.46,35901,67675,0.10288890670514736,0
2023-07-28 10:56:35,3745.75,147730,1,3756.46,37875,67744,0.10288890670514736,0
2023-07-28 10:56:35,3745.75,147730,1,3756.46,36928,67496,0.10288890670514736,0
2023-07-28 10:56:41,3745.75,147881,1,3756.45,37898,67770,0.10288890670514736,0
2023-07-28 10:56:41,3745.75,147881,1,3756.45,37898,67770,0.10288890670514736,0
2023-07-28 10:56:41,3745.75,147881,1,3756.45,37898,67779,0.10288890670514736,0
2023-07-28 10:56:41,3745.75,147881,1,3756.45,37866,67770,0.10288890670514736,0
2023-07-28 10:56:41,3745.75,147881,1,3756.45,37865,67751,0.10288890670514736,0
2023-07-28 10:56:41,3745.75,147881,1,3756.45,37925,67714,0.10288890670514736,0
2023-07-28 10:56:41,3745.75,147881,1,3756.45,37964,67714,0.10288890670514736,0
2023-07-28 10:56:41,3745.75,147881,1,3756.45,37984,67715,0.10288890670514736,0
2023-07-28 10:56:49,3745.75,147882,1,3756.45,35906,67562,0.10288890670514736,0
2023-07-28 10:56:49,3745.75,147882,1,3756.45,36953,67570,0.10288890670514736,0
2023-07-28 10:56:49,3745.75,147882,1,3756.45,37036,67513,0.10288890670514736,0
2023-07-28 10:56:49,3745.75,147882,2,3756.45,37936,67560,0.10288890670514736,0
2023-07-28 10:56:52,3745.75,147885,2,3756.45,37966,67492,0.10288890670514736,0
2023-07-28 10:56:52,3745.75,147885,2,3756.45,37952,67508,0.10288890670514736,0
2023-07-28 10:56:52,3745.75,147885,2,3756.45,35976,67652,0.10288890670514736,0
2023-07-28 10:56:52,3745.75,147885,2,3756.45,37988,67549,0.10288890670514736,0
2023-07-28 10:56:52,3745.75,147885,2,3756.45,38009,67441,0.10288890670514736,0
2023-07-28 10:56:52,3745.75,147885,2,3756.45,38205,67469,0.10288890670514736,0
2023-07-28 10:56:52,3745.75,147885,2,3756.45,38218,67675,0.10288890670514736,0
2023-07-28 10:56:52,3745.75,147885,2,3756.45,37007,67703,0.10288890670514736,0
2023-07-28 10:56:52,3745.75,147885,2,3756.45,38037,67703,0.10288890670514736,0
2023-07-28 10:56:52,3745.75,147885,2,3756.45,38204,67645,0.10288890670514736,0
2023-07-28 10:56:52,3745.75,147885,2,3756.45,38214,67632,0.10288890670514736,0
2023-07-28 10:56:52,3746.95,147885,1,3756.45,38215,67622,0.13495817632752685,0
2023-07-28 10:57:07,3746.95,147886,1,3756.45,38124,67728,0.13495817632752685,0
2023-07-28 10:57:07,3746.95,147886,1,3756.45,38158,67728,0.13495817632752685,0
2023-07-28 10:57:07,3746.95,147886,1,3756.45,38173,67734,0.13495817632752685,0
2023-07-28 10:57:07,3746.95,147886,1,3756.45,37967,67503,0.13495817632752685,0
2023-07-28 10:57:07,3746.95,147886,1,3756.45,38057,67689,0.13495817632752685,0
2023-07-28 10:57:07,3746.95,147886,1,3756.45,36210,67490,0.13495817632752685,0
2023-07-28 10:57:07,3746.95,147886,1,3756.45,38044,67504,0.13495817632752685,0
2023-07-28 10:57:07,3746.95,147886,1,3756.45,38063,67502,0.13495817632752685,0
2023-07-28 10:57:07,3745.75,147886,1,3756.45,38063,67502,0.10288890670514736,0
2023-07-28 10:57:15,3745.75,147887,1,3756.45,38205,67699,0.10288890670514736,0
2023-07-28 10:57:15,3745.75,147887,1,3756.45,38217,67699,0.10288890670514736,0
2023-07-28 10:57:15,3745.75,147887,1,3756.45,38211,67743,0.10288890670514736,0
2023-07-28 10:57:15,3745.75,147887,1,3756.45,38211,67741,0.10288890670514736,0
2023-07-28 10:57:15,3745.0,147887,10,3756.45,38211,67741,0.08284561319115714,0
2023-07-28 10:57:20,3745.0,148037,10,3756.44,37874,67662,0.08284561319115714,0
2023-07-28 10:57:20,3745.0,148037,10,3756.44,37904,67831,0.08284561319115714,0
2023-07-28 10:57:20,3745.0,148037,10,3756.44,37904,67836,0.08284561319115714,0
2023-07-28 10:57:20,3745.0,148037,10,3756.44,37905,67914,0.08284561319115714,0
2023-07-28 10:57:20,3745.0,148037,10,3756.44,37884,67765,0.08284561319115714,0
2023-07-28 10:57:20,3745.1,148037,2,3756.44,37884,67765,0.0855180523263534,0
2023-07-28 10:57:26,3745.1,148039,2,3756.44,37843,67833,0.0855180523263534,0
2023-07-28 10:57:26,3745.1,148039,2,3756.44,37802,67579,0.0855180523263534,0
2023-07-28 10:57:26,3745.75,148039,25,3756.44,35923,67538,0.10288890670514736,0
2023-07-28 10:57:29,3745.75,148064,25,3756.44,37948,67600,0.10288890670514736,0
2023-07-28 10:57:29,3745.75,148064,25,3756.44,37973,67801,0.10288890670514736,0
2023-07-28 10:57:29,3745.75,148064,25,3756.44,37973,67799,0.10288890670514736,0
2023-07-28 10:57:29,3745.75,148064,25,3756.44,37988,67800,0.10288890670514736,0
2023-07-28 10:57:29,3745.75,148064,25,3756.44,36990,67486,0.10288890670514736,0
2023-07-28 10:57:29,3745.75,148064,25,3756.44,36046,67545,0.10288890670514736,0
2023-07-28 10:57:29,3746.95,148064,1,3756.44,38087,67766,0.13495817632752685,0
2023-07-28 10:57:38,3744.75,148080,4,3756.44,38081,67599,0.0761645153531604,0
2023-07-28 10:57:38,3744.75,148080,4,3756.44,38135,67750,0.0761645153531604,0
2023-07-28 10:57:38,3744.75,148080,4,3756.44,38160,67750,0.0761645153531604,0
2023-07-28 10:57:38,3744.75,148080,4,3756.44,38160,67750,0.0761645153531604,0
2023-07-28 10:57:38,3744.75,148080,4,3756.44,38088,67594,0.0761645153531604,0
2023-07-28 10:57:38,3744.75,148080,4,3756.44,38118,67743,0.0761645153531604,0
2023-07-28 10:57:38,3744.75,148080,4,3756.44,38183,67743,0.0761645153531604,0
2023-07-28 10:57:38,3744.7,148080,12,3756.44,38183,67743,0.07482829578555619,0
2023-07-28 10:57:46,3744.7,148120,12,3756.43,38216,67755,0.07482829578555619,0
2023-07-28 10:57:46,3744.7,148120,12,3756.43,38216,67755,0.07482829578555619,0
2023-07-28 10:57:46,3744.7,148120,12,3756.43,38216,67755,0.07482829578555619,0
2023-07-28 10:57:46,3746.8,148120,4,3756.43,38216,67755,0.13094951762473853,0
2023-07-28 10:57:49,3746.8,148152,4,3756.43,38232,67543,0.13094951762473853,0
2023-07-28 10:57:49,3746.8,148152,4,3756.43,38254,67529,0.13094951762473853,0
2023-07-28 10:57:49,3746.8,148152,4,3756.43,38254,67750,0.13094951762473853,0
2023-07-28 10:57:49,3746.9,148152,6,3756.43,38254,67761,0.1336219567599348,0
2023-07-28 10:57:54,3746.9,148162,6,3756.43,38105,67704,0.1336219567599348,0
2023-07-28 10:57:54,3746.9,148162,6,3756.43,37127,67540,0.1336219567599348,0
2023-07-28 10:57:57,3747.0,148172,1,3756.43,36097,67546,0.13629439589513107,0
2023-07-28 10:57:57,3747.0,148172,1,3756.43,38097,67541,0.13629439589513107,0
2023-07-28 10:57:57,3747.0,148172,1,3756.43,38093,67546,0.13629439589513107,0
2023-07-28 10:57:57,3747.0,148172,1,3756.43,38114,67756,0.13629439589513107,0
2023-07-28 10:57:57,3747.0,148172,1,3756.43,38239,67414,0.13629439589513107,0
2023-07-28 10:57:57,3747.0,148172,1,3756.43,38216,67597,0.13629439589513107,0
2023-07-28 10:57:57,3747.0,148172,1,3756.43,38237,67599,0.13629439589513107,0
2023-07-28 10:57:57,3747.0,148172,1,3756.43,37206,67393,0.13629439589513107,0
2023-07-28 10:57:57,3747.0,148172,1,3756.43,36218,67336,0.13629439589513107,0
2023-07-28 10:57:57,3747.0,148172,1,3756.43,37218,67539,0.13629439589513107,0
2023-07-28 10:57:57,3747.0,148172,1,3756.43,38106,67529,0.13629439589513107,0
2023-07-28 10:58:07,3747.0,148173,1,3756.43,38111,67517,0.13629439589513107,0
2023-07-28 10:58:07,3747.0,148173,1,3756.43,38111,67520,0.13629439589513107,0
2023-07-28 10:58:07,3747.0,148173,2,3756.43,38111,67520,0.13629439589513107,0
2023-07-28 10:58:10,3747.0,148175,2,3756.43,37116,67529,0.13629439589513107,0
2023-07-28 10:58:10,3747.0,148175,2,3756.43,38126,67527,0.13629439589513107,0
2023-07-28 10:58:10,3747.0,148175,2,3756.43,38126,67531,0.13629439589513107,0
2023-07-28 10:58:10,3747.0,148175,2,3756.43,38126,67530,0.13629439589513107,0
2023-07-28 10:58:10,3747.0,148175,2,3756.43,38115,67532,0.13629439589513107,0
2023-07-28 10:58:10,3747.0,148175,2,3756.43,38115,67531,0.13629439589513107,0
2023-07-28 10:58:18,3747.0,148179,3,3756.43,38254,67176,0.13629439589513107,0
2023-07-28 10:58:18,3747.0,148179,3,3756.43,37197,67169,0.13629439589513107,0
2023-07-28 10:58:18,3747.0,148179,3,3756.43,38168,67223,0.13629439589513107,0
2023-07-28 10:58:18,3747.0,148179,3,3756.43,36181,67177,0.13629439589513107,0
2023-07-28 10:58:23,3748.0,148180,1,3756.43,36155,67251,0.16301878724711802,0
2023-07-28 10:58:23,3748.0,148180,1,3756.43,36155,67251,0.16301878724711802,0
2023-07-28 10:58:23,3748.0,148181,1,3756.43,38138,67243,0.16301878724711802,0
2023-07-28 10:58:23,3748.0,148181,1,3756.43,38162,67297,0.16301878724711802,0
2023-07-28 10:58:23,3748.0,148181,1,3756.43,38188,67499,0.16301878724711802,0
2023-07-28 10:58:23,3748.0,148181,1,3756.43,38190,67492,0.16301878724711802,0
2023-07-28 10:58:23,3748.0,148181,1,3756.43,38198,67477,0.16301878724711802,0
2023-07-28 10:58:23,3748.0,148181,1,3756.43,36797,67286,0.16301878724711802,0
2023-07-28 10:58:23,3748.0,148181,1,3756.43,38805,67482,0.16301878724711802,0
2023-07-28 10:58:23,3748.0,148181,1,3756.43,38821,67493,0.16301878724711802,0
2023-07-28 10:58:23,3748.0,148181,1,3756.43,38808,67474,0.16301878724711802,0
2023-07-28 10:58:23,3748.0,148181,1,3756.43,38931,67255,0.16301878724711802,0
2023-07-28 10:58:23,3748.0,148181,1,3756.43,38921,67253,0.16301878724711802,0
2023-07-28 10:58:23,3747.1,148181,2,3756.43,38921,67253,0.1389668350303273,0
2023-07-28 10:58:36,3747.1,148184,2,3756.43,37874,67402,0.1389668350303273,0
2023-07-28 10:58:36,3747.1,148184,2,3756.43,38813,67389,0.1389668350303273,0
2023-07-28 10:58:36,3747.1,148184,2,3756.43,37832,67309,0.1389668350303273,0
2023-07-28 10:58:36,3747.1,148184,2,3756.43,38812,67512,0.1389668350303273,0
2023-07-28 10:58:36,3747.1,148184,2,3756.43,38812,67497,0.1389668350303273,0
2023-07-28 10:58:36,3747.1,148184,2,3756.43,38812,67497,0.1389668350303273,0
2023-07-28 10:58:36,3747.1,148184,2,3756.43,38812,67523,0.1389668350303273,0
2023-07-28 10:58:36,3747.1,148184,2,3756.43,38812,67524,0.1389668350303273,0
2023-07-28 10:58:36,3747.1,148184,2,3756.43,38827,67521,0.1389668350303273,0
2023-07-28 10:58:36,3747.1,148184,2,3756.43,38834,67526,0.1389668350303273,0
2023-07-28 10:58:36,3747.1,148184,2,3756.43,38833,67516,0.1389668350303273,0
2023-07-28 10:58:36,3747.1,148184,2,3756.43,38929,67454,0.1389668350303273,0
2023-07-28 10:58:36,3747.1,148184,2,3756.43,38929,67442,0.1389668350303273,0
2023-07-28 10:58:36,3747.1,148184,2,3756.43,38929,67445,0.1389668350303273,0
2023-07-28 10:58:36,3747.1,148184,2,3756.43,37943,67254,0.1389668350303273,0
2023-07-28 10:58:36,3747.1,148184,2,3756.43,37943,67447,0.1389668350303273,0
2023-07-28 10:58:53,3748.0,148185,1,3756.43,37910,67484,0.16301878724711802,0
2023-07-28 10:58:53,3748.0,148185,1,3756.43,36870,67330,0.16301878724711802,0
2023-07-28 10:58:53,3748.0,148185,1,3756.43,38921,67472,0.16301878724711802,0
2023-07-28 10:58:53,3748.0,148185,1,3756.43,38949,67493,0.16301878724711802,0
2023-07-28 10:58:53,3748.0,148185,1,3756.43,38963,67493,0.16301878724711802,0
2023-07-28 10:58:53,3748.0,148185,1,3756.43,38963,67490,0.16301878724711802,0
2023-07-28 10:58:53,3748.0,148185,1,3756.43,38965,67492,0.16301878724711802,0
2023-07-28 10:58:53,3748.0,148185,1,3756.43,38965,67490,0.16301878724711802,0
2023-07-28 10:58:53,3748.0,148185,1,3756.43,38965,67483,0.16301878724711802,0
2023-07-28 10:59:03,3748.0,148193,1,3756.43,38034,67211,0.16301878724711802,0
2023-07-28 10:59:03,3749.0,148193,1,3756.43,38034,67211,0.18974317859910497,0
2023-07-28 10:59:04,3749.0,148194,1,3756.43,39105,66759,0.18974317859910497,0
2023-07-28 10:59:04,3749.95,148194,2,3756.43,39108,66764,0.2151313503834877,0
2023-07-28 10:59:07,3748.4,148211,14,3756.43,38898,66991,0.17370854378791523,0
2023-07-28 10:59:07,3749.65,148211,3,3756.43,37885,67038,0.20711403297789893,0
2023-07-28 10:59:09,3749.65,148240,3,3756.43,37917,67047,0.20711403297789893,0
2023-07-28 10:59:09,3749.65,148240,3,3756.43,38898,67257,0.20711403297789893,0
2023-07-28 10:59:09,3749.65,148240,3,3756.43,38889,67257,0.20711403297789893,0
2023-07-28 10:59:09,3749.65,148240,3,3756.43,38878,67261,0.20711403297789893,0
2023-07-28 10:59:09,3749.65,148240,3,3756.43,38878,67261,0.20711403297789893,0
2023-07-28 10:59:09,3749.55,148240,4,3756.43,38878,67261,0.20444159384270266,0
2023-07-28 10:59:16,3749.55,148260,4,3756.43,38927,67239,0.20444159384270266,0
2023-07-28 10:59:16,3749.55,148260,4,3756.43,38924,67239,0.20444159384270266,0
2023-07-28 10:59:16,3748.45,148260,1,3756.43,38924,67239,0.17504476335550728,0
2023-07-28 10:59:18,3748.45,148261,1,3756.43,38956,67254,0.17504476335550728,0
2023-07-28 10:59:18,3748.45,148261,1,3756.43,38956,67254,0.17504476335550728,0
2023-07-28 10:59:18,3747.1,148261,10,3756.43,38956,67254,0.1389668350303273,0
2023-07-28 10:59:21,3747.1,148271,10,3756.43,38943,67254,0.1389668350303273,0
2023-07-28 10:59:21,3747.1,148271,10,3756.43,38943,67254,0.1389668350303273,0
2023-07-28 10:59:21,3747.1,148271,10,3756.43,39012,67067,0.1389668350303273,0
2023-07-28 10:59:21,3747.1,148271,10,3756.43,38990,67096,0.1389668350303273,0
2023-07-28 10:59:21,3747.1,148271,10,3756.43,38990,67096,0.1389668350303273,0
2023-07-28 10:59:21,3747.1,148271,10,3756.43,38938,67140,0.1389668350303273,0
2023-07-28 10:59:21,3747.1,148271,10,3756.43,38938,67140,0.1389668350303273,0
2023-07-28 10:59:21,3747.1,148271,10,3756.43,38938,67140,0.1389668350303273,0
2023-07-28 10:59:21,3747.1,148271,10,3756.43,38940,67140,0.1389668350303273,0
2023-07-28 10:59:21,3747.1,148271,10,3756.43,38912,67195,0.1389668350303273,0
2023-07-28 10:59:21,3747.1,148271,10,3756.43,38912,67195,0.1389668350303273,0
2023-07-28 10:59:21,3747.1,148271,1,3756.43,38927,67201,0.1389668350303273,0
2023-07-28 10:59:30,3747.1,148287,1,3756.42,39007,67079,0.1389668350303273,0
2023-07-28 10:59:30,3747.1,148287,1,3756.42,38978,67271,0.1389668350303273,0
2023-07-28 10:59:30,3747.05,148287,8,3756.42,38978,67271,0.13763061546273525,0
2023-07-28 10:59:33,3747.05,148296,8,3756.42,38561,67316,0.13763061546273525,0
2023-07-28 10:59:33,3747.65,148296,1,3756.42,38572,67526,0.153665250273925,0
2023-07-28 10:59:33,3745.3,148296,1,3756.42,38572,67526,0.09086293059675808,0
2023-07-28 10:59:36,3745.3,148317,1,3756.42,38502,67389,0.09086293059675808,0
2023-07-28 10:59:36,3745.3,148317,1,3756.42,37594,67368,0.09086293059675808,0
2023-07-28 10:59:36,3745.3,148317,1,3756.42,37445,67362,0.09086293059675808,0
2023-07-28 10:59:36,3745.3,148317,1,3756.42,38504,67392,0.09086293059675808,0
2023-07-28 10:59:44,3745.5,148319,2,3756.42,38762,67217,0.09620780886715062,0
2023-07-28 10:59:44,3745.5,148319,11,3756.42,38762,67217,0.09620780886715062,0
2023-07-28 10:59:45,3745.5,148330,11,3756.42,38632,67391,0.09620780886715062,0
2023-07-28 10:59:45,3745.0,148330,28,3756.42,38832,67433,0.08284561319115714,0
2023-07-28 10:59:47,3745.0,148430,28,3756.41,38685,67454,0.08284561319115714,0
2023-07-28 10:59:47,3745.0,148430,28,3756.41,37728,67274,0.08284561319115714,0
2023-07-28 10:59:47,3745.0,148430,28,3756.41,38744,67263,0.08284561319115714,0
2023-07-28 10:59:47,3745.0,148430,28,3756.41,38760,67454,0.08284561319115714,0
2023-07-28 10:59:47,3745.0,148430,28,3756.41,38764,67454,0.08284561319115714,0
2023-07-28 10:59:47,3745.0,148430,28,3756.41,38800,67244,0.08284561319115714,0
2023-07-28 10:59:47,3745.0,148430,28,3756.41,38763,67437,0.08284561319115714,0
2023-07-28 10:59:47,3745.0,148430,28,3756.41,37781,67452,0.08284561319115714,0
2023-07-28 10:59:47,3745.0,148430,28,3756.41,38795,67485,0.08284561319115714,0
2023-07-28 10:59:47,3745.0,148430,28,3756.41,38795,67485,0.08284561319115714,0
2023-07-28 10:59:47,3745.0,148430,28,3756.41,38873,67457,0.08284561319115714,0
2023-07-28 11:00:01,3746.95,148432,1,3756.41,38826,67469,0.13495817632752685,0
2023-07-28 11:00:01,3746.95,148432,1,3756.41,37821,67484,0.13495817632752685,0
2023-07-28 11:00:01,3746.95,148432,1,3756.41,38916,67299,0.13495817632752685,0
2023-07-28 11:00:01,3746.95,148432,1,3756.41,38814,67167,0.13495817632752685,0
2023-07-28 11:00:05,3746.35,148444,12,3756.41,38862,67208,0.1189235415163371,0
2023-07-28 11:00:05,3747.95,148445,1,3756.41,36886,67105,0.1616825676795138,0
2023-07-28 11:00:05,3747.95,148445,1,3756.41,38796,67105,0.1616825676795138,0
2023-07-28 11:00:07,3747.95,148446,1,3756.41,38855,67129,0.1616825676795138,0
2023-07-28 11:00:07,3747.95,148446,1,3756.41,37830,67151,0.1616825676795138,0
2023-07-28 11:00:07,3747.95,148446,1,3756.41,38796,67163,0.1616825676795138,0
2023-07-28 11:00:07,3747.95,148446,1,3756.41,38840,67151,0.1616825676795138,0
2023-07-28 11:00:07,3747.95,148446,1,3756.41,37871,67073,0.1616825676795138,0
2023-07-28 11:00:07,3747.85,148446,17,3756.41,37871,67073,0.15901012854431754,0
2023-07-28 11:00:13,3749.3,148464,1,3756.41,39043,67036,0.1977604960047059,0
2023-07-28 11:00:13,3749.3,148464,1,3756.41,38856,67044,0.1977604960047059,0
2023-07-28 11:00:13,3749.3,148464,1,3756.41,35827,67044,0.1977604960047059,0
2023-07-28 11:00:13,3749.3,148464,1,3756.41,37883,67284,0.1977604960047059,0
2023-07-28 11:00:13,3749.3,148464,1,3756.41,35867,67264,0.1977604960047059,0
2023-07-28 11:00:13,3749.3,148464,1,3756.41,38867,67242,0.1977604960047059,0
2023-07-28 11:00:13,3748.9,148464,1,3756.41,38752,67251,0.1870707394639087,0
2023-07-28 11:00:22,3748.9,148467,1,3756.41,37857,67294,0.1870707394639087,0
2023-07-28 11:00:22,3748.9,148467,1,3756.41,37860,67321,0.1870707394639087,0
2023-07-28 11:00:22,3748.9,148467,1,3756.41,36074,67016,0.1870707394639087,0
2023-07-28 11:00:22,3748.9,148467,1,3756.41,39047,66905,0.1870707394639087,0
2023-07-28 11:00:22,3748.9,148467,1,3756.41,39044,67145,0.1870707394639087,0
2023-07-28 11:00:22,3747.85,148467,5,3756.41,39054,67134,0.15901012854431754,0
2023-07-28 11:00:30,3747.85,148472,5,3756.41,39064,67115,0.15901012854431754,0
2023-07-28 11:00:30,3747.85,148472,5,3756.41,39064,67134,0.15901012854431754,0
2023-07-28 11:00:30,3748.55,148472,1,3756.41,39064,67134,0.1777172024907157,0
2023-07-28 11:00:34,3748.55,148473,1,3756.41,39046,67274,0.1777172024907157,0
2023-07-28 11:00:34,3748.55,148473,1,3756.41,39041,67267,0.1777172024907157,0
2023-07-28 11:00:34,3748.55,148473,1,3756.41,39054,67266,0.1777172024907157,0
2023-07-28 11:00:34,3747.85,148473,13,3756.41,39054,67266,0.15901012854431754,0
2023-07-28 11:00:40,3747.85,148564,13,3756.41,38912,67132,0.15901012854431754,0
2023-07-28 11:00:40,3747.85,148564,13,3756.41,38941,67149,0.15901012854431754,0
2023-07-28 11:00:40,3747.85,148564,13,3756.41,38953,67292,0.15901012854431754,0
2023-07-28 11:00:40,3747.85,148564,13,3756.41,39091,67112,0.15901012854431754,0
2023-07-28 11:00:40,3747.85,148564,13,3756.41,39096,67310,0.15901012854431754,0
2023-07-28 11:00:40,3747.85,148564,13,3756.41,39110,67290,0.15901012854431754,0
2023-07-28 11:00:40,3747.85,148564,13,3756.41,39141,67272,0.15901012854431754,0
2023-07-28 11:00:40,3747.85,148564,13,3756.41,39141,67289,0.15901012854431754,0
2023-07-28 11:00:48,3747.85,148570,3,3756.41,38508,67268,0.15901012854431754,0
2023-07-28 11:00:48,3747.85,148570,3,3756.41,38693,67187,0.15901012854431754,0
2023-07-28 11:00:48,3747.85,148570,3,3756.41,38648,67262,0.15901012854431754,0
2023-07-28 11:00:48,3747.85,148570,3,3756.41,38656,67221,0.15901012854431754,0
2023-07-28 11:00:48,3747.85,148570,3,3756.41,38710,67165,0.15901012854431754,0
2023-07-28 11:00:48,3747.95,148570,5,3756.41,38710,67165,0.1616825676795138,0
2023-07-28 11:00:53,3747.95,148575,5,3756.41,37681,67168,0.1616825676795138,0
2023-07-28 11:00:53,3747.95,148575,5,3756.41,38684,67252,0.1616825676795138,0
2023-07-28 11:00:53,3747.95,148575,5,3756.41,38646,67198,0.1616825676795138,0
2023-07-28 11:00:53,3747.95,148575,5,3756.41,38680,67219,0.1616825676795138,0
2023-07-28 11:00:53,3747.95,148575,5,3756.41,38681,67198,0.1616825676795138,0
2023-07-28 11:00:53,3747.95,148575,5,3756.41,37626,67263,0.1616825676795138,0
2023-07-28 11:00:53,3747.95,148575,5,3756.41,37679,67264,0.1616825676795138,0
2023-07-28 11:00:53,3747.95,148575,5,3756.41,37687,67305,0.1616825676795138,0
2023-07-28 11:00:53,3747.95,148575,5,3756.41,38659,67238,0.1616825676795138,0
2023-07-28 11:00:53,3747.95,148575,5,3756.41,37661,67433,0.1616825676795138,0
2023-07-28 11:00:53,3747.95,148575,5,3756.41,38730,67374,0.1616825676795138,0
2023-07-28 11:00:53,3747.95,148575,5,3756.41,37736,67162,0.1616825676795138,0
2023-07-28 11:00:53,3747.95,148575,5,3756.41,38697,67197,0.1616825676795138,0
2023-07-28 11:00:53,3747.95,148575,1,3756.41,38697,67197,0.1616825676795138,0
2023-07-28 11:01:07,3747.95,148576,1,3756.41,38621,67188,0.1616825676795138,0
2023-07-28 11:01:07,3747.95,148576,1,3756.41,38606,67227,0.1616825676795138,0
2023-07-28 11:01:07,3747.95,148576,1,3756.41,37664,67242,0.1616825676795138,0
2023-07-28 11:01:07,3747.95,148576,1,3756.41,37692,67404,0.1616825676795138,0
2023-07-28 11:01:07,3747.95,148576,1,3756.41,36682,67416,0.1616825676795138,0
2023-07-28 11:01:07,3747.95,148576,1,3756.41,36644,67300,0.1616825676795138,0
2023-07-28 11:01:07,3747.95,148576,1,3756.41,38599,67330,0.1616825676795138,0
2023-07-28 11:01:07,3746.0,148576,3,3756.41,38599,67330,0.1095700045431441,0
2023-07-28 11:01:15,3746.2,148585,30,3756.41,38683,67276,0.11491488281353662,0
2023-07-28 11:01:16,3747.95,148615,2,3756.4,36731,67364,0.1616825676795138,0
2023-07-28 11:01:17,3747.95,148617,2,3756.4,38811,67322,0.1616825676795138,0
2023-07-28 11:01:17,3747.95,148617,2,3756.4,38820,67321,0.1616825676795138,0
2023-07-28 11:01:17,3747.95,148617,2,3756.4,38798,67319,0.1616825676795138,0
2023-07-28 11:01:17,3747.95,148617,2,3756.4,38798,67326,0.1616825676795138,0
2023-07-28 11:01:17,3747.95,148617,2,3756.4,38798,67328,0.1616825676795138,0
2023-07-28 11:01:17,3747.95,148617,2,3756.4,38799,67343,0.1616825676795138,0
2023-07-28 11:01:17,3747.95,148617,2,3756.4,36799,67365,0.1616825676795138,0
2023-07-28 11:01:17,3747.95,148617,2,3756.4,36779,67368,0.1616825676795138,0
2023-07-28 11:01:17,3747.95,148617,2,3756.4,37779,67401,0.1616825676795138,0
2023-07-28 11:01:17,3747.95,148617,2,3756.4,38621,67205,0.1616825676795138,0
2023-07-28 11:01:17,3747.95,148617,2,3756.4,37633,67174,0.1616825676795138,0
2023-07-28 11:01:17,3747.95,148617,2,3756.4,38633,67373,0.1616825676795138,0
2023-07-28 11:01:17,3747.95,148617,2,3756.4,38610,67361,0.1616825676795138,0
2023-07-28 11:01:17,3747.95,148617,2,3756.4,38617,67350,0.1616825676795138,0
2023-07-28 11:01:17,3747.95,148617,2,3756.4,38617,67352,0.1616825676795138,0
2023-07-28 11:01:17,3747.95,148617,2,3756.4,37641,67349,0.1616825676795138,0
2023-07-28 11:01:17,3747.95,148617,2,3756.4,37630,67340,0.1616825676795138,0
2023-07-28 11:01:17,3747.95,148617,2,3756.4,36665,67334,0.1616825676795138,0
2023-07-28 11:01:17,3747.5,148617,1,3756.4,38681,67382,0.14965659157112454,0
2023-07-28 11:01:36,3747.95,148628,1,3756.4,37584,67463,0.1616825676795138,0
2023-07-28 11:01:37,3747.95,148629,1,3756.4,38669,67438,0.1616825676795138,0
2023-07-28 11:01:37,3746.1,148629,5,3756.4,38669,67438,0.11224244367834037,0
2023-07-28 11:01:39,3746.1,148634,5,3756.4,36680,67510,0.11224244367834037,0
2023-07-28 11:01:39,3746.1,148634,5,3756.4,37675,67310,0.11224244367834037,0
2023-07-28 11:01:39,3746.1,148634,5,3756.4,38655,67427,0.11224244367834037,0
2023-07-28 11:01:39,3746.1,148634,5,3756.4,38613,67515,0.11224244367834037,0
2023-07-28 11:01:39,3746.1,148634,5,3756.4,38613,67506,0.11224244367834037,0
2023-07-28 11:01:39,3746.1,148634,5,3756.4,38613,67501,0.11224244367834037,0
2023-07-28 11:01:39,3746.1,148634,5,3756.4,38614,67501,0.11224244367834037,0
2023-07-28 11:01:39,3746.1,148634,5,3756.4,38614,67501,0.11224244367834037,0
2023-07-28 11:01:39,3746.1,148634,17,3756.4,38612,67501,0.11224244367834037,0
2023-07-28 11:01:48,3746.1,148654,17,3756.4,38586,67506,0.11224244367834037,0
2023-07-28 11:01:48,3746.1,148654,17,3756.4,38586,67506,0.11224244367834037,0
2023-07-28 11:01:54,3746.0,148699,37,3756.4,38551,67530,0.1095700045431441,0
2023-07-28 11:01:54,3746.0,148699,37,3756.4,37518,67439,0.1095700045431441,0
2023-07-28 11:01:54,3746.0,148699,37,3756.4,38563,67378,0.1095700045431441,0
2023-07-28 11:01:54,3746.0,148699,37,3756.4,38552,67378,0.1095700045431441,0
2023-07-28 11:01:54,3746.0,148699,37,3756.4,38552,67378,0.1095700045431441,0
2023-07-28 11:01:54,3746.0,148699,37,3756.4,38547,67378,0.1095700045431441,0
2023-07-28 11:01:54,3746.0,148699,37,3756.4,38629,67464,0.1095700045431441,0
2023-07-28 11:01:54,3746.0,148699,37,3756.4,36650,67448,0.1095700045431441,0
2023-07-28 11:01:54,3746.0,148699,37,3756.4,37588,67254,0.1095700045431441,0
2023-07-28 11:01:54,3746.0,148699,37,3756.4,38593,67442,0.1095700045431441,0
2023-07-28 11:01:54,3746.0,148699,37,3756.4,36533,67451,0.1095700045431441,0
2023-07-28 11:01:54,3746.0,148699,37,3756.4,38533,67429,0.1095700045431441,0
2023-07-28 11:01:54,3746.0,148699,56,3756.4,37494,67421,0.1095700045431441,0
2023-07-28 11:02:07,3746.0,148759,56,3756.39,37465,67457,0.1095700045431441,0
2023-07-28 11:02:07,3746.0,148759,13,3756.39,37465,67457,0.1095700045431441,0
2023-07-28 11:02:09,3746.0,148940,13,3756.38,38290,67321,0.1095700045431441,0
2023-07-28 11:02:09,3746.0,148940,13,3756.38,38294,67512,0.1095700045431441,0
2023-07-28 11:02:09,3746.0,148940,13,3756.38,38294,67512,0.1095700045431441,0
2023-07-28 11:02:13,3746.0,148941,1,3756.38,38307,67520,0.1095700045431441,0
2023-07-28 11:02:13,3746.0,148941,1,3756.38,38304,67522,0.1095700045431441,0
2023-07-28 11:02:13,3746.0,148941,1,3756.38,38305,67522,0.1095700045431441,0
2023-07-28 11:02:17,3745.7,148942,1,3756.38,38305,67522,0.10155268713754315,0
2023-07-28 11:02:17,3745.7,148942,1,3756.38,38291,67525,0.10155268713754315,0
2023-07-28 11:02:17,3745.7,148942,1,3756.38,38406,67316,0.10155268713754315,0
2023-07-28 11:02:17,3745.7,148942,1,3756.38,38428,67323,0.10155268713754315,0
2023-07-28 11:02:17,3747.0,148942,1,3756.38,36455,67340,0.13629439589513107,0
2023-07-28 11:02:17,3747.0,148942,1,3756.38,36455,67340,0.13629439589513107,0
2023-07-28 11:02:22,3747.0,148943,1,3756.38,36443,67343,0.13629439589513107,0
2023-07-28 11:02:24,3746.0,148966,3,3756.38,35386,67111,0.1095700045431441,0
2023-07-28 11:02:24,3746.0,148966,3,3756.38,35386,67111,0.1095700045431441,0
2023-07-28 11:02:24,3746.0,148966,3,3756.38,38367,67209,0.1095700045431441,0
2023-07-28 11:02:24,3746.0,148966,3,3756.38,38365,67209,0.1095700045431441,0
2023-07-28 11:02:24,3746.0,148966,3,3756.38,38365,67209,0.1095700045431441,0
2023-07-28 11:02:24,3746.0,148966,3,3756.38,38365,67209,0.1095700045431441,0
2023-07-28 11:02:24,3746.0,148966,3,3756.38,38359,67153,0.1095700045431441,0
2023-07-28 11:02:24,3746.0,148966,3,3756.38,37353,67179,0.1095700045431441,0
2023-07-28 11:02:24,3745.65,148966,3,3756.38,37353,67179,0.10021646756995109,0
2023-07-28 11:02:29,3745.65,148975,3,3756.38,38243,67272,0.10021646756995109,0
2023-07-28 11:02:30,3745.55,148980,2,3756.38,36234,67184,0.09754402843475482,0
2023-07-28 11:02:30,3745.55,148980,2,3756.38,37243,67182,0.09754402843475482,0
2023-07-28 11:02:30,3745.55,148980,2,3756.38,37242,67183,0.09754402843475482,0
2023-07-28 11:02:34,3745.45,148986,1,3756.38,37229,67193,0.09487158929954641,0
2023-07-28 11:02:34,3745.45,148986,1,3756.38,38237,67199,0.09487158929954641,0
2023-07-28 11:02:34,3745.45,148986,1,3756.38,38237,67236,0.09487158929954641,0
2023-07-28 11:02:34,3745.45,148986,1,3756.38,38237,67237,0.09487158929954641,0
2023-07-28 11:02:34,3745.45,148986,1,3756.38,38237,67237,0.09487158929954641,0
2023-07-28 11:02:37,3745.45,148988,1,3756.38,38240,67256,0.09487158929954641,0
2023-07-28 11:02:38,3745.6,148989,1,3756.38,38240,67185,0.09888024800234688,0
2023-07-28 11:02:38,3745.45,148989,7,3756.38,38240,67185,0.09487158929954641,0
2023-07-28 11:02:39,3745.45,149000,7,3756.38,38203,67378,0.09487158929954641,0
2023-07-28 11:02:39,3745.45,149000,7,3756.38,38211,67349,0.09487158929954641,0
2023-07-28 11:02:39,3745.45,149000,7,3756.38,38215,67177,0.09487158929954641,0
2023-07-28 11:02:39,3745.45,149000,7,3756.38,38215,67218,0.09487158929954641,0
2023-07-28 11:02:44,3745.0,149026,1,3756.37,36127,67379,0.08284561319115714,0
2023-07-28 11:02:44,3745.0,149026,1,3756.37,36109,67379,0.08284561319115714,0
2023-07-28 11:02:44,3745.0,149026,1,3756.37,38232,67409,0.08284561319115714,0
2023-07-28 11:02:47,3746.45,149069,10,3756.37,38247,67386,0.12159598065153336,0
2023-07-28 11:02:48,3744.25,149076,3,3756.37,38360,67443,0.06280231967716692,0
2023-07-28 11:02:50,3746.35,149077,1,3756.37,38347,67421,0.1189235415163371,0
2023-07-28 11:02:50,3746.35,149077,1,3756.37,38339,67221,0.1189235415163371,0
2023-07-28 11:02:50,3746.35,149077,1,3756.37,38327,67283,0.1189235415163371,0
2023-07-28 11:02:50,3746.35,149077,1,3756.37,38356,67285,0.1189235415163371,0
2023-07-28 11:02:50,3746.35,149077,1,3756.37,38356,67295,0.1189235415163371,0
2023-07-28 11:02:50,3744.55,149077,4,3756.37,38356,67295,0.07081963708276787,0
2023-07-28 11:02:54,3744.55,149114,4,3756.37,37229,67476,0.07081963708276787,0
2023-07-28 11:02:54,3744.55,149114,4,3756.37,38177,67613,0.07081963708276787,0
2023-07-28 11:02:54,3744.55,149114,4,3756.37,38173,67647,0.07081963708276787,0
2023-07-28 11:02:54,3744.55,149114,4,3756.37,38184,67649,0.07081963708276787,0
2023-07-28 11:02:54,3744.55,149114,4,3756.37,38180,67647,0.07081963708276787,0
2023-07-28 11:02:54,3744.55,149114,4,3756.37,37180,67647,0.07081963708276787,0
2023-07-28 11:02:54,3744.55,149114,4,3756.37,38217,67659,0.07081963708276787,0
2023-07-28 11:02:54,3744.55,149114,4,3756.37,38413,67060,0.07081963708276787,0
2023-07-28 11:02:54,3744.55,149114,4,3756.37,38389,67065,0.07081963708276787,0
2023-07-28 11:02:54,3744.55,149114,4,3756.37,38356,67263,0.07081963708276787,0
2023-07-28 11:02:54,3744.55,149114,4,3756.37,38205,67080,0.07081963708276787,0
2023-07-28 11:02:54,3746.35,149114,1,3756.37,38206,67071,0.1189235415163371,0
2023-07-28 11:03:08,3746.35,149117,1,3756.37,38195,67074,0.1189235415163371,0
2023-07-28 11:03:08,3745.0,149117,3,3756.37,38195,67074,0.08284561319115714,0
2023-07-28 11:03:09,3745.0,149145,3,3756.37,38307,67224,0.08284561319115714,0
2023-07-28 11:03:09,3744.3,149145,1,3756.37,38307,67224,0.06413853924477113,0
2023-07-28 11:03:10,3744.3,149146,1,3756.37,38257,67256,0.06413853924477113,0
2023-07-28 11:03:10,3744.3,149146,1,3756.37,38270,67252,0.06413853924477113,0
2023-07-28 11:03:10,3744.25,149146,1,3756.37,38235,67255,0.06280231967716692,0
2023-07-28 11:03:14,3744.15,149148,1,3756.36,38180,67236,0.06012988054197065,0
2023-07-28 11:03:15,3744.15,149149,1,3756.36,38188,67151,0.06012988054197065,0
2023-07-28 11:03:16,3744.15,149150,1,3756.36,38189,67150,0.06012988054197065,0
2023-07-28 11:03:16,3744.15,149150,1,3756.36,38194,67240,0.06012988054197065,0
2023-07-28 11:03:16,3744.0,149150,3,3756.36,38176,67471,0.056121221839170184,0
2023-07-28 11:03:19,3744.0,149153,3,3756.36,38148,67468,0.056121221839170184,0
2023-07-28 11:03:19,3744.0,149153,3,3756.36,38145,67451,0.056121221839170184,0
2023-07-28 11:03:21,3744.0,149158,3,3756.36,38140,67451,0.056121221839170184,0
2023-07-28 11:03:21,3744.0,149158,3,3756.36,38117,67489,0.056121221839170184,0
2023-07-28 11:03:21,3743.55,149158,1,3756.36,38140,67479,0.04409524573078091,0
2023-07-28 11:03:25,3744.0,149222,8,3756.36,37829,67384,0.056121221839170184,0
2023-07-28 11:03:25,3744.0,149222,8,3756.36,35843,67403,0.056121221839170184,0
2023-07-28 11:03:27,3744.0,149261,39,3756.36,37836,67689,0.056121221839170184,0
2023-07-28 11:03:27,3744.0,149261,39,3756.36,37857,67318,0.056121221839170184,0
2023-07-28 11:03:27,3744.0,149261,39,3756.36,37874,67332,0.056121221839170184,0
2023-07-28 11:03:27,3744.0,149261,39,3756.36,37878,67334,0.056121221839170184,0
2023-07-28 11:03:27,3744.0,149261,39,3756.36,37893,67531,0.056121221839170184,0
2023-07-28 11:03:27,3744.0,149261,39,3756.36,37893,67517,0.056121221839170184,0
2023-07-28 11:03:27,3744.0,149261,39,3756.36,37893,67498,0.056121221839170184,0
2023-07-28 11:03:27,3744.0,149261,39,3756.36,37893,67506,0.056121221839170184,0
2023-07-28 11:03:27,3743.1,149261,66,3756.36,37893,67506,0.032069269622379486,0
2023-07-28 11:03:35,3743.1,149344,66,3756.35,37778,67458,0.032069269622379486,0
2023-07-28 11:03:35,3743.1,149344,66,3756.35,37768,67472,0.032069269622379486,0
2023-07-28 11:03:39,3743.1,149382,1,3756.34,37726,67488,0.032069269622379486,0
2023-07-28 11:03:39,3743.1,149382,1,3756.34,37740,67488,0.032069269622379486,0
2023-07-28 11:03:42,3743.1,149386,4,3756.34,37760,67503,0.032069269622379486,0
2023-07-28 11:03:43,3743.95,149393,7,3756.34,37768,67456,0.05478500227156597,0
2023-07-28 11:03:43,3743.95,149393,7,3756.34,37770,67466,0.05478500227156597,0
2023-07-28 11:03:46,3743.1,149401,2,3756.34,37765,67465,0.032069269622379486,0
2023-07-28 11:03:46,3743.1,149401,2,3756.34,37765,67465,0.032069269622379486,0
2023-07-28 11:03:46,3743.1,149401,1,3756.34,37765,67465,0.032069269622379486,0
2023-07-28 11:03:49,3744.0,149404,2,3756.34,37783,67468,0.056121221839170184,0
2023-07-28 11:03:49,3743.55,149405,1,3756.34,37747,67443,0.04409524573078091,0
2023-07-28 11:03:49,3743.55,149405,1,3756.34,37948,67377,0.04409524573078091,0
2023-07-28 11:03:49,3742.5,149405,3,3756.34,37948,67377,0.016034634811189743,0
2023-07-28 11:03:51,3742.5,149460,3,3756.34,35003,67817,0.016034634811189743,0
2023-07-28 11:03:51,3742.5,149460,3,3756.34,36687,67524,0.016034634811189743,0
2023-07-28 11:03:54,3741.95,149499,2,3756.33,37817,67703,0.0013362195675920563,0
2023-07-28 11:03:54,3741.95,149499,2,3756.33,37808,67667,0.0013362195675920563,0
2023-07-28 11:03:54,3741.5,149499,25,3756.33,37808,67667,-0.010689756540797214,0
2023-07-28 11:03:55,3741.5,149524,25,3756.33,37635,67491,-0.010689756540797214,0
2023-07-28 11:03:55,3741.5,149524,25,3756.33,37635,67636,-0.010689756540797214,0
2023-07-28 11:03:55,3741.5,149524,25,3756.33,36630,67374,-0.010689756540797214,0
2023-07-28 11:03:55,3741.95,149524,14,3756.33,36630,67374,0.0013362195675920563,0
2023-07-28 11:03:58,3742.0,149551,4,3756.33,35800,67324,0.002672439135196265,0
2023-07-28 11:03:58,3742.0,149551,4,3756.33,37774,67152,0.002672439135196265,0
2023-07-28 11:03:58,3742.0,149551,4,3756.33,37795,67313,0.002672439135196265,0
2023-07-28 11:03:58,3742.0,149551,4,3756.33,37818,67313,0.002672439135196265,0
2023-07-28 11:03:58,3742.0,149551,4,3756.33,37819,67327,0.002672439135196265,0
2023-07-28 11:03:58,3742.0,149551,1,3756.33,37819,67327,0.002672439135196265,0
2023-07-28 11:04:04,3742.9,149557,5,3756.33,37993,67302,0.026724391351986957,0
2023-07-28 11:04:05,3742.05,149561,4,3756.33,37998,67234,0.004008658702800474,0
2023-07-28 11:04:05,3742.05,149561,4,3756.33,38011,67322,0.004008658702800474,0
2023-07-28 11:04:07,3742.05,149562,1,3756.33,35999,67337,0.004008658702800474,0
2023-07-28 11:04:07,3742.0,149562,33,3756.33,36024,67319,0.002672439135196265,0
2023-07-28 11:04:09,3742.0,149595,33,3756.33,37988,67134,0.002672439135196265,0
2023-07-28 11:04:09,3742.0,149595,33,3756.33,38002,67286,0.002672439135196265,0
2023-07-28 11:04:09,3742.0,149595,33,3756.33,38002,67286,0.002672439135196265,0
2023-07-28 11:04:09,3742.0,149595,33,3756.33,37989,67286,0.002672439135196265,0
2023-07-28 11:04:09,3742.0,149595,33,3756.33,38191,67310,0.002672439135196265,0
2023-07-28 11:04:09,3742.0,149595,33,3756.33,38169,67142,0.002672439135196265,0
2023-07-28 11:04:09,3742.0,149595,33,3756.33,38155,67328,0.002672439135196265,0
2023-07-28 11:04:09,3742.0,149595,33,3756.33,38155,67328,0.002672439135196265,0
2023-07-28 11:04:09,3742.0,149595,33,3756.33,38149,67320,0.002672439135196265,0
2023-07-28 11:04:09,3742.0,149595,33,3756.33,37145,67292,0.002672439135196265,0
2023-07-28 11:04:09,3742.0,149595,33,3756.33,36145,67128,0.002672439135196265,0
2023-07-28 11:04:09,3742.5,149595,5,3756.33,36145,67128,0.016034634811189743,0
2023-07-28 11:04:21,3742.5,149603,5,3756.32,38141,67379,0.016034634811189743,0
2023-07-28 11:04:21,3742.95,149603,1,3756.32,38141,67379,0.028060610919579013,0
2023-07-28 11:04:24,3742.5,149606,2,3756.32,38066,67373,0.016034634811189743,0
2023-07-28 11:04:24,3742.5,149606,2,3756.32,38071,67355,0.016034634811189743,0
2023-07-28 11:04:26,3742.0,149614,8,3756.32,38063,67359,0.002672439135196265,0
2023-07-28 11:04:26,3742.0,149614,8,3756.32,38063,67347,0.002672439135196265,0
2023-07-28 11:04:29,3742.0,149650,36,3756.32,38048,67416,0.002672439135196265,0
2023-07-28 11:04:29,3742.0,149650,36,3756.32,38027,67365,0.002672439135196265,0
2023-07-28 11:04:29,3742.0,149650,36,3756.32,38046,67377,0.002672439135196265,0
2023-07-28 11:04:34,3742.9,149670,12,3756.32,38046,67365,0.026724391351986957,0
2023-07-28 11:04:34,3742.9,149670,12,3756.32,38023,67342,0.026724391351986957,0
2023-07-28 11:04:34,3742.9,149670,12,3756.32,38010,67356,0.026724391351986957,0
2023-07-28 11:04:34,3742.95,149670,1,3756.32,38010,67360,0.028060610919579013,0
2023-07-28 11:04:37,3742.95,149671,1,3756.32,38009,67366,0.028060610919579013,0
2023-07-28 11:04:37,3742.0,149671,38,3756.32,38009,67366,0.002672439135196265,0
2023-07-28 11:04:39,3742.0,149709,38,3756.31,37979,67342,0.002672439135196265,0
2023-07-28 11:04:39,3742.0,149709,38,3756.31,37966,67363,0.002672439135196265,0
2023-07-28 11:04:39,3742.0,149709,38,3756.31,37966,67363,0.002672439135196265,0
2023-07-28 11:04:39,3742.0,149709,38,3756.31,37966,67387,0.002672439135196265,0
2023-07-28 11:04:39,3742.95,149709,1,3756.31,37966,67387,0.028060610919579013,0
2023-07-28 11:04:43,3742.95,149710,1,3756.31,37966,67332,0.028060610919579013,0
2023-07-28 11:04:43,3742.95,149710,1,3756.31,37988,67305,0.028060610919579013,0
2023-07-28 11:04:43,3742.95,149710,1,3756.31,37988,67141,0.028060610919579013,0
2023-07-28 11:04:43,3742.95,149710,1,3756.31,37988,67142,0.028060610919579013,0
2023-07-28 11:04:49,3743.0,149756,21,3756.31,38028,67188,0.029396830487183223,0
2023-07-28 11:04:49,3743.0,149756,1,3756.31,38028,67188,0.029396830487183223,0
2023-07-28 11:04:49,3743.0,149757,1,3756.31,38029,67196,0.029396830487183223,0
2023-07-28 11:04:49,3743.0,149757,1,3756.31,38014,67024,0.029396830487183223,0
2023-07-28 11:04:49,3743.0,149757,1,3756.31,36985,67045,0.029396830487183223,0
2023-07-28 11:04:52,3743.0,149760,1,3756.31,37783,67292,0.029396830487183223,0
2023-07-28 11:04:54,3742.5,149830,70,3756.3,36715,67289,0.016034634811189743,0
2023-07-28 11:04:54,3742.5,149842,7,3756.3,37742,67251,0.016034634811189743,0
2023-07-28 11:04:54,3742.5,149842,7,3756.3,37719,67090,0.016034634811189743,0
2023-07-28 11:04:54,3742.5,149842,40,3756.3,37719,67090,0.016034634811189743,0
2023-07-28 11:04:56,3743.75,149892,4,3756.3,37680,67411,0.04944012400117344,0
2023-07-28 11:04:57,3743.75,149896,4,3756.3,37742,67091,0.04944012400117344,0
2023-07-28 11:04:57,3743.75,149896,4,3756.3,37695,67107,0.04944012400117344,0
2023-07-28 11:04:57,3743.75,149896,4,3756.3,37710,67061,0.04944012400117344,0
2023-07-28 11:04:57,3743.75,149896,4,3756.3,37667,67277,0.04944012400117344,0
2023-07-28 11:04:57,3743.95,149896,3,3756.3,37667,67277,0.05478500227156597,0
2023-07-28 11:05:01,3743.95,149908,3,3756.3,37620,67342,0.05478500227156597,0
2023-07-28 11:05:01,3743.9,149908,1,3756.3,37620,67342,0.053448782703973914,0
2023-07-28 11:05:02,3743.9,149909,1,3756.3,37653,67341,0.053448782703973914,0
2023-07-28 11:05:02,3743.95,149909,1,3756.3,37653,67341,0.05478500227156597,0
2023-07-28 11:05:03,3743.95,149910,1,3756.3,37640,67285,0.05478500227156597,0
2023-07-28 11:05:05,3742.6,149912,1,3756.3,37741,67321,0.01870707394638601,0
2023-07-28 11:05:05,3742.6,149912,1,3756.3,37754,67321,0.01870707394638601,0
2023-07-28 11:05:05,3742.6,149912,1,3756.3,37767,67321,0.01870707394638601,0
2023-07-28 11:05:05,3742.6,149912,1,3756.3,37775,67149,0.01870707394638601,0
2023-07-28 11:05:08,3741.5,150221,5,3756.27,36103,67533,-0.010689756540797214,0
2023-07-28 11:05:09,3741.35,150232,5,3756.27,37130,67462,-0.014698415243597688,0
2023-07-28 11:05:09,3741.35,150232,5,3756.27,37130,67462,-0.014698415243597688,0
2023-07-28 11:05:09,3741.35,150232,5,3756.27,37130,67463,-0.014698415243597688,0
2023-07-28 11:05:12,3741.35,150262,30,3756.26,37101,67465,-0.014698415243597688,0
2023-07-28 11:05:12,3741.35,150262,30,3756.26,37101,67652,-0.014698415243597688,0
2023-07-28 11:05:12,3740.1,150262,5,3756.26,37101,67652,-0.04810390443358138,0
2023-07-28 11:05:13,3740.0,150522,3,3756.24,36745,67531,-0.05077634356877765,0
2023-07-28 11:05:14,3740.0,150762,5,3756.21,36572,67446,-0.05077634356877765,0
2023-07-28 11:05:14,3740.0,150762,5,3756.21,36593,67475,-0.05077634356877765,0
2023-07-28 11:05:17,3740.0,150792,8,3756.21,36568,67617,-0.05077634356877765,0
2023-07-28 11:05:17,3740.0,150792,1,3756.21,36545,67620,-0.05077634356877765,0
2023-07-28 11:05:18,3740.0,150842,1,3756.2,36515,67596,-0.05077634356877765,0
2023-07-28 11:05:18,3740.0,150842,1,3756.2,36515,67596,-0.05077634356877765,0
2023-07-28 11:05:19,3740.0,150843,1,3756.2,36543,67575,-0.05077634356877765,0
2023-07-28 11:05:19,3740.0,150843,1,3756.2,36543,67572,-0.05077634356877765,0
2023-07-28 11:05:22,3741.6,150863,6,3756.2,36553,67442,-0.008017317405600948,0
2023-07-28 11:05:22,3741.6,150863,6,3756.2,36553,67445,-0.008017317405600948,0
2023-07-28 11:05:22,3741.6,150863,6,3756.2,36553,67445,-0.008017317405600948,0
2023-07-28 11:05:24,3740.0,150873,1,3756.2,36543,67499,-0.05077634356877765,0
2023-07-28 11:05:24,3741.6,150873,5,3756.2,36543,67499,-0.008017317405600948,0
2023-07-28 11:05:25,3740.0,150955,40,3756.19,36461,67548,-0.05077634356877765,0
2023-07-28 11:05:25,3741.75,150955,42,3756.19,36461,67548,-0.004008658702800474,0
2023-07-28 11:05:25,3741.75,151055,42,3756.18,36487,67532,-0.004008658702800474,0
2023-07-28 11:05:25,3741.75,151055,42,3756.18,36487,67532,-0.004008658702800474,0
2023-07-28 11:05:25,3741.9,151055,5,3756.18,36507,67517,0.0,0
2023-07-28 11:05:28,3740.1,151065,5,3756.18,36507,67487,-0.04810390443358138,0
2023-07-28 11:05:28,3740.1,151065,5,3756.18,36527,67487,-0.04810390443358138,0
2023-07-28 11:05:28,3740.1,151065,5,3756.18,36527,67469,-0.04810390443358138,0
2023-07-28 11:05:31,3740.1,151075,2,3756.18,36456,67463,-0.04810390443358138,0
2023-07-28 11:05:31,3740.1,151075,2,3756.18,36456,67473,-0.04810390443358138,0
2023-07-28 11:05:31,3740.1,151075,2,3756.18,36502,67475,-0.04810390443358138,0
2023-07-28 11:05:31,3740.1,151075,2,3756.18,36531,67418,-0.04810390443358138,0
2023-07-28 11:05:31,3740.9,151075,1,3756.18,36531,67418,-0.026724391351986957,0
2023-07-28 11:05:35,3740.9,151078,1,3756.18,36422,67349,-0.026724391351986957,0
2023-07-28 11:05:35,3740.9,151078,1,3756.18,36416,67506,-0.026724391351986957,0
2023-07-28 11:05:35,3740.9,151078,1,3756.18,36416,67519,-0.026724391351986957,0
2023-07-28 11:05:39,3740.0,151119,3,3756.17,36390,67371,-0.05077634356877765,0
2023-07-28 11:05:39,3740.0,151119,3,3756.17,36402,67359,-0.05077634356877765,0
2023-07-28 11:05:39,3740.0,151119,3,3756.17,36405,67546,-0.05077634356877765,0
2023-07-28 11:05:39,3740.0,151119,3,3756.17,36498,67310,-0.05077634356877765,0
2023-07-28 11:05:39,3740.0,151119,3,3756.17,36498,67295,-0.05077634356877765,0
2023-07-28 11:05:39,3740.0,151119,3,3756.17,36498,67298,-0.05077634356877765,0
2023-07-28 11:05:45,3741.65,151129,10,3756.17,36512,67263,-0.006681097837996739,0
2023-07-28 11:05:45,3741.65,151129,10,3756.17,36512,67263,-0.006681097837996739,0
2023-07-28 11:05:45,3741.65,151129,10,3756.17,36499,67283,-0.006681097837996739,0
2023-07-28 11:05:47,3740.1,151134,3,3756.17,36494,67286,-0.04810390443358138,0
2023-07-28 11:05:48,3741.6,151139,5,3756.17,36501,67467,-0.008017317405600948,0
2023-07-28 11:05:48,3741.6,151139,5,3756.17,36499,67229,-0.008017317405600948,0
2023-07-28 11:05:48,3741.6,151139,5,3756.17,36499,67434,-0.008017317405600948,0
2023-07-28 11:05:48,3741.6,151139,5,3756.17,36479,67233,-0.008017317405600948,0
2023-07-28 11:05:53,3741.0,151140,1,3756.17,36502,66794,-0.02405195221679069,0
2023-07-28 11:05:53,3741.0,151140,1,3756.17,36502,67501,-0.02405195221679069,0
2023-07-28 11:05:53,3740.1,151140,15,3756.17,36502,67501,-0.04810390443358138,0
2023-07-28 11:05:54,3740.1,151177,15,3756.17,36515,67525,-0.04810390443358138,0
2023-07-28 11:05:56,3741.0,151187,10,3756.17,36515,67515,-0.02405195221679069,0
2023-07-28 11:05:56,3741.0,151187,10,3756.17,36518,67530,-0.02405195221679069,0
2023-07-28 11:05:56,3741.0,151187,10,3756.17,36518,67516,-0.02405195221679069,0
2023-07-28 11:05:56,3740.9,151187,1,3756.17,36520,67516,-0.026724391351986957,0
2023-07-28 11:06:00,3740.9,151188,1,3756.17,36538,67498,-0.026724391351986957,0
2023-07-28 11:06:02,3740.1,151194,6,3756.17,36532,67500,-0.04810390443358138,0
2023-07-28 11:06:02,3740.1,151194,6,3756.17,36568,67502,-0.04810390443358138,0
2023-07-28 11:06:02,3740.1,151194,6,3756.17,36573,67469,-0.04810390443358138,0
2023-07-28 11:06:02,3740.9,151194,1,3756.17,36573,67292,-0.026724391351986957,0
2023-07-28 11:06:07,3740.9,151197,1,3756.17,36458,67189,-0.026724391351986957,0
2023-07-28 11:06:09,3740.1,151235,38,3756.16,35389,67386,-0.04810390443358138,0
2023-07-28 11:06:09,3740.1,151235,38,3756.16,36390,67409,-0.04810390443358138,0
2023-07-28 11:06:09,3740.1,151235,38,3756.16,36390,67427,-0.04810390443358138,0
2023-07-28 11:06:09,3740.1,151235,38,3756.16,36390,67415,-0.04810390443358138,0
2023-07-28 11:06:09,3740.1,151235,38,3756.16,36407,67370,-0.04810390443358138,0
2023-07-28 11:06:09,3740.1,151235,38,3756.16,36409,67365,-0.04810390443358138,0
2023-07-28 11:06:09,3740.1,151235,38,3756.16,36435,67331,-0.04810390443358138,0
2023-07-28 11:06:16,3740.1,151236,1,3756.16,36392,67357,-0.04810390443358138,0
2023-07-28 11:06:16,3740.1,151236,1,3756.16,36386,67381,-0.04810390443358138,0
2023-07-28 11:06:16,3740.1,151236,1,3756.16,36358,67384,-0.04810390443358138,0
2023-07-28 11:06:16,3740.1,151236,1,3756.16,36356,67405,-0.04810390443358138,0
2023-07-28 11:06:16,3740.1,151236,1,3756.16,36365,67602,-0.04810390443358138,0
2023-07-28 11:06:20,3740.9,151237,3,3756.16,36646,67623,-0.026724391351986957,0
2023-07-28 11:06:21,3740.9,151240,3,3756.16,36650,67620,-0.026724391351986957,0
2023-07-28 11:06:21,3740.1,151240,2,3756.16,36650,67620,-0.04810390443358138,0
2023-07-28 11:06:22,3740.1,151242,2,3756.16,36665,67592,-0.04810390443358138,0
2023-07-28 11:06:24,3740.1,151279,37,3756.16,36637,67597,-0.04810390443358138,0
2023-07-28 11:06:24,3740.1,151281,1,3756.16,36680,67488,-0.04810390443358138,0
2023-07-28 11:06:24,3740.1,151281,1,3756.16,36670,67493,-0.04810390443358138,0
2023-07-28 11:06:24,3740.1,151281,1,3756.16,36670,67501,-0.04810390443358138,0
2023-07-28 11:06:24,3740.1,151281,1,3756.16,36661,67503,-0.04810390443358138,0
2023-07-28 11:06:30,3740.9,151284,3,3756.16,36730,67650,-0.026724391351986957,0
2023-07-28 11:06:30,3740.9,151284,3,3756.16,36730,67650,-0.026724391351986957,0
2023-07-28 11:06:30,3740.9,151284,3,3756.16,36736,67650,-0.026724391351986957,0
2023-07-28 11:06:30,3740.9,151284,3,3756.16,36741,67641,-0.026724391351986957,0
2023-07-28 11:06:30,3740.9,151284,3,3756.16,36739,67582,-0.026724391351986957,0
2023-07-28 11:06:34,3740.9,151334,47,3756.15,36677,67348,-0.026724391351986957,0
2023-07-28 11:06:34,3740.9,151334,47,3756.15,36672,67370,-0.026724391351986957,0
2023-07-28 11:06:34,3740.9,151334,47,3756.15,36670,67374,-0.026724391351986957,0
2023-07-28 11:06:34,3740.9,151334,47,3756.15,36670,67372,-0.026724391351986957,0
2023-07-28 11:06:34,3740.9,151334,47,3756.15,36685,67368,-0.026724391351986957,0
2023-07-28 11:06:34,3740.1,151334,10,3756.15,36685,67360,-0.04810390443358138,0
2023-07-28 11:06:39,3740.1,151349,10,3756.15,36666,67420,-0.04810390443358138,0
2023-07-28 11:06:39,3740.1,151349,10,3756.15,35636,67322,-0.04810390443358138,0
2023-07-28 11:06:39,3740.1,151349,10,3756.15,36636,67367,-0.04810390443358138,0
2023-07-28 11:06:39,3740.1,151349,10,3756.15,36622,67377,-0.04810390443358138,0
2023-07-28 11:06:39,3740.0,151349,3,3756.15,36622,67377,-0.05077634356877765,0
2023-07-28 11:06:44,3740.0,151372,3,3756.15,36582,67383,-0.05077634356877765,0
2023-07-28 11:06:44,3740.0,151372,3,3756.15,36641,67388,-0.05077634356877765,0
2023-07-28 11:06:44,3740.0,151372,3,3756.15,36680,67571,-0.05077634356877765,0
2023-07-28 11:06:44,3740.0,151372,3,3756.15,36703,67380,-0.05077634356877765,0
2023-07-28 11:06:44,3740.0,151372,3,3756.15,36708,67362,-0.05077634356877765,0
2023-07-28 11:06:44,3740.0,151372,3,3756.15,36657,67526,-0.05077634356877765,0
2023-07-28 11:06:44,3740.0,151372,3,3756.15,36657,67529,-0.05077634356877765,0
2023-07-28 11:06:44,3740.25,151372,1,3756.15,36657,67529,-0.04409524573078091,0
2023-07-28 11:06:50,3740.25,151373,1,3756.15,36630,67608,-0.04409524573078091,0
2023-07-28 11:06:50,3740.0,151373,4,3756.15,36630,67608,-0.05077634356877765,0
2023-07-28 11:06:51,3740.0,151423,4,3756.14,36629,67672,-0.05077634356877765,0
2023-07-28 11:06:51,3740.0,151423,4,3756.14,36631,67662,-0.05077634356877765,0
2023-07-28 11:06:51,3740.0,151423,31,3756.14,36631,67651,-0.05077634356877765,0
2023-07-28 11:06:54,3740.0,151460,31,3756.14,36613,67633,-0.05077634356877765,0
2023-07-28 11:06:54,3740.0,151460,31,3756.14,36613,67637,-0.05077634356877765,0
2023-07-28 11:06:57,3740.0,151498,2,3756.13,34375,67682,-0.05077634356877765,0
2023-07-28 11:06:57,3740.0,151498,2,3756.13,34375,67682,-0.05077634356877765,0
2023-07-28 11:06:58,3738.0,151646,1,3756.12,36095,67732,-0.10422512627275157,0
2023-07-28 11:06:59,3738.0,151708,1,3756.11,35826,67172,-0.10422512627275157,0
2023-07-28 11:07:00,3738.0,151713,5,3756.11,36363,67640,-0.10422512627275157,0
2023-07-28 11:07:00,3738.05,151713,35,3756.11,36371,67656,-0.10288890670514736,0
2023-07-28 11:07:04,3738.05,151882,35,3756.09,36509,67483,-0.10288890670514736,0
2023-07-28 11:07:04,3738.05,151882,35,3756.09,36509,67484,-0.10288890670514736,0
2023-07-28 11:07:04,3738.05,151882,35,3756.09,36509,67501,-0.10288890670514736,0
2023-07-28 11:07:04,3739.0,151882,1,3756.09,36509,67501,-0.0775007349207646,0
2023-07-28 11:07:07,3739.0,151883,1,3756.09,35498,67498,-0.0775007349207646,0
2023-07-28 11:07:07,3739.0,151883,1,3756.09,35498,67505,-0.0775007349207646,0
2023-07-28 11:07:07,3739.0,151883,1,3756.09,36502,67514,-0.0775007349207646,0
2023-07-28 11:07:12,3739.75,151912,13,3756.08,36502,67673,-0.05745744140677439,0
2023-07-28 11:07:12,3739.75,151912,13,3756.08,36612,67444,-0.05745744140677439,0
2023-07-28 11:07:12,3739.75,151912,13,3756.08,36613,67465,-0.05745744140677439,0
2023-07-28 11:07:12,3739.75,151912,13,3756.08,36617,67467,-0.05745744140677439,0
2023-07-28 11:07:12,3739.75,151912,13,3756.08,36616,67464,-0.05745744140677439,0
2023-07-28 11:07:12,3739.75,151912,13,3756.08,36591,67506,-0.05745744140677439,0
2023-07-28 11:07:12,3739.75,151912,13,3756.08,36476,67487,-0.05745744140677439,0
2023-07-28 11:07:19,3738.05,151948,4,3756.08,36411,67507,-0.10288890670514736,0
2023-07-28 11:07:19,3738.05,151948,4,3756.08,36406,67204,-0.10288890670514736,0
2023-07-28 11:07:23,3738.0,151968,10,3756.08,36402,67236,-0.10422512627275157,0
2023-07-28 11:07:23,3737.9,151968,4,3756.08,36402,67236,-0.10689756540794783,0
2023-07-28 11:07:24,3737.9,151982,4,3756.08,34373,67414,-0.10689756540794783,0
2023-07-28 11:07:24,3737.9,151982,4,3756.08,36443,67400,-0.10689756540794783,0
2023-07-28 11:07:26,3737.0,152031,4,3756.07,36485,67336,-0.13094951762473853,0
2023-07-28 11:07:26,3737.0,152031,4,3756.07,36516,67344,-0.13094951762473853,0
2023-07-28 11:07:26,3737.0,152031,4,3756.07,36543,67340,-0.13094951762473853,0
2023-07-28 11:07:29,3737.0,152050,19,3756.07,36599,67317,-0.13094951762473853,0
2023-07-28 11:07:29,3737.0,152050,19,3756.07,36598,67181,-0.13094951762473853,0
2023-07-28 11:07:29,3737.0,152050,12,3756.07,36598,67179,-0.13094951762473853,0
2023-07-28 11:07:29,3739.05,152050,2,3756.07,36598,67179,-0.0761645153531604,0
2023-07-28 11:07:32,3739.05,152064,2,3756.07,36571,67201,-0.0761645153531604,0
2023-07-28 11:07:32,3739.05,152064,2,3756.07,36571,67227,-0.0761645153531604,0
2023-07-28 11:07:32,3739.05,152064,2,3756.07,36588,67177,-0.0761645153531604,0
2023-07-28 11:07:32,3737.0,152064,8,3756.07,36588,67177,-0.13094951762473853,0
2023-07-28 11:07:35,3739.1,152166,2,3756.05,36535,67244,-0.07482829578556835,0
2023-07-28 11:07:35,3739.1,152166,2,3756.05,36573,67203,-0.07482829578556835,0
2023-07-28 11:07:35,3739.1,152166,2,3756.05,36605,67183,-0.07482829578556835,0
2023-07-28 11:07:35,3737.15,152166,14,3756.05,36605,67183,-0.12694085892193804,0
2023-07-28 11:07:39,3737.15,152202,14,3756.05,36570,67303,-0.12694085892193804,0
2023-07-28 11:07:39,3737.15,152202,14,3756.05,36575,67307,-0.12694085892193804,0
2023-07-28 11:07:39,3737.15,152202,14,3756.05,36575,67307,-0.12694085892193804,0
2023-07-28 11:07:39,3737.15,152202,14,3756.05,36633,67269,-0.12694085892193804,0
2023-07-28 11:07:43,3737.2,152203,1,3756.05,36633,67256,-0.125604639354346,0
2023-07-28 11:07:43,3739.1,152203,1,3756.05,36633,67256,-0.07482829578556835,0
2023-07-28 11:07:45,3739.1,152205,1,3756.05,36650,67260,-0.07482829578556835,0
2023-07-28 11:07:45,3739.1,152205,1,3756.05,36651,67264,-0.07482829578556835,0
2023-07-28 11:07:45,3739.1,152205,1,3756.05,36648,67249,-0.07482829578556835,0
2023-07-28 11:07:45,3739.1,152205,1,3756.05,36649,67280,-0.07482829578556835,0
2023-07-28 11:07:45,3737.35,152205,2,3756.05,36602,67269,-0.12159598065154552,0
2023-07-28 11:07:49,3737.35,152210,2,3756.05,37099,67296,-0.12159598065154552,0
2023-07-28 11:07:49,3739.0,152210,14,3756.05,37099,67296,-0.0775007349207646,0
2023-07-28 11:07:50,3739.0,152224,14,3756.05,37099,67292,-0.0775007349207646,0
2023-07-28 11:07:50,3739.0,152224,14,3756.05,37099,67308,-0.0775007349207646,0
2023-07-28 11:07:50,3739.0,152224,14,3756.05,37099,67310,-0.0775007349207646,0
2023-07-28 11:07:50,3737.35,152224,5,3756.05,37099,67310,-0.12159598065154552,0
2023-07-28 11:07:54,3738.95,152267,1,3756.04,37175,67298,-0.07883695448836882,0
2023-07-28 11:07:54,3738.95,152267,1,3756.04,37165,67298,-0.07883695448836882,0
2023-07-28 11:07:54,3738.95,152267,1,3756.04,35983,67581,-0.07883695448836882,0
2023-07-28 11:07:54,3738.95,152267,1,3756.04,37114,67318,-0.07883695448836882,0
2023-07-28 11:07:54,3737.05,152267,10,3756.04,37114,67318,-0.1296132980571343,0
2023-07-28 11:07:57,3737.05,152312,10,3756.04,37130,67367,-0.1296132980571343,0
2023-07-28 11:07:59,3737.0,152325,11,3756.03,36131,67374,-0.13094951762473853,0
2023-07-28 11:07:59,3737.0,152325,11,3756.03,36143,67363,-0.13094951762473853,0
2023-07-28 11:07:59,3737.0,152325,11,3756.03,37143,67363,-0.13094951762473853,0
2023-07-28 11:07:59,3737.0,152325,11,3756.03,36143,67359,-0.13094951762473853,0
2023-07-28 11:07:59,3737.0,152325,11,3756.03,36143,67359,-0.13094951762473853,0
2023-07-28 11:07:59,3737.0,152325,11,3756.03,36141,67344,-0.13094951762473853,0
2023-07-28 11:07:59,3737.0,152325,11,3756.03,36141,67347,-0.13094951762473853,0
2023-07-28 11:07:59,3737.0,152325,11,3756.03,36141,67337,-0.13094951762473853,0
2023-07-28 11:08:08,3738.0,152326,1,3756.03,37148,67291,-0.10422512627275157,0
2023-07-28 11:08:08,3738.0,152326,1,3756.03,37207,67281,-0.10422512627275157,0
2023-07-28 11:08:08,3737.0,152326,24,3756.03,37207,67281,-0.13094951762473853,0
2023-07-28 11:08:09,3737.0,152364,24,3756.03,37119,67391,-0.13094951762473853,0
2023-07-28 11:08:09,3737.0,152364,24,3756.03,37119,67395,-0.13094951762473853,0
2023-07-28 11:08:09,3737.0,152364,24,3756.03,37145,67396,-0.13094951762473853,0
2023-07-28 11:08:09,3737.0,152364,24,3756.03,37192,67330,-0.13094951762473853,0
2023-07-28 11:08:09,3737.0,152364,24,3756.03,37192,67328,-0.13094951762473853,0
2023-07-28 11:08:14,3736.05,152667,17,3755.99,34932,67462,-0.15633768940912127,0
2023-07-28 11:08:14,3736.05,152667,17,3755.99,36932,67463,-0.15633768940912127,0
2023-07-28 11:08:14,3736.05,152667,17,3755.99,37012,67405,-0.15633768940912127,0
2023-07-28 11:08:14,3736.05,152667,17,3755.99,37074,67399,-0.15633768940912127,0
2023-07-28 11:08:14,3736.05,152667,17,3755.99,37065,67396,-0.15633768940912127,0
2023-07-28 11:08:14,3736.05,152667,17,3755.99,37041,67340,-0.15633768940912127,0
2023-07-28 11:08:14,3738.25,152667,1,3755.99,37041,67340,-0.09754402843475482,0
2023-07-28 11:08:20,3738.25,152668,1,3755.99,37041,67345,-0.09754402843475482,0
2023-07-28 11:08:20,3738.25,152668,1,3755.99,37027,67345,-0.09754402843475482,0
2023-07-28 11:08:20,3738.25,152668,2,3755.99,37027,67342,-0.09754402843475482,0
2023-07-28 11:08:22,3738.25,152670,2,3755.99,37094,67375,-0.09754402843475482,0
2023-07-28 11:08:22,3738.25,152670,2,3755.99,37094,67375,-0.09754402843475482,0
2023-07-28 11:08:22,3738.25,152670,1,3755.99,37094,67375,-0.09754402843475482,0
2023-07-28 11:08:24,3738.25,152671,1,3755.99,36015,67442,-0.09754402843475482,0
2023-07-28 11:08:24,3738.25,152671,1,3755.99,37015,67453,-0.09754402843475482,0
2023-07-28 11:08:24,3738.25,152671,1,3755.99,37015,67453,-0.09754402843475482,0
2023-07-28 11:08:24,3738.25,152671,1,3755.99,37015,67456,-0.09754402843475482,0
2023-07-28 11:08:24,3738.25,152671,1,3755.99,37015,67456,-0.09754402843475482,0
2023-07-28 11:08:24,3738.25,152671,1,3755.99,37015,67456,-0.09754402843475482,0
2023-07-28 11:08:24,3738.25,152671,1,3755.99,37015,67456,-0.09754402843475482,0
2023-07-28 11:08:24,3736.35,152671,4,3755.99,37001,67486,-0.14832037200353249,0
2023-07-28 11:08:29,3736.35,152690,4,3755.99,36024,67406,-0.14832037200353249,0
2023-07-28 11:08:29,3736.35,152690,4,3755.99,37086,67390,-0.14832037200353249,0
2023-07-28 11:08:29,3736.35,152690,4,3755.99,37107,67390,-0.14832037200353249,0
2023-07-28 11:08:29,3736.35,152690,4,3755.99,37123,67409,-0.14832037200353249,0
2023-07-28 11:08:29,3736.35,152690,4,3755.99,37148,67413,-0.14832037200353249,0
2023-07-28 11:08:34,3736.2,152691,1,3755.99,37150,67391,-0.15232903070633294,0
2023-07-28 11:08:34,3736.2,152691,1,3755.99,37147,67405,-0.15232903070633294,0
2023-07-28 11:08:34,3736.2,152691,1,3755.99,37131,67415,-0.15232903070633294,0
2023-07-28 11:08:34,3736.2,152691,1,3755.99,37131,67415,-0.15232903070633294,0
2023-07-28 11:08:38,3736.0,152716,14,3755.98,37180,67427,-0.15767390897672548,0
2023-07-28 11:08:39,3736.0,152754,38,3755.98,36915,67381,-0.15767390897672548,0
2023-07-28 11:08:39,3736.0,152754,38,3755.98,36922,67383,-0.15767390897672548,0
2023-07-28 11:08:39,3736.0,152754,38,3755.98,36967,67383,-0.15767390897672548,0
2023-07-28 11:08:42,3737.8,152755,1,3755.98,36991,67207,-0.1095700045431441,0
2023-07-28 11:08:42,3737.8,152755,1,3755.98,36979,67308,-0.1095700045431441,0
2023-07-28 11:08:42,3737.95,152755,5,3755.98,36979,67308,-0.10556134584035577,0
2023-07-28 11:08:43,3737.95,152760,5,3755.98,37104,67276,-0.10556134584035577,0
2023-07-28 11:08:43,3736.05,152760,11,3755.98,37104,67276,-0.15633768940912127,0
2023-07-28 11:08:44,3736.1,152860,7,3755.97,36948,67292,-0.1550014698415292,0
2023-07-28 11:08:45,3736.1,152885,7,3755.96,36956,67304,-0.1550014698415292,0
2023-07-28 11:08:45,3736.1,152885,7,3755.96,36956,67303,-0.1550014698415292,0
2023-07-28 11:08:45,3736.1,152885,7,3755.96,36956,67304,-0.1550014698415292,0
2023-07-28 11:08:45,3736.1,152885,7,3755.96,36956,67308,-0.1550014698415292,0
2023-07-28 11:08:45,3736.1,152885,7,3755.96,36956,67308,-0.1550014698415292,0
2023-07-28 11:08:45,3736.1,152885,7,3755.96,36992,67295,-0.1550014698415292,0
2023-07-28 11:08:45,3736.3,152885,37,3755.96,36994,67298,-0.14965659157112454,0
2023-07-28 11:08:55,3737.9,152924,2,3755.96,36960,67312,-0.10689756540794783,0
2023-07-28 11:08:55,3738.0,152924,65,3755.96,36965,67310,-0.10422512627275157,0
2023-07-28 11:08:57,3738.0,153024,65,3755.95,36991,67200,-0.10422512627275157,0
2023-07-28 11:08:57,3738.0,153024,65,3755.95,36995,67265,-0.10422512627275157,0
2023-07-28 11:08:57,3738.0,153024,65,3755.95,36995,67265,-0.10422512627275157,0
2023-07-28 11:08:57,3736.3,153024,9,3755.95,36995,67265,-0.14965659157112454,0
2023-07-28 11:08:59,3736.3,153033,9,3755.94,36986,67299,-0.14965659157112454,0
2023-07-28 11:08:59,3736.3,153033,9,3755.94,36986,67302,-0.14965659157112454,0
2023-07-28 11:08:59,3736.3,153033,9,3755.94,37008,67309,-0.14965659157112454,0
2023-07-28 11:08:59,3736.3,153033,4,3755.94,37008,67309,-0.14965659157112454,0
2023-07-28 11:09:03,3736.3,153043,4,3755.94,37015,67313,-0.14965659157112454,0
2023-07-28 11:09:04,3736.0,153126,9,3755.93,36950,67387,-0.15767390897672548,0
2023-07-28 11:09:04,3736.0,153126,9,3755.93,36950,67392,-0.15767390897672548,0
2023-07-28 11:09:04,3736.0,153126,9,3755.93,35957,67411,-0.15767390897672548,0
2023-07-28 11:09:04,3736.0,153126,33,3755.93,35957,67411,-0.15767390897672548,0
2023-07-28 11:09:04,3736.0,153126,8,3755.93,35957,67411,-0.15767390897672548,0
2023-07-28 11:09:10,3736.0,153172,8,3755.93,36917,67444,-0.15767390897672548,0
2023-07-28 11:09:10,3736.0,153172,8,3755.93,36940,67457,-0.15767390897672548,0
2023-07-28 11:09:10,3736.0,153172,10,3755.93,36940,67457,-0.15767390897672548,0
2023-07-28 11:09:19,3736.0,153187,4,3755.92,36925,67375,-0.15767390897672548,0
2023-07-28 11:09:19,3736.0,153187,4,3755.92,36951,67403,-0.15767390897672548,0
2023-07-28 11:09:19,3736.0,153187,17,3755.92,36951,67403,-0.15767390897672548,0
2023-07-28 11:09:19,3736.0,153187,2,3755.92,36951,67403,-0.15767390897672548,0
2023-07-28 11:09:27,3736.0,153236,2,3755.92,36907,67434,-0.15767390897672548,0
2023-07-28 11:09:27,3736.0,153236,10,3755.92,36907,67434,-0.15767390897672548,0
2023-07-28 11:09:27,3736.0,153236,2,3755.92,36907,67434,-0.15767390897672548,0
2023-07-28 11:09:27,3735.95,153236,2,3755.92,36907,67434,-0.1590101285443297,0
2023-07-28 11:09:30,3735.95,153308,2,3755.91,36644,67495,-0.1590101285443297,0
2023-07-28 11:09:30,3735.95,153308,4,3755.91,36644,67495,-0.1590101285443297,0
2023-07-28 11:09:30,3736.0,153308,20,3755.91,36644,67495,-0.15767390897672548,0
2023-07-28 11:09:34,3736.0,153332,20,3755.91,36744,67389,-0.15767390897672548,0
2023-07-28 11:09:34,3735.85,153332,4,3755.91,36744,67389,-0.16168256767952596,0
2023-07-28 11:09:39,3731.5,153860,1,3755.83,33542,67423,-0.27793367006066677,0
2023-07-28 11:09:39,3731.45,153860,7,3755.83,33542,67423,-0.279269889628271,0
2023-07-28 11:09:39,3731.3,153860,1,3755.83,33542,67423,-0.2832785483310593,0
2023-07-28 11:09:39,3732.65,153860,25,3755.83,33542,67423,-0.24720062000587936,0
2023-07-28 11:09:42,3732.65,153907,25,3755.82,35403,67313,-0.24720062000587936,0
2023-07-28 11:09:42,3731.2,153907,3,3755.82,35403,67313,-0.28595098746626774,0
2023-07-28 11:09:42,3731.2,153907,1,3755.82,35403,67313,-0.28595098746626774,0
2023-07-28 11:09:42,3731.2,153907,3,3755.82,35403,67313,-0.28595098746626774,0
2023-07-28 11:09:46,3731.2,153940,3,3755.82,35575,67296,-0.28595098746626774,0
2023-07-28 11:09:46,3732.9,153940,9,3755.82,35575,67296,-0.2405195221678826,0
2023-07-28 11:09:51,3732.9,153973,9,3755.81,36601,67086,-0.2405195221678826,0
2023-07-28 11:09:51,3732.0,153973,20,3755.81,36601,67086,-0.2645714743846733,0
2023-07-28 11:09:54,3732.0,154001,20,3755.81,34792,67137,-0.2645714743846733,0
2023-07-28 11:09:54,3732.95,154001,1,3755.81,34792,67137,-0.23918330260029055,0
2023-07-28 11:09:58,3732.95,154002,1,3755.81,36856,67168,-0.23918330260029055,0
2023-07-28 11:09:58,3732.0,154002,1,3755.81,36856,67168,-0.2645714743846733,0
2023-07-28 11:09:58,3733.0,154002,15,3755.81,36856,67168,-0.23784708303268637,0
2023-07-28 11:09:58,3733.7,154002,38,3755.81,36856,67168,-0.21914000908630035,0
2023-07-28 11:10:02,3732.0,154110,1,3755.79,36866,67335,-0.2645714743846733,0
2023-07-28 11:10:02,3733.8,154110,1,3755.79,36866,67335,-0.21646756995109193,0
2023-07-28 11:10:05,3733.8,154111,1,3755.79,37047,67354,-0.21646756995109193,0
2023-07-28 11:10:05,3733.9,154111,1,3755.79,37066,67296,-0.21379513081589566,0
2023-07-28 11:10:07,3733.9,154112,1,3755.79,37032,67264,-0.21379513081589566,0
2023-07-28 11:10:09,3731.9,154150,22,3755.79,37059,67229,-0.2672439135198696,0
2023-07-28 11:10:10,3733.8,154169,1,3755.78,37054,67206,-0.21646756995109193,0
2023-07-28 11:10:10,3731.5,154189,12,3755.78,37110,67226,-0.27793367006066677,0
2023-07-28 11:10:10,3731.5,154189,12,3755.78,37084,67218,-0.27793367006066677,0
2023-07-28 11:10:13,3731.3,154199,2,3755.78,37074,67233,-0.2832785483310593,0
2023-07-28 11:10:13,3731.3,154199,2,3755.78,37072,67171,-0.2832785483310593,0
2023-07-28 11:10:13,3731.3,154199,2,3755.78,37071,67171,-0.2832785483310593,0
2023-07-28 11:10:13,3731.3,154199,2,3755.78,37101,67269,-0.2832785483310593,0
2023-07-28 11:10:13,3731.5,154199,18,3755.78,36899,67291,-0.27793367006066677,0
2023-07-28 11:10:17,3731.5,154509,18,3755.73,35957,67217,-0.27793367006066677,0
2023-07-28 11:10:17,3731.5,154509,18,3755.73,36908,67183,-0.27793367006066677,0
2023-07-28 11:10:17,3731.5,154509,18,3755.73,35946,67178,-0.27793367006066677,0
2023-07-28 11:10:17,3731.5,154509,18,3755.73,36920,67101,-0.27793367006066677,0
2023-07-28 11:10:17,3733.0,154509,1,3755.73,36920,67101,-0.23784708303268637,0
2023-07-28 11:10:22,3733.0,154511,1,3755.73,36738,67125,-0.23784708303268637,0
2023-07-28 11:10:22,3733.05,154511,7,3755.73,36738,67125,-0.23651086346508216,0
2023-07-28 11:10:24,3732.0,154537,1,3755.73,37755,67164,-0.2645714743846733,0
2023-07-28 11:10:25,3730.5,154755,50,3755.69,37519,67123,-0.3046580614126537,0
2023-07-28 11:10:25,3730.35,154755,2,3755.69,37519,67123,-0.3086667201154542,0
2023-07-28 11:10:26,3731.9,154760,3,3755.69,37790,67142,-0.2672439135198696,0
2023-07-28 11:10:26,3731.9,154760,3,3755.69,37790,67142,-0.2672439135198696,0
2023-07-28 11:10:26,3731.9,154760,3,3755.69,36606,67191,-0.2672439135198696,0
2023-07-28 11:10:29,3730.35,154855,45,3755.67,36392,67254,-0.3086667201154542,0
2023-07-28 11:10:29,3732.65,154882,12,3755.67,36467,67205,-0.24720062000587936,0
2023-07-28 11:10:29,3732.65,154882,12,3755.67,37469,67228,-0.24720062000587936,0
2023-07-28 11:10:29,3732.65,154882,12,3755.67,37498,67255,-0.24720062000587936,0
2023-07-28 11:10:29,3732.65,154882,12,3755.67,37403,67334,-0.24720062000587936,0
2023-07-28 11:10:34,3730.6,154912,11,3755.67,37410,67367,-0.3019856222774575,0
2023-07-28 11:10:34,3732.0,154912,17,3755.67,37532,67344,-0.2645714743846733,0
2023-07-28 11:10:36,3732.0,154929,17,3755.66,37528,67440,-0.2645714743846733,0
2023-07-28 11:10:36,3732.0,154929,46,3755.66,37528,67440,-0.2645714743846733,0
2023-07-28 11:10:37,3732.0,154975,46,3755.66,37632,67332,-0.2645714743846733,0
2023-07-28 11:10:39,3731.3,154995,5,3755.65,37495,67335,-0.2832785483310593,0
2023-07-28 11:10:39,3731.3,154995,5,3755.65,35484,67207,-0.2832785483310593,0
2023-07-28 11:10:39,3731.3,154995,5,3755.65,37517,67372,-0.2832785483310593,0
2023-07-28 11:10:39,3731.3,154995,5,3755.65,37487,67388,-0.2832785483310593,0
2023-07-28 11:10:39,3731.0,154995,10,3755.65,37507,67392,-0.2912958657366603,0
2023-07-28 11:10:44,3731.0,155055,15,3755.64,36414,66604,-0.2912958657366603,0
2023-07-28 11:10:44,3731.0,155055,1,3755.64,36414,66604,-0.2912958657366603,0
2023-07-28 11:10:45,3730.15,155531,35,3755.57,34076,67511,-0.31401159838584675,0
2023-07-28 11:10:45,3730.15,155531,35,3755.57,36162,67320,-0.31401159838584675,0
2023-07-28 11:10:45,3731.0,155531,5,3755.57,36110,67332,-0.2912958657366603,0
2023-07-28 11:10:49,3731.0,155553,17,3755.56,37270,67234,-0.2912958657366603,0
2023-07-28 11:10:50,3730.5,155554,1,3755.56,35257,67280,-0.3046580614126537,0
2023-07-28 11:10:50,3730.05,155554,7,3755.56,37543,67273,-0.316684037521043,0
2023-07-28 11:10:52,3729.3,155661,4,3755.54,37311,67325,-0.3367273310350332,0
2023-07-28 11:10:52,3729.3,155661,4,3755.54,37311,67325,-0.3367273310350332,0
2023-07-28 11:10:52,3729.3,155661,4,3755.54,35370,67218,-0.3367273310350332,0
