2023-07-28 10:49:28,512.5,2689551,5,509.39,433976,556199,0.33281127642912856,0
2023-07-28 10:49:29,512.5,2689701,5,509.39,434506,555961,0.33281127642912856,0
2023-07-28 10:49:29,512.5,2689701,3,509.39,436277,555948,0.33281127642912856,0
2023-07-28 10:49:32,512.5,2689803,32,509.39,434528,554491,0.33281127642912856,0
2023-07-28 10:49:32,512.5,2689803,32,509.39,434528,554491,0.33281127642912856,0
2023-07-28 10:49:32,512.5,2689803,5,509.39,436019,554871,0.33281127642912856,0
2023-07-28 10:49:34,512.5,2690308,6,509.39,436184,555642,0.33281127642912856,0
2023-07-28 10:49:35,512.7,2690513,200,509.39,437767,555035,0.3719655442443293,0
2023-07-28 10:49:35,512.7,2690513,200,509.39,435644,555330,0.3719655442443293,0
2023-07-28 10:49:35,512.55,2690513,3,509.39,435644,555330,0.3425998433829176,0
2023-07-28 10:49:37,512.55,2690516,1,509.39,435741,555326,0.3425998433829176,0
2023-07-28 10:49:38,512.55,2690546,1,509.39,436256,555174,0.3425998433829176,0
2023-07-28 10:49:38,512.55,2690546,25,509.39,436256,555174,0.3425998433829176,0
2023-07-28 10:49:39,512.55,2690586,15,509.39,436216,555174,0.3425998433829176,0
2023-07-28 10:49:40,512.5,2690856,1,509.39,436008,555229,0.33281127642912856,0
2023-07-28 10:49:40,512.5,2690874,1,509.39,435849,555229,0.33281127642912856,0
2023-07-28 10:49:42,512.5,2690876,1,509.39,435851,555228,0.33281127642912856,0
2023-07-28 10:49:42,512.5,2690876,4,509.39,435851,555228,0.33281127642912856,0
2023-07-28 10:49:43,512.7,2690889,2,509.39,435465,557860,0.3719655442443293,0
2023-07-28 10:49:44,512.4,2691388,7,509.39,434869,558591,0.31323414252152815,0
2023-07-28 10:49:45,512.6,2691389,1,509.39,435117,556841,0.3523884103367289,0
2023-07-28 10:49:46,512.25,2692305,5,509.39,435626,555006,0.28386844166013875,0
2023-07-28 10:49:46,512.25,2692305,5,509.39,435912,555325,0.28386844166013875,0
2023-07-28 10:49:46,512.25,2692305,4,509.39,435912,555325,0.28386844166013875,0
2023-07-28 10:49:48,512.25,2692805,4,509.39,435651,555583,0.28386844166013875,0
2023-07-28 10:49:48,512.7,2692805,60,509.39,435654,555609,0.3719655442443293,0
2023-07-28 10:49:48,512.6,2692805,200,509.39,435654,555609,0.3523884103367289,0
2023-07-28 10:49:50,512.5,2695662,1,509.4,437144,555570,0.33281127642912856,0
2023-07-28 10:49:50,512.5,2695663,1,509.4,437306,556139,0.33281127642912856,0
2023-07-28 10:49:52,512.6,2695683,10,509.4,435221,556266,0.3523884103367289,0
2023-07-28 10:49:52,512.55,2695683,4,509.4,435221,556464,0.3425998433829176,0
2023-07-28 10:49:54,512.55,2695687,4,509.4,435655,556611,0.3425998433829176,0
2023-07-28 10:49:54,512.25,2695687,39,509.4,435655,556611,0.28386844166013875,0
2023-07-28 10:49:56,512.25,2696934,39,509.4,435259,556812,0.28386844166013875,0
2023-07-28 10:49:57,512.55,2696936,2,509.4,435976,556810,0.3425998433829176,0
2023-07-28 10:49:57,512.5,2696936,9,509.4,435976,556810,0.33281127642912856,0
2023-07-28 10:49:59,512.25,2697050,4,509.4,435883,556543,0.28386844166013875,0
2023-07-28 10:49:59,512.25,2697050,4,509.4,436392,555629,0.28386844166013875,0
2023-07-28 10:49:59,512.5,2697050,100,509.4,436392,555629,0.33281127642912856,0
2023-07-28 10:50:01,512.25,2697200,26,509.4,436410,555977,0.28386844166013875,0
2023-07-28 10:50:01,512.5,2697200,100,509.4,436410,555977,0.33281127642912856,0
2023-07-28 10:50:02,512.5,2697300,100,509.4,438110,555897,0.33281127642912856,0
2023-07-28 10:50:02,512.5,2697300,100,509.4,439019,556822,0.33281127642912856,0
2023-07-28 10:50:05,512.5,2697400,100,509.4,438883,556766,0.33281127642912856,0
2023-07-28 10:50:05,512.5,2697400,100,509.4,438723,556741,0.33281127642912856,0
2023-07-28 10:50:06,512.5,2697553,100,509.4,438865,555948,0.33281127642912856,0
2023-07-28 10:50:07,512.25,2697557,4,509.4,438906,556023,0.28386844166013875,0
2023-07-28 10:50:07,512.25,2697557,4,509.4,438906,556123,0.28386844166013875,0
2023-07-28 10:50:07,512.25,2697557,30,509.4,438906,556123,0.28386844166013875,0
2023-07-28 10:50:09,512.25,2697587,30,509.4,440156,556126,0.28386844166013875,0
2023-07-28 10:50:09,512.25,2697587,30,509.4,440156,556246,0.28386844166013875,0
2023-07-28 10:50:12,512.25,2697592,5,509.4,440451,555807,0.28386844166013875,0
2023-07-28 10:50:13,512.25,2697614,10,509.4,440507,555807,0.28386844166013875,0
2023-07-28 10:50:13,512.25,2697614,10,509.4,440507,555925,0.28386844166013875,0
2023-07-28 10:50:13,512.5,2697614,7,509.4,440507,555925,0.33281127642912856,0
2023-07-28 10:50:15,512.5,2697746,40,509.4,440112,555553,0.33281127642912856,0
2023-07-28 10:50:15,512.55,2697746,52,509.4,440112,555553,0.3425998433829176,0
2023-07-28 10:50:16,512.5,2697883,50,509.4,439493,555648,0.33281127642912856,0
2023-07-28 10:50:17,512.5,2697908,8,509.4,439595,555840,0.33281127642912856,0
2023-07-28 10:50:17,512.5,2697916,8,509.4,440087,555841,0.33281127642912856,0
2023-07-28 10:50:17,512.35,2697916,43,509.4,440087,555841,0.3034455755677391,0
2023-07-28 10:50:19,512.35,2698028,4,509.4,439791,555769,0.3034455755677391,0
2023-07-28 10:50:19,512.35,2698028,4,509.4,439776,555809,0.3034455755677391,0
2023-07-28 10:50:19,512.35,2698028,4,509.4,439776,555809,0.3034455755677391,0
2023-07-28 10:50:19,512.35,2698028,4,509.4,440223,555218,0.3034455755677391,0
2023-07-28 10:50:19,512.35,2698028,4,509.4,440223,555218,0.3034455755677391,0
2023-07-28 10:50:19,512.35,2698028,4,509.4,440223,556672,0.3034455755677391,0
2023-07-28 10:50:19,512.35,2698028,4,509.4,440223,556672,0.3034455755677391,0
2023-07-28 10:50:24,512.3,2698036,8,509.4,440215,556672,0.2936570086139278,0
2023-07-28 10:50:24,512.3,2698036,8,509.4,440215,556672,0.2936570086139278,0
2023-07-28 10:50:24,512.3,2698036,8,509.4,440851,556672,0.2936570086139278,0
2023-07-28 10:50:24,512.3,2698036,8,509.4,440843,556972,0.2936570086139278,0
2023-07-28 10:50:24,512.3,2698036,7,509.4,440843,556972,0.2936570086139278,0
2023-07-28 10:50:26,512.3,2698043,7,509.4,440762,557005,0.2936570086139278,0
2023-07-28 10:50:26,512.3,2698043,7,509.4,440783,556986,0.2936570086139278,0
2023-07-28 10:50:26,512.3,2698043,7,509.4,440803,556853,0.2936570086139278,0
2023-07-28 10:50:26,512.3,2698043,4,509.4,440803,556853,0.2936570086139278,0
2023-07-28 10:50:30,512.3,2698108,5,509.4,440319,556019,0.2936570086139278,0
2023-07-28 10:50:30,512.3,2698108,5,509.4,440319,556019,0.2936570086139278,0
2023-07-28 10:50:31,512.4,2698109,1,509.4,439735,556185,0.31323414252152815,0
2023-07-28 10:50:31,512.4,2698109,1,509.4,442574,556669,0.31323414252152815,0
2023-07-28 10:50:33,512.35,2698342,62,509.4,441292,557000,0.3034455755677391,0
2023-07-28 10:50:33,512.35,2698342,62,509.4,441292,557000,0.3034455755677391,0
2023-07-28 10:50:34,512.3,2698463,21,509.4,440318,559117,0.2936570086139278,0
2023-07-28 10:50:35,512.3,2698570,3,509.4,444225,559683,0.2936570086139278,0
2023-07-28 10:50:35,512.5,2698570,21,509.4,444799,559906,0.33281127642912856,0
2023-07-28 10:50:37,512.5,2698620,21,509.4,440118,560000,0.33281127642912856,0
2023-07-28 10:50:38,512.3,2698870,18,509.4,442379,558732,0.2936570086139278,0
2023-07-28 10:50:39,512.3,2698910,40,509.4,442363,559554,0.2936570086139278,0
2023-07-28 10:50:40,512.3,2698921,10,509.4,442252,559304,0.2936570086139278,0
2023-07-28 10:50:41,512.3,2699021,73,509.4,442244,559988,0.2936570086139278,0
2023-07-28 10:50:41,512.3,2699021,73,509.4,442244,560088,0.2936570086139278,0
2023-07-28 10:50:42,512.5,2699026,5,509.4,442551,559884,0.33281127642912856,0
2023-07-28 10:50:43,512.3,2699129,100,509.4,441506,559542,0.2936570086139278,0
2023-07-28 10:50:43,512.3,2699129,1,509.4,441506,559542,0.2936570086139278,0
2023-07-28 10:50:45,512.3,2699220,6,509.4,441417,559542,0.2936570086139278,0
2023-07-28 10:50:45,512.3,2699220,6,509.4,441357,559682,0.2936570086139278,0
2023-07-28 10:50:45,512.3,2699220,8,509.4,441357,559682,0.2936570086139278,0
2023-07-28 10:50:47,512.5,2699247,19,509.4,441363,559663,0.33281127642912856,0
2023-07-28 10:50:47,512.5,2699247,19,509.4,444459,559697,0.33281127642912856,0
2023-07-28 10:50:47,512.5,2699247,19,509.4,444459,559747,0.33281127642912856,0
2023-07-28 10:50:47,512.5,2699247,19,509.4,444459,559748,0.33281127642912856,0
2023-07-28 10:50:47,512.5,2699247,19,509.4,444533,559755,0.33281127642912856,0
2023-07-28 10:50:52,512.3,2699252,3,509.4,442392,559768,0.2936570086139278,0
2023-07-28 10:50:53,512.3,2699282,3,509.4,442448,560461,0.2936570086139278,0
2023-07-28 10:50:53,512.3,2699282,3,509.4,442448,560461,0.2936570086139278,0
2023-07-28 10:50:54,512.5,2699347,5,509.4,440869,559763,0.33281127642912856,0
2023-07-28 10:50:54,512.15,2699347,7,509.4,440869,559763,0.26429130775253834,0
2023-07-28 10:50:54,512.15,2700032,7,509.4,437063,563867,0.26429130775253834,0
2023-07-28 10:50:56,512.3,2700082,48,509.4,437603,563898,0.2936570086139278,0
2023-07-28 10:50:56,512.15,2700082,9,509.4,437603,563898,0.26429130775253834,0
2023-07-28 10:50:56,512.15,2700091,9,509.4,437603,564001,0.26429130775253834,0
2023-07-28 10:50:58,512.15,2700096,5,509.4,437598,564101,0.26429130775253834,0
2023-07-28 10:50:58,512.15,2700096,5,509.4,437598,564101,0.26429130775253834,0
2023-07-28 10:50:58,512.15,2700096,5,509.4,437270,564449,0.26429130775253834,0
2023-07-28 10:51:02,512.2,2700097,1,509.4,437280,564414,0.27407987470634965,0
2023-07-28 10:51:02,512.3,2700097,39,509.4,437280,564414,0.2936570086139278,0
2023-07-28 10:51:03,512.15,2700163,13,509.4,437222,564293,0.26429130775253834,0
2023-07-28 10:51:03,512.3,2700163,24,509.4,437222,564293,0.2936570086139278,0
2023-07-28 10:51:04,512.15,2700191,3,509.4,437221,564268,0.26429130775253834,0
2023-07-28 10:51:04,512.15,2700191,3,509.4,437221,564388,0.26429130775253834,0
2023-07-28 10:51:06,512.15,2700194,3,509.4,437547,563840,0.26429130775253834,0
2023-07-28 10:51:06,512.2,2700194,34,509.4,437369,563813,0.27407987470634965,0
2023-07-28 10:51:08,512.2,2700228,34,509.4,437335,563813,0.27407987470634965,0
2023-07-28 10:51:09,512.2,2700236,8,509.4,437327,563813,0.27407987470634965,0
2023-07-28 10:51:09,512.2,2700240,4,509.4,436519,563863,0.27407987470634965,0
2023-07-28 10:51:09,512.2,2700240,4,509.4,437109,563694,0.27407987470634965,0
2023-07-28 10:51:12,512.1,2700525,86,509.4,439852,563838,0.2545027407987493,0
2023-07-28 10:51:12,512.1,2700525,86,509.4,439799,561951,0.2545027407987493,0
2023-07-28 10:51:14,512.15,2700531,2,509.4,439803,564200,0.26429130775253834,0
2023-07-28 10:51:14,512.15,2700531,2,509.4,439803,564200,0.26429130775253834,0
2023-07-28 10:51:14,512.15,2700531,2,509.4,439799,565456,0.26429130775253834,0
2023-07-28 10:51:14,512.15,2700531,2,509.4,439803,565456,0.26429130775253834,0
2023-07-28 10:51:14,512.15,2700531,2,509.4,439803,565687,0.26429130775253834,0
2023-07-28 10:51:14,512.15,2700531,2,509.4,439804,565687,0.26429130775253834,0
2023-07-28 10:51:14,512.1,2700531,32,509.4,439804,565687,0.2545027407987493,0
2023-07-28 10:51:20,512.1,2700563,32,509.4,439772,565383,0.2545027407987493,0
2023-07-28 10:51:22,512.15,2700573,10,509.4,439772,565310,0.26429130775253834,0
2023-07-28 10:51:22,512.1,2700573,51,509.4,439628,565310,0.2545027407987493,0
2023-07-28 10:51:24,512.15,2700830,198,509.4,439571,565110,0.26429130775253834,0
2023-07-28 10:51:24,512.15,2700830,4,509.4,439571,565110,0.26429130775253834,0
2023-07-28 10:51:25,512.1,2700848,14,509.4,439562,565356,0.2545027407987493,0
2023-07-28 10:51:25,512.1,2700848,14,509.4,439382,565662,0.2545027407987493,0
2023-07-28 10:51:26,512.15,2702423,175,509.4,439129,563350,0.26429130775253834,0
2023-07-28 10:51:26,512.15,2702423,175,509.4,439137,563450,0.26429130775253834,0
2023-07-28 10:51:26,512.1,2702423,41,509.4,440070,563584,0.2545027407987493,0
2023-07-28 10:51:26,512.0,2702423,103,509.4,440070,563584,0.2349256068911489,0
2023-07-28 10:51:29,512.0,2702737,103,509.4,441996,564304,0.2349256068911489,0
2023-07-28 10:51:29,512.25,2702737,47,509.4,441996,564304,0.28386844166013875,0
2023-07-28 10:51:31,512.25,2703458,4,509.4,443380,563235,0.28386844166013875,0
2023-07-28 10:51:31,512.5,2703458,4,509.4,443380,563235,0.33281127642912856,0
2023-07-28 10:51:31,512.4,2705262,200,509.41,445170,561006,0.31323414252152815,0
2023-07-28 10:51:32,512.4,2705462,200,509.41,444559,561271,0.31323414252152815,0
2023-07-28 10:51:32,512.4,2705462,200,509.41,443945,562159,0.31323414252152815,0
2023-07-28 10:51:32,512.4,2705462,200,509.41,444105,561922,0.31323414252152815,0
2023-07-28 10:51:32,512.5,2705462,1,509.41,444105,561922,0.33281127642912856,0
2023-07-28 10:51:36,512.5,2705485,1,509.41,444597,563921,0.33281127642912856,0
2023-07-28 10:51:36,512.5,2705485,1,509.41,444544,563921,0.33281127642912856,0
2023-07-28 10:51:39,512.3,2705510,25,509.41,444519,563921,0.2936570086139278,0
2023-07-28 10:51:39,512.3,2705510,25,509.41,444723,563763,0.2936570086139278,0
2023-07-28 10:51:39,512.4,2705510,19,509.41,444723,563763,0.31323414252152815,0
2023-07-28 10:51:41,512.5,2705579,15,509.41,444606,563257,0.33281127642912856,0
2023-07-28 10:51:41,512.5,2705594,15,509.41,444966,563388,0.33281127642912856,0
2023-07-28 10:51:41,512.5,2705594,15,509.41,445107,562958,0.33281127642912856,0
2023-07-28 10:51:41,512.5,2705594,15,509.41,445177,562958,0.33281127642912856,0
2023-07-28 10:51:45,512.5,2706028,50,509.41,445356,563190,0.33281127642912856,0
2023-07-28 10:51:45,512.5,2706028,4,509.41,445356,563190,0.33281127642912856,0
2023-07-28 10:51:46,512.55,2706162,90,509.41,445552,563215,0.3425998433829176,0
2023-07-28 10:51:46,512.55,2706162,90,509.41,445552,563215,0.3425998433829176,0
2023-07-28 10:51:48,512.5,2706187,25,509.41,445587,563465,0.33281127642912856,0
2023-07-28 10:51:48,512.5,2706187,25,509.41,445537,563465,0.33281127642912856,0
2023-07-28 10:51:48,512.55,2706187,14,509.41,445384,563465,0.3425998433829176,0
2023-07-28 10:51:50,512.55,2706201,14,509.41,445384,563451,0.3425998433829176,0
2023-07-28 10:51:50,512.5,2706201,47,509.41,445384,563451,0.33281127642912856,0
2023-07-28 10:51:52,512.5,2706251,3,509.41,445334,564349,0.33281127642912856,0
2023-07-28 10:51:52,512.5,2706251,25,509.41,445334,564349,0.33281127642912856,0
2023-07-28 10:51:53,512.5,2706314,38,509.41,445276,564248,0.33281127642912856,0
2023-07-28 10:51:54,512.55,2706386,72,509.41,441785,563295,0.3425998433829176,0
2023-07-28 10:51:55,512.65,2706476,16,509.41,441326,562750,0.362176977290518,0
2023-07-28 10:51:56,512.5,2706488,12,509.41,441904,563607,0.33281127642912856,0
2023-07-28 10:51:57,512.5,2706492,4,509.41,441900,563617,0.33281127642912856,0
2023-07-28 10:51:58,512.65,2706681,105,509.41,441298,563393,0.362176977290518,0
2023-07-28 10:51:59,512.5,2706730,9,509.41,442074,563494,0.33281127642912856,0
2023-07-28 10:52:00,512.5,2706945,15,509.41,440605,564355,0.33281127642912856,0
2023-07-28 10:52:01,512.5,2706975,30,509.41,442228,563934,0.33281127642912856,0
2023-07-28 10:52:03,512.5,2707052,5,509.41,440603,563769,0.33281127642912856,0
2023-07-28 10:52:03,512.5,2707052,5,509.41,440603,563769,0.33281127642912856,0
2023-07-28 10:52:04,512.5,2707060,8,509.41,440643,563400,0.33281127642912856,0
2023-07-28 10:52:04,512.5,2707060,8,509.41,440643,563400,0.33281127642912856,0
2023-07-28 10:52:05,512.5,2707064,30,509.41,440647,563427,0.33281127642912856,0
2023-07-28 10:52:06,512.5,2707199,4,509.41,440613,563808,0.33281127642912856,0
2023-07-28 10:52:06,512.65,2707199,1,509.41,440613,563808,0.362176977290518,0
2023-07-28 10:52:06,512.65,2707199,1,509.41,440613,563808,0.362176977290518,0
2023-07-28 10:52:09,512.65,2707217,1,509.41,439912,564166,0.362176977290518,0
2023-07-28 10:52:09,512.55,2707217,25,509.41,439912,564166,0.3425998433829176,0
2023-07-28 10:52:09,512.55,2707217,4,509.41,439912,564166,0.3425998433829176,0
2023-07-28 10:52:09,512.7,2707217,5,509.41,439912,564166,0.3719655442443293,0
2023-07-28 10:52:14,512.7,2707648,5,509.41,441020,564050,0.3719655442443293,0
2023-07-28 10:52:14,512.65,2707648,3,509.41,441020,564050,0.362176977290518,0
2023-07-28 10:52:14,512.7,2707648,3,509.41,441020,564050,0.3719655442443293,0
2023-07-28 10:52:14,512.7,2707648,72,509.41,441020,564050,0.3719655442443293,0
2023-07-28 10:52:19,512.65,2707756,10,509.41,443734,563522,0.362176977290518,0
2023-07-28 10:52:19,512.7,2707756,100,509.41,443734,563522,0.3719655442443293,0
2023-07-28 10:52:22,512.7,2707856,100,509.41,445472,563235,0.3719655442443293,0
2023-07-28 10:52:22,512.7,2707856,370,509.41,445472,563235,0.3719655442443293,0
2023-07-28 10:52:22,512.7,2707856,4,509.41,445472,563235,0.3719655442443293,0
2023-07-28 10:52:27,512.65,2708973,101,509.41,445289,562479,0.362176977290518,0
2023-07-28 10:52:27,512.65,2708973,144,509.41,445289,562479,0.362176977290518,0
2023-07-28 10:52:27,512.8,2708973,7,509.41,445289,562479,0.3915426781519074,0
2023-07-28 10:52:27,512.65,2708973,27,509.41,445289,562479,0.362176977290518,0
2023-07-28 10:52:27,512.65,2708973,25,509.41,445289,562479,0.362176977290518,0
2023-07-28 10:52:34,512.65,2709342,25,509.41,445394,562010,0.362176977290518,0
2023-07-28 10:52:34,512.65,2709342,1,509.41,445394,562010,0.362176977290518,0
2023-07-28 10:52:34,512.8,2709342,3,509.41,445394,562010,0.3915426781519074,0
2023-07-28 10:52:40,512.9,2711926,309,509.41,445630,555764,0.4111198120595078,0
2023-07-28 10:52:40,512.7,2711926,100,509.41,445630,555764,0.3719655442443293,0
2023-07-28 10:52:40,512.8,2711926,14,509.41,445630,555764,0.3915426781519074,0
2023-07-28 10:52:40,512.85,2711926,1,509.41,445630,555764,0.4013312451057187,0
2023-07-28 10:52:44,512.85,2712041,1,509.41,444478,561664,0.4013312451057187,0
2023-07-28 10:52:44,512.85,2712041,500,509.41,444478,561664,0.4013312451057187,0
2023-07-28 10:52:44,512.8,2712041,38,509.41,444478,561664,0.3915426781519074,0
2023-07-28 10:52:44,512.9,2712041,1,509.41,444478,561664,0.4111198120595078,0
2023-07-28 10:52:44,512.9,2712041,24,509.41,444478,561664,0.4111198120595078,0
2023-07-28 10:52:49,512.8,2712851,25,509.42,451117,561973,0.3915426781519074,0
2023-07-28 10:52:49,512.8,2712851,50,509.42,451117,561973,0.3915426781519074,0
2023-07-28 10:52:49,512.75,2712851,417,509.42,451117,561973,0.38175411119811836,0
2023-07-28 10:52:49,512.95,2712851,15,509.42,451117,561973,0.4209083790133191,0
2023-07-28 10:52:49,512.75,2712851,5,509.42,451117,561973,0.38175411119811836,0
2023-07-28 10:52:53,512.75,2713621,4,509.42,450183,561938,0.38175411119811836,0
2023-07-28 10:52:53,512.75,2713621,4,509.42,450183,561938,0.38175411119811836,0
2023-07-28 10:52:57,512.75,2713629,4,509.42,449926,562149,0.38175411119811836,0
2023-07-28 10:52:57,512.75,2713629,250,509.42,449926,562149,0.38175411119811836,0
2023-07-28 10:52:57,512.8,2713629,4,509.42,449926,562149,0.3915426781519074,0
2023-07-28 10:52:57,512.75,2713629,4,509.42,449926,562149,0.38175411119811836,0
2023-07-28 10:53:01,512.75,2714216,4,509.42,451493,558276,0.38175411119811836,0
2023-07-28 10:53:01,512.75,2714216,12,509.42,451493,558276,0.38175411119811836,0
2023-07-28 10:53:01,512.75,2714216,52,509.42,451493,558276,0.38175411119811836,0
2023-07-28 10:53:01,512.7,2714216,26,509.42,451493,558276,0.3719655442443293,0
2023-07-28 10:53:04,512.7,2720647,26,509.43,445679,562684,0.3719655442443293,0
2023-07-28 10:53:04,513.0,2720647,70,509.43,445679,562684,0.43069694596710817,0
2023-07-28 10:53:04,512.75,2720647,20,509.43,445679,562684,0.38175411119811836,0
2023-07-28 10:53:07,512.75,2725737,20,509.43,447987,556476,0.38175411119811836,0
2023-07-28 10:53:07,512.95,2725737,1,509.43,447987,556476,0.4209083790133191,0
2023-07-28 10:53:11,512.95,2726146,1,509.43,447341,557210,0.4209083790133191,0
2023-07-28 10:53:11,512.75,2726146,19,509.43,447341,557210,0.38175411119811836,0
2023-07-28 10:53:11,512.7,2726146,7,509.43,447341,557210,0.3719655442443293,0
2023-07-28 10:53:11,513.0,2726146,15,509.43,447341,557210,0.43069694596710817,0
2023-07-28 10:53:19,513.0,2726558,15,509.43,447417,557553,0.43069694596710817,0
2023-07-28 10:53:19,512.7,2726558,107,509.43,447417,557553,0.3719655442443293,0
2023-07-28 10:53:19,512.7,2726558,107,509.43,447417,557553,0.3719655442443293,0
2023-07-28 10:53:19,512.7,2726558,78,509.43,447417,557553,0.3719655442443293,0
2023-07-28 10:53:19,512.75,2726558,1,509.43,447417,557553,0.38175411119811836,0
2023-07-28 10:53:19,512.75,2726558,1,509.43,447417,557553,0.38175411119811836,0
2023-07-28 10:53:23,512.9,2727420,17,509.43,446506,559097,0.4111198120595078,0
2023-07-28 10:53:23,512.9,2727420,17,509.43,446506,559097,0.4111198120595078,0
2023-07-28 10:53:23,512.7,2727420,8,509.43,446506,559097,0.3719655442443293,0
2023-07-28 10:53:23,512.7,2727420,8,509.43,446506,559097,0.3719655442443293,0
2023-07-28 10:53:23,513.0,2727420,1,509.43,446506,559097,0.43069694596710817,0
2023-07-28 10:53:23,513.0,2727420,1,509.43,446506,559097,0.43069694596710817,0
2023-07-28 10:53:28,512.95,2727704,20,509.43,447776,560123,0.4209083790133191,0
2023-07-28 10:53:28,512.85,2727704,1,509.43,447776,560123,0.4013312451057187,0
2023-07-28 10:53:28,512.55,2727704,1,509.43,447776,560123,0.3425998433829176,0
2023-07-28 10:53:28,512.35,2727704,4,509.43,447776,560123,0.3034455755677391,0
2023-07-28 10:53:31,512.6,2731946,37,509.44,443414,561286,0.3523884103367289,0
2023-07-28 10:53:31,512.65,2731946,6,509.44,443414,561286,0.362176977290518,0
2023-07-28 10:53:35,512.65,2732002,6,509.44,444400,561415,0.362176977290518,0
2023-07-28 10:53:35,512.35,2732002,7,509.44,444400,561415,0.3034455755677391,0
2023-07-28 10:53:35,512.35,2732002,12,509.44,444400,561415,0.3034455755677391,0
2023-07-28 10:53:35,512.65,2732002,10,509.44,444400,561415,0.362176977290518,0
2023-07-28 10:53:40,512.35,2732035,1,509.44,444542,563760,0.3034455755677391,0
2023-07-28 10:53:45,512.65,2732336,21,509.44,445237,564054,0.362176977290518,0
2023-07-28 10:53:45,512.35,2732336,5,509.44,445237,564054,0.3034455755677391,0
2023-07-28 10:53:45,512.6,2732336,35,509.44,445237,564054,0.3523884103367289,0
2023-07-28 10:53:45,512.3,2732336,5,509.44,445237,564054,0.2936570086139278,0
2023-07-28 10:53:45,512.35,2732336,100,509.44,445237,564054,0.3034455755677391,0
2023-07-28 10:53:49,512.5,2732959,200,509.44,447398,564041,0.33281127642912856,0
2023-07-28 10:53:49,512.65,2732959,4,509.44,447398,564041,0.362176977290518,0
2023-07-28 10:53:49,512.55,2732959,17,509.44,447398,564041,0.3425998433829176,0
2023-07-28 10:53:49,512.5,2732959,4,509.44,447398,564041,0.33281127642912856,0
2023-07-28 10:53:49,512.5,2732959,9,509.44,447398,564041,0.33281127642912856,0
2023-07-28 10:53:53,512.5,2733163,9,509.44,447499,566303,0.33281127642912856,0
2023-07-28 10:53:53,512.5,2733163,1,509.44,447499,566303,0.33281127642912856,0
2023-07-28 10:53:53,512.4,2733163,12,509.44,447499,566303,0.31323414252152815,0
2023-07-28 10:53:53,512.75,2733163,6,509.44,447499,566303,0.38175411119811836,0
2023-07-28 10:53:59,512.5,2733331,30,509.44,449901,566894,0.33281127642912856,0
2023-07-28 10:53:59,512.5,2733331,18,509.44,449901,566894,0.33281127642912856,0
2023-07-28 10:53:59,512.5,2733349,18,509.44,447282,566139,0.33281127642912856,0
2023-07-28 10:53:59,512.75,2733349,1,509.44,447282,566139,0.38175411119811836,0
2023-07-28 10:54:05,512.5,2733510,10,509.44,441797,568922,0.33281127642912856,0
2023-07-28 10:54:06,512.5,2733511,1,509.44,442509,568601,0.33281127642912856,0
2023-07-28 10:54:06,512.5,2733511,1,509.44,442872,568601,0.33281127642912856,0
2023-07-28 10:54:06,512.4,2733511,11,509.44,442880,568333,0.31323414252152815,0
2023-07-28 10:54:09,512.6,2733551,25,509.44,442876,567068,0.3523884103367289,0
2023-07-28 10:54:09,512.6,2733551,25,509.44,442876,567068,0.3523884103367289,0
2023-07-28 10:54:09,512.6,2733551,25,509.44,442876,567068,0.3523884103367289,0
2023-07-28 10:54:11,512.4,2733555,4,509.44,442871,567078,0.31323414252152815,0
2023-07-28 10:54:11,512.6,2733555,85,509.44,442871,567078,0.3523884103367289,0
2023-07-28 10:54:12,512.6,2733805,85,509.44,443230,567290,0.3523884103367289,0
2023-07-28 10:54:12,512.5,2733805,58,509.44,443230,567290,0.33281127642912856,0
2023-07-28 10:54:14,512.35,2733876,13,509.44,443488,567312,0.3034455755677391,0
2023-07-28 10:54:14,512.35,2733876,13,509.44,443488,567478,0.3034455755677391,0
2023-07-28 10:54:14,512.35,2733876,13,509.44,443488,567478,0.3034455755677391,0
2023-07-28 10:54:14,512.5,2733876,20,509.44,443488,567478,0.33281127642912856,0
2023-07-28 10:54:17,512.55,2734097,4,509.44,443562,566717,0.3425998433829176,0
2023-07-28 10:54:17,512.55,2734097,4,509.44,443562,566580,0.3425998433829176,0
2023-07-28 10:54:17,512.55,2734097,4,509.44,443586,566849,0.3425998433829176,0
2023-07-28 10:54:17,512.55,2734097,4,509.44,443586,566899,0.3425998433829176,0
2023-07-28 10:54:21,512.6,2734116,619,509.44,443567,566899,0.3523884103367289,0
2023-07-28 10:54:22,512.4,2735118,28,509.44,444850,566165,0.31323414252152815,0
2023-07-28 10:54:23,512.4,2735146,28,509.44,445546,565808,0.31323414252152815,0
2023-07-28 10:54:23,512.4,2735146,28,509.44,445705,565808,0.31323414252152815,0
2023-07-28 10:54:25,512.6,2736239,10,509.44,444845,566946,0.3523884103367289,0
2023-07-28 10:54:25,512.6,2736239,10,509.44,443238,566005,0.3523884103367289,0
2023-07-28 10:54:25,512.6,2736239,10,509.44,443799,566105,0.3523884103367289,0
2023-07-28 10:54:25,512.6,2736239,10,509.44,442900,565913,0.3523884103367289,0
2023-07-28 10:54:25,512.6,2736239,10,509.44,442900,565352,0.3523884103367289,0
2023-07-28 10:54:31,512.65,2736259,62,509.44,444514,565352,0.362176977290518,0
2023-07-28 10:54:32,512.65,2738392,62,509.45,443054,565090,0.362176977290518,0
2023-07-28 10:54:32,512.65,2738392,62,509.45,443362,564880,0.362176977290518,0
2023-07-28 10:54:36,512.35,2738401,9,509.45,443041,567173,0.3034455755677391,0
2023-07-28 10:54:37,512.35,2738416,15,509.45,443059,568951,0.3034455755677391,0
2023-07-28 10:54:38,512.35,2738457,41,509.45,443018,569026,0.3034455755677391,0
2023-07-28 10:54:39,512.35,2738557,73,509.45,444626,569257,0.3034455755677391,0
2023-07-28 10:54:39,512.55,2738557,5,509.45,444626,569257,0.3425998433829176,0
2023-07-28 10:54:40,512.35,2738635,5,509.45,444999,569413,0.3034455755677391,0
2023-07-28 10:54:40,512.35,2738635,10,509.45,444999,569413,0.3034455755677391,0
2023-07-28 10:54:41,512.55,2738712,13,509.45,444989,568054,0.3425998433829176,0
2023-07-28 10:54:42,512.55,2738913,1,509.45,445160,568800,0.3425998433829176,0
2023-07-28 10:54:42,512.55,2738913,1,509.45,445160,568800,0.3425998433829176,0
2023-07-28 10:54:43,512.55,2738953,40,509.45,445160,570224,0.3425998433829176,0
2023-07-28 10:54:43,512.55,2738953,40,509.45,445160,570224,0.3425998433829176,0
2023-07-28 10:54:44,512.35,2739013,10,509.45,445470,570224,0.3034455755677391,0
2023-07-28 10:54:44,512.35,2739013,10,509.45,445470,570224,0.3034455755677391,0
2023-07-28 10:54:44,512.35,2739013,4,509.45,445470,570224,0.3034455755677391,0
2023-07-28 10:54:45,512.35,2739017,4,509.45,445378,570535,0.3034455755677391,0
2023-07-28 10:54:45,512.35,2739017,4,509.45,445378,570535,0.3034455755677391,0
2023-07-28 10:54:45,512.35,2739017,72,509.45,445378,570535,0.3034455755677391,0
2023-07-28 10:54:48,512.35,2739166,72,509.45,442053,574372,0.3034455755677391,0
2023-07-28 10:54:48,512.2,2739166,2,509.45,442053,574372,0.27407987470634965,0
2023-07-28 10:54:50,512.45,2739173,1,509.45,441785,575334,0.32302270947533945,0
2023-07-28 10:54:50,512.45,2739173,1,509.45,441737,575410,0.32302270947533945,0
2023-07-28 10:54:50,512.45,2739173,4,509.45,441737,575410,0.32302270947533945,0
2023-07-28 10:54:52,512.45,2739177,4,509.45,441870,575092,0.32302270947533945,0
2023-07-28 10:54:54,512.2,2739187,6,509.45,442117,573859,0.27407987470634965,0
2023-07-28 10:54:54,512.5,2739187,16,509.45,442117,573859,0.33281127642912856,0
2023-07-28 10:54:54,512.5,2739687,16,509.45,443097,574212,0.33281127642912856,0
2023-07-28 10:54:56,512.45,2739789,2,509.45,442430,573765,0.32302270947533945,0
2023-07-28 10:54:57,512.2,2739810,21,509.45,440879,574104,0.27407987470634965,0
2023-07-28 10:54:57,512.2,2739810,4,509.45,440879,574104,0.27407987470634965,0
2023-07-28 10:54:58,512.2,2739957,10,509.45,441549,573790,0.27407987470634965,0
2023-07-28 10:54:58,512.2,2739957,10,509.45,442742,574172,0.27407987470634965,0
2023-07-28 10:54:58,512.45,2739957,10,509.45,442742,574172,0.32302270947533945,0
2023-07-28 10:54:58,512.2,2739957,14,509.45,442742,574172,0.27407987470634965,0
2023-07-28 10:55:01,512.2,2739981,14,509.45,443181,575317,0.27407987470634965,0
2023-07-28 10:55:02,512.2,2740081,68,509.45,443154,575557,0.27407987470634965,0
2023-07-28 10:55:02,512.45,2740081,10,509.45,444221,575889,0.32302270947533945,0
2023-07-28 10:55:02,512.25,2740081,6,509.45,444221,575889,0.28386844166013875,0
2023-07-28 10:55:04,512.2,2740147,9,509.45,444711,576446,0.27407987470634965,0
2023-07-28 10:55:05,512.2,2740296,9,509.45,445422,576446,0.27407987470634965,0
2023-07-28 10:55:05,512.2,2740296,12,509.45,445422,576446,0.27407987470634965,0
2023-07-28 10:55:06,512.15,2741301,78,509.45,445974,574348,0.26429130775253834,0
2023-07-28 10:55:06,512.25,2741301,1,509.45,445974,574348,0.28386844166013875,0
2023-07-28 10:55:06,512.5,2741301,99,509.45,445974,574348,0.33281127642912856,0
2023-07-28 10:55:06,512.5,2741301,40,509.45,445974,574348,0.33281127642912856,0
2023-07-28 10:55:11,512.5,2741892,1,509.45,449413,575563,0.33281127642912856,0
2023-07-28 10:55:11,512.45,2741892,50,509.45,449413,575563,0.32302270947533945,0
2023-07-28 10:55:11,512.4,2741892,50,509.45,449413,575563,0.31323414252152815,0
2023-07-28 10:55:11,512.4,2741892,10,509.45,449413,575563,0.31323414252152815,0
2023-07-28 10:55:13,512.4,2744089,10,509.45,449482,574317,0.31323414252152815,0
2023-07-28 10:55:13,512.7,2744089,4,509.45,449482,574317,0.3719655442443293,0
2023-07-28 10:55:13,512.5,2744089,20,509.45,449482,574317,0.33281127642912856,0
2023-07-28 10:55:13,512.4,2744089,5,509.45,449482,574317,0.31323414252152815,0
2023-07-28 10:55:20,512.65,2744392,9,509.45,448757,575219,0.362176977290518,0
2023-07-28 10:55:20,512.65,2744392,9,509.45,448757,575219,0.362176977290518,0
2023-07-28 10:55:20,512.4,2744392,5,509.45,448757,575219,0.31323414252152815,0
2023-07-28 10:55:20,512.4,2744392,1,509.45,448757,575219,0.31323414252152815,0
2023-07-28 10:55:20,512.4,2744392,2,509.45,448757,575219,0.31323414252152815,0
2023-07-28 10:55:24,512.4,2744461,3,509.45,450192,576558,0.31323414252152815,0
2023-07-28 10:55:24,512.4,2744461,5,509.45,450192,576558,0.31323414252152815,0
2023-07-28 10:55:24,512.4,2744461,6,509.45,450192,576558,0.31323414252152815,0
2023-07-28 10:55:24,512.4,2744461,1,509.45,450192,576558,0.31323414252152815,0
2023-07-28 10:55:29,512.35,2744521,6,509.45,444510,580264,0.3034455755677391,0
2023-07-28 10:55:29,512.4,2744521,3,509.45,444510,580264,0.31323414252152815,0
2023-07-28 10:55:29,512.35,2744521,13,509.45,444510,580264,0.3034455755677391,0
2023-07-28 10:55:32,512.35,2747696,13,509.46,448177,578859,0.3034455755677391,0
2023-07-28 10:55:32,512.4,2747696,27,509.46,448177,578859,0.31323414252152815,0
2023-07-28 10:55:32,512.4,2747696,6,509.46,448177,578859,0.31323414252152815,0
2023-07-28 10:55:32,512.4,2747696,20,509.46,448177,578859,0.31323414252152815,0
2023-07-28 10:55:32,512.4,2747696,3,509.46,448177,578859,0.31323414252152815,0
2023-07-28 10:55:38,512.4,2747792,20,509.46,447983,579192,0.31323414252152815,0
2023-07-28 10:55:38,512.4,2747792,12,509.46,447983,579192,0.31323414252152815,0
2023-07-28 10:55:38,512.35,2747792,325,509.46,447983,579192,0.3034455755677391,0
2023-07-28 10:55:38,512.65,2747792,2,509.46,447983,579192,0.362176977290518,0
2023-07-28 10:55:38,512.65,2747792,99,509.46,447983,579192,0.362176977290518,0
2023-07-28 10:55:42,512.65,2748912,99,509.46,448115,579953,0.362176977290518,0
2023-07-28 10:55:42,512.35,2748912,12,509.46,448115,579953,0.3034455755677391,0
2023-07-28 10:55:46,512.35,2748925,12,509.46,449795,579994,0.3034455755677391,0
2023-07-28 10:55:46,512.35,2748925,7,509.46,449795,579994,0.3034455755677391,0
2023-07-28 10:55:52,512.35,2748942,7,509.46,448221,578214,0.3034455755677391,0
2023-07-28 10:55:52,512.35,2748942,4,509.46,448221,578214,0.3034455755677391,0
2023-07-28 10:55:52,512.65,2748942,6,509.46,448221,578214,0.362176977290518,0
2023-07-28 10:55:52,512.35,2748942,4,509.46,448221,578214,0.3034455755677391,0
2023-07-28 10:55:54,512.35,2749068,4,509.46,449176,577619,0.3034455755677391,0
2023-07-28 10:55:54,512.35,2749068,7,509.46,449176,577619,0.3034455755677391,0
2023-07-28 10:55:54,512.65,2749068,50,509.46,449176,577619,0.362176977290518,0
2023-07-28 10:55:54,512.65,2749068,11,509.46,449176,577619,0.362176977290518,0
2023-07-28 10:56:00,512.65,2749151,1,509.46,448931,577588,0.362176977290518,0
2023-07-28 10:56:00,512.35,2749151,201,509.46,448931,577588,0.3034455755677391,0
2023-07-28 10:56:00,512.65,2749151,10,509.46,448931,577588,0.362176977290518,0
2023-07-28 10:56:04,512.55,2750155,1,509.46,453273,574436,0.3425998433829176,0
2023-07-28 10:56:04,512.55,2750155,1,509.46,453273,574436,0.3425998433829176,0
2023-07-28 10:56:04,512.7,2750155,1,509.46,453273,574436,0.3719655442443293,0
2023-07-28 10:56:06,512.7,2750416,1,509.46,452842,575131,0.3719655442443293,0
2023-07-28 10:56:06,512.7,2750416,1,509.46,452842,575131,0.3719655442443293,0
2023-07-28 10:56:07,512.55,2750421,4,509.46,452838,575130,0.3425998433829176,0
2023-07-28 10:56:07,512.55,2750421,1,509.46,452838,575130,0.3425998433829176,0
2023-07-28 10:56:07,512.7,2750430,100,509.46,452694,575305,0.3719655442443293,0
2023-07-28 10:56:09,512.55,2750540,10,509.46,452684,575307,0.3425998433829176,0
2023-07-28 10:56:09,512.55,2750540,1,509.46,452684,575307,0.3425998433829176,0
2023-07-28 10:56:10,512.5,2750628,26,509.46,451641,575571,0.33281127642912856,0
2023-07-28 10:56:10,512.5,2750628,25,509.46,451641,575571,0.33281127642912856,0
2023-07-28 10:56:11,512.7,2750881,38,509.46,451861,575567,0.3719655442443293,0
2023-07-28 10:56:11,512.7,2751921,38,509.46,452147,575477,0.3719655442443293,0
2023-07-28 10:56:13,512.5,2751971,30,509.46,452121,575477,0.33281127642912856,0
2023-07-28 10:56:13,512.5,2751971,25,509.46,452121,575477,0.33281127642912856,0
2023-07-28 10:56:13,512.5,2751996,25,509.46,452121,575527,0.33281127642912856,0
2023-07-28 10:56:13,512.8,2751996,100,509.46,452071,580027,0.3915426781519074,0
2023-07-28 10:56:16,512.85,2752504,104,509.46,454954,575367,0.4013312451057187,0
2023-07-28 10:56:16,512.85,2752504,104,509.46,454954,575367,0.4013312451057187,0
2023-07-28 10:56:16,512.85,2752504,104,509.46,455805,574978,0.4013312451057187,0
2023-07-28 10:56:18,512.7,2752509,5,509.46,455800,574978,0.3719655442443293,0
2023-07-28 10:56:19,512.7,2752510,1,509.46,457430,574978,0.3719655442443293,0
2023-07-28 10:56:19,512.85,2752510,98,509.46,457430,574978,0.4013312451057187,0
2023-07-28 10:56:19,512.85,2752510,4,509.46,457430,574978,0.4013312451057187,0
2023-07-28 10:56:21,512.85,2752855,4,509.46,457377,572076,0.4013312451057187,0
2023-07-28 10:56:21,513.0,2752855,780,509.46,457377,572076,0.43069694596710817,0
2023-07-28 10:56:21,513.0,2752855,780,509.46,457377,572076,0.43069694596710817,0
2023-07-28 10:56:21,513.0,2752855,1,509.46,457377,572076,0.43069694596710817,0
2023-07-28 10:56:24,513.0,2755504,468,509.47,456147,566825,0.43069694596710817,0
2023-07-28 10:56:24,512.9,2755704,8,509.47,456002,566625,0.4111198120595078,0
2023-07-28 10:56:24,512.9,2755704,8,509.47,456002,566625,0.4111198120595078,0
2023-07-28 10:56:25,512.9,2755708,4,509.47,455845,566675,0.4111198120595078,0
2023-07-28 10:56:25,512.9,2755708,4,509.47,455845,566675,0.4111198120595078,0
2023-07-28 10:56:27,513.0,2756657,16,509.47,454370,565743,0.43069694596710817,0
2023-07-28 10:56:27,513.0,2756657,16,509.47,454370,565743,0.43069694596710817,0
2023-07-28 10:56:27,512.95,2756657,476,509.47,454370,565743,0.4209083790133191,0
2023-07-28 10:56:29,512.9,2757157,4,509.47,454570,565672,0.4111198120595078,0
2023-07-28 10:56:31,512.9,2757184,4,509.47,451735,566389,0.4111198120595078,0
2023-07-28 10:56:31,512.9,2757184,4,509.47,451735,566389,0.4111198120595078,0
2023-07-28 10:56:31,513.0,2757184,131,509.47,453176,565748,0.43069694596710817,0
2023-07-28 10:56:33,513.0,2759258,131,509.47,452804,564686,0.43069694596710817,0
2023-07-28 10:56:33,513.0,2759258,100,509.47,452804,564686,0.43069694596710817,0
2023-07-28 10:56:33,513.0,2759358,100,509.47,452954,564483,0.43069694596710817,0
2023-07-28 10:56:33,512.9,2759358,2,509.47,452954,564483,0.4111198120595078,0
2023-07-28 10:56:35,512.9,2759364,2,509.47,452920,564483,0.4111198120595078,0
2023-07-28 10:56:35,512.9,2759364,6,509.47,452920,564483,0.4111198120595078,0
2023-07-28 10:56:36,513.0,2759440,51,509.47,452741,564361,0.43069694596710817,0
2023-07-28 10:56:36,513.0,2759440,51,509.47,454568,564307,0.43069694596710817,0
2023-07-28 10:56:39,512.9,2759451,7,509.47,452914,564389,0.4111198120595078,0
2023-07-28 10:56:41,512.8,2759465,4,509.47,451503,567062,0.3915426781519074,0
2023-07-28 10:56:41,512.8,2759465,4,509.47,449855,567062,0.3915426781519074,0
2023-07-28 10:56:41,512.7,2759465,20,509.47,449855,567062,0.3719655442443293,0
2023-07-28 10:56:42,512.7,2759905,20,509.47,450687,566794,0.3719655442443293,0
2023-07-28 10:56:42,512.8,2759905,4,509.47,450847,567021,0.3915426781519074,0
2023-07-28 10:56:44,512.95,2759911,2,509.47,450998,565993,0.4209083790133191,0
2023-07-28 10:56:45,512.95,2759918,4,509.47,451189,565740,0.4209083790133191,0
2023-07-28 10:56:45,512.95,2759918,4,509.47,450598,566498,0.4209083790133191,0
2023-07-28 10:56:48,512.8,2759921,3,509.47,450766,566670,0.3915426781519074,0
2023-07-28 10:56:48,512.8,2759921,3,509.47,451791,566720,0.3915426781519074,0
2023-07-28 10:56:48,512.85,2759921,1,509.47,452066,566825,0.4013312451057187,0
2023-07-28 10:56:50,512.85,2759922,1,509.47,452079,566766,0.4013312451057187,0
2023-07-28 10:56:50,512.85,2759922,4,509.47,452079,566766,0.4013312451057187,0
2023-07-28 10:56:51,512.85,2759926,4,509.47,451606,567114,0.4013312451057187,0
2023-07-28 10:56:52,512.85,2759930,4,509.47,452063,567724,0.4013312451057187,0
2023-07-28 10:56:52,512.8,2759930,291,509.47,452063,567669,0.3915426781519074,0
2023-07-28 10:56:55,512.8,2760385,291,509.47,451940,567956,0.3915426781519074,0
2023-07-28 10:56:55,512.8,2760385,291,509.47,453641,568557,0.3915426781519074,0
2023-07-28 10:56:55,512.8,2760385,291,509.47,457841,571428,0.3915426781519074,0
2023-07-28 10:56:58,512.8,2760391,6,509.47,455665,571746,0.3915426781519074,0
2023-07-28 10:56:58,512.8,2760391,2,509.47,455665,571746,0.3915426781519074,0
2023-07-28 10:56:58,512.8,2760393,2,509.47,455751,571745,0.3915426781519074,0
2023-07-28 10:56:58,512.8,2760393,20,509.47,455751,571745,0.3915426781519074,0
2023-07-28 10:57:00,512.8,2760414,5,509.47,455232,572093,0.3915426781519074,0
2023-07-28 10:57:01,512.8,2760444,25,509.47,455162,572093,0.3915426781519074,0
2023-07-28 10:57:01,512.8,2760444,25,509.47,455162,572093,0.3915426781519074,0
2023-07-28 10:57:01,512.9,2760444,204,509.47,455162,572093,0.4111198120595078,0
2023-07-28 10:57:03,512.9,2760694,204,509.47,455266,572030,0.4111198120595078,0
2023-07-28 10:57:03,512.45,2762335,41,509.47,448465,573383,0.32302270947533945,0
2023-07-28 10:57:04,512.45,2762359,4,509.47,448780,575038,0.32302270947533945,0
2023-07-28 10:57:04,512.45,2762359,2,509.47,448780,575038,0.32302270947533945,0
2023-07-28 10:57:06,512.55,2762368,5,509.47,449786,574010,0.3425998433829176,0
2023-07-28 10:57:07,512.6,2762383,14,509.47,448141,573793,0.3523884103367289,0
2023-07-28 10:57:07,512.6,2762383,14,509.47,448141,573793,0.3523884103367289,0
2023-07-28 10:57:08,512.7,2764158,122,509.48,452843,572515,0.3719655442443293,0
2023-07-28 10:57:09,512.5,2764711,45,509.48,451519,576836,0.33281127642912856,0
2023-07-28 10:57:10,512.5,2764799,5,509.48,450424,575560,0.33281127642912856,0
2023-07-28 10:57:11,512.45,2764825,4,509.48,450248,577318,0.32302270947533945,0
2023-07-28 10:57:11,512.45,2764825,4,509.48,450248,578003,0.32302270947533945,0
2023-07-28 10:57:11,512.65,2764825,1,509.48,450248,578003,0.362176977290518,0
2023-07-28 10:57:13,512.45,2764826,5,509.48,450248,578372,0.32302270947533945,0
2023-07-28 10:57:14,512.45,2764831,5,509.48,450230,576857,0.32302270947533945,0
2023-07-28 10:57:15,512.45,2765006,164,509.48,448796,576701,0.32302270947533945,0
2023-07-28 10:57:16,512.45,2765131,125,509.48,449560,577067,0.32302270947533945,0
2023-07-28 10:57:16,512.45,2765131,125,509.48,449560,577067,0.32302270947533945,0
2023-07-28 10:57:16,512.45,2765131,125,509.48,449560,577067,0.32302270947533945,0
2023-07-28 10:57:18,512.3,2765188,7,509.48,449501,577914,0.2936570086139278,0
2023-07-28 10:57:18,512.3,2765188,7,509.48,449501,577914,0.2936570086139278,0
2023-07-28 10:57:19,512.45,2765203,15,509.48,448644,577571,0.32302270947533945,0
2023-07-28 10:57:20,512.3,2765554,150,509.48,449007,577708,0.2936570086139278,0
2023-07-28 10:57:21,512.3,2765558,4,509.48,448954,577387,0.2936570086139278,0
2023-07-28 10:57:21,512.05,2765558,4,509.48,448954,577387,0.24471417384493796,0
2023-07-28 10:57:23,511.9,2771561,1,509.48,438008,576951,0.21534847298354853,0
2023-07-28 10:57:25,512.0,2772477,48,509.48,441257,576375,0.2349256068911489,0
2023-07-28 10:57:25,511.75,2772479,2,509.48,440020,576337,0.18598277212215908,0
2023-07-28 10:57:27,511.95,2772583,100,509.48,440073,576379,0.2251370399373487,0
2023-07-28 10:57:27,512.0,2772633,5,509.48,440133,576347,0.2349256068911489,0
2023-07-28 10:57:29,512.0,2773635,2,509.49,440627,574887,0.2349256068911489,0
2023-07-28 10:57:29,512.0,2773635,2,509.49,440627,574791,0.2349256068911489,0
2023-07-28 10:57:30,511.75,2773676,40,509.49,440879,575690,0.18598277212215908,0
2023-07-28 10:57:30,512.1,2773676,163,509.49,440879,575690,0.2545027407987493,0
2023-07-28 10:57:32,511.9,2775686,10,509.49,443185,577518,0.21534847298354853,0
2023-07-28 10:57:33,511.9,2775786,55,509.49,443101,577571,0.21534847298354853,0
2023-07-28 10:57:34,511.95,2775792,5,509.49,443233,579004,0.2251370399373487,0
2023-07-28 10:57:34,511.95,2775792,5,509.49,443233,579004,0.2251370399373487,0
2023-07-28 10:57:36,511.9,2776294,7,509.49,441734,578615,0.21534847298354853,0
2023-07-28 10:57:36,511.9,2776294,7,509.49,441575,577142,0.21534847298354853,0
2023-07-28 10:57:38,511.95,2776298,4,509.49,441400,577086,0.2251370399373487,0
2023-07-28 10:57:38,512.25,2776298,19,509.49,441400,577086,0.28386844166013875,0
2023-07-28 10:57:39,511.95,2776821,27,509.49,438346,579520,0.2251370399373487,0
2023-07-28 10:57:39,511.95,2776821,27,509.49,438346,579520,0.2251370399373487,0
2023-07-28 10:57:40,511.8,2776833,15,509.49,441341,580531,0.19577133907595928,0
2023-07-28 10:57:40,512.15,2776833,14,509.49,441341,580531,0.26429130775253834,0
2023-07-28 10:57:42,512.15,2776909,14,509.49,443562,577387,0.26429130775253834,0
2023-07-28 10:57:42,511.65,2776909,96,509.49,443562,577387,0.1664056382145587,0
2023-07-28 10:57:43,511.75,2783769,1,509.49,439418,578396,0.18598277212215908,0
2023-07-28 10:57:43,511.75,2783769,1,509.49,439418,578396,0.18598277212215908,0
2023-07-28 10:57:43,511.75,2783769,1,509.49,440852,581187,0.18598277212215908,0
2023-07-28 10:57:43,511.65,2783769,4,509.49,440852,581187,0.1664056382145587,0
2023-07-28 10:57:46,511.7,2783926,100,509.49,441800,577846,0.1761942051683589,0
2023-07-28 10:57:46,511.7,2783926,100,509.49,441800,577846,0.1761942051683589,0
2023-07-28 10:57:48,511.65,2784536,10,509.49,443420,577718,0.1664056382145587,0
2023-07-28 10:57:49,511.7,2784711,23,509.49,444552,579796,0.1761942051683589,0
2023-07-28 10:57:49,511.7,2784711,23,509.49,444596,579796,0.1761942051683589,0
2023-07-28 10:57:49,511.75,2784711,1,509.49,444596,579796,0.18598277212215908,0
2023-07-28 10:57:50,511.75,2784712,1,509.49,444235,579892,0.18598277212215908,0
2023-07-28 10:57:50,511.75,2784712,4,509.49,443859,580774,0.18598277212215908,0
2023-07-28 10:57:52,511.75,2784720,4,509.49,443774,581562,0.18598277212215908,0
2023-07-28 10:57:52,511.75,2784720,4,509.49,443776,581562,0.18598277212215908,0
2023-07-28 10:57:53,511.75,2784724,4,509.49,443679,581562,0.18598277212215908,0
2023-07-28 10:57:55,511.75,2785726,26,509.5,442371,582093,0.18598277212215908,0
2023-07-28 10:57:55,511.75,2785726,26,509.5,442371,582093,0.18598277212215908,0
2023-07-28 10:57:56,512.0,2785742,16,509.5,443991,580290,0.2349256068911489,0
2023-07-28 10:57:56,511.8,2785742,7,509.5,443991,580290,0.19577133907595928,0
2023-07-28 10:57:58,512.05,2786048,37,509.5,445045,581509,0.24471417384493796,0
2023-07-28 10:57:59,511.75,2786748,141,509.5,444805,581339,0.18598277212215908,0
2023-07-28 10:58:00,511.75,2786749,1,509.5,444718,581359,0.18598277212215908,0
2023-07-28 10:58:00,511.75,2786749,1,509.5,444718,583709,0.18598277212215908,0
2023-07-28 10:58:00,511.75,2786749,1,509.5,445218,583711,0.18598277212215908,0
2023-07-28 10:58:00,511.75,2786749,1,509.5,445794,593711,0.18598277212215908,0
2023-07-28 10:58:00,511.75,2786749,1,509.5,445017,594049,0.18598277212215908,0
2023-07-28 10:58:00,511.75,2786749,2,509.5,445017,594049,0.18598277212215908,0
2023-07-28 10:58:06,511.75,2789777,125,509.5,443509,596136,0.18598277212215908,0
2023-07-28 10:58:06,511.9,2789877,77,509.5,444683,596014,0.21534847298354853,0
2023-07-28 10:58:07,511.75,2790022,41,509.5,444337,595861,0.18598277212215908,0
2023-07-28 10:58:07,511.75,2790022,41,509.5,444496,594798,0.18598277212215908,0
2023-07-28 10:58:07,511.75,2790022,41,509.5,444507,592449,0.18598277212215908,0
2023-07-28 10:58:07,511.75,2790022,1,509.5,444507,592449,0.18598277212215908,0
2023-07-28 10:58:10,511.75,2790023,1,509.5,444640,592664,0.18598277212215908,0
2023-07-28 10:58:10,511.75,2790023,25,509.5,444640,592664,0.18598277212215908,0
2023-07-28 10:58:11,511.95,2790048,23,509.5,443952,594430,0.2251370399373487,0
2023-07-28 10:58:12,511.95,2790118,23,509.5,443982,594298,0.2251370399373487,0
2023-07-28 10:58:14,511.9,2790667,47,509.5,444898,594311,0.21534847298354853,0
2023-07-28 10:58:14,511.9,2790668,1,509.5,444898,594506,0.21534847298354853,0
2023-07-28 10:58:15,511.75,2790705,2,509.5,445224,595251,0.18598277212215908,0
2023-07-28 10:58:15,511.75,2790705,10,509.5,445224,595251,0.18598277212215908,0
2023-07-28 10:58:17,511.7,2790844,2,509.5,445663,595657,0.1761942051683589,0
2023-07-28 10:58:18,511.6,2791000,4,509.5,442999,595099,0.15661707126076965,0
2023-07-28 10:58:18,511.6,2791000,4,509.5,443038,595099,0.15661707126076965,0
2023-07-28 10:58:18,511.55,2791000,2,509.5,443038,595099,0.14682850430696945,0
2023-07-28 10:58:21,511.55,2791007,1,509.5,442494,595101,0.14682850430696945,0
2023-07-28 10:58:22,511.4,2791465,36,509.5,440187,596071,0.11746280344556889,0
2023-07-28 10:58:22,511.4,2791465,36,509.5,443729,596203,0.11746280344556889,0
2023-07-28 10:58:22,511.4,2791465,36,509.5,443729,596562,0.11746280344556889,0
2023-07-28 10:58:24,511.7,2791470,5,509.5,443688,596230,0.1761942051683589,0
2023-07-28 10:58:24,511.7,2791470,10,509.5,443688,596230,0.1761942051683589,0
2023-07-28 10:58:25,511.45,2791482,2,509.5,443425,595421,0.12725137039936907,0
2023-07-28 10:58:25,511.45,2791482,2,509.5,443425,595421,0.12725137039936907,0
2023-07-28 10:58:25,511.45,2791482,2,509.5,442742,595881,0.12725137039936907,0
2023-07-28 10:58:25,511.6,2791482,1,509.5,442742,595881,0.15661707126076965,0
2023-07-28 10:58:27,511.6,2791483,1,509.5,442797,595881,0.15661707126076965,0
2023-07-28 10:58:28,511.45,2791644,25,509.5,442832,595437,0.12725137039936907,0
2023-07-28 10:58:28,511.45,2791644,25,509.5,442832,595437,0.12725137039936907,0
2023-07-28 10:58:29,511.45,2791664,20,509.5,442871,594936,0.12725137039936907,0
2023-07-28 10:58:30,511.45,2791665,1,509.5,442963,595297,0.12725137039936907,0
2023-07-28 10:58:30,511.5,2791665,2,509.5,443950,595618,0.13703993735316927,0
2023-07-28 10:58:32,511.5,2791674,7,509.5,444212,595593,0.13703993735316927,0
2023-07-28 10:58:33,511.6,2791729,22,509.5,444467,594560,0.15661707126076965,0
2023-07-28 10:58:33,511.6,2791729,5,509.5,444467,594560,0.15661707126076965,0
2023-07-28 10:58:35,511.5,2791744,2,509.5,443945,594798,0.13703993735316927,0
2023-07-28 10:58:36,511.6,2791813,69,509.5,444295,594866,0.15661707126076965,0
2023-07-28 10:58:36,511.35,2791813,23,509.5,444295,594866,0.10767423649177983,0
2023-07-28 10:58:37,511.3,2792977,10,509.5,443858,596241,0.09788566953797964,0
2023-07-28 10:58:37,511.35,2792977,40,509.5,443858,596241,0.10767423649177983,0
2023-07-28 10:58:38,511.3,2793075,58,509.5,445225,595287,0.09788566953797964,0
2023-07-28 10:58:39,511.5,2793175,4,509.5,446225,595194,0.13703993735316927,0
2023-07-28 10:58:40,511.5,2793199,23,509.5,446224,595253,0.13703993735316927,0
2023-07-28 10:58:41,511.3,2793309,100,509.5,445729,595574,0.09788566953797964,0
2023-07-28 10:58:41,511.15,2793309,160,509.5,445729,595574,0.06851996867657907,0
2023-07-28 10:58:43,511.05,2798966,14,509.5,433321,591727,0.04894283476898982,0
2023-07-28 10:58:43,511.05,2798966,14,509.5,434648,593570,0.04894283476898982,0
2023-07-28 10:58:43,511.3,2798966,4,509.5,434648,593570,0.09788566953797964,0
2023-07-28 10:58:45,510.95,2799170,11,509.5,438832,594377,0.02936570086138944,0
2023-07-28 10:58:46,511.1,2799201,28,509.5,439673,593007,0.05873140172279001,0
2023-07-28 10:58:46,511.1,2799201,28,509.5,439673,593007,0.05873140172279001,0
2023-07-28 10:58:46,511.1,2799201,13,509.5,440131,594401,0.05873140172279001,0
2023-07-28 10:58:48,511.2,2799447,28,509.5,440082,594698,0.07830853563037926,0
2023-07-28 10:58:48,511.2,2799447,28,509.5,440053,595074,0.07830853563037926,0
2023-07-28 10:58:50,511.1,2799848,1,509.5,439360,594865,0.05873140172279001,0
2023-07-28 10:58:50,511.1,2799848,1,509.5,440520,594387,0.05873140172279001,0
2023-07-28 10:58:50,511.15,2799848,5,509.5,440520,594387,0.06851996867657907,0
2023-07-28 10:58:52,511.1,2799953,35,509.51,440411,594798,0.05873140172279001,0
2023-07-28 10:58:53,511.05,2800413,63,509.51,439302,593286,0.04894283476898982,0
2023-07-28 10:58:54,511.15,2800416,3,509.51,441015,595307,0.06851996867657907,0
2023-07-28 10:58:55,510.9,2800619,11,509.51,440352,595774,0.01957713390758925,0
2023-07-28 10:58:55,510.9,2800619,11,509.51,440352,595774,0.01957713390758925,0
2023-07-28 10:58:56,511.0,2800685,2043,509.51,440760,595305,0.03915426781518963,0
2023-07-28 10:58:57,510.95,2802728,9,509.51,440998,595368,0.02936570086138944,0
2023-07-28 10:58:58,511.2,2802742,5,509.51,440999,595565,0.07830853563037926,0
2023-07-28 10:58:58,511.2,2802742,5,509.51,440999,595565,0.07830853563037926,0
2023-07-28 10:58:59,510.95,2802744,2,509.51,439449,595871,0.02936570086138944,0
2023-07-28 10:59:00,511.0,2802765,1,509.51,441417,596368,0.03915426781518963,0
2023-07-28 10:59:01,511.0,2802833,51,509.51,441148,596531,0.03915426781518963,0
2023-07-28 10:59:03,511.0,2802858,25,509.51,441123,596557,0.03915426781518963,0
2023-07-28 10:59:03,511.0,2802858,25,509.51,440769,596952,0.03915426781518963,0
2023-07-28 10:59:05,511.2,2803060,200,509.51,440978,596443,0.07830853563037926,0
2023-07-28 10:59:05,511.2,2803060,200,509.51,439939,596776,0.07830853563037926,0
2023-07-28 10:59:05,511.2,2803060,100,509.51,439939,596776,0.07830853563037926,0
2023-07-28 10:59:07,511.0,2803169,9,509.51,439973,596762,0.03915426781518963,0
2023-07-28 10:59:08,511.0,2803394,25,509.51,439715,597237,0.03915426781518963,0
2023-07-28 10:59:08,511.0,2803394,25,509.51,439723,597237,0.03915426781518963,0
2023-07-28 10:59:10,511.0,2803524,65,509.51,437493,599015,0.03915426781518963,0
2023-07-28 10:59:12,511.45,2807525,89,509.51,432757,593999,0.12725137039936907,0
2023-07-28 10:59:12,511.85,2815702,97,509.52,430551,594484,0.20555990602975946,0
2023-07-28 10:59:12,511.85,2815702,97,509.52,435307,593787,0.20555990602975946,0
2023-07-28 10:59:15,511.9,2815704,2,509.52,435498,593810,0.21534847298354853,0
2023-07-28 10:59:15,511.55,2815710,2,509.52,434914,593163,0.14682850430696945,0
2023-07-28 10:59:15,511.55,2815710,2,509.52,435069,593558,0.14682850430696945,0
2023-07-28 10:59:15,511.55,2815710,2,509.52,434871,593558,0.14682850430696945,0
2023-07-28 10:59:19,511.85,2815879,87,509.52,435026,593802,0.20555990602975946,0
2023-07-28 10:59:19,511.85,2815879,87,509.52,435116,594217,0.20555990602975946,0
2023-07-28 10:59:19,511.55,2815879,1,509.52,435116,594217,0.14682850430696945,0
2023-07-28 10:59:20,511.55,2815880,1,509.52,434597,592348,0.14682850430696945,0
2023-07-28 10:59:22,511.35,2815884,2,509.52,431356,595580,0.10767423649177983,0
2023-07-28 10:59:22,511.35,2815884,2,509.52,431356,595580,0.10767423649177983,0
2023-07-28 10:59:22,511.7,2815884,14,509.52,431356,595580,0.1761942051683589,0
2023-07-28 10:59:23,511.7,2815984,14,509.52,433000,592313,0.1761942051683589,0
2023-07-28 10:59:23,511.7,2815984,14,509.52,433000,594751,0.1761942051683589,0
2023-07-28 10:59:23,511.5,2815984,2,509.52,433000,594751,0.13703993735316927,0
2023-07-28 10:59:23,511.5,2815984,2,509.52,433000,594751,0.13703993735316927,0
2023-07-28 10:59:23,511.5,2815984,2,509.52,433000,594751,0.13703993735316927,0
2023-07-28 10:59:27,511.85,2815987,1,509.52,436325,594995,0.20555990602975946,0
2023-07-28 10:59:27,511.6,2815987,10,509.52,436325,594724,0.15661707126076965,0
2023-07-28 10:59:28,511.6,2816047,10,509.52,436315,594213,0.15661707126076965,0
2023-07-28 10:59:30,511.7,2816052,5,509.52,436008,595822,0.1761942051683589,0
2023-07-28 10:59:30,511.6,2816052,2,509.52,436008,595822,0.15661707126076965,0
2023-07-28 10:59:30,511.85,2816054,72,509.52,435969,595775,0.20555990602975946,0
2023-07-28 10:59:32,511.6,2816564,1,509.52,435973,594843,0.15661707126076965,0
2023-07-28 10:59:33,511.6,2816615,50,509.52,436695,596172,0.15661707126076965,0
2023-07-28 10:59:34,511.9,2816621,6,509.52,436411,596166,0.21534847298354853,0
2023-07-28 10:59:35,511.6,2817594,24,509.52,434168,595759,0.15661707126076965,0
2023-07-28 10:59:35,511.6,2817594,24,509.52,434375,597993,0.15661707126076965,0
2023-07-28 10:59:35,511.85,2817594,2,509.52,434375,597993,0.20555990602975946,0
2023-07-28 10:59:37,511.9,2817801,67,509.52,436274,596864,0.21534847298354853,0
2023-07-28 10:59:37,512.0,2817801,35,509.52,436274,596864,0.2349256068911489,0
2023-07-28 10:59:38,512.0,2818301,35,509.52,436655,596563,0.2349256068911489,0
2023-07-28 10:59:38,511.75,2818301,1,509.52,436539,596564,0.18598277212215908,0
2023-07-28 10:59:40,511.9,2818302,1,509.52,435748,596371,0.21534847298354853,0
2023-07-28 10:59:41,511.75,2818303,2,509.52,436232,596370,0.18598277212215908,0
2023-07-28 10:59:42,511.75,2818305,2,509.52,435850,596337,0.18598277212215908,0
2023-07-28 10:59:44,511.75,2818307,1,509.52,436083,597111,0.18598277212215908,0
2023-07-28 10:59:44,511.7,2818307,401,509.52,436083,597111,0.1761942051683589,0
2023-07-28 10:59:45,511.7,2819379,28,509.52,435751,596728,0.1761942051683589,0
2023-07-28 10:59:45,511.7,2819379,28,509.52,435918,596645,0.1761942051683589,0
2023-07-28 10:59:47,511.95,2819389,9,509.52,435903,596551,0.2251370399373487,0
2023-07-28 10:59:47,511.95,2819389,9,509.52,435903,596551,0.2251370399373487,0
2023-07-28 10:59:47,511.95,2819389,9,509.52,435967,596551,0.2251370399373487,0
2023-07-28 10:59:47,511.7,2819389,1,509.52,435967,596551,0.1761942051683589,0
2023-07-28 10:59:50,511.7,2819390,1,509.52,435964,596551,0.1761942051683589,0
2023-07-28 10:59:50,511.7,2819390,1,509.52,435969,596551,0.1761942051683589,0
2023-07-28 10:59:50,511.7,2819390,1,509.52,438275,597918,0.1761942051683589,0
2023-07-28 10:59:50,511.7,2819390,1,509.52,437761,597091,0.1761942051683589,0
2023-07-28 10:59:50,511.7,2819390,1,509.52,438193,597092,0.1761942051683589,0
2023-07-28 10:59:55,511.85,2819392,2,509.52,437756,595483,0.20555990602975946,0
2023-07-28 10:59:55,511.85,2819392,6,509.52,437756,595483,0.20555990602975946,0
2023-07-28 10:59:58,511.85,2819413,2,509.52,438055,595265,0.20555990602975946,0
2023-07-28 10:59:58,511.85,2819413,2,509.52,438055,595285,0.20555990602975946,0
2023-07-28 10:59:58,511.85,2819413,25,509.52,437927,595758,0.20555990602975946,0
2023-07-28 11:00:01,511.85,2819440,1,509.52,437950,595253,0.20555990602975946,0
2023-07-28 11:00:01,511.7,2819440,148,509.52,437950,595253,0.1761942051683589,0
2023-07-28 11:00:02,511.7,2819941,148,509.52,435271,597932,0.1761942051683589,0
2023-07-28 11:00:03,511.7,2819967,1,509.52,435590,597426,0.1761942051683589,0
2023-07-28 11:00:03,511.7,2819967,1,509.52,435590,597431,0.1761942051683589,0
2023-07-28 11:00:03,511.8,2819967,1,509.52,435590,597431,0.19577133907595928,0
2023-07-28 11:00:06,511.85,2820424,200,509.52,436504,596753,0.20555990602975946,0
2023-07-28 11:00:07,511.75,2820455,10,509.52,437423,597342,0.18598277212215908,0
2023-07-28 11:00:07,512.0,2820455,1,509.52,437423,597342,0.2349256068911489,0
2023-07-28 11:00:08,511.75,2820461,5,509.52,437539,598477,0.18598277212215908,0
2023-07-28 11:00:09,512.15,2820661,72,509.52,438528,597428,0.26429130775253834,0
2023-07-28 11:00:10,511.65,2821348,3,509.52,436291,598531,0.1664056382145587,0
2023-07-28 11:00:11,511.7,2821580,200,509.52,435137,598375,0.1761942051683589,0
2023-07-28 11:00:12,511.55,2821811,7,509.52,427269,598517,0.14682850430696945,0
2023-07-28 11:00:13,511.55,2821813,2,509.52,435662,598516,0.14682850430696945,0
2023-07-28 11:00:14,511.9,2822313,27,509.52,435371,597225,0.21534847298354853,0
2023-07-28 11:00:14,511.85,2822313,60,509.52,435371,597225,0.20555990602975946,0
2023-07-28 11:00:15,511.55,2822615,2,509.52,435257,597321,0.14682850430696945,0
2023-07-28 11:00:16,511.55,2822685,70,509.52,435269,597321,0.14682850430696945,0
2023-07-28 11:00:16,511.55,2822685,65,509.52,435269,597321,0.14682850430696945,0
2023-07-28 11:00:18,511.55,2822885,65,509.52,436732,595663,0.14682850430696945,0
2023-07-28 11:00:20,511.65,2822896,11,509.52,437067,594907,0.1664056382145587,0
2023-07-28 11:00:20,511.65,2822896,6,509.52,437067,594907,0.1664056382145587,0
2023-07-28 11:00:20,511.65,2822903,6,509.52,434907,596864,0.1664056382145587,0
2023-07-28 11:00:20,511.65,2822903,6,509.52,435649,596410,0.1664056382145587,0
2023-07-28 11:00:20,511.65,2822903,1,509.52,435649,596410,0.1664056382145587,0
2023-07-28 11:00:23,511.65,2822904,1,509.52,436268,597274,0.1664056382145587,0
2023-07-28 11:00:23,511.65,2822904,1,509.52,436268,596942,0.1664056382145587,0
2023-07-28 11:00:23,511.65,2822904,2,509.52,436268,596942,0.1664056382145587,0
2023-07-28 11:00:25,511.65,2822906,2,509.52,436416,596942,0.1664056382145587,0
2023-07-28 11:00:26,511.65,2822907,1,509.52,437891,596281,0.1664056382145587,0
2023-07-28 11:00:26,511.65,2822907,1,509.52,438722,594634,0.1664056382145587,0
2023-07-28 11:00:28,511.75,2823107,83,509.52,438820,594107,0.18598277212215908,0
2023-07-28 11:00:28,511.75,2823107,100,509.52,438820,594107,0.18598277212215908,0
2023-07-28 11:00:29,511.75,2823232,25,509.52,438698,594205,0.18598277212215908,0
2023-07-28 11:00:30,511.75,2824367,1,509.52,439316,595920,0.18598277212215908,0
2023-07-28 11:00:30,511.75,2824367,1,509.52,439408,595761,0.18598277212215908,0
2023-07-28 11:00:30,511.75,2824367,1,509.52,439408,596179,0.18598277212215908,0
2023-07-28 11:00:33,512.0,2824487,4,509.52,438727,597109,0.2349256068911489,0
2023-07-28 11:00:33,512.0,2824487,60,509.52,439167,597084,0.2349256068911489,0
2023-07-28 11:00:33,512.0,2824487,2,509.52,439167,597084,0.2349256068911489,0
2023-07-28 11:00:35,512.0,2824549,2,509.52,438283,597190,0.2349256068911489,0
2023-07-28 11:00:35,512.0,2824549,40,509.52,438286,597290,0.2349256068911489,0
2023-07-28 11:00:38,512.1,2824635,31,509.52,438192,597243,0.2545027407987493,0
2023-07-28 11:00:38,512.0,2824635,4,509.52,438192,597243,0.2349256068911489,0
2023-07-28 11:00:38,512.0,2824639,4,509.52,438030,597243,0.2349256068911489,0
2023-07-28 11:00:40,512.0,2824669,2,509.52,437975,597245,0.2349256068911489,0
2023-07-28 11:00:40,512.0,2824669,2,509.52,437975,597245,0.2349256068911489,0
2023-07-28 11:00:41,511.75,2825313,100,509.52,435218,599264,0.18598277212215908,0
2023-07-28 11:00:41,511.9,2825313,2,509.52,435218,599264,0.21534847298354853,0
2023-07-28 11:00:42,511.65,2825317,1,509.52,436370,597507,0.1664056382145587,0
2023-07-28 11:00:43,511.7,2825337,20,509.52,438009,597343,0.1761942051683589,0
2023-07-28 11:00:43,511.7,2825337,20,509.52,438072,595790,0.1761942051683589,0
2023-07-28 11:00:45,511.7,2825359,2,509.52,438024,595790,0.1761942051683589,0
2023-07-28 11:00:45,511.7,2825359,2,509.52,438417,595790,0.1761942051683589,0
2023-07-28 11:00:45,511.85,2825359,7,509.52,438417,595790,0.20555990602975946,0
2023-07-28 11:00:48,511.85,2825423,40,509.52,430818,596078,0.20555990602975946,0
2023-07-28 11:00:49,511.85,2825425,2,509.52,439435,594228,0.20555990602975946,0
2023-07-28 11:00:49,511.85,2825425,2,509.52,439435,594228,0.20555990602975946,0
2023-07-28 11:00:49,511.85,2825425,1,509.52,440323,594715,0.20555990602975946,0
2023-07-28 11:00:51,511.85,2825426,1,509.52,439850,595151,0.20555990602975946,0
2023-07-28 11:00:51,512.1,2825426,1,509.52,439850,595151,0.2545027407987493,0
2023-07-28 11:00:52,511.85,2825429,2,509.52,439316,594478,0.20555990602975946,0
2023-07-28 11:00:52,511.85,2825429,2,509.52,438730,594900,0.20555990602975946,0
2023-07-28 11:00:52,511.85,2825429,2,509.52,439136,594900,0.20555990602975946,0
2023-07-28 11:00:55,511.85,2825431,2,509.52,438996,595087,0.20555990602975946,0
2023-07-28 11:00:55,511.85,2825431,2,509.52,438996,595176,0.20555990602975946,0
2023-07-28 11:00:55,512.0,2825431,1,509.52,438996,595176,0.2349256068911489,0
2023-07-28 11:00:58,511.85,2825434,1,509.52,438994,594895,0.20555990602975946,0
2023-07-28 11:00:58,511.85,2825434,1,509.52,438954,594319,0.20555990602975946,0
2023-07-28 11:01:00,512.0,2825507,70,509.52,439444,594246,0.2349256068911489,0
2023-07-28 11:01:00,511.85,2825509,1,509.52,439191,594245,0.20555990602975946,0
2023-07-28 11:01:00,512.0,2825509,16,509.52,439191,594245,0.2349256068911489,0
2023-07-28 11:01:02,511.85,2826225,477,509.52,439476,594035,0.20555990602975946,0
2023-07-28 11:01:02,511.85,2826225,477,509.52,439476,594035,0.20555990602975946,0
2023-07-28 11:01:02,511.85,2826225,477,509.52,439436,594035,0.20555990602975946,0
2023-07-28 11:01:02,511.85,2826225,477,509.52,439435,594035,0.20555990602975946,0
2023-07-28 11:01:02,511.85,2826225,2,509.52,439435,594035,0.20555990602975946,0
2023-07-28 11:01:05,512.0,2826247,6,509.52,436074,591030,0.2349256068911489,0
2023-07-28 11:01:05,512.0,2826247,6,509.52,436121,590842,0.2349256068911489,0
2023-07-28 11:01:05,512.0,2826247,6,509.52,436414,591273,0.2349256068911489,0
2023-07-28 11:01:05,512.0,2826247,6,509.52,436458,591319,0.2349256068911489,0
2023-07-28 11:01:09,512.0,2826252,5,509.52,435947,591188,0.2349256068911489,0
2023-07-28 11:01:10,511.85,2826352,73,509.52,435952,591935,0.20555990602975946,0
2023-07-28 11:01:10,511.85,2826352,200,509.52,435952,591935,0.20555990602975946,0
2023-07-28 11:01:11,511.85,2826552,200,509.52,436272,591724,0.20555990602975946,0
2023-07-28 11:01:11,511.85,2826552,200,509.52,436272,591813,0.20555990602975946,0
2023-07-28 11:01:11,511.8,2826552,1,509.52,436272,591813,0.19577133907595928,0
2023-07-28 11:01:14,511.8,2826557,4,509.52,435232,591621,0.19577133907595928,0
2023-07-28 11:01:15,511.75,2826566,3,509.52,435307,591637,0.18598277212215908,0
2023-07-28 11:01:15,511.75,2826566,3,509.52,435257,591637,0.18598277212215908,0
2023-07-28 11:01:15,511.85,2826566,9,509.52,435257,591637,0.20555990602975946,0
2023-07-28 11:01:17,511.85,2826575,9,509.52,435337,591628,0.20555990602975946,0
2023-07-28 11:01:17,511.85,2826575,9,509.52,435087,591628,0.20555990602975946,0
2023-07-28 11:01:17,511.85,2826575,9,509.52,435107,591628,0.20555990602975946,0
2023-07-28 11:01:20,511.75,2826580,1,509.52,435019,591628,0.18598277212215908,0
2023-07-28 11:01:21,511.75,2826588,8,509.52,433493,590698,0.18598277212215908,0
2023-07-28 11:01:21,511.75,2826588,8,509.52,433437,591270,0.18598277212215908,0
2023-07-28 11:01:21,511.75,2826588,8,509.52,433497,591270,0.18598277212215908,0
2023-07-28 11:01:24,511.85,2826592,4,509.52,433712,591294,0.20555990602975946,0
2023-07-28 11:01:25,511.75,2826599,10,509.52,433705,591396,0.18598277212215908,0
2023-07-28 11:01:26,511.9,2827209,195,509.52,437288,593879,0.21534847298354853,0
2023-07-28 11:01:26,511.9,2827209,195,509.52,437566,593940,0.21534847298354853,0
2023-07-28 11:01:26,511.75,2827209,4,509.52,437566,593940,0.18598277212215908,0
2023-07-28 11:01:28,511.75,2827213,4,509.52,437562,594291,0.18598277212215908,0
2023-07-28 11:01:29,511.75,2827313,52,509.52,437706,593951,0.18598277212215908,0
2023-07-28 11:01:29,511.7,2827313,5,509.52,437706,593951,0.1761942051683589,0
2023-07-28 11:01:30,511.9,2827339,10,509.52,437749,593215,0.21534847298354853,0
2023-07-28 11:01:31,511.9,2827387,10,509.52,437904,593783,0.21534847298354853,0
2023-07-28 11:01:31,511.9,2827387,10,509.52,437904,594059,0.21534847298354853,0
2023-07-28 11:01:31,511.9,2827387,10,509.52,437904,594190,0.21534847298354853,0
2023-07-28 11:01:31,511.9,2827387,10,509.52,437954,594190,0.21534847298354853,0
2023-07-28 11:01:31,511.7,2827387,2,509.52,437954,594190,0.1761942051683589,0
2023-07-28 11:01:35,511.7,2827389,1,509.52,436267,594190,0.1761942051683589,0
2023-07-28 11:01:35,511.7,2827389,3,509.52,436267,594190,0.1761942051683589,0
2023-07-28 11:01:36,511.7,2827435,3,509.52,436617,594185,0.1761942051683589,0
2023-07-28 11:01:37,511.7,2827438,3,509.52,436614,594543,0.1761942051683589,0
2023-07-28 11:01:38,511.7,2827455,17,509.52,436048,593770,0.1761942051683589,0
2023-07-28 11:01:40,511.7,2827466,1,509.52,436037,593767,0.1761942051683589,0
2023-07-28 11:01:40,511.7,2827466,1,509.52,436037,593767,0.1761942051683589,0
2023-07-28 11:01:40,511.7,2827466,1,509.52,435889,593778,0.1761942051683589,0
2023-07-28 11:01:40,511.7,2827466,1,509.52,435889,593776,0.1761942051683589,0
2023-07-28 11:01:40,511.7,2827466,1,509.52,435839,593776,0.1761942051683589,0
2023-07-28 11:01:40,511.95,2827466,99,509.52,435839,593776,0.2251370399373487,0
2023-07-28 11:01:44,511.95,2827566,99,509.53,435300,596251,0.2251370399373487,0
2023-07-28 11:01:45,511.7,2827568,8,509.53,434863,595817,0.1761942051683589,0
2023-07-28 11:01:47,511.95,2827577,1,509.53,434868,595808,0.2251370399373487,0
2023-07-28 11:01:47,511.95,2827577,1,509.53,435582,596806,0.2251370399373487,0
2023-07-28 11:01:50,511.9,2827650,73,509.53,435571,596628,0.21534847298354853,0
2023-07-28 11:01:50,511.7,2827650,2,509.53,435571,596628,0.1761942051683589,0
2023-07-28 11:01:50,511.7,2827652,2,509.53,435650,596628,0.1761942051683589,0
2023-07-28 11:01:50,511.7,2827652,2,509.53,435284,596708,0.1761942051683589,0
2023-07-28 11:01:53,511.9,2827654,2,509.53,435285,596559,0.21534847298354853,0
2023-07-28 11:01:53,511.9,2827654,2,509.53,435285,596559,0.21534847298354853,0
2023-07-28 11:01:54,511.7,2827754,100,509.53,435185,596712,0.1761942051683589,0
2023-07-28 11:01:54,511.9,2827754,97,509.53,435185,596712,0.21534847298354853,0
2023-07-28 11:01:55,511.7,2827867,11,509.53,435325,596224,0.1761942051683589,0
2023-07-28 11:01:55,511.7,2827867,1,509.53,435325,596224,0.1761942051683589,0
2023-07-28 11:01:56,511.7,2827868,1,509.53,435349,596224,0.1761942051683589,0
2023-07-28 11:01:57,511.7,2827873,5,509.53,435251,595286,0.1761942051683589,0
2023-07-28 11:01:58,511.7,2827922,13,509.53,436297,595161,0.1761942051683589,0
2023-07-28 11:01:58,511.65,2827922,12,509.53,435813,595136,0.1664056382145587,0
2023-07-28 11:02:00,511.65,2827983,12,509.53,435470,596112,0.1664056382145587,0
2023-07-28 11:02:00,511.6,2827983,11,509.53,435470,596112,0.15661707126076965,0
2023-07-28 11:02:01,511.6,2827994,11,509.53,436528,596112,0.15661707126076965,0
2023-07-28 11:02:03,511.7,2828095,100,509.53,436379,595594,0.1761942051683589,0
2023-07-28 11:02:03,511.6,2828095,2,509.53,436404,595594,0.15661707126076965,0
2023-07-28 11:02:05,511.6,2828097,2,509.53,436402,595594,0.15661707126076965,0
2023-07-28 11:02:05,511.6,2828097,3,509.53,436402,595594,0.15661707126076965,0
2023-07-28 11:02:05,511.65,2828097,90,509.53,436402,595594,0.1664056382145587,0
2023-07-28 11:02:05,511.65,2828097,36,509.53,436402,595594,0.1664056382145587,0
2023-07-28 11:02:10,511.65,2828387,10,509.53,435364,594558,0.1664056382145587,0
2023-07-28 11:02:10,511.65,2828387,10,509.53,435364,594558,0.1664056382145587,0
2023-07-28 11:02:10,511.7,2828387,42,509.53,435364,594558,0.1761942051683589,0
2023-07-28 11:02:10,511.7,2828387,116,509.53,435364,594558,0.1761942051683589,0
2023-07-28 11:02:10,511.7,2828387,1,509.53,435364,594558,0.1761942051683589,0
2023-07-28 11:02:10,511.95,2828387,1,509.53,435364,594558,0.2251370399373487,0
2023-07-28 11:02:14,511.95,2828671,1,509.53,435454,595175,0.2251370399373487,0
2023-07-28 11:02:14,511.7,2828671,2,509.53,435454,595175,0.1761942051683589,0
2023-07-28 11:02:14,511.7,2828671,89,509.53,435454,595175,0.1761942051683589,0
2023-07-28 11:02:19,511.7,2828762,89,509.53,437092,595407,0.1761942051683589,0
2023-07-28 11:02:19,511.7,2828762,1,509.53,437092,595407,0.1761942051683589,0
2023-07-28 11:02:19,511.95,2828762,1,509.53,437092,595407,0.2251370399373487,0
2023-07-28 11:02:19,511.95,2828762,1,509.53,437092,595407,0.2251370399373487,0
2023-07-28 11:02:19,511.95,2828762,1,509.53,437092,595407,0.2251370399373487,0
2023-07-28 11:02:22,511.95,2828779,1,509.53,438054,595636,0.2251370399373487,0
2023-07-28 11:02:22,511.55,2828779,35,509.53,438054,595636,0.14682850430696945,0
2023-07-28 11:02:22,511.55,2828779,35,509.53,438054,595636,0.14682850430696945,0
2023-07-28 11:02:22,511.7,2828779,2,509.53,438054,595636,0.1761942051683589,0
2023-07-28 11:02:22,511.7,2828779,2,509.53,438054,595636,0.1761942051683589,0
2023-07-28 11:02:22,511.7,2828779,4,509.53,438054,595636,0.1761942051683589,0
2023-07-28 11:02:27,511.95,2832286,3,509.53,436417,595915,0.2251370399373487,0
2023-07-28 11:02:27,511.95,2832286,1,509.53,436417,595915,0.2251370399373487,0
2023-07-28 11:02:27,511.95,2832286,1,509.53,436417,595915,0.2251370399373487,0
2023-07-28 11:02:27,511.7,2832286,1,509.53,436417,595915,0.1761942051683589,0
2023-07-28 11:02:32,512.0,2832476,22,509.53,436115,596393,0.2349256068911489,0
2023-07-28 11:02:32,511.95,2832476,1,509.53,436115,596393,0.2251370399373487,0
2023-07-28 11:02:32,511.7,2832476,2,509.53,436115,596393,0.1761942051683589,0
2023-07-28 11:02:36,511.7,2832508,29,509.53,439166,596246,0.1761942051683589,0
2023-07-28 11:02:36,511.7,2832508,29,509.53,439166,596246,0.1761942051683589,0
2023-07-28 11:02:36,511.7,2832508,46,509.53,439166,596246,0.1761942051683589,0
2023-07-28 11:02:40,511.7,2832556,2,509.53,436039,596577,0.1761942051683589,0
2023-07-28 11:02:40,511.5,2832556,3,509.53,436039,596577,0.13703993735316927,0
2023-07-28 11:02:40,511.7,2832556,5,509.53,436039,596577,0.1761942051683589,0
2023-07-28 11:02:44,511.7,2832566,100,509.53,436199,595450,0.1761942051683589,0
2023-07-28 11:02:44,511.5,2832566,2,509.53,436199,595450,0.13703993735316927,0
2023-07-28 11:02:44,511.5,2832566,106,509.53,436199,595450,0.13703993735316927,0
2023-07-28 11:02:44,511.75,2832566,1,509.53,436199,595450,0.18598277212215908,0
2023-07-28 11:02:47,511.75,2832812,1,509.53,436389,595494,0.18598277212215908,0
2023-07-28 11:02:47,511.5,2832812,1,509.53,436389,595494,0.13703993735316927,0
2023-07-28 11:02:47,511.5,2832812,6,509.53,436389,595494,0.13703993735316927,0
2023-07-28 11:02:52,511.75,2832837,17,509.53,435616,596255,0.18598277212215908,0
2023-07-28 11:02:52,511.75,2832837,32,509.53,435616,596255,0.18598277212215908,0
2023-07-28 11:02:52,511.7,2832837,30,509.53,435616,596255,0.1761942051683589,0
2023-07-28 11:02:52,511.5,2832837,2,509.53,435616,596255,0.13703993735316927,0
2023-07-28 11:02:52,511.75,2832837,4,509.53,435616,596255,0.18598277212215908,0
2023-07-28 11:02:56,511.75,2833034,4,509.53,436116,595201,0.18598277212215908,0
2023-07-28 11:02:56,511.5,2833034,1,509.53,436116,595201,0.13703993735316927,0
2023-07-28 11:02:56,511.5,2833034,17,509.53,436116,595201,0.13703993735316927,0
2023-07-28 11:03:00,511.5,2833082,4,509.53,435917,595567,0.13703993735316927,0
2023-07-28 11:03:00,511.5,2833082,2,509.53,436058,593029,0.13703993735316927,0
2023-07-28 11:03:00,511.5,2833082,9,509.53,436058,593029,0.13703993735316927,0
2023-07-28 11:03:00,511.5,2833082,43,509.53,436058,593029,0.13703993735316927,0
2023-07-28 11:03:00,511.5,2833082,10,509.53,436058,593029,0.13703993735316927,0
2023-07-28 11:03:00,511.5,2833082,92,509.53,436058,593029,0.13703993735316927,0
2023-07-28 11:03:08,511.5,2833257,92,509.53,435927,593959,0.13703993735316927,0
2023-07-28 11:03:10,511.5,2833258,1,509.53,435560,594182,0.13703993735316927,0
2023-07-28 11:03:10,511.7,2833258,20,509.53,435560,594182,0.1761942051683589,0
2023-07-28 11:03:10,511.55,2833258,12,509.53,435560,594182,0.14682850430696945,0
2023-07-28 11:03:17,511.55,2833346,12,509.53,435837,593886,0.14682850430696945,0
2023-07-28 11:03:17,511.55,2833346,3,509.53,435837,593886,0.14682850430696945,0
2023-07-28 11:03:17,511.45,2833346,4,509.53,435837,593886,0.12725137039936907,0
2023-07-28 11:03:20,511.45,2833742,4,509.53,434713,596250,0.12725137039936907,0
2023-07-28 11:03:20,511.4,2833742,3,509.53,434713,596250,0.11746280344556889,0
2023-07-28 11:03:20,511.4,2833742,14,509.53,434713,596250,0.11746280344556889,0
2023-07-28 11:03:25,511.4,2833805,2,509.53,434560,596798,0.11746280344556889,0
2023-07-28 11:03:25,511.4,2833805,8,509.53,434560,596798,0.11746280344556889,0
2023-07-28 11:03:25,511.3,2833805,5,509.53,434560,596798,0.09788566953797964,0
2023-07-28 11:03:25,511.3,2833805,1,509.53,434560,596798,0.09788566953797964,0
2023-07-28 11:03:30,511.3,2834219,1,509.53,433003,598123,0.09788566953797964,0
2023-07-28 11:03:30,511.1,2834219,90,509.53,433003,598123,0.05873140172279001,0
2023-07-28 11:03:30,511.1,2834219,1,509.53,433003,598123,0.05873140172279001,0
2023-07-28 11:03:34,511.1,2834346,1,509.53,432339,596826,0.05873140172279001,0
2023-07-28 11:03:34,511.1,2834346,1,509.53,432339,596826,0.05873140172279001,0
2023-07-28 11:03:34,511.15,2834346,3,509.53,432339,596826,0.06851996867657907,0
2023-07-28 11:03:34,511.15,2834346,5,509.53,432339,596826,0.06851996867657907,0
2023-07-28 11:03:34,511.2,2834346,10,509.53,432339,596826,0.07830853563037926,0
2023-07-28 11:03:38,511.1,2836876,3,509.53,431626,596365,0.05873140172279001,0
2023-07-28 11:03:38,511.1,2836876,22,509.53,431626,596365,0.05873140172279001,0
2023-07-28 11:03:38,511.1,2836876,1,509.53,431626,596365,0.05873140172279001,0
2023-07-28 11:03:40,511.1,2836900,1,509.53,431727,596363,0.05873140172279001,0
2023-07-28 11:03:40,511.1,2836900,2,509.53,431727,596363,0.05873140172279001,0
2023-07-28 11:03:40,511.1,2836900,77,509.53,431727,596363,0.05873140172279001,0
2023-07-28 11:03:45,511.1,2836981,77,509.53,432639,595790,0.05873140172279001,0
2023-07-28 11:03:45,511.1,2836981,4,509.53,432639,595790,0.05873140172279001,0
2023-07-28 11:03:45,511.2,2836981,2,509.53,432639,595790,0.07830853563037926,0
2023-07-28 11:03:50,511.15,2837112,125,509.53,430777,595115,0.06851996867657907,0
2023-07-28 11:03:50,511.1,2837112,25,509.53,430777,595115,0.05873140172279001,0
2023-07-28 11:03:50,510.95,2837112,20,509.53,430777,595115,0.02936570086138944,0
2023-07-28 11:03:54,510.95,2839317,50,509.53,429656,593672,0.02936570086138944,0
2023-07-28 11:03:54,511.0,2839317,2,509.53,429656,593672,0.03915426781518963,0
2023-07-28 11:03:54,511.0,2839317,1,509.53,429656,593672,0.03915426781518963,0
2023-07-28 11:03:58,511.0,2839324,4,509.53,430180,593750,0.03915426781518963,0
2023-07-28 11:03:58,511.0,2839324,4,509.53,430180,593750,0.03915426781518963,0
2023-07-28 11:03:58,511.0,2839324,1,509.53,430180,593750,0.03915426781518963,0
2023-07-28 11:04:00,511.0,2839329,1,509.53,430322,593124,0.03915426781518963,0
2023-07-28 11:04:00,511.0,2839329,26,509.53,430322,593124,0.03915426781518963,0
2023-07-28 11:04:00,511.1,2839329,1,509.53,430322,593124,0.05873140172279001,0
2023-07-28 11:04:05,511.0,2839432,2,509.53,429220,593581,0.03915426781518963,0
2023-07-28 11:04:06,511.1,2839433,1,509.53,429448,593981,0.05873140172279001,0
2023-07-28 11:04:06,511.1,2839433,1,509.53,429603,593982,0.05873140172279001,0
2023-07-28 11:04:06,511.1,2839433,1,509.53,429608,593982,0.05873140172279001,0
2023-07-28 11:04:10,511.0,2839435,29,509.53,429606,594008,0.03915426781518963,0
2023-07-28 11:04:10,511.0,2839464,29,509.53,429577,594007,0.03915426781518963,0
2023-07-28 11:04:10,511.0,2839464,29,509.53,429616,594007,0.03915426781518963,0
2023-07-28 11:04:10,511.0,2839464,29,509.53,429268,594375,0.03915426781518963,0
2023-07-28 11:04:10,511.0,2839464,2,509.53,429268,594375,0.03915426781518963,0
2023-07-28 11:04:15,511.25,2839466,61,509.53,429594,594340,0.08809710258417945,0
2023-07-28 11:04:16,511.0,2839589,4,509.53,430277,593896,0.03915426781518963,0
2023-07-28 11:04:17,511.1,2839596,3,509.53,430273,593464,0.05873140172279001,0
2023-07-28 11:04:18,511.25,2839696,14,509.53,430413,593815,0.08809710258417945,0
2023-07-28 11:04:19,510.95,2839995,4,509.53,430143,593759,0.02936570086138944,0
2023-07-28 11:04:20,510.95,2839996,1,509.53,429933,593596,0.02936570086138944,0
2023-07-28 11:04:20,510.95,2839996,1,509.53,429933,593596,0.02936570086138944,0
2023-07-28 11:04:23,510.95,2840000,3,509.53,429502,593596,0.02936570086138944,0
2023-07-28 11:04:23,510.95,2840000,3,509.53,429931,593600,0.02936570086138944,0
2023-07-28 11:04:23,510.95,2840000,3,509.53,430072,593600,0.02936570086138944,0
2023-07-28 11:04:23,510.95,2840000,2,509.53,430072,593600,0.02936570086138944,0
2023-07-28 11:04:25,510.95,2840002,1,509.53,430083,593600,0.02936570086138944,0
2023-07-28 11:04:26,510.95,2840003,1,509.53,430082,593650,0.02936570086138944,0
2023-07-28 11:04:28,510.95,2840004,1,509.53,430081,593684,0.02936570086138944,0
2023-07-28 11:04:28,510.95,2840103,17,509.53,428525,594338,0.02936570086138944,0
2023-07-28 11:04:29,510.8,2841453,795,509.53,425573,591559,0.0,0
2023-07-28 11:04:31,510.8,2841463,1,509.53,425549,591469,0.0,0
2023-07-28 11:04:31,511.0,2841480,4,509.53,429228,591841,0.03915426781518963,0
2023-07-28 11:04:33,510.75,2846566,2,509.54,417367,593490,-0.00978856695380019,0
2023-07-28 11:04:34,510.85,2846669,3,509.54,423611,589760,0.00978856695380019,0
2023-07-28 11:04:34,510.85,2846669,3,509.54,422778,592600,0.00978856695380019,0
2023-07-28 11:04:34,510.7,2846669,2,509.54,422778,592600,-0.01957713390760038,0
2023-07-28 11:04:34,510.65,2846669,1,509.54,422778,592600,-0.029365700861400567,0
2023-07-28 11:04:37,510.55,2846973,199,509.54,422984,591783,-0.04894283476898982,0
2023-07-28 11:04:37,510.45,2848373,28,509.54,421031,592569,-0.0685199686765902,0
2023-07-28 11:04:37,510.45,2848373,28,509.54,422716,592669,-0.0685199686765902,0
2023-07-28 11:04:37,510.45,2848373,28,509.54,422716,592771,-0.0685199686765902,0
2023-07-28 11:04:37,510.7,2848373,1,509.54,422716,592771,-0.01957713390760038,0
2023-07-28 11:04:37,510.5,2848373,10,509.54,422716,592771,-0.05873140172279001,0
2023-07-28 11:04:41,510.5,2848635,214,509.54,422923,592416,-0.05873140172279001,0
2023-07-28 11:04:41,510.85,2848812,6,509.54,422365,591699,0.00978856695380019,0
2023-07-28 11:04:41,510.85,2848812,6,509.54,422365,591699,0.00978856695380019,0
2023-07-28 11:04:41,510.75,2848812,100,509.54,422365,591699,-0.00978856695380019,0
2023-07-28 11:04:44,510.75,2848912,100,509.54,422316,592536,-0.00978856695380019,0
2023-07-28 11:04:44,510.75,2848912,100,509.54,422795,592490,-0.00978856695380019,0
2023-07-28 11:04:44,510.75,2848912,3,509.54,422795,592490,-0.00978856695380019,0
2023-07-28 11:04:45,510.75,2848918,3,509.54,422790,592400,-0.00978856695380019,0
2023-07-28 11:04:45,510.75,2848918,3,509.54,423084,592292,-0.00978856695380019,0
2023-07-28 11:04:45,510.75,2848918,50,509.54,423084,592292,-0.00978856695380019,0
2023-07-28 11:04:48,510.65,2849168,23,509.54,423613,592749,-0.029365700861400567,0
2023-07-28 11:04:48,510.65,2849168,23,509.54,423657,592735,-0.029365700861400567,0
2023-07-28 11:04:48,510.65,2849168,23,509.54,423372,592723,-0.029365700861400567,0
2023-07-28 11:04:50,510.75,2849182,8,509.54,423256,592487,-0.00978856695380019,0
2023-07-28 11:04:52,510.75,2849202,20,509.54,423291,592487,-0.00978856695380019,0
2023-07-28 11:04:52,510.75,2849202,20,509.54,423691,592487,-0.00978856695380019,0
2023-07-28 11:04:54,511.0,2849284,9,509.54,424801,593650,0.03915426781518963,0
2023-07-28 11:04:54,511.1,2849284,1,509.54,424801,593650,0.05873140172279001,0
2023-07-28 11:04:55,510.95,2849291,2,509.54,423788,594179,0.02936570086138944,0
2023-07-28 11:04:55,510.95,2849291,2,509.54,423788,594179,0.02936570086138944,0
2023-07-28 11:04:57,510.95,2849337,1,509.54,423749,594169,0.02936570086138944,0
2023-07-28 11:04:57,510.95,2849337,44,509.54,423749,594169,0.02936570086138944,0
2023-07-28 11:04:57,510.95,2849392,44,509.54,424752,594114,0.02936570086138944,0
2023-07-28 11:04:57,510.95,2849392,8,509.54,424752,594114,0.02936570086138944,0
2023-07-28 11:04:59,510.95,2849400,8,509.54,424477,594537,0.02936570086138944,0
2023-07-28 11:04:59,510.95,2849400,20,509.54,424477,594537,0.02936570086138944,0
2023-07-28 11:05:00,510.95,2849421,1,509.54,424252,594885,0.02936570086138944,0
2023-07-28 11:05:00,510.95,2849421,1,509.54,423848,594589,0.02936570086138944,0
2023-07-28 11:05:00,510.9,2849421,16,509.54,423233,594938,0.01957713390758925,0
2023-07-28 11:05:03,510.9,2849642,4,509.54,423718,595093,0.01957713390758925,0
2023-07-28 11:05:03,510.9,2849642,4,509.54,423520,595093,0.01957713390758925,0
2023-07-28 11:05:05,510.9,2849644,2,509.54,423518,595093,0.01957713390758925,0
2023-07-28 11:05:05,510.9,2849644,10,509.54,423518,595093,0.01957713390758925,0
2023-07-28 11:05:06,510.9,2849654,10,509.54,424711,592988,0.01957713390758925,0
2023-07-28 11:05:06,510.9,2849654,10,509.54,424458,594536,0.01957713390758925,0
2023-07-28 11:05:06,510.9,2849654,10,509.54,423700,594633,0.01957713390758925,0
2023-07-28 11:05:06,511.0,2849654,150,509.54,423700,594633,0.03915426781518963,0
2023-07-28 11:05:08,511.0,2849804,150,509.54,423654,592852,0.03915426781518963,0
2023-07-28 11:05:08,511.0,2849804,150,509.54,423717,592852,0.03915426781518963,0
2023-07-28 11:05:10,510.85,2849805,1,509.54,423867,593347,0.00978856695380019,0
2023-07-28 11:05:12,510.85,2850103,18,509.54,422880,593523,0.00978856695380019,0
2023-07-28 11:05:13,510.85,2850603,500,509.54,424599,593060,0.00978856695380019,0
2023-07-28 11:05:13,510.8,2850603,17,509.54,424599,593060,0.0,0
2023-07-28 11:05:13,510.8,2850625,17,509.54,424577,593110,0.0,0
2023-07-28 11:05:13,510.8,2850625,50,509.54,424577,593110,0.0,0
2023-07-28 11:05:14,510.75,2850675,9,509.54,424982,593259,-0.00978856695380019,0
2023-07-28 11:05:15,510.8,2850689,2,509.54,424038,592417,0.0,0
2023-07-28 11:05:17,511.0,2850977,1,509.54,423801,593279,0.03915426781518963,0
2023-07-28 11:05:17,511.0,2850977,1,509.54,424729,590992,0.03915426781518963,0
2023-07-28 11:05:17,511.0,2850977,1,509.54,425181,590992,0.03915426781518963,0
2023-07-28 11:05:20,511.0,2850979,2,509.54,424896,592733,0.03915426781518963,0
2023-07-28 11:05:20,511.0,2850979,2,509.54,424841,594424,0.03915426781518963,0
2023-07-28 11:05:20,511.0,2850979,2,509.54,424841,594424,0.03915426781518963,0
2023-07-28 11:05:20,511.0,2850979,2,509.54,424841,594424,0.03915426781518963,0
2023-07-28 11:05:24,511.0,2851029,50,509.54,424644,594424,0.03915426781518963,0
2023-07-28 11:05:24,511.0,2851029,50,509.54,424644,594424,0.03915426781518963,0
2023-07-28 11:05:24,511.0,2851029,50,509.54,424449,595045,0.03915426781518963,0
2023-07-28 11:05:25,511.0,2851031,2,509.54,424450,595133,0.03915426781518963,0
2023-07-28 11:05:25,511.0,2851031,13,509.54,424450,595133,0.03915426781518963,0
2023-07-28 11:05:26,511.0,2851044,13,509.54,424637,595260,0.03915426781518963,0
2023-07-28 11:05:26,511.0,2851044,1,509.54,424637,595260,0.03915426781518963,0
2023-07-28 11:05:28,511.0,2851218,3,509.54,424262,595503,0.03915426781518963,0
2023-07-28 11:05:28,511.0,2851218,3,509.54,424262,595344,0.03915426781518963,0
2023-07-28 11:05:28,511.0,2851218,7,509.54,424262,595344,0.03915426781518963,0
2023-07-28 11:05:30,511.0,2851276,50,509.54,424687,596084,0.03915426781518963,0
2023-07-28 11:05:31,511.0,2851279,2,509.54,424684,596074,0.03915426781518963,0
2023-07-28 11:05:32,511.15,2851331,43,509.54,425737,595640,0.06851996867657907,0
2023-07-28 11:05:32,511.15,2851331,43,509.54,425747,595644,0.06851996867657907,0
2023-07-28 11:05:32,511.15,2851331,43,509.54,425747,595644,0.06851996867657907,0
2023-07-28 11:05:32,511.05,2851331,2,509.54,425631,593925,0.04894283476898982,0
2023-07-28 11:05:35,511.05,2851333,2,509.54,425693,593722,0.04894283476898982,0
2023-07-28 11:05:35,511.05,2851333,2,509.54,425431,594360,0.04894283476898982,0
2023-07-28 11:05:35,511.05,2851333,21,509.54,425431,594360,0.04894283476898982,0
2023-07-28 11:05:38,511.05,2851375,21,509.54,424460,595952,0.04894283476898982,0
2023-07-28 11:05:38,511.05,2851375,16,509.54,424460,595952,0.04894283476898982,0
2023-07-28 11:05:39,511.05,2851491,1,509.54,424783,597046,0.04894283476898982,0
2023-07-28 11:05:40,511.05,2851492,10,509.54,425024,597325,0.04894283476898982,0
2023-07-28 11:05:42,511.2,2851512,3,509.54,425657,595550,0.07830853563037926,0
2023-07-28 11:05:42,511.2,2851512,1,509.54,425657,595550,0.07830853563037926,0
2023-07-28 11:05:43,511.0,2851517,9,509.54,425967,596764,0.03915426781518963,0
2023-07-28 11:05:44,511.0,2851526,9,509.54,425231,597310,0.03915426781518963,0
2023-07-28 11:05:44,511.0,2851526,7,509.54,425231,597310,0.03915426781518963,0
2023-07-28 11:05:45,510.95,2851615,17,509.54,424906,598332,0.02936570086138944,0
2023-07-28 11:05:45,510.95,2851615,17,509.54,424836,598377,0.02936570086138944,0
2023-07-28 11:05:48,511.0,2851616,1,509.54,424614,598382,0.03915426781518963,0
2023-07-28 11:05:48,510.9,2851616,1,509.54,424614,598382,0.01957713390758925,0
2023-07-28 11:05:48,510.9,2851617,1,509.54,425646,597263,0.01957713390758925,0
2023-07-28 11:05:48,510.9,2851617,1,509.54,425662,597263,0.01957713390758925,0
2023-07-28 11:05:50,510.9,2851618,1,509.54,425580,597120,0.01957713390758925,0
2023-07-28 11:05:52,511.1,2851788,5,509.54,425208,597251,0.05873140172279001,0
2023-07-28 11:05:53,510.95,2851791,3,509.54,425205,597251,0.02936570086138944,0
2023-07-28 11:05:53,510.95,2851791,3,509.54,425199,597021,0.02936570086138944,0
2023-07-28 11:05:55,510.95,2851794,8,509.54,425196,596890,0.02936570086138944,0
2023-07-28 11:05:55,510.95,2851857,8,509.54,424876,597026,0.02936570086138944,0
2023-07-28 11:05:55,510.95,2851857,8,509.54,424876,597036,0.02936570086138944,0
2023-07-28 11:05:58,510.85,2851925,22,509.54,424840,597061,0.00978856695380019,0
2023-07-28 11:05:58,510.85,2851925,22,509.54,424840,597116,0.00978856695380019,0
2023-07-28 11:06:00,510.75,2851926,1,509.54,424951,596516,-0.00978856695380019,0
2023-07-28 11:06:01,510.9,2851932,4,509.54,425436,598903,0.01957713390758925,0
2023-07-28 11:06:01,510.9,2851932,4,509.54,425436,599664,0.01957713390758925,0
2023-07-28 11:06:01,510.7,2851932,45,509.54,425436,599664,-0.01957713390760038,0
2023-07-28 11:06:04,510.7,2852182,9,509.54,425536,599808,-0.01957713390760038,0
2023-07-28 11:06:05,510.7,2852214,2,509.54,425691,599730,-0.01957713390760038,0
2023-07-28 11:06:05,510.7,2852214,2,509.54,425691,600097,-0.01957713390760038,0
2023-07-28 11:06:05,510.7,2852214,2,509.54,425751,599730,-0.01957713390760038,0
2023-07-28 11:06:05,510.7,2852214,12,509.54,425751,599730,-0.01957713390760038,0
2023-07-28 11:06:07,510.7,2852276,50,509.54,425639,599831,-0.01957713390760038,0
2023-07-28 11:06:07,510.7,2852276,3,509.54,425639,599831,-0.01957713390760038,0
2023-07-28 11:06:07,510.7,2852276,1,509.54,425639,599831,-0.01957713390760038,0
2023-07-28 11:06:10,510.7,2852331,1,509.54,425315,599899,-0.01957713390760038,0
2023-07-28 11:06:10,510.7,2852331,1,509.54,425315,599899,-0.01957713390760038,0
2023-07-28 11:06:10,510.7,2852331,1,509.54,425240,599899,-0.01957713390760038,0
2023-07-28 11:06:10,510.7,2852331,1,509.54,425243,599899,-0.01957713390760038,0
2023-07-28 11:06:10,510.7,2852331,1,509.54,425246,599899,-0.01957713390760038,0
2023-07-28 11:06:10,510.7,2852331,1,509.54,425286,599959,-0.01957713390760038,0
2023-07-28 11:06:10,510.7,2852331,78,509.54,425286,599959,-0.01957713390760038,0
2023-07-28 11:06:15,510.7,2852453,18,509.54,425882,599959,-0.01957713390760038,0
2023-07-28 11:06:16,510.7,2852703,18,509.54,425635,600154,-0.01957713390760038,0
2023-07-28 11:06:16,510.7,2852703,18,509.54,425159,600174,-0.01957713390760038,0
2023-07-28 11:06:16,510.7,2852703,18,509.54,425160,600174,-0.01957713390760038,0
2023-07-28 11:06:16,510.7,2852703,18,509.54,425176,600268,-0.01957713390760038,0
2023-07-28 11:06:16,510.7,2852703,1,509.54,425176,600268,-0.01957713390760038,0
2023-07-28 11:06:20,510.9,2852704,25,509.54,425178,599004,0.01957713390758925,0
2023-07-28 11:06:22,510.7,2852765,1,509.54,424732,598980,-0.01957713390760038,0
2023-07-28 11:06:22,510.7,2852765,6,509.54,424732,598980,-0.01957713390760038,0
2023-07-28 11:06:22,510.7,2852781,6,509.54,424759,598955,-0.01957713390760038,0
2023-07-28 11:06:22,510.7,2852781,6,509.54,424612,598956,-0.01957713390760038,0
2023-07-28 11:06:25,510.7,2852783,2,509.54,424818,598931,-0.01957713390760038,0
2023-07-28 11:06:25,510.7,2852783,2,509.54,424818,598906,-0.01957713390760038,0
2023-07-28 11:06:28,510.95,2852850,39,509.54,424803,599466,0.02936570086138944,0
2023-07-28 11:06:28,511.0,2852850,8,509.54,424803,599466,0.03915426781518963,0
2023-07-28 11:06:30,511.0,2852884,8,509.54,425518,599107,0.03915426781518963,0
2023-07-28 11:06:30,510.7,2852916,21,509.54,425486,599243,-0.01957713390760038,0
2023-07-28 11:06:30,510.7,2852916,21,509.54,425044,599142,-0.01957713390760038,0
2023-07-28 11:06:33,510.7,2852921,5,509.54,426297,599108,-0.01957713390760038,0
2023-07-28 11:06:35,510.7,2853101,100,509.54,426297,599125,-0.01957713390760038,0
2023-07-28 11:06:35,510.7,2853228,2,509.54,425974,599196,-0.01957713390760038,0
2023-07-28 11:06:36,510.9,2853229,1,509.54,425974,599200,0.01957713390758925,0
2023-07-28 11:06:36,510.9,2853229,1,509.54,426425,599167,0.01957713390758925,0
2023-07-28 11:06:36,510.7,2853229,8,509.54,426425,599167,-0.01957713390760038,0
2023-07-28 11:06:38,510.7,2853237,8,509.54,426676,599389,-0.01957713390760038,0
2023-07-28 11:06:40,510.7,2853277,1,509.54,426601,599389,-0.01957713390760038,0
2023-07-28 11:06:41,510.6,2858155,123,509.54,423494,601059,-0.03915426781518963,0
2023-07-28 11:06:42,510.55,2858179,20,509.54,423128,601742,-0.04894283476898982,0
2023-07-28 11:06:42,510.55,2858179,20,509.54,423128,601742,-0.04894283476898982,0
2023-07-28 11:06:42,510.55,2858179,20,509.54,422900,601652,-0.04894283476898982,0
2023-07-28 11:06:45,510.55,2858189,10,509.54,423136,600927,-0.04894283476898982,0
2023-07-28 11:06:45,510.55,2858191,2,509.54,423134,600927,-0.04894283476898982,0
2023-07-28 11:06:45,510.7,2858191,100,509.54,423134,600927,-0.01957713390760038,0
2023-07-28 11:06:47,510.7,2858291,100,509.54,422953,601363,-0.01957713390760038,0
2023-07-28 11:06:48,510.45,2859117,3,509.54,419454,602427,-0.0685199686765902,0
2023-07-28 11:06:48,510.45,2859117,3,509.54,420640,602433,-0.0685199686765902,0
2023-07-28 11:06:48,510.4,2859117,1,509.54,420640,602433,-0.07830853563039039,0
2023-07-28 11:06:50,510.4,2859119,1,509.54,420939,602354,-0.07830853563039039,0
2023-07-28 11:06:50,510.25,2859119,271,509.54,420939,602354,-0.10767423649177983,0
2023-07-28 11:06:53,510.4,2859621,2,509.54,420415,598605,-0.07830853563039039,0
2023-07-28 11:06:53,510.45,2859621,4,509.54,420415,598605,-0.0685199686765902,0
2023-07-28 11:06:54,510.45,2859625,50,509.54,420466,598681,-0.0685199686765902,0
2023-07-28 11:06:55,510.45,2859677,2,509.54,420233,598681,-0.0685199686765902,0
2023-07-28 11:06:55,510.45,2859677,2,509.54,420233,598681,-0.0685199686765902,0
2023-07-28 11:06:56,510.65,2859777,40,509.54,422385,598305,-0.029365700861400567,0
2023-07-28 11:06:56,510.65,2859777,40,509.54,422385,598305,-0.029365700861400567,0
2023-07-28 11:06:56,510.65,2859777,40,509.54,422797,599067,-0.029365700861400567,0
2023-07-28 11:06:56,510.65,2859777,40,509.54,422604,599815,-0.029365700861400567,0
2023-07-28 11:06:56,510.5,2859777,311,509.54,422604,599815,-0.05873140172279001,0
2023-07-28 11:06:59,510.35,2861299,42,509.54,418304,602614,-0.08809710258417945,0
2023-07-28 11:06:59,510.35,2861299,42,509.54,419034,602487,-0.08809710258417945,0
2023-07-28 11:07:02,510.25,2861329,30,509.54,419222,601919,-0.10767423649177983,0
2023-07-28 11:07:02,510.25,2861329,30,509.54,419224,602117,-0.10767423649177983,0
2023-07-28 11:07:02,510.25,2861329,1,509.54,419224,602117,-0.10767423649177983,0
2023-07-28 11:07:03,510.25,2861330,1,509.54,419172,602042,-0.10767423649177983,0
2023-07-28 11:07:03,510.25,2861330,1,509.54,418912,602734,-0.10767423649177983,0
2023-07-28 11:07:03,510.4,2861330,21,509.54,418912,602734,-0.07830853563039039,0
2023-07-28 11:07:03,510.45,2861330,25,509.54,418912,602734,-0.0685199686765902,0
2023-07-28 11:07:03,510.3,2861330,50,509.54,418912,602734,-0.09788566953797964,0
2023-07-28 11:07:09,510.45,2861483,35,509.54,419450,603268,-0.0685199686765902,0
2023-07-28 11:07:09,510.45,2861483,4,509.54,419450,603268,-0.0685199686765902,0
2023-07-28 11:07:09,510.45,2861483,1,509.54,419450,603268,-0.0685199686765902,0
2023-07-28 11:07:09,510.7,2861483,71,509.54,419450,603268,-0.01957713390760038,0
2023-07-28 11:07:09,510.45,2861483,4,509.54,419450,603268,-0.0685199686765902,0
2023-07-28 11:07:09,510.45,2861483,3,509.54,419450,603268,-0.0685199686765902,0
2023-07-28 11:07:09,510.45,2861483,6,509.54,419450,603268,-0.0685199686765902,0
2023-07-28 11:07:09,510.45,2861483,5,509.54,419450,603268,-0.0685199686765902,0
2023-07-28 11:07:17,510.45,2861720,6,509.54,419879,603139,-0.0685199686765902,0
2023-07-28 11:07:17,510.45,2861720,6,509.54,419879,603139,-0.0685199686765902,0
2023-07-28 11:07:17,510.45,2861720,9,509.54,419879,603139,-0.0685199686765902,0
2023-07-28 11:07:17,510.45,2861720,17,509.54,419879,603139,-0.0685199686765902,0
2023-07-28 11:07:20,510.45,2861748,2,509.54,419828,603054,-0.0685199686765902,0
2023-07-28 11:07:20,510.45,2861748,25,509.54,419828,603054,-0.0685199686765902,0
2023-07-28 11:07:25,510.45,2861800,2,509.54,420520,602873,-0.0685199686765902,0
2023-07-28 11:07:25,510.45,2861800,7,509.54,420520,602873,-0.0685199686765902,0
2023-07-28 11:07:25,510.45,2861800,3,509.54,420520,602873,-0.0685199686765902,0
2023-07-28 11:07:25,510.6,2861800,1,509.54,420520,602873,-0.03915426781518963,0
2023-07-28 11:07:25,510.6,2861800,1,509.54,420520,602873,-0.03915426781518963,0
2023-07-28 11:07:28,510.6,2861812,1,509.54,420603,601944,-0.03915426781518963,0
2023-07-28 11:07:28,510.6,2861812,73,509.54,420603,601944,-0.03915426781518963,0
2023-07-28 11:07:28,510.45,2861812,1,509.54,420603,601944,-0.0685199686765902,0
2023-07-28 11:07:30,510.45,2861886,1,509.54,420751,601331,-0.0685199686765902,0
2023-07-28 11:07:30,510.5,2861886,2,509.54,420751,601331,-0.05873140172279001,0
2023-07-28 11:07:30,510.5,2861886,4,509.54,420751,601331,-0.05873140172279001,0
2023-07-28 11:07:36,510.6,2861892,4,509.54,420557,601276,-0.03915426781518963,0
2023-07-28 11:07:36,510.6,2861892,30,509.54,420557,601276,-0.03915426781518963,0
2023-07-28 11:07:36,510.5,2861892,2,509.54,420557,601276,-0.05873140172279001,0
2023-07-28 11:07:41,510.4,2861947,79,509.54,420569,601882,-0.07830853563039039,0
2023-07-28 11:07:41,510.5,2861947,60,509.54,420569,601882,-0.05873140172279001,0
2023-07-28 11:07:41,510.45,2861947,4,509.54,420569,601882,-0.0685199686765902,0
2023-07-28 11:07:45,510.5,2862263,2,509.54,420433,601645,-0.05873140172279001,0
2023-07-28 11:07:45,510.4,2862263,9,509.54,420433,601645,-0.07830853563039039,0
2023-07-28 11:07:50,510.6,2862333,20,509.54,420140,602387,-0.03915426781518963,0
2023-07-28 11:07:50,510.5,2862333,1,509.54,420140,602387,-0.05873140172279001,0
2023-07-28 11:07:50,510.5,2862334,1,509.54,421309,602461,-0.05873140172279001,0
2023-07-28 11:07:50,510.6,2862334,2,509.54,421309,602461,-0.03915426781518963,0
2023-07-28 11:07:50,510.6,2862334,1,509.54,421309,602461,-0.03915426781518963,0
2023-07-28 11:07:50,510.55,2862334,1,509.54,421309,602461,-0.04894283476898982,0
2023-07-28 11:07:57,510.55,2862531,1,509.54,421000,602146,-0.04894283476898982,0
2023-07-28 11:07:57,510.55,2862531,64,509.54,421000,602146,-0.04894283476898982,0
2023-07-28 11:07:57,510.55,2862531,1,509.54,421000,602146,-0.04894283476898982,0
2023-07-28 11:08:02,510.55,2862696,100,509.54,421233,602493,-0.04894283476898982,0
2023-07-28 11:08:02,510.55,2862696,5,509.54,421233,602493,-0.04894283476898982,0
2023-07-28 11:08:02,510.55,2862696,3,509.54,421233,602493,-0.04894283476898982,0
2023-07-28 11:08:02,510.55,2862696,2,509.54,421233,602493,-0.04894283476898982,0
2023-07-28 11:08:02,510.55,2862696,4,509.54,421233,602493,-0.04894283476898982,0
2023-07-28 11:08:06,510.55,2862783,6,509.54,421296,602859,-0.04894283476898982,0
2023-07-28 11:08:06,510.8,2862783,20,509.54,421296,602859,0.0,0
2023-07-28 11:08:08,510.8,2862859,20,509.54,421219,600947,0.0,0
2023-07-28 11:08:08,510.7,2862859,326,509.54,421219,600947,-0.01957713390760038,0
2023-07-28 11:08:08,510.75,2862859,5,509.54,421219,600947,-0.00978856695380019,0
2023-07-28 11:08:15,510.5,2863532,3,509.54,420738,602100,-0.05873140172279001,0
2023-07-28 11:08:15,510.75,2863532,470,509.54,420738,602100,-0.00978856695380019,0
2023-07-28 11:08:17,510.75,2864803,470,509.54,419423,602495,-0.00978856695380019,0
2023-07-28 11:08:17,510.55,2864803,10,509.54,419423,602495,-0.04894283476898982,0
2023-07-28 11:08:17,510.7,2864803,30,509.54,419423,602495,-0.01957713390760038,0
2023-07-28 11:08:17,510.7,2864803,30,509.54,419423,602495,-0.01957713390760038,0
2023-07-28 11:08:17,510.7,2864803,30,509.54,419423,602495,-0.01957713390760038,0
2023-07-28 11:08:21,510.7,2865042,30,509.54,419564,603328,-0.01957713390760038,0
2023-07-28 11:08:21,510.7,2865042,30,509.54,419564,603328,-0.01957713390760038,0
2023-07-28 11:08:21,510.7,2865042,30,509.54,419564,603328,-0.01957713390760038,0
2023-07-28 11:08:21,510.5,2865042,49,509.54,419564,603328,-0.05873140172279001,0
2023-07-28 11:08:21,510.5,2865042,49,509.54,419564,603328,-0.05873140172279001,0
2023-07-28 11:08:21,510.4,2865042,5,509.54,419564,603328,-0.07830853563039039,0
2023-07-28 11:08:21,510.4,2865042,5,509.54,419564,603328,-0.07830853563039039,0
2023-07-28 11:08:21,510.4,2865042,6,509.54,419564,603328,-0.07830853563039039,0
2023-07-28 11:08:28,510.4,2866615,6,509.54,418354,603903,-0.07830853563039039,0
2023-07-28 11:08:28,510.4,2866615,1,509.54,418354,603903,-0.07830853563039039,0
2023-07-28 11:08:28,510.55,2866615,25,509.54,418354,603903,-0.04894283476898982,0
2023-07-28 11:08:32,510.4,2867638,85,509.54,417193,603556,-0.07830853563039039,0
2023-07-28 11:08:32,510.35,2867638,2,509.54,417193,603556,-0.08809710258417945,0
2023-07-28 11:08:32,510.4,2867638,3,509.54,417193,603556,-0.07830853563039039,0
2023-07-28 11:08:32,510.55,2867638,112,509.54,417193,603556,-0.04894283476898982,0
2023-07-28 11:08:32,510.55,2867638,2,509.54,417193,603556,-0.04894283476898982,0
2023-07-28 11:08:36,510.75,2867900,49,509.54,419052,602953,-0.00978856695380019,0
2023-07-28 11:08:36,510.55,2867900,5,509.54,419052,602953,-0.04894283476898982,0
2023-07-28 11:08:36,510.55,2867900,10,509.54,419052,602953,-0.04894283476898982,0
2023-07-28 11:08:40,510.55,2867916,1,509.54,418411,603430,-0.04894283476898982,0
2023-07-28 11:08:40,510.8,2867916,20,509.54,418411,603430,0.0,0
2023-07-28 11:08:40,510.55,2867916,4,509.54,418411,603430,-0.04894283476898982,0
2023-07-28 11:08:45,510.55,2867991,1,509.54,417591,603717,-0.04894283476898982,0
2023-07-28 11:08:45,510.75,2867991,25,509.54,417591,603717,-0.00978856695380019,0
2023-07-28 11:08:46,510.75,2868218,25,509.55,417479,603660,-0.00978856695380019,0
