2023-07-28 10:49:20,3680.0,51406,5,3687.46,23852,53934,-0.3614604627235412,0
2023-07-28 10:49:20,3680.0,51406,2,3687.46,23852,53934,-0.3614604627235412,0
2023-07-28 10:49:30,3680.0,51419,5,3687.46,23816,54134,-0.3614604627235412,0
2023-07-28 10:49:30,3680.45,51419,1,3687.46,23816,54134,-0.3492764021823031,0
2023-07-28 10:49:34,3680.45,51420,1,3687.46,23817,54103,-0.3492764021823031,0
2023-07-28 10:49:34,3680.45,51420,2,3687.46,23817,54103,-0.3492764021823031,0
2023-07-28 10:49:34,3680.0,51420,5,3687.46,23817,54103,-0.3614604627235412,0
2023-07-28 10:49:40,3680.0,51429,5,3687.46,23812,53877,-0.3614604627235412,0
2023-07-28 10:49:40,3680.45,51429,2,3687.46,23812,53877,-0.3492764021823031,0
2023-07-28 10:49:40,3680.45,51429,4,3687.46,23812,53877,-0.3492764021823031,0
2023-07-28 10:49:44,3680.45,51440,4,3687.46,23820,53914,-0.3492764021823031,0
2023-07-28 10:49:44,3680.45,51440,4,3687.46,23905,53770,-0.3492764021823031,0
2023-07-28 10:49:44,3680.45,51440,4,3687.46,23833,53771,-0.3492764021823031,0
2023-07-28 10:49:44,3680.45,51440,4,3687.46,23836,53853,-0.3492764021823031,0
2023-07-28 10:49:44,3680.0,51440,17,3687.46,23836,53853,-0.3614604627235412,0
2023-07-28 10:49:44,3680.0,51440,6,3687.46,23836,53853,-0.3614604627235412,0
2023-07-28 10:50:01,3680.4,51502,4,3687.45,23888,53768,-0.3506301866868783,0
2023-07-28 10:50:01,3680.0,51502,5,3687.45,23888,53768,-0.3614604627235412,0
2023-07-28 10:50:04,3680.0,51507,5,3687.45,23800,53874,-0.3614604627235412,0
2023-07-28 10:50:04,3680.35,51507,1,3687.45,23800,53874,-0.35198397119146574,0
2023-07-28 10:50:04,3680.4,51507,3,3687.45,23800,53874,-0.3506301866868783,0
2023-07-28 10:50:08,3680.4,51519,3,3687.45,23813,53862,-0.3506301866868783,0
2023-07-28 10:50:08,3680.3,51519,3,3687.45,23813,53862,-0.3533377556960409,0
2023-07-28 10:50:14,3680.05,51527,5,3687.45,23916,53777,-0.3601066782189537,0
2023-07-28 10:50:14,3680.3,51527,1,3687.45,23916,53777,-0.3533377556960409,0
2023-07-28 10:50:18,3680.3,51533,2,3687.45,23915,53782,-0.3533377556960409,0
2023-07-28 10:50:18,3680.3,51533,2,3687.45,23915,53782,-0.3533377556960409,0
2023-07-28 10:50:18,3680.05,51533,2,3687.45,23915,53782,-0.3601066782189537,0
2023-07-28 10:50:18,3680.3,51533,1,3687.45,23915,53782,-0.3533377556960409,0
2023-07-28 10:50:20,3680.3,51536,1,3687.45,24011,53792,-0.3533377556960409,0
2023-07-28 10:50:20,3680.3,51536,10,3687.45,24011,53792,-0.3533377556960409,0
2023-07-28 10:50:23,3680.3,51551,10,3687.44,24004,53780,-0.3533377556960409,0
2023-07-28 10:50:23,3680.05,51551,1,3687.44,24004,53780,-0.3601066782189537,0
2023-07-28 10:50:23,3680.25,51551,1,3687.44,24004,53780,-0.35469154020062843,0
2023-07-28 10:50:23,3680.25,51551,2,3687.44,24004,53780,-0.35469154020062843,0
2023-07-28 10:50:23,3680.25,51551,2,3687.44,24004,53780,-0.35469154020062843,0
2023-07-28 10:50:34,3680.25,51557,2,3687.44,23919,53794,-0.35469154020062843,0
2023-07-28 10:50:34,3680.25,51557,1,3687.44,23919,53794,-0.35469154020062843,0
2023-07-28 10:50:34,3680.05,51557,5,3687.44,23919,53794,-0.3601066782189537,0
2023-07-28 10:50:40,3680.05,51564,1,3687.44,23929,53797,-0.3601066782189537,0
2023-07-28 10:50:40,3680.3,51564,83,3687.44,23929,53797,-0.3533377556960409,0
2023-07-28 10:50:42,3680.3,51664,83,3687.43,23931,53788,-0.3533377556960409,0
2023-07-28 10:50:42,3680.05,51664,2,3687.43,23931,53788,-0.3601066782189537,0
2023-07-28 10:50:45,3680.05,51666,2,3687.43,24009,53707,-0.3601066782189537,0
2023-07-28 10:50:45,3680.0,51666,11,3687.43,24009,53707,-0.3614604627235412,0
2023-07-28 10:50:53,3680.0,51722,11,3687.42,23897,53799,-0.3614604627235412,0
2023-07-28 10:50:53,3680.15,51722,4,3687.42,23897,53799,-0.35739910920979107,0
2023-07-28 10:50:53,3680.0,51722,4,3687.42,23897,53799,-0.3614604627235412,0
2023-07-28 10:50:53,3680.15,51722,1,3687.42,23897,53799,-0.35739910920979107,0
2023-07-28 10:51:01,3680.15,51737,1,3687.42,23894,53717,-0.35739910920979107,0
2023-07-28 10:51:01,3680.1,51737,1,3687.42,23894,53717,-0.3587528937143786,0
2023-07-28 10:51:03,3680.1,51738,1,3687.42,23894,53719,-0.3587528937143786,0
2023-07-28 10:51:03,3680.0,51738,7,3687.42,23894,53719,-0.3614604627235412,0
2023-07-28 10:51:03,3680.0,51738,5,3687.42,23894,53719,-0.3614604627235412,0
2023-07-28 10:51:10,3680.0,51750,5,3687.42,23895,53803,-0.3614604627235412,0
2023-07-28 10:51:10,3680.0,51750,12,3687.42,23895,53803,-0.3614604627235412,0
2023-07-28 10:51:10,3680.0,51750,5,3687.42,23895,53803,-0.3614604627235412,0
2023-07-28 10:51:15,3680.0,52078,5,3687.36,23848,53672,-0.3614604627235412,0
2023-07-28 10:51:15,3680.0,52078,1,3687.36,23848,53672,-0.3614604627235412,0
2023-07-28 10:51:20,3680.0,52084,5,3687.36,23764,53728,-0.3614604627235412,0
2023-07-28 10:51:20,3680.0,52084,5,3687.36,23763,53730,-0.3614604627235412,0
2023-07-28 10:51:20,3680.05,52084,5,3687.36,23763,53824,-0.3601066782189537,0
2023-07-28 10:51:20,3680.0,52084,24,3687.36,23763,53824,-0.3614604627235412,0
2023-07-28 10:51:33,3680.05,52120,1,3687.36,23818,53720,-0.3601066782189537,0
2023-07-28 10:51:33,3680.05,52120,1,3687.36,23818,53720,-0.3601066782189537,0
2023-07-28 10:51:35,3680.05,52121,1,3687.36,23742,53719,-0.3601066782189537,0
2023-07-28 10:51:35,3680.0,52121,5,3687.36,23742,53719,-0.3614604627235412,0
2023-07-28 10:51:40,3680.0,52126,5,3687.36,24088,53723,-0.3614604627235412,0
2023-07-28 10:51:40,3680.0,52126,1,3687.36,24088,53723,-0.3614604627235412,0
2023-07-28 10:51:42,3680.0,52132,1,3687.36,23744,53720,-0.3614604627235412,0
2023-07-28 10:51:42,3680.0,52132,3,3687.36,23744,53720,-0.3614604627235412,0
2023-07-28 10:51:50,3680.0,52135,3,3687.36,23765,53711,-0.3614604627235412,0
2023-07-28 10:51:50,3680.05,52135,2,3687.36,23765,53711,-0.3601066782189537,0
2023-07-28 10:51:50,3680.0,52135,3,3687.36,23765,53711,-0.3614604627235412,0
2023-07-28 10:51:50,3680.0,52135,3,3687.36,23765,53711,-0.3614604627235412,0
2023-07-28 10:51:52,3680.0,52148,3,3687.35,23767,53791,-0.3614604627235412,0
2023-07-28 10:51:52,3680.05,52148,14,3687.35,23767,53791,-0.3601066782189537,0
2023-07-28 10:51:56,3680.05,52172,14,3687.35,23863,53699,-0.3601066782189537,0
2023-07-28 10:51:56,3678.25,52172,24,3687.35,23863,53699,-0.40884292038393083,0
2023-07-28 10:51:56,3680.0,52172,6,3687.35,23863,53699,-0.3614604627235412,0
2023-07-28 10:52:02,3680.0,52259,6,3687.34,23745,53712,-0.3614604627235412,0
2023-07-28 10:52:02,3680.05,52259,1,3687.34,23745,53712,-0.3601066782189537,0
2023-07-28 10:52:07,3680.0,52263,2,3687.34,23756,53704,-0.3614604627235412,0
2023-07-28 10:52:07,3680.05,52263,3,3687.34,23756,53704,-0.3601066782189537,0
2023-07-28 10:52:07,3680.0,52263,50,3687.34,23756,53704,-0.3614604627235412,0
2023-07-28 10:52:11,3680.0,52316,50,3687.33,23751,53691,-0.3614604627235412,0
2023-07-28 10:52:11,3680.0,52316,6,3687.33,23751,53691,-0.3614604627235412,0
2023-07-28 10:52:12,3680.0,52322,6,3687.33,23745,53700,-0.3614604627235412,0
2023-07-28 10:52:12,3680.0,52322,6,3687.33,23747,53700,-0.3614604627235412,0
2023-07-28 10:52:12,3680.0,52322,2,3687.33,23747,53700,-0.3614604627235412,0
2023-07-28 10:52:12,3680.0,52322,2,3687.33,23747,53700,-0.3614604627235412,0
2023-07-28 10:52:24,3680.0,52330,1,3687.33,23747,53700,-0.3614604627235412,0
2023-07-28 10:52:24,3680.0,52330,1,3687.33,23747,53700,-0.3614604627235412,0
2023-07-28 10:52:24,3680.0,52330,12,3687.33,23747,53700,-0.3614604627235412,0
2023-07-28 10:52:28,3680.05,52375,25,3687.32,23831,53719,-0.3601066782189537,0
2023-07-28 10:52:28,3680.0,52375,7,3687.32,23831,53719,-0.3614604627235412,0
2023-07-28 10:52:32,3680.0,52382,7,3687.32,23993,53710,-0.3614604627235412,0
2023-07-28 10:52:32,3680.0,52382,7,3687.32,23799,53713,-0.3614604627235412,0
2023-07-28 10:52:32,3680.05,52382,1,3687.32,23799,53713,-0.3601066782189537,0
2023-07-28 10:52:39,3680.0,52383,3,3687.32,23887,53703,-0.3614604627235412,0
2023-07-28 10:52:39,3680.0,52383,5,3687.32,23887,53703,-0.3614604627235412,0
2023-07-28 10:52:39,3680.0,52383,15,3687.32,23887,53703,-0.3614604627235412,0
2023-07-28 10:52:44,3680.0,52406,15,3687.32,23901,53697,-0.3614604627235412,0
2023-07-28 10:52:44,3680.0,52406,15,3687.32,23818,53697,-0.3614604627235412,0
2023-07-28 10:52:44,3680.0,52406,6,3687.32,23818,53697,-0.3614604627235412,0
2023-07-28 10:52:52,3680.0,52412,6,3687.31,23909,53691,-0.3614604627235412,0
2023-07-28 10:52:52,3680.0,52412,6,3687.31,23820,53692,-0.3614604627235412,0
2023-07-28 10:52:52,3680.05,52412,9,3687.31,23820,53692,-0.3601066782189537,0
2023-07-28 10:53:02,3680.0,52435,6,3687.31,23817,53754,-0.3614604627235412,0
2023-07-28 10:53:02,3680.0,52435,6,3687.31,23817,53754,-0.3614604627235412,0
2023-07-28 10:53:04,3680.0,52441,1,3687.31,23947,53674,-0.3614604627235412,0
2023-07-28 10:53:07,3680.0,52442,1,3687.31,23829,53751,-0.3614604627235412,0
2023-07-28 10:53:07,3680.0,52442,6,3687.31,23829,53751,-0.3614604627235412,0
2023-07-28 10:53:07,3680.05,52442,5,3687.31,23829,53751,-0.3601066782189537,0
2023-07-28 10:53:07,3680.0,52442,2,3687.31,23829,53751,-0.3614604627235412,0
2023-07-28 10:53:15,3680.0,52463,2,3687.31,23953,53670,-0.3614604627235412,0
2023-07-28 10:53:15,3680.0,52463,10,3687.31,23953,53670,-0.3614604627235412,0
2023-07-28 10:53:20,3680.05,52511,38,3687.3,23924,53843,-0.3601066782189537,0
2023-07-28 10:53:20,3680.0,52511,5,3687.3,23924,53843,-0.3614604627235412,0
2023-07-28 10:53:22,3680.05,52516,9,3687.3,23961,53673,-0.3601066782189537,0
2023-07-28 10:53:24,3680.05,52526,9,3687.3,23966,53655,-0.3601066782189537,0
2023-07-28 10:53:24,3680.0,52526,1,3687.3,23966,53655,-0.3614604627235412,0
2023-07-28 10:53:32,3680.0,52527,1,3687.3,23966,53657,-0.3614604627235412,0
2023-07-28 10:53:32,3680.0,52527,2,3687.3,23966,53657,-0.3614604627235412,0
2023-07-28 10:53:34,3680.0,52530,2,3687.3,23964,53657,-0.3614604627235412,0
2023-07-28 10:53:34,3680.0,52530,15,3687.3,23964,53657,-0.3614604627235412,0
2023-07-28 10:53:34,3680.4,52530,1,3687.3,23964,53657,-0.3506301866868783,0
2023-07-28 10:53:34,3680.05,52530,5,3687.3,23964,53657,-0.3601066782189537,0
2023-07-28 10:53:34,3680.05,52530,12,3687.3,23964,53657,-0.3601066782189537,0
2023-07-28 10:53:34,3680.45,52530,1,3687.3,23964,53657,-0.3492764021823031,0
2023-07-28 10:53:34,3680.4,52530,1,3687.3,23964,53657,-0.3506301866868783,0
2023-07-28 10:53:44,3680.4,52565,1,3687.29,23979,53695,-0.3506301866868783,0
2023-07-28 10:53:44,3680.05,52565,2,3687.29,23979,53695,-0.3601066782189537,0
2023-07-28 10:53:50,3680.05,52571,4,3687.29,23972,53942,-0.3601066782189537,0
2023-07-28 10:53:50,3680.35,52571,1,3687.29,23972,53942,-0.35198397119146574,0
2023-07-28 10:53:55,3680.35,52576,4,3687.29,23962,53712,-0.35198397119146574,0
2023-07-28 10:53:55,3680.35,52576,1,3687.29,23962,53712,-0.35198397119146574,0
2023-07-28 10:53:56,3680.35,52658,1,3687.28,24030,53675,-0.35198397119146574,0
2023-07-28 10:53:56,3680.0,52658,15,3687.28,24030,53675,-0.3614604627235412,0
2023-07-28 10:54:03,3680.0,52688,15,3687.28,24021,53765,-0.3614604627235412,0
2023-07-28 10:54:03,3681.15,52688,2,3687.28,24021,53765,-0.33032341911813984,0
2023-07-28 10:54:03,3680.0,52688,10,3687.28,24021,53765,-0.3614604627235412,0
2023-07-28 10:54:08,3680.0,52700,10,3687.28,24015,53759,-0.3614604627235412,0
2023-07-28 10:54:08,3680.0,52700,4,3687.28,24015,53759,-0.3614604627235412,0
2023-07-28 10:54:08,3681.3,52700,1,3687.28,24015,53759,-0.3262620656043897,0
2023-07-28 10:54:08,3680.0,52700,10,3687.28,24015,53759,-0.3614604627235412,0
2023-07-28 10:54:12,3680.0,52717,10,3687.27,24031,53723,-0.3614604627235412,0
2023-07-28 10:54:18,3681.25,52719,2,3687.27,23969,53944,-0.3276158501089772,0
2023-07-28 10:54:18,3681.8,52719,1,3687.27,23969,53944,-0.3127242205585641,0
2023-07-28 10:54:18,3681.85,52719,1,3687.27,23969,53944,-0.31137043605398895,0
2023-07-28 10:54:22,3681.85,52745,1,3687.27,24023,53628,-0.31137043605398895,0
2023-07-28 10:54:22,3681.85,52745,1,3687.27,24258,53711,-0.31137043605398895,0
2023-07-28 10:54:22,3681.8,52745,1,3687.27,24258,53711,-0.3127242205585641,0
2023-07-28 10:54:30,3680.0,52750,4,3687.27,23999,53827,-0.3614604627235412,0
2023-07-28 10:54:30,3681.85,52750,5,3687.27,23999,53827,-0.31137043605398895,0
2023-07-28 10:54:30,3680.0,52750,7,3687.27,23999,53827,-0.3614604627235412,0
2023-07-28 10:54:33,3680.0,52785,7,3687.27,24009,53787,-0.3614604627235412,0
2023-07-28 10:54:33,3680.0,52785,7,3687.27,24000,53705,-0.3614604627235412,0
2023-07-28 10:54:33,3680.0,52785,7,3687.27,24024,53713,-0.3614604627235412,0
2023-07-28 10:54:33,3680.0,52785,7,3687.27,24024,53718,-0.3614604627235412,0
2023-07-28 10:54:33,3680.0,52785,5,3687.27,24024,53718,-0.3614604627235412,0
2023-07-28 10:54:50,3680.0,52790,5,3687.27,24154,53735,-0.3614604627235412,0
2023-07-28 10:54:50,3680.0,52790,6,3687.27,24154,53735,-0.3614604627235412,0
2023-07-28 10:54:55,3680.0,52802,6,3687.26,24068,53901,-0.3614604627235412,0
2023-07-28 10:54:55,3680.0,52802,6,3687.26,24129,53732,-0.3614604627235412,0
2023-07-28 10:54:55,3680.0,52802,6,3687.26,24129,53732,-0.3614604627235412,0
2023-07-28 10:55:00,3680.0,52818,6,3687.26,24104,53671,-0.3614604627235412,0
2023-07-28 10:55:00,3680.0,52818,1,3687.26,24104,53671,-0.3614604627235412,0
2023-07-28 10:55:06,3680.0,52823,1,3687.26,24209,53673,-0.3614604627235412,0
2023-07-28 10:55:06,3680.0,52823,5,3687.26,24209,53673,-0.3614604627235412,0
2023-07-28 10:55:10,3680.0,52829,5,3687.26,24112,53672,-0.3614604627235412,0
2023-07-28 10:55:10,3680.0,52829,5,3687.26,24179,53677,-0.3614604627235412,0
2023-07-28 10:55:10,3680.0,52829,1,3687.26,24179,53677,-0.3614604627235412,0
2023-07-28 10:55:20,3680.0,52835,1,3687.26,24066,53700,-0.3614604627235412,0
2023-07-28 10:55:20,3680.0,52835,1,3687.26,24184,53700,-0.3614604627235412,0
2023-07-28 10:55:20,3680.0,52835,2,3687.26,24184,53700,-0.3614604627235412,0
2023-07-28 10:55:20,3680.0,52835,6,3687.26,24184,53700,-0.3614604627235412,0
2023-07-28 10:55:31,3680.0,52846,6,3687.26,24014,53915,-0.3614604627235412,0
2023-07-28 10:55:31,3681.5,52846,1,3687.26,24014,53915,-0.32084692758606437,0
2023-07-28 10:55:35,3681.5,52847,1,3687.26,24056,53933,-0.32084692758606437,0
2023-07-28 10:55:35,3680.0,52847,4,3687.26,24056,53933,-0.3614604627235412,0
2023-07-28 10:55:35,3680.0,52847,3,3687.26,24056,53933,-0.3614604627235412,0
2023-07-28 10:55:41,3680.0,52858,3,3687.26,24015,53677,-0.3614604627235412,0
2023-07-28 10:55:41,3681.45,52858,1,3687.26,24015,53677,-0.3222007120906519,0
2023-07-28 10:55:45,3681.45,52860,1,3687.26,24115,53673,-0.3222007120906519,0
2023-07-28 10:55:45,3680.0,52860,4,3687.26,24115,53673,-0.3614604627235412,0
2023-07-28 10:55:45,3681.9,52860,2,3687.26,24115,53673,-0.31001665154940145,0
2023-07-28 10:55:51,3681.9,52866,2,3687.25,24002,53666,-0.31001665154940145,0
2023-07-28 10:55:51,3681.9,52866,2,3687.25,24059,53666,-0.31001665154940145,0
2023-07-28 10:55:51,3681.9,52866,14,3687.25,24059,53666,-0.31001665154940145,0
2023-07-28 10:55:58,3681.9,52886,14,3687.25,24045,53643,-0.31001665154940145,0
2023-07-28 10:56:02,3681.85,52887,1,3687.25,24088,53667,-0.31137043605398895,0
2023-07-28 10:56:02,3681.5,52887,3,3687.25,24088,53667,-0.32084692758606437,0
2023-07-28 10:56:06,3681.5,52890,3,3687.25,24005,53948,-0.32084692758606437,0
2023-07-28 10:56:06,3680.05,52890,6,3687.25,24005,53948,-0.3601066782189537,0
2023-07-28 10:56:06,3680.05,52890,10,3687.25,24005,53948,-0.3601066782189537,0
2023-07-28 10:56:06,3680.0,52890,10,3687.25,24005,53948,-0.3614604627235412,0
2023-07-28 10:56:06,3680.0,52890,6,3687.25,24005,53948,-0.3614604627235412,0
2023-07-28 10:56:13,3680.0,52946,9,3687.24,23972,54191,-0.3614604627235412,0
2023-07-28 10:56:13,3680.0,52946,9,3687.24,24134,53979,-0.3614604627235412,0
2023-07-28 10:56:13,3680.0,52946,9,3687.24,24124,53986,-0.3614604627235412,0
2023-07-28 10:56:13,3680.0,52946,9,3687.24,24048,53982,-0.3614604627235412,0
2023-07-28 10:56:13,3680.0,52946,5,3687.24,24048,53982,-0.3614604627235412,0
2023-07-28 10:56:13,3680.0,52946,5,3687.24,24048,53982,-0.3614604627235412,0
2023-07-28 10:56:30,3680.0,52956,5,3687.24,23984,54027,-0.3614604627235412,0
2023-07-28 10:56:30,3680.0,52956,5,3687.24,23986,54025,-0.3614604627235412,0
2023-07-28 10:56:30,3680.0,52956,5,3687.24,24084,54030,-0.3614604627235412,0
2023-07-28 10:56:30,3680.0,52956,8,3687.24,24084,54030,-0.3614604627235412,0
2023-07-28 10:56:40,3680.0,52964,8,3687.24,23999,54028,-0.3614604627235412,0
2023-07-28 10:56:40,3680.0,52964,8,3687.24,24018,54134,-0.3614604627235412,0
2023-07-28 10:56:40,3680.05,52964,2,3687.24,24018,54134,-0.3601066782189537,0
2023-07-28 10:56:52,3680.0,52972,6,3687.24,24051,54005,-0.3614604627235412,0
2023-07-28 10:56:52,3680.0,52972,6,3687.24,24051,54005,-0.3614604627235412,0
2023-07-28 10:56:52,3680.05,52972,1,3687.24,24051,54005,-0.3601066782189537,0
2023-07-28 10:56:52,3680.0,52972,1,3687.24,24051,54005,-0.3614604627235412,0
2023-07-28 10:56:58,3680.0,52982,1,3687.24,24051,54280,-0.3614604627235412,0
2023-07-28 10:56:58,3681.15,52982,1,3687.24,24051,54280,-0.33032341911813984,0
2023-07-28 10:57:01,3681.15,52983,1,3687.24,24151,53942,-0.33032341911813984,0
2023-07-28 10:57:01,3680.0,52983,1,3687.24,24151,53942,-0.3614604627235412,0
2023-07-28 10:57:07,3680.0,52984,1,3687.24,24080,53942,-0.3614604627235412,0
2023-07-28 10:57:07,3680.0,52984,30,3687.24,24080,53942,-0.3614604627235412,0
2023-07-28 10:57:07,3680.0,52984,6,3687.24,24080,53942,-0.3614604627235412,0
2023-07-28 10:57:11,3680.0,53048,10,3687.23,24034,53960,-0.3614604627235412,0
2023-07-28 10:57:11,3680.0,53048,10,3687.23,24141,53968,-0.3614604627235412,0
2023-07-28 10:57:11,3680.0,53048,10,3687.23,24141,53968,-0.3614604627235412,0
2023-07-28 10:57:20,3680.0,53221,6,3687.2,24010,54135,-0.3614604627235412,0
2023-07-28 10:57:20,3680.0,53221,6,3687.2,24003,54234,-0.3614604627235412,0
2023-07-28 10:57:20,3680.0,53221,18,3687.2,24003,54234,-0.3614604627235412,0
2023-07-28 10:57:20,3680.8,53221,1,3687.2,24003,54234,-0.3397999106502153,0
2023-07-28 10:57:26,3680.8,53297,1,3687.19,24134,53964,-0.3397999106502153,0
2023-07-28 10:57:26,3680.0,53297,5,3687.19,24134,53964,-0.3614604627235412,0
2023-07-28 10:57:30,3680.0,53302,5,3687.19,24016,53974,-0.3614604627235412,0
2023-07-28 10:57:30,3680.0,53302,1,3687.19,24016,53974,-0.3614604627235412,0
2023-07-28 10:57:30,3680.0,53302,2,3687.19,24016,53974,-0.3614604627235412,0
2023-07-28 10:57:40,3680.0,53310,2,3687.19,24090,54244,-0.3614604627235412,0
2023-07-28 10:57:40,3680.6,53310,1,3687.19,24090,54244,-0.34521504866855296,0
2023-07-28 10:57:42,3680.6,53313,1,3687.19,24183,53959,-0.34521504866855296,0
2023-07-28 10:57:42,3680.6,53313,1,3687.19,24183,53959,-0.34521504866855296,0
2023-07-28 10:57:42,3680.65,53313,5,3687.19,24183,53959,-0.34386126416396545,0
2023-07-28 10:57:48,3680.65,53324,5,3687.19,24203,53954,-0.34386126416396545,0
2023-07-28 10:57:48,3680.65,53324,1,3687.19,24203,53954,-0.34386126416396545,0
2023-07-28 10:57:51,3680.65,53333,1,3687.19,24259,53886,-0.34386126416396545,0
2023-07-28 10:57:57,3680.6,53334,1,3687.19,24082,53974,-0.34521504866855296,0
2023-07-28 10:57:57,3680.0,53334,4,3687.19,24082,53974,-0.3614604627235412,0
2023-07-28 10:58:00,3680.0,53339,4,3687.19,24158,53955,-0.3614604627235412,0
2023-07-28 10:58:00,3680.65,53339,11,3687.19,24158,53955,-0.34386126416396545,0
2023-07-28 10:58:02,3680.65,53357,11,3687.18,24115,53954,-0.34386126416396545,0
2023-07-28 10:58:02,3680.65,53357,8,3687.18,24115,53954,-0.34386126416396545,0
2023-07-28 10:58:02,3680.0,53357,5,3687.18,24115,53954,-0.3614604627235412,0
2023-07-28 10:58:07,3680.0,53397,5,3687.18,24125,53969,-0.3614604627235412,0
2023-07-28 10:58:07,3680.0,53397,1,3687.18,24125,53969,-0.3614604627235412,0
2023-07-28 10:58:11,3680.0,53398,1,3687.18,24175,53981,-0.3614604627235412,0
2023-07-28 10:58:11,3680.0,53398,5,3687.18,24175,53981,-0.3614604627235412,0
2023-07-28 10:58:20,3680.0,53404,5,3687.18,24315,53911,-0.3614604627235412,0
2023-07-28 10:58:25,3680.0,53416,1,3687.18,24119,53957,-0.3614604627235412,0
2023-07-28 10:58:25,3680.0,53416,1,3687.18,24305,53972,-0.3614604627235412,0
2023-07-28 10:58:25,3680.0,53416,4,3687.18,24305,53972,-0.3614604627235412,0
2023-07-28 10:58:30,3680.0,53421,4,3687.18,24219,53971,-0.3614604627235412,0
2023-07-28 10:58:30,3680.0,53421,4,3687.18,24219,54061,-0.3614604627235412,0
2023-07-28 10:58:30,3680.0,53421,1,3687.18,24219,54061,-0.3614604627235412,0
2023-07-28 10:58:40,3680.0,53428,1,3687.18,24232,54063,-0.3614604627235412,0
2023-07-28 10:58:40,3680.0,53428,1,3687.18,24306,53973,-0.3614604627235412,0
2023-07-28 10:58:50,3680.55,53435,1,3687.17,24210,53973,-0.34656883317312814,0
2023-07-28 10:58:50,3680.0,53435,25,3687.17,24210,53973,-0.3614604627235412,0
2023-07-28 10:58:52,3680.0,53461,25,3687.17,24220,54160,-0.3614604627235412,0
2023-07-28 10:58:52,3680.0,53461,25,3687.17,24220,54080,-0.3614604627235412,0
2023-07-28 10:58:52,3680.45,53461,5,3687.17,24220,54080,-0.3492764021823031,0
2023-07-28 10:58:52,3680.0,53461,1,3687.17,24220,54080,-0.3614604627235412,0
2023-07-28 10:59:02,3680.0,53471,4,3687.17,24305,53963,-0.3614604627235412,0
2023-07-28 10:59:02,3680.0,53471,4,3687.17,24216,54056,-0.3614604627235412,0
2023-07-28 10:59:02,3680.45,53471,2,3687.17,24216,54056,-0.3492764021823031,0
2023-07-28 10:59:06,3680.45,53474,2,3687.17,24215,53963,-0.3492764021823031,0
2023-07-28 10:59:06,3680.0,53474,5,3687.17,24215,53963,-0.3614604627235412,0
2023-07-28 10:59:10,3680.0,53479,5,3687.17,24209,54045,-0.3614604627235412,0
2023-07-28 10:59:10,3680.0,53479,6,3687.17,24209,54045,-0.3614604627235412,0
2023-07-28 10:59:10,3680.45,53479,1,3687.17,24209,54045,-0.3492764021823031,0
2023-07-28 10:59:22,3680.45,53486,1,3687.17,24222,53941,-0.3492764021823031,0
2023-07-28 10:59:23,3680.0,53546,10,3687.16,24198,53978,-0.3614604627235412,0
2023-07-28 10:59:23,3680.4,53546,1,3687.16,24198,53978,-0.3506301866868783,0
2023-07-28 10:59:30,3680.0,53553,3,3687.16,24199,53975,-0.3614604627235412,0
2023-07-28 10:59:30,3680.0,53553,3,3687.16,24205,54077,-0.3614604627235412,0
2023-07-28 10:59:30,3680.0,53553,3,3687.16,24206,54004,-0.3614604627235412,0
2023-07-28 10:59:30,3680.05,53553,2,3687.16,24206,54004,-0.3601066782189537,0
2023-07-28 10:59:42,3680.0,53561,5,3687.16,24164,54025,-0.3614604627235412,0
2023-07-28 10:59:42,3680.0,53561,5,3687.16,24184,54004,-0.3614604627235412,0
2023-07-28 10:59:42,3680.0,53561,3,3687.16,24184,54004,-0.3614604627235412,0
2023-07-28 10:59:48,3680.0,53567,3,3687.16,24191,54005,-0.3614604627235412,0
2023-07-28 10:59:48,3680.0,53567,12,3687.16,24191,54005,-0.3614604627235412,0
2023-07-28 10:59:53,3680.0,53579,12,3687.15,24166,54089,-0.3614604627235412,0
2023-07-28 10:59:53,3680.0,53579,12,3687.15,24171,54021,-0.3614604627235412,0
2023-07-28 10:59:53,3680.0,53579,6,3687.15,24171,54021,-0.3614604627235412,0
2023-07-28 11:00:00,3680.0,53585,6,3687.15,24189,54023,-0.3614604627235412,0
2023-07-28 11:00:00,3680.3,53585,1,3687.15,24189,54023,-0.3533377556960409,0
2023-07-28 11:00:00,3680.0,53585,5,3687.15,24189,54023,-0.3614604627235412,0
2023-07-28 11:00:06,3680.3,53591,3,3687.15,24192,54021,-0.3533377556960409,0
2023-07-28 11:00:06,3680.0,53591,7,3687.15,24192,54021,-0.3614604627235412,0
2023-07-28 11:00:06,3680.0,53591,2,3687.15,24192,54021,-0.3614604627235412,0
2023-07-28 11:00:10,3680.0,53621,2,3687.15,24202,54043,-0.3614604627235412,0
2023-07-28 11:00:10,3678.1,53621,2,3687.15,24202,54043,-0.412904273897681,0
2023-07-28 11:00:14,3678.1,53684,2,3687.14,24203,54211,-0.412904273897681,0
2023-07-28 11:00:14,3680.25,53684,1,3687.14,24203,54211,-0.35469154020062843,0
2023-07-28 11:00:14,3680.25,53684,2,3687.14,24203,54211,-0.35469154020062843,0
2023-07-28 11:00:19,3680.0,53693,4,3687.14,24224,54023,-0.3614604627235412,0
2023-07-28 11:00:19,3680.0,53693,1,3687.14,24224,54023,-0.3614604627235412,0
2023-07-28 11:00:19,3680.3,53693,5,3687.14,24224,54023,-0.3533377556960409,0
2023-07-28 11:00:21,3680.3,53703,5,3687.14,24319,54011,-0.3533377556960409,0
2023-07-28 11:00:21,3680.3,53703,5,3687.14,24358,54005,-0.3533377556960409,0
2023-07-28 11:00:21,3680.0,53703,5,3687.14,24358,54005,-0.3614604627235412,0
2023-07-28 11:00:30,3680.0,53708,5,3687.14,24637,54003,-0.3614604627235412,0
2023-07-28 11:00:30,3680.0,53708,28,3687.14,24637,54003,-0.3614604627235412,0
2023-07-28 11:00:32,3680.0,53759,28,3687.13,24190,54028,-0.3614604627235412,0
2023-07-28 11:00:32,3680.2,53759,1,3687.13,24190,54028,-0.3560453247052159,0
2023-07-28 11:00:38,3680.2,53760,1,3687.13,24193,54021,-0.3560453247052159,0
2023-07-28 11:00:38,3680.0,53760,6,3687.13,24193,54021,-0.3614604627235412,0
2023-07-28 11:00:40,3680.0,53766,6,3687.13,24186,54056,-0.3614604627235412,0
2023-07-28 11:00:40,3680.0,53766,6,3687.13,24204,54144,-0.3614604627235412,0
2023-07-28 11:00:40,3680.0,53766,1,3687.13,24204,54144,-0.3614604627235412,0
2023-07-28 11:00:50,3680.0,53771,1,3687.13,24203,54055,-0.3614604627235412,0
2023-07-28 11:00:50,3680.0,53771,3,3687.13,24203,54055,-0.3614604627235412,0
2023-07-28 11:00:55,3680.0,53774,3,3687.13,24304,54062,-0.3614604627235412,0
2023-07-28 11:00:55,3680.0,53774,6,3687.13,24304,54062,-0.3614604627235412,0
2023-07-28 11:01:00,3680.0,53780,6,3687.13,24195,54227,-0.3614604627235412,0
2023-07-28 11:01:00,3680.0,53780,8,3687.13,24195,54227,-0.3614604627235412,0
2023-07-28 11:01:04,3680.0,53790,8,3687.13,24201,54045,-0.3614604627235412,0
2023-07-28 11:01:04,3680.0,53790,12,3687.13,24201,54045,-0.3614604627235412,0
2023-07-28 11:01:04,3680.0,53790,8,3687.13,24201,54045,-0.3614604627235412,0
2023-07-28 11:01:09,3680.0,53828,6,3687.12,24222,54045,-0.3614604627235412,0
2023-07-28 11:01:09,3680.15,53828,1,3687.12,24222,54045,-0.35739910920979107,0
2023-07-28 11:01:09,3680.0,53828,4,3687.12,24222,54045,-0.3614604627235412,0
2023-07-28 11:01:09,3680.0,53828,4,3687.12,24222,54045,-0.3614604627235412,0
2023-07-28 11:01:13,3680.1,53842,1,3687.12,24259,53740,-0.3587528937143786,0
2023-07-28 11:01:13,3680.1,53844,1,3687.12,24261,53824,-0.3587528937143786,0
2023-07-28 11:01:13,3680.1,53844,1,3687.12,24261,53824,-0.3587528937143786,0
2023-07-28 11:01:13,3680.1,53844,10,3687.12,24261,53824,-0.3587528937143786,0
2023-07-28 11:01:21,3680.15,53863,6,3687.12,24352,53841,-0.35739910920979107,0
2023-07-28 11:01:22,3680.15,53877,1,3687.11,24335,53751,-0.35739910920979107,0
2023-07-28 11:01:22,3680.15,53877,5,3687.11,24335,53751,-0.35739910920979107,0
2023-07-28 11:01:22,3680.15,53877,2,3687.11,24335,53751,-0.35739910920979107,0
2023-07-28 11:01:26,3680.15,53885,2,3687.11,24341,53751,-0.35739910920979107,0
2023-07-28 11:01:26,3680.1,53885,7,3687.11,24341,53751,-0.3587528937143786,0
2023-07-28 11:01:32,3680.15,53892,5,3687.11,24375,53915,-0.35739910920979107,0
2023-07-28 11:01:32,3680.1,53892,26,3687.11,24375,53915,-0.3587528937143786,0
2023-07-28 11:01:32,3680.15,53892,9,3687.11,24375,53915,-0.35739910920979107,0
2023-07-28 11:01:37,3680.15,53984,9,3687.1,24616,53806,-0.35739910920979107,0
2023-07-28 11:01:37,3680.15,53984,5,3687.1,24616,53806,-0.35739910920979107,0
2023-07-28 11:01:37,3680.15,53993,5,3687.1,24446,53808,-0.35739910920979107,0
2023-07-28 11:01:37,3680.1,53993,5,3687.1,24446,53808,-0.3587528937143786,0
2023-07-28 11:01:37,3680.15,53993,8,3687.1,24446,53808,-0.35739910920979107,0
2023-07-28 11:01:37,3680.15,53993,3,3687.1,24446,53808,-0.35739910920979107,0
2023-07-28 11:01:43,3681.75,54046,3,3687.09,24721,53758,-0.3140780050631516,0
2023-07-28 11:01:43,3681.85,54046,5,3687.09,24721,53758,-0.31137043605398895,0
2023-07-28 11:01:48,3681.85,54101,3,3687.09,24727,53759,-0.31137043605398895,0
2023-07-28 11:01:49,3681.85,54104,3,3687.09,24730,53777,-0.31137043605398895,0
2023-07-28 11:01:49,3681.8,54104,5,3687.09,24730,53777,-0.3127242205585641,0
2023-07-28 11:01:56,3681.8,54109,5,3687.09,24750,53722,-0.3127242205585641,0
2023-07-28 11:01:56,3681.8,54109,1,3687.09,24750,53722,-0.3127242205585641,0
2023-07-28 11:01:58,3681.8,54110,1,3687.09,24709,53842,-0.3127242205585641,0
2023-07-28 11:01:58,3681.8,54110,1,3687.09,24710,53825,-0.3127242205585641,0
2023-07-28 11:01:58,3681.8,54110,1,3687.09,24710,53825,-0.3127242205585641,0
2023-07-28 11:01:58,3680.0,54110,30,3687.09,24710,53825,-0.3614604627235412,0
2023-07-28 11:01:58,3680.0,54110,5,3687.09,24710,53825,-0.3614604627235412,0
2023-07-28 11:02:10,3681.8,54225,11,3687.07,24574,53846,-0.3127242205585641,0
2023-07-28 11:02:10,3680.05,54225,1,3687.07,24574,53846,-0.3601066782189537,0
2023-07-28 11:02:14,3680.05,54242,1,3687.07,24649,53886,-0.3601066782189537,0
2023-07-28 11:02:14,3681.8,54242,1,3687.07,24649,53886,-0.3127242205585641,0
2023-07-28 11:02:15,3681.8,54250,4,3687.07,24628,53807,-0.3127242205585641,0
2023-07-28 11:02:15,3680.05,54250,3,3687.07,24628,53807,-0.3601066782189537,0
2023-07-28 11:02:15,3681.75,54250,7,3687.07,24628,53807,-0.3140780050631516,0
2023-07-28 11:02:15,3681.7,54250,2,3687.07,24628,53807,-0.3154317895677391,0
2023-07-28 11:02:22,3681.75,54309,1,3687.06,24659,53895,-0.3140780050631516,0
2023-07-28 11:02:22,3680.1,54309,5,3687.06,24659,53895,-0.3587528937143786,0
2023-07-28 11:02:27,3680.1,54324,5,3687.06,24630,54278,-0.3587528937143786,0
2023-07-28 11:02:27,3680.0,54324,3,3687.06,24630,54278,-0.3614604627235412,0
2023-07-28 11:02:32,3680.0,54329,1,3687.06,24607,54041,-0.3614604627235412,0
2023-07-28 11:02:32,3680.05,54329,2,3687.06,24607,54041,-0.3601066782189537,0
2023-07-28 11:02:34,3680.05,54331,2,3687.06,24709,53955,-0.3601066782189537,0
2023-07-28 11:02:34,3680.0,54331,2,3687.06,24709,53955,-0.3614604627235412,0
2023-07-28 11:02:34,3680.0,54331,5,3687.06,24709,53955,-0.3614604627235412,0
2023-07-28 11:02:40,3680.0,54338,5,3687.06,24612,53998,-0.3614604627235412,0
2023-07-28 11:02:40,3680.0,54338,5,3687.06,24612,53998,-0.3614604627235412,0
2023-07-28 11:02:40,3680.0,54338,40,3687.06,24612,53998,-0.3614604627235412,0
2023-07-28 11:02:44,3680.0,54383,40,3687.05,24588,54088,-0.3614604627235412,0
2023-07-28 11:02:44,3680.05,54383,2,3687.05,24588,54088,-0.3601066782189537,0
2023-07-28 11:02:46,3680.05,54385,2,3687.05,24584,54066,-0.3601066782189537,0
2023-07-28 11:02:46,3680.05,54385,1,3687.05,24584,54066,-0.3601066782189537,0
2023-07-28 11:02:46,3680.0,54385,6,3687.05,24584,54066,-0.3614604627235412,0
2023-07-28 11:02:52,3680.0,54392,6,3687.05,24583,53991,-0.3614604627235412,0
2023-07-28 11:02:52,3680.05,54392,1,3687.05,24583,53991,-0.3601066782189537,0
2023-07-28 11:02:55,3680.05,54394,1,3687.05,24585,54001,-0.3601066782189537,0
2023-07-28 11:02:55,3680.05,54394,1,3687.05,24585,53992,-0.3601066782189537,0
2023-07-28 11:02:55,3680.0,54394,6,3687.05,24585,53992,-0.3614604627235412,0
2023-07-28 11:02:55,3680.0,54394,6,3687.05,24585,53992,-0.3614604627235412,0
2023-07-28 11:03:04,3680.0,54406,6,3687.05,24748,53994,-0.3614604627235412,0
2023-07-28 11:03:04,3680.0,54406,13,3687.05,24748,53994,-0.3614604627235412,0
2023-07-28 11:03:07,3680.0,54419,13,3687.05,24561,54185,-0.3614604627235412,0
2023-07-28 11:03:07,3680.0,54419,6,3687.05,24561,54185,-0.3614604627235412,0
2023-07-28 11:03:07,3680.0,54419,5,3687.05,24561,54185,-0.3614604627235412,0
2023-07-28 11:03:12,3680.05,54431,1,3687.05,24554,54090,-0.3601066782189537,0
2023-07-28 11:03:14,3680.05,54432,1,3687.05,24553,54090,-0.3601066782189537,0
2023-07-28 11:03:14,3680.0,54432,4,3687.05,24553,54090,-0.3614604627235412,0
2023-07-28 11:03:22,3680.0,54441,5,3687.05,24544,54129,-0.3614604627235412,0
2023-07-28 11:03:22,3680.05,54441,3,3687.05,24544,54129,-0.3601066782189537,0
2023-07-28 11:03:23,3680.05,54444,3,3687.05,24545,54324,-0.3601066782189537,0
2023-07-28 11:03:23,3680.05,54444,3,3687.05,24542,54170,-0.3601066782189537,0
2023-07-28 11:03:23,3680.0,54444,7,3687.05,24542,54170,-0.3614604627235412,0
2023-07-28 11:03:32,3680.0,54451,7,3687.04,24539,54253,-0.3614604627235412,0
2023-07-28 11:03:32,3680.05,54451,1,3687.04,24539,54253,-0.3601066782189537,0
2023-07-28 11:03:32,3680.0,54451,5,3687.04,24539,54253,-0.3614604627235412,0
2023-07-28 11:03:38,3680.0,54471,2,3687.04,24523,54070,-0.3614604627235412,0
2023-07-28 11:03:38,3680.05,54471,1,3687.04,24523,54070,-0.3601066782189537,0
2023-07-28 11:03:38,3680.0,54471,5,3687.04,24523,54070,-0.3614604627235412,0
2023-07-28 11:03:38,3680.0,54471,3,3687.04,24523,54070,-0.3614604627235412,0
2023-07-28 11:03:45,3680.0,54723,3,3687.01,24351,54088,-0.3614604627235412,0
2023-07-28 11:03:45,3680.05,54723,3,3687.01,24351,54088,-0.3601066782189537,0
2023-07-28 11:03:49,3680.05,54726,3,3687.01,24463,54090,-0.3601066782189537,0
2023-07-28 11:03:49,3680.0,54726,6,3687.01,24463,54090,-0.3614604627235412,0
2023-07-28 11:03:52,3680.0,54732,6,3687.01,24363,54096,-0.3614604627235412,0
2023-07-28 11:03:52,3680.0,54732,2,3687.01,24363,54096,-0.3614604627235412,0
2023-07-28 11:04:02,3680.0,54740,4,3687.01,24352,54096,-0.3614604627235412,0
2023-07-28 11:04:02,3680.0,54740,4,3687.01,24352,54111,-0.3614604627235412,0
2023-07-28 11:04:02,3680.0,54740,4,3687.01,24360,54046,-0.3614604627235412,0
2023-07-28 11:04:02,3680.0,54740,6,3687.01,24360,54046,-0.3614604627235412,0
2023-07-28 11:04:12,3680.0,54746,6,3687.01,24356,54200,-0.3614604627235412,0
2023-07-28 11:04:22,3680.0,54751,5,3687.01,24368,54014,-0.3614604627235412,0
2023-07-28 11:04:22,3680.05,54751,1,3687.01,24368,54014,-0.3601066782189537,0
2023-07-28 11:04:22,3680.0,54751,2,3687.01,24368,54014,-0.3614604627235412,0
2023-07-28 11:04:22,3680.05,54751,1,3687.01,24368,54014,-0.3601066782189537,0
2023-07-28 11:04:22,3680.05,54751,1,3687.01,24368,54014,-0.3601066782189537,0
2023-07-28 11:04:26,3680.05,54757,1,3687.0,24378,54005,-0.3601066782189537,0
2023-07-28 11:04:26,3680.05,54757,1,3687.0,24380,54037,-0.3601066782189537,0
2023-07-28 11:04:26,3680.0,54757,7,3687.0,24380,54037,-0.3614604627235412,0
2023-07-28 11:04:26,3680.05,54757,2,3687.0,24380,54037,-0.3601066782189537,0
2023-07-28 11:04:33,3680.05,54766,2,3687.0,24372,54039,-0.3601066782189537,0
2023-07-28 11:04:33,3680.05,54766,1,3687.0,24372,54039,-0.3601066782189537,0
2023-07-28 11:04:35,3680.05,54767,1,3687.0,24328,54374,-0.3601066782189537,0
2023-07-28 11:04:35,3680.05,54767,1,3687.0,24328,54374,-0.3601066782189537,0
2023-07-28 11:04:35,3680.05,54767,1,3687.0,24328,54374,-0.3601066782189537,0
2023-07-28 11:04:42,3680.0,54774,1,3687.0,24305,54065,-0.3614604627235412,0
2023-07-28 11:04:42,3680.0,54774,1,3687.0,24316,54070,-0.3614604627235412,0
2023-07-28 11:04:42,3680.0,54774,2,3687.0,24316,54070,-0.3614604627235412,0
2023-07-28 11:04:42,3680.0,54774,1,3687.0,24316,54070,-0.3614604627235412,0
2023-07-28 11:04:50,3680.0,54788,1,3687.0,24305,54074,-0.3614604627235412,0
2023-07-28 11:04:50,3680.0,54788,6,3687.0,24305,54074,-0.3614604627235412,0
2023-07-28 11:04:50,3680.0,54788,7,3687.0,24305,54074,-0.3614604627235412,0
2023-07-28 11:04:53,3680.0,54806,7,3687.0,24309,54068,-0.3614604627235412,0
2023-07-28 11:04:53,3680.0,54806,10,3687.0,24309,54068,-0.3614604627235412,0
2023-07-28 11:04:53,3680.05,54806,1,3687.0,24309,54068,-0.3601066782189537,0
2023-07-28 11:04:53,3680.05,54806,9,3687.0,24309,54068,-0.3601066782189537,0
2023-07-28 11:04:57,3680.05,54842,9,3686.99,24206,54056,-0.3601066782189537,0
2023-07-28 11:04:57,3680.0,54842,2,3686.99,24206,54056,-0.3614604627235412,0
2023-07-28 11:05:02,3680.0,54855,2,3686.99,24104,54076,-0.3614604627235412,0
2023-07-28 11:05:02,3680.0,54855,2,3686.99,24104,54076,-0.3614604627235412,0
2023-07-28 11:05:02,3680.0,54855,2,3686.99,24114,54164,-0.3614604627235412,0
2023-07-28 11:05:02,3680.0,54855,6,3686.99,24114,54164,-0.3614604627235412,0
2023-07-28 11:05:12,3680.0,54861,6,3686.99,24063,54077,-0.3614604627235412,0
2023-07-28 11:05:12,3680.05,54861,7,3686.99,24063,54077,-0.3601066782189537,0
2023-07-28 11:05:15,3680.05,54868,7,3686.99,24073,54237,-0.3601066782189537,0
2023-07-28 11:05:15,3680.0,54868,2,3686.99,24073,54237,-0.3614604627235412,0
2023-07-28 11:05:22,3680.0,54873,2,3686.99,24068,54072,-0.3614604627235412,0
2023-07-28 11:05:22,3680.0,54873,1,3686.99,24068,54072,-0.3614604627235412,0
2023-07-28 11:05:27,3680.0,54937,1,3686.98,24035,54065,-0.3614604627235412,0
2023-07-28 11:05:27,3680.0,54937,1,3686.98,24035,54065,-0.3614604627235412,0
2023-07-28 11:05:27,3680.0,54937,1,3686.98,24043,54062,-0.3614604627235412,0
2023-07-28 11:05:27,3680.0,54937,7,3686.98,24043,54062,-0.3614604627235412,0
2023-07-28 11:05:32,3680.0,54944,7,3686.98,24041,54131,-0.3614604627235412,0
2023-07-28 11:05:32,3680.0,54944,46,3686.98,24041,54131,-0.3614604627235412,0
2023-07-28 11:05:32,3680.05,54944,14,3686.98,24041,54131,-0.3601066782189537,0
2023-07-28 11:05:38,3680.05,55013,14,3686.97,24160,54062,-0.3601066782189537,0
2023-07-28 11:05:38,3680.0,55013,5,3686.97,24160,54062,-0.3614604627235412,0
2023-07-28 11:05:42,3680.0,55018,5,3686.97,24070,54062,-0.3614604627235412,0
2023-07-28 11:05:42,3680.0,55018,1,3686.97,24070,54062,-0.3614604627235412,0
2023-07-28 11:05:42,3680.05,55018,15,3686.97,24070,54062,-0.3601066782189537,0
2023-07-28 11:05:46,3680.05,55034,15,3686.97,24068,54065,-0.3601066782189537,0
2023-07-28 11:05:46,3680.0,55034,4,3686.97,24068,54065,-0.3614604627235412,0
2023-07-28 11:05:46,3680.05,55034,1,3686.97,24068,54065,-0.3601066782189537,0
2023-07-28 11:05:52,3680.05,55048,1,3686.97,24066,54074,-0.3601066782189537,0
2023-07-28 11:05:52,3680.0,55048,3,3686.97,24066,54074,-0.3614604627235412,0
2023-07-28 11:05:52,3680.05,55048,1,3686.97,24066,54074,-0.3601066782189537,0
2023-07-28 11:05:53,3680.05,55055,1,3686.97,24064,54073,-0.3601066782189537,0
2023-07-28 11:05:53,3680.05,55055,1,3686.97,24064,54076,-0.3601066782189537,0
2023-07-28 11:05:53,3680.0,55055,6,3686.97,24064,54076,-0.3614604627235412,0
2023-07-28 11:05:53,3681.5,55055,3,3686.97,24064,54076,-0.32084692758606437,0
2023-07-28 11:06:04,3681.25,55112,1,3686.96,24115,54033,-0.3276158501089772,0
2023-07-28 11:06:04,3680.05,55112,1,3686.96,24115,54033,-0.3601066782189537,0
2023-07-28 11:06:04,3680.0,55112,8,3686.96,24115,54033,-0.3614604627235412,0
2023-07-28 11:06:06,3680.0,55133,8,3686.96,24081,54157,-0.3614604627235412,0
2023-07-28 11:06:06,3680.0,55133,7,3686.96,24081,54157,-0.3614604627235412,0
2023-07-28 11:06:12,3680.0,55140,7,3686.96,24077,54070,-0.3614604627235412,0
2023-07-28 11:06:12,3680.0,55140,7,3686.96,24084,54120,-0.3614604627235412,0
2023-07-28 11:06:12,3680.05,55140,1,3686.96,24084,54120,-0.3601066782189537,0
2023-07-28 11:06:19,3680.05,55141,1,3686.96,24087,54196,-0.3601066782189537,0
2023-07-28 11:06:19,3680.0,55141,1,3686.96,24087,54196,-0.3614604627235412,0
2023-07-28 11:06:22,3680.0,55146,1,3686.96,24092,54119,-0.3614604627235412,0
2023-07-28 11:06:22,3680.05,55146,3,3686.96,24092,54119,-0.3601066782189537,0
2023-07-28 11:06:28,3680.05,55149,3,3686.96,24261,54107,-0.3601066782189537,0
2023-07-28 11:06:28,3680.0,55149,5,3686.96,24261,54107,-0.3614604627235412,0
2023-07-28 11:06:33,3680.05,55157,1,3686.95,24100,54105,-0.3601066782189537,0
2023-07-28 11:06:33,3680.0,55157,17,3686.95,24100,54105,-0.3614604627235412,0
2023-07-28 11:06:35,3680.0,55182,17,3686.95,24092,54105,-0.3614604627235412,0
2023-07-28 11:06:35,3680.0,55182,17,3686.95,24093,54105,-0.3614604627235412,0
2023-07-28 11:06:35,3680.0,55182,5,3686.95,24093,54105,-0.3614604627235412,0
2023-07-28 11:06:42,3680.0,55187,5,3686.95,24359,54100,-0.3614604627235412,0
2023-07-28 11:06:42,3680.05,55187,5,3686.95,24359,54100,-0.3601066782189537,0
2023-07-28 11:06:48,3680.05,55197,5,3686.95,24089,54090,-0.3601066782189537,0
2023-07-28 11:06:48,3680.0,55197,1,3686.95,24089,54090,-0.3614604627235412,0
2023-07-28 11:06:52,3680.0,55203,1,3686.95,24116,54057,-0.3614604627235412,0
2023-07-28 11:06:52,3680.0,55203,15,3686.95,24116,54057,-0.3614604627235412,0
2023-07-28 11:06:54,3680.0,55233,15,3686.94,24143,54276,-0.3614604627235412,0
2023-07-28 11:06:54,3680.0,55233,15,3686.94,24145,54213,-0.3614604627235412,0
2023-07-28 11:06:54,3680.0,55233,6,3686.94,24145,54213,-0.3614604627235412,0
2023-07-28 11:06:54,3680.05,55233,5,3686.94,24145,54213,-0.3601066782189537,0
2023-07-28 11:07:05,3680.05,55244,5,3686.94,24235,54119,-0.3601066782189537,0
2023-07-28 11:07:05,3678.1,55244,6,3686.94,24235,54119,-0.412904273897681,0
2023-07-28 11:07:10,3680.0,55364,59,3686.93,24095,54400,-0.3614604627235412,0
2023-07-28 11:07:10,3680.0,55364,6,3686.93,24095,54400,-0.3614604627235412,0
2023-07-28 11:07:10,3680.0,55364,2,3686.93,24095,54400,-0.3614604627235412,0
2023-07-28 11:07:13,3680.0,55397,2,3686.92,24178,54238,-0.3614604627235412,0
2023-07-28 11:07:13,3680.0,55397,2,3686.92,24090,54227,-0.3614604627235412,0
2023-07-28 11:07:21,3680.0,55403,6,3686.92,24264,54217,-0.3614604627235412,0
2023-07-28 11:07:21,3680.0,55403,1,3686.92,24264,54217,-0.3614604627235412,0
2023-07-28 11:07:21,3680.0,55403,2,3686.92,24264,54217,-0.3614604627235412,0
2023-07-28 11:07:21,3680.05,55403,4,3686.92,24264,54217,-0.3601066782189537,0
2023-07-28 11:07:21,3680.0,55403,12,3686.92,24264,54217,-0.3614604627235412,0
2023-07-28 11:07:24,3680.0,55427,12,3686.92,24092,54224,-0.3614604627235412,0
2023-07-28 11:07:24,3680.05,55427,5,3686.92,24092,54224,-0.3601066782189537,0
2023-07-28 11:07:29,3680.05,55437,5,3686.92,24103,54217,-0.3601066782189537,0
2023-07-28 11:07:29,3680.05,55437,3,3686.92,24103,54217,-0.3601066782189537,0
2023-07-28 11:07:29,3680.0,55437,7,3686.92,24103,54217,-0.3614604627235412,0
2023-07-28 11:07:32,3680.0,55449,7,3686.92,24103,54216,-0.3614604627235412,0
2023-07-28 11:07:37,3680.0,55460,2,3686.92,24116,54239,-0.3614604627235412,0
2023-07-28 11:07:37,3680.0,55460,2,3686.92,24116,54239,-0.3614604627235412,0
2023-07-28 11:07:37,3680.05,55460,24,3686.92,24116,54239,-0.3601066782189537,0
2023-07-28 11:07:38,3680.0,55500,1,3686.91,24137,54265,-0.3614604627235412,0
2023-07-28 11:07:38,3680.0,55500,17,3686.91,24137,54265,-0.3614604627235412,0
2023-07-28 11:07:44,3680.0,55526,17,3686.91,24209,54275,-0.3614604627235412,0
2023-07-28 11:07:44,3681.7,55526,2,3686.91,24209,54275,-0.3154317895677391,0
2023-07-28 11:07:44,3680.0,55526,7,3686.91,24209,54275,-0.3614604627235412,0
2023-07-28 11:07:48,3680.0,55572,7,3686.9,24256,54251,-0.3614604627235412,0
2023-07-28 11:07:48,3680.0,55572,7,3686.9,24256,54251,-0.3614604627235412,0
2023-07-28 11:07:53,3681.2,55585,1,3686.9,24169,54257,-0.3289696346135647,0
2023-07-28 11:07:54,3681.2,55586,1,3686.9,24269,54233,-0.3289696346135647,0
2023-07-28 11:07:54,3680.0,55586,6,3686.9,24269,54233,-0.3614604627235412,0
2023-07-28 11:08:00,3680.0,55594,6,3686.9,24389,54239,-0.3614604627235412,0
2023-07-28 11:08:00,3680.0,55594,6,3686.9,24520,54239,-0.3614604627235412,0
2023-07-28 11:08:00,3680.0,55594,6,3686.9,24520,54239,-0.3614604627235412,0
2023-07-28 11:08:10,3680.0,55600,6,3686.9,24516,54245,-0.3614604627235412,0
2023-07-28 11:08:10,3681.25,55600,1,3686.9,24516,54245,-0.3276158501089772,0
2023-07-28 11:08:14,3681.25,55601,1,3686.9,24438,54309,-0.3276158501089772,0
2023-07-28 11:08:14,3680.0,55601,1,3686.9,24438,54309,-0.3614604627235412,0
2023-07-28 11:08:20,3680.0,55607,1,3686.9,24421,54229,-0.3614604627235412,0
2023-07-28 11:08:20,3680.0,55607,1,3686.9,24393,54240,-0.3614604627235412,0
2023-07-28 11:08:29,3680.0,55633,13,3686.89,24409,54254,-0.3614604627235412,0
2023-07-28 11:08:29,3680.0,55633,4,3686.89,24409,54254,-0.3614604627235412,0
2023-07-28 11:08:29,3681.1,55633,1,3686.89,24409,54254,-0.33167720362272735,0
2023-07-28 11:08:37,3681.1,55650,1,3686.89,24395,54251,-0.33167720362272735,0
2023-07-28 11:08:37,3680.0,55650,1,3686.89,24395,54251,-0.3614604627235412,0
2023-07-28 11:08:40,3680.0,55657,1,3686.89,24432,54253,-0.3614604627235412,0
2023-07-28 11:08:40,3680.0,55657,6,3686.89,24432,54253,-0.3614604627235412,0
2023-07-28 11:08:45,3680.0,55663,6,3686.89,24422,54260,-0.3614604627235412,0
2023-07-28 11:08:45,3680.0,55663,2,3686.89,24422,54260,-0.3614604627235412,0
2023-07-28 11:08:47,3680.0,55665,2,3686.89,24421,54257,-0.3614604627235412,0
2023-07-28 11:08:47,3680.0,55665,3,3686.89,24421,54257,-0.3614604627235412,0
2023-07-28 11:08:47,3681.9,55665,12,3686.89,24421,54257,-0.31001665154940145,0
2023-07-28 11:08:47,3681.85,55665,1,3686.89,24421,54257,-0.31137043605398895,0
2023-07-28 11:08:47,3681.7,55665,1,3686.89,24421,54257,-0.3154317895677391,0
2023-07-28 11:08:53,3681.7,55705,1,3686.89,24593,54198,-0.3154317895677391,0
2023-07-28 11:08:53,3681.7,55705,3,3686.89,24593,54198,-0.3154317895677391,0
2023-07-28 11:08:55,3681.7,55709,3,3686.89,24503,54369,-0.3154317895677391,0
2023-07-28 11:09:00,3680.1,55712,2,3686.89,24501,54201,-0.3587528937143786,0
2023-07-28 11:09:00,3680.05,55712,1,3686.89,24501,54201,-0.3601066782189537,0
2023-07-28 11:09:03,3680.05,55713,1,3686.89,24571,54252,-0.3601066782189537,0
2023-07-28 11:09:03,3681.6,55713,2,3686.89,24571,54252,-0.31813935857690173,0
2023-07-28 11:09:05,3681.6,55717,2,3686.89,24557,54296,-0.31813935857690173,0
2023-07-28 11:09:05,3681.6,55717,1,3686.89,24557,54296,-0.31813935857690173,0
2023-07-28 11:09:10,3681.6,55724,1,3686.88,24531,54219,-0.31813935857690173,0
2023-07-28 11:09:10,3681.6,55724,1,3686.88,24533,54223,-0.31813935857690173,0
2023-07-28 11:09:10,3680.05,55724,6,3686.88,24533,54223,-0.3601066782189537,0
2023-07-28 11:09:20,3680.05,55730,6,3686.88,24514,54424,-0.3601066782189537,0
2023-07-28 11:09:20,3680.0,55730,1,3686.88,24514,54424,-0.3614604627235412,0
2023-07-28 11:09:23,3680.0,55755,1,3686.88,24499,54288,-0.3614604627235412,0
2023-07-28 11:09:23,3681.5,55755,1,3686.88,24499,54288,-0.32084692758606437,0
2023-07-28 11:09:25,3681.5,55756,1,3686.88,24519,54278,-0.32084692758606437,0
2023-07-28 11:09:25,3680.05,55756,2,3686.88,24519,54278,-0.3601066782189537,0
2023-07-28 11:09:25,3680.0,55756,1,3686.88,24519,54278,-0.3614604627235412,0
2023-07-28 11:09:25,3680.0,55756,7,3686.88,24519,54278,-0.3614604627235412,0
2023-07-28 11:09:32,3680.05,55767,1,3686.88,24490,54267,-0.3601066782189537,0
2023-07-28 11:09:33,3680.05,55768,1,3686.88,24498,54345,-0.3601066782189537,0
2023-07-28 11:09:33,3680.0,55768,2,3686.88,24498,54345,-0.3614604627235412,0
2023-07-28 11:09:33,3680.0,55768,1,3686.88,24498,54345,-0.3614604627235412,0
2023-07-28 11:09:40,3680.0,55771,1,3686.88,24508,54267,-0.3614604627235412,0
2023-07-28 11:09:40,3680.0,55771,5,3686.88,24508,54267,-0.3614604627235412,0
2023-07-28 11:09:40,3680.05,55771,3,3686.88,24508,54267,-0.3601066782189537,0
2023-07-28 11:09:40,3680.05,55771,6,3686.88,24508,54267,-0.3601066782189537,0
2023-07-28 11:09:44,3680.05,55792,3,3686.88,24598,54272,-0.3601066782189537,0
2023-07-28 11:09:44,3680.05,55792,3,3686.88,24598,54272,-0.3601066782189537,0
2023-07-28 11:09:44,3680.0,55792,1,3686.88,24598,54272,-0.3614604627235412,0
2023-07-28 11:09:47,3680.0,55801,1,3686.88,24771,54272,-0.3614604627235412,0
2023-07-28 11:09:47,3680.0,55801,6,3686.88,24771,54272,-0.3614604627235412,0
2023-07-28 11:09:53,3680.0,55819,4,3686.87,24442,54280,-0.3614604627235412,0
2023-07-28 11:09:53,3680.0,55819,4,3686.87,24442,54280,-0.3614604627235412,0
2023-07-28 11:09:56,3680.0,55823,4,3686.87,24439,54280,-0.3614604627235412,0
2023-07-28 11:09:56,3680.0,55823,1,3686.87,24439,54280,-0.3614604627235412,0
2023-07-28 11:09:56,3680.0,55823,1,3686.87,24439,54280,-0.3614604627235412,0
2023-07-28 11:10:00,3680.0,55825,1,3686.87,24444,54281,-0.3614604627235412,0
2023-07-28 11:10:00,3680.0,55825,1,3686.87,24444,54281,-0.3614604627235412,0
2023-07-28 11:10:00,3680.05,55825,5,3686.87,24444,54281,-0.3601066782189537,0
2023-07-28 11:10:04,3680.05,55836,5,3686.87,24410,54512,-0.3601066782189537,0
2023-07-28 11:10:04,3681.6,55836,4,3686.87,24410,54512,-0.31813935857690173,0
2023-07-28 11:10:04,3681.8,55836,1,3686.87,24410,54512,-0.3127242205585641,0
2023-07-28 11:10:13,3681.8,55863,1,3686.87,24412,54217,-0.3127242205585641,0
2023-07-28 11:10:13,3681.75,55863,1,3686.87,24405,54232,-0.3140780050631516,0
2023-07-28 11:10:17,3681.75,55864,1,3686.87,24490,54233,-0.3140780050631516,0
2023-07-28 11:10:17,3681.7,55864,1,3686.87,24490,54233,-0.3154317895677391,0
2023-07-28 11:10:23,3681.7,55865,1,3686.87,24484,54306,-0.3154317895677391,0
2023-07-28 11:10:23,3681.7,55865,1,3686.87,24484,54306,-0.3154317895677391,0
2023-07-28 11:10:23,3681.7,55865,1,3686.87,24484,54306,-0.3154317895677391,0
2023-07-28 11:10:28,3681.7,55867,1,3686.87,24584,54218,-0.3154317895677391,0
2023-07-28 11:10:28,3680.0,55867,2,3686.87,24584,54218,-0.3614604627235412,0
2023-07-28 11:10:30,3680.0,55870,2,3686.87,24500,54218,-0.3614604627235412,0
2023-07-28 11:10:30,3681.65,55870,1,3686.87,24500,54218,-0.3167855740723142,0
2023-07-28 11:10:37,3681.65,55882,4,3686.87,24509,54195,-0.3167855740723142,0
2023-07-28 11:10:37,3680.0,55882,4,3686.87,24509,54195,-0.3614604627235412,0
2023-07-28 11:10:40,3680.0,55886,4,3686.87,24495,54194,-0.3614604627235412,0
2023-07-28 11:10:40,3681.6,55886,1,3686.87,24495,54194,-0.31813935857690173,0
2023-07-28 11:10:44,3681.6,55887,1,3686.87,24498,54383,-0.31813935857690173,0
2023-07-28 11:10:50,3680.0,55891,4,3686.86,24492,54273,-0.3614604627235412,0
2023-07-28 11:10:50,3680.0,55891,7,3686.86,24492,54273,-0.3614604627235412,0
2023-07-28 11:10:51,3680.0,55898,7,3686.86,24489,54212,-0.3614604627235412,0
2023-07-28 11:10:51,3680.0,55898,7,3686.86,24473,54545,-0.3614604627235412,0
2023-07-28 11:10:51,3680.0,55898,3,3686.86,24473,54545,-0.3614604627235412,0
2023-07-28 11:11:00,3680.0,55904,3,3686.86,24559,54230,-0.3614604627235412,0
2023-07-28 11:11:00,3681.65,55904,1,3686.86,24559,54230,-0.3167855740723142,0
2023-07-28 11:11:00,3681.65,55904,4,3686.86,24559,54230,-0.3167855740723142,0
2023-07-28 11:11:03,3681.65,55910,4,3686.86,24491,54275,-0.3167855740723142,0
2023-07-28 11:11:03,3680.0,55910,1,3686.86,24491,54275,-0.3614604627235412,0
2023-07-28 11:11:03,3680.0,55910,2,3686.86,24491,54275,-0.3614604627235412,0
2023-07-28 11:11:10,3680.0,55927,5,3686.86,24626,54261,-0.3614604627235412,0
2023-07-28 11:11:10,3680.0,55927,5,3686.86,24626,54261,-0.3614604627235412,0
2023-07-28 11:11:10,3680.0,55927,5,3686.86,24462,54447,-0.3614604627235412,0
2023-07-28 11:11:10,3681.4,55927,1,3686.86,24462,54447,-0.32355449659522706,0
2023-07-28 11:11:10,3680.0,55927,14,3686.86,24462,54447,-0.3614604627235412,0
2023-07-28 11:11:15,3680.0,55942,14,3686.86,24801,54379,-0.3614604627235412,0
2023-07-28 11:11:15,3680.0,55942,5,3686.86,24801,54379,-0.3614604627235412,0
2023-07-28 11:11:15,3681.35,55942,1,3686.86,24801,54379,-0.32490828109981457,0
2023-07-28 11:11:21,3681.35,55948,1,3686.86,24833,54500,-0.32490828109981457,0
2023-07-28 11:11:21,3681.35,55948,1,3686.86,24922,54261,-0.32490828109981457,0
2023-07-28 11:11:21,3680.0,55948,5,3686.86,24922,54261,-0.3614604627235412,0
2023-07-28 11:11:30,3680.0,55953,5,3686.86,24826,54438,-0.3614604627235412,0
2023-07-28 11:11:30,3681.45,55953,1,3686.86,24826,54438,-0.3222007120906519,0
2023-07-28 11:11:34,3681.45,55954,1,3686.86,24827,54471,-0.3222007120906519,0
2023-07-28 11:11:34,3681.45,55954,4,3686.86,24827,54471,-0.3222007120906519,0
2023-07-28 11:11:39,3680.0,56001,42,3686.85,24887,54286,-0.3614604627235412,0
2023-07-28 11:11:39,3680.0,56001,2,3686.85,24887,54286,-0.3614604627235412,0
2023-07-28 11:11:39,3680.0,56001,7,3686.85,24887,54286,-0.3614604627235412,0
2023-07-28 11:11:40,3680.0,56010,7,3686.85,24798,54302,-0.3614604627235412,0
2023-07-28 11:11:48,3681.4,56031,4,3686.85,24828,54280,-0.32355449659522706,0
2023-07-28 11:11:48,3681.4,56031,1,3686.85,24828,54280,-0.32355449659522706,0
2023-07-28 11:11:48,3680.0,56031,1,3686.85,24828,54280,-0.3614604627235412,0
2023-07-28 11:11:50,3680.0,56033,1,3686.85,24821,54284,-0.3614604627235412,0
2023-07-28 11:11:50,3680.0,56033,1,3686.85,24987,54286,-0.3614604627235412,0
2023-07-28 11:12:00,3680.0,56040,1,3686.85,24818,54284,-0.3614604627235412,0
2023-07-28 11:12:00,3680.0,56040,1,3686.85,25261,54289,-0.3614604627235412,0
2023-07-28 11:12:00,3680.0,56040,1,3686.85,24818,54451,-0.3614604627235412,0
2023-07-28 11:12:00,3680.0,56040,6,3686.85,24818,54451,-0.3614604627235412,0
2023-07-28 11:12:00,3681.35,56040,1,3686.85,24818,54451,-0.32490828109981457,0
2023-07-28 11:12:00,3680.0,56040,4,3686.85,24818,54451,-0.3614604627235412,0
2023-07-28 11:12:13,3680.0,56055,4,3686.85,25051,54289,-0.3614604627235412,0
2023-07-28 11:12:13,3681.3,56055,1,3686.85,25051,54289,-0.3262620656043897,0
2023-07-28 11:12:15,3681.3,56056,1,3686.85,24850,54377,-0.3262620656043897,0
2023-07-28 11:12:15,3681.35,56056,8,3686.85,24850,54377,-0.32490828109981457,0
2023-07-28 11:12:18,3681.35,56070,8,3686.84,24855,54515,-0.32490828109981457,0
2023-07-28 11:12:18,3680.0,56070,6,3686.84,24846,54388,-0.3614604627235412,0
2023-07-28 11:12:18,3681.3,56070,4,3686.84,24846,54388,-0.3262620656043897,0
2023-07-28 11:12:29,3681.25,56095,3,3686.84,24845,54325,-0.3276158501089772,0
2023-07-28 11:12:29,3681.25,56095,1,3686.84,24845,54325,-0.3276158501089772,0
2023-07-28 11:12:29,3680.0,56095,25,3686.84,24845,54325,-0.3614604627235412,0
2023-07-28 11:12:38,3680.0,56137,25,3686.84,24756,54329,-0.3614604627235412,0
2023-07-28 11:12:38,3680.0,56137,7,3686.84,24756,54329,-0.3614604627235412,0
2023-07-28 11:12:38,3681.15,56137,2,3686.84,24756,54329,-0.33032341911813984,0
2023-07-28 11:12:43,3681.15,56146,2,3686.84,24787,54351,-0.33032341911813984,0
2023-07-28 11:12:43,3680.0,56146,3,3686.84,24787,54351,-0.3614604627235412,0
2023-07-28 11:12:46,3680.0,56152,3,3686.83,25194,54337,-0.3614604627235412,0
2023-07-28 11:12:46,3680.0,56152,3,3686.83,25194,54337,-0.3614604627235412,0
2023-07-28 11:12:50,3680.0,56155,3,3686.83,24868,54336,-0.3614604627235412,0
2023-07-28 11:12:50,3680.0,56155,3,3686.83,24884,54337,-0.3614604627235412,0
2023-07-28 11:12:50,3681.15,56155,2,3686.83,24884,54337,-0.33032341911813984,0
2023-07-28 11:12:50,3680.0,56155,3,3686.83,24884,54337,-0.3614604627235412,0
2023-07-28 11:13:00,3680.0,56162,3,3686.83,24973,54330,-0.3614604627235412,0
2023-07-28 11:13:00,3681.15,56162,1,3686.83,24973,54330,-0.33032341911813984,0
2023-07-28 11:13:00,3681.2,56162,2,3686.83,24973,54330,-0.3289696346135647,0
2023-07-28 11:13:03,3681.2,56171,2,3686.83,24883,54344,-0.3289696346135647,0
2023-07-28 11:13:03,3681.2,56171,2,3686.83,24883,54345,-0.3289696346135647,0
2023-07-28 11:13:03,3681.2,56171,2,3686.83,24963,54388,-0.3289696346135647,0
2023-07-28 11:13:03,3681.2,56171,2,3686.83,24884,54439,-0.3289696346135647,0
2023-07-28 11:13:03,3680.0,56171,3,3686.83,24884,54439,-0.3614604627235412,0
2023-07-28 11:13:20,3680.0,56177,3,3686.83,24880,54625,-0.3614604627235412,0
2023-07-28 11:13:20,3680.0,56177,3,3686.83,24964,54450,-0.3614604627235412,0
2023-07-28 11:13:20,3680.0,56177,3,3686.83,24964,54450,-0.3614604627235412,0
2023-07-28 11:13:28,3680.0,56180,1,3686.83,24788,54450,-0.3614604627235412,0
2023-07-28 11:13:30,3680.0,56185,1,3686.83,24889,54449,-0.3614604627235412,0
2023-07-28 11:13:30,3680.0,56185,1,3686.83,24795,54452,-0.3614604627235412,0
2023-07-28 11:13:30,3680.0,56185,7,3686.83,24795,54452,-0.3614604627235412,0
2023-07-28 11:13:30,3680.0,56185,2,3686.83,24795,54452,-0.3614604627235412,0
2023-07-28 11:13:41,3680.0,56203,3,3686.83,24768,54454,-0.3614604627235412,0
2023-07-28 11:13:41,3680.0,56203,12,3686.83,24768,54454,-0.3614604627235412,0
2023-07-28 11:13:41,3680.95,56203,1,3686.83,24768,54454,-0.3357385571364775,0
2023-07-28 11:13:45,3680.95,56216,1,3686.83,24872,54438,-0.3357385571364775,0
2023-07-28 11:13:45,3680.95,56216,15,3686.83,24872,54438,-0.3357385571364775,0
2023-07-28 11:13:50,3680.95,56235,15,3686.82,24800,54421,-0.3357385571364775,0
2023-07-28 11:13:50,3680.95,56235,15,3686.82,24890,54423,-0.3357385571364775,0
2023-07-28 11:13:50,3680.9,56235,1,3686.82,24890,54423,-0.3370923416410527,0
2023-07-28 11:13:56,3680.9,56237,1,3686.82,24795,54500,-0.3370923416410527,0
2023-07-28 11:13:56,3680.9,56237,2,3686.82,24795,54500,-0.3370923416410527,0
2023-07-28 11:13:56,3680.0,56237,2,3686.82,24795,54500,-0.3614604627235412,0
2023-07-28 11:14:00,3680.0,56241,2,3686.82,24795,54441,-0.3614604627235412,0
2023-07-28 11:14:00,3680.9,56241,1,3686.82,24795,54441,-0.3370923416410527,0
2023-07-28 11:14:04,3680.9,56242,1,3686.82,24794,54720,-0.3370923416410527,0
2023-07-28 11:14:04,3680.0,56242,1,3686.82,24794,54720,-0.3614604627235412,0
2023-07-28 11:14:10,3680.0,56247,1,3686.82,24948,54390,-0.3614604627235412,0
2023-07-28 11:14:10,3680.0,56247,1,3686.82,24777,54381,-0.3614604627235412,0
2023-07-28 11:14:20,3680.0,56272,6,3686.82,24829,54389,-0.3614604627235412,0
2023-07-28 11:14:20,3680.0,56278,6,3686.82,24746,54374,-0.3614604627235412,0
2023-07-28 11:14:20,3680.0,56278,6,3686.82,24768,54374,-0.3614604627235412,0
2023-07-28 11:14:20,3680.0,56278,5,3686.82,24768,54374,-0.3614604627235412,0
2023-07-28 11:14:30,3680.0,56283,5,3686.82,24856,54377,-0.3614604627235412,0
2023-07-28 11:14:30,3680.85,56283,1,3686.82,24856,54377,-0.3384461261456401,0
2023-07-28 11:14:34,3680.85,56286,1,3686.82,24823,54375,-0.3384461261456401,0
2023-07-28 11:14:34,3680.85,56286,1,3686.82,24823,54375,-0.3384461261456401,0
2023-07-28 11:14:34,3680.85,56286,3,3686.82,24823,54375,-0.3384461261456401,0
2023-07-28 11:14:34,3680.0,56286,69,3686.82,24823,54375,-0.3614604627235412,0
2023-07-28 11:14:40,3680.0,56370,10,3686.81,24934,54348,-0.3614604627235412,0
2023-07-28 11:14:40,3680.0,56370,15,3686.81,24934,54348,-0.3614604627235412,0
2023-07-28 11:14:40,3680.8,56370,1,3686.81,24934,54348,-0.3397999106502153,0
2023-07-28 11:14:42,3680.8,56397,1,3686.81,24868,54333,-0.3397999106502153,0
2023-07-28 11:14:42,3680.85,56397,4,3686.81,24868,54333,-0.3384461261456401,0
2023-07-28 11:14:48,3680.85,56406,4,3686.8,24945,54334,-0.3384461261456401,0
2023-07-28 11:14:52,3680.75,56408,2,3686.8,24773,54343,-0.3411536951548028,0
2023-07-28 11:14:52,3680.75,56408,2,3686.8,24802,54343,-0.3411536951548028,0
2023-07-28 11:15:00,3680.8,56426,2,3686.8,24800,54668,-0.3397999106502153,0
2023-07-28 11:15:00,3680.8,56426,2,3686.8,24800,54668,-0.3397999106502153,0
2023-07-28 11:15:00,3680.0,56426,10,3686.8,24800,54668,-0.3614604627235412,0
2023-07-28 11:15:03,3680.0,56436,10,3686.8,24782,54332,-0.3614604627235412,0
2023-07-28 11:15:03,3680.0,56436,10,3686.8,24973,54339,-0.3614604627235412,0
2023-07-28 11:15:03,3680.0,56436,6,3686.8,24973,54339,-0.3614604627235412,0
2023-07-28 11:15:03,3680.0,56436,4,3686.8,24973,54339,-0.3614604627235412,0
2023-07-28 11:15:12,3680.0,56446,4,3686.8,25080,54344,-0.3614604627235412,0
2023-07-28 11:15:12,3680.0,56446,4,3686.8,24896,54359,-0.3614604627235412,0
2023-07-28 11:15:12,3680.65,56446,1,3686.8,24896,54359,-0.34386126416396545,0
2023-07-28 11:15:12,3680.0,56446,3,3686.8,24896,54359,-0.3614604627235412,0
2023-07-28 11:15:20,3680.7,56453,1,3686.8,24798,54357,-0.34250747965939027,0
2023-07-28 11:15:20,3680.7,56453,1,3686.8,24884,54361,-0.34250747965939027,0
2023-07-28 11:15:20,3680.0,56453,5,3686.8,24800,54362,-0.3614604627235412,0
2023-07-28 11:15:20,3680.65,56453,1,3686.8,24800,54362,-0.34386126416396545,0
2023-07-28 11:15:36,3680.65,56460,1,3686.8,24795,54359,-0.34386126416396545,0
2023-07-28 11:15:36,3680.0,56460,6,3686.8,24795,54359,-0.3614604627235412,0
2023-07-28 11:15:42,3680.0,56494,28,3686.79,24785,54383,-0.3614604627235412,0
2023-07-28 11:15:42,3680.0,56494,28,3686.79,24791,54360,-0.3614604627235412,0
2023-07-28 11:15:42,3680.0,56494,28,3686.79,24791,54360,-0.3614604627235412,0
2023-07-28 11:15:42,3680.0,56494,5,3686.79,24791,54360,-0.3614604627235412,0
2023-07-28 11:15:50,3680.0,56499,5,3686.79,24793,54360,-0.3614604627235412,0
2023-07-28 11:15:50,3680.6,56499,5,3686.79,24793,54360,-0.34521504866855296,0
2023-07-28 11:15:54,3680.65,56504,3,3686.79,25233,54358,-0.34386126416396545,0
2023-07-28 11:15:54,3680.65,56504,1,3686.79,25233,54358,-0.34386126416396545,0
2023-07-28 11:16:01,3680.6,56516,1,3686.79,24804,54350,-0.34521504866855296,0
2023-07-28 11:16:01,3680.6,56516,1,3686.79,24789,54699,-0.34521504866855296,0
2023-07-28 11:16:01,3680.55,56516,1,3686.79,24789,54699,-0.34656883317312814,0
2023-07-28 11:16:01,3680.0,56516,1,3686.79,24789,54699,-0.3614604627235412,0
2023-07-28 11:16:01,3678.6,56516,1,3686.79,24789,54699,-0.39936642885185536,0
2023-07-28 11:16:10,3680.55,56569,1,3686.78,24869,54351,-0.34656883317312814,0
2023-07-28 11:16:10,3680.0,56569,2,3686.78,24869,54351,-0.3614604627235412,0
2023-07-28 11:16:13,3680.0,56571,2,3686.78,24779,54356,-0.3614604627235412,0
2023-07-28 11:16:13,3680.0,56571,12,3686.78,24779,54356,-0.3614604627235412,0
2023-07-28 11:16:17,3680.0,56583,5,3686.78,24872,54407,-0.3614604627235412,0
2023-07-28 11:16:17,3680.0,56583,29,3686.78,24872,54407,-0.3614604627235412,0
2023-07-28 11:16:17,3680.0,56583,6,3686.78,24872,54407,-0.3614604627235412,0
2023-07-28 11:16:20,3680.0,56700,6,3686.77,24798,54406,-0.3614604627235412,0
2023-07-28 11:16:20,3680.0,56700,6,3686.77,24798,54406,-0.3614604627235412,0
2023-07-28 11:16:20,3680.0,56700,5,3686.77,24798,54406,-0.3614604627235412,0
2023-07-28 11:16:30,3680.0,56705,5,3686.77,24817,54378,-0.3614604627235412,0
2023-07-28 11:16:30,3680.0,56705,5,3686.77,24901,54397,-0.3614604627235412,0
2023-07-28 11:16:30,3680.0,56705,5,3686.77,24944,54398,-0.3614604627235412,0
2023-07-28 11:16:30,3680.0,56705,7,3686.77,24944,54398,-0.3614604627235412,0
2023-07-28 11:16:30,3680.45,56705,1,3686.77,24944,54398,-0.3492764021823031,0
2023-07-28 11:16:40,3680.45,56713,1,3686.77,24772,54472,-0.3492764021823031,0
2023-07-28 11:16:40,3680.45,56713,1,3686.77,24792,54396,-0.3492764021823031,0
2023-07-28 11:16:40,3680.4,56713,2,3686.77,24792,54396,-0.3506301866868783,0
2023-07-28 11:16:50,3680.0,56718,3,3686.77,24800,54561,-0.3614604627235412,0
2023-07-28 11:16:50,3680.45,56718,1,3686.77,24800,54561,-0.3492764021823031,0
2023-07-28 11:16:51,3680.45,56719,1,3686.77,24800,54589,-0.3492764021823031,0
2023-07-28 11:16:51,3680.45,56719,1,3686.77,24800,54421,-0.3492764021823031,0
2023-07-28 11:16:51,3680.0,56719,6,3686.77,24800,54421,-0.3614604627235412,0
2023-07-28 11:17:00,3680.0,56725,6,3686.77,24815,54428,-0.3614604627235412,0
2023-07-28 11:17:00,3680.35,56725,1,3686.77,24815,54428,-0.35198397119146574,0
2023-07-28 11:17:03,3680.35,56726,1,3686.77,24802,54406,-0.35198397119146574,0
2023-07-28 11:17:03,3680.35,56726,1,3686.77,24802,54406,-0.35198397119146574,0
2023-07-28 11:17:03,3680.0,56726,6,3686.77,24802,54406,-0.3614604627235412,0
2023-07-28 11:17:10,3680.0,56737,4,3686.76,24798,54464,-0.3614604627235412,0
2023-07-28 11:17:10,3680.0,56737,4,3686.76,24800,54555,-0.3614604627235412,0
2023-07-28 11:17:10,3680.0,56737,9,3686.76,24800,54555,-0.3614604627235412,0
2023-07-28 11:17:20,3680.0,56753,9,3686.76,24870,54466,-0.3614604627235412,0
2023-07-28 11:17:20,3680.0,56753,9,3686.76,24796,54658,-0.3614604627235412,0
2023-07-28 11:17:20,3680.0,56753,9,3686.76,24806,54483,-0.3614604627235412,0
2023-07-28 11:17:20,3680.0,56753,5,3686.76,24806,54483,-0.3614604627235412,0
2023-07-28 11:17:30,3680.0,56758,5,3686.76,24830,54473,-0.3614604627235412,0
2023-07-28 11:17:30,3680.0,56758,2,3686.76,24830,54473,-0.3614604627235412,0
2023-07-28 11:17:30,3680.0,56758,12,3686.76,24830,54473,-0.3614604627235412,0
2023-07-28 11:17:30,3680.0,56758,7,3686.76,24830,54473,-0.3614604627235412,0
2023-07-28 11:17:37,3680.0,56871,7,3686.75,24840,54467,-0.3614604627235412,0
2023-07-28 11:17:37,3680.0,56871,7,3686.75,24840,54467,-0.3614604627235412,0
2023-07-28 11:17:37,3678.1,56871,60,3686.75,24840,54467,-0.412904273897681,0
2023-07-28 11:17:37,3680.0,56871,10,3686.75,24840,54467,-0.3614604627235412,0
2023-07-28 11:17:37,3680.0,56871,40,3686.75,24840,54467,-0.3614604627235412,0
2023-07-28 11:17:45,3680.0,57148,40,3686.71,24982,54481,-0.3614604627235412,0
2023-07-28 11:17:45,3680.0,57148,5,3686.71,24982,54481,-0.3614604627235412,0
2023-07-28 11:17:51,3680.0,57232,46,3686.7,24839,54700,-0.3614604627235412,0
2023-07-28 11:17:51,3680.0,57232,5,3686.7,24839,54700,-0.3614604627235412,0
2023-07-28 11:17:51,3680.0,57232,10,3686.7,24839,54700,-0.3614604627235412,0
2023-07-28 11:17:51,3680.3,57232,5,3686.7,24839,54700,-0.3533377556960409,0
2023-07-28 11:17:51,3680.0,57232,1,3686.7,24839,54700,-0.3614604627235412,0
2023-07-28 11:17:55,3680.1,57373,4,3686.69,25109,54641,-0.3587528937143786,0
2023-07-28 11:17:55,3680.1,57373,3,3686.69,25109,54641,-0.3587528937143786,0
2023-07-28 11:17:58,3680.1,57377,3,3686.68,24877,54591,-0.3587528937143786,0
2023-07-28 11:17:58,3680.0,57377,11,3686.68,24877,54591,-0.3614604627235412,0
2023-07-28 11:18:02,3680.0,57407,11,3686.68,25233,54653,-0.3614604627235412,0
2023-07-28 11:18:09,3680.0,57414,7,3686.68,24873,54798,-0.3614604627235412,0
2023-07-28 11:18:09,3680.0,57414,6,3686.68,24873,54798,-0.3614604627235412,0
2023-07-28 11:18:09,3680.0,57414,20,3686.68,24873,54798,-0.3614604627235412,0
2023-07-28 11:18:09,3680.0,57414,6,3686.68,24873,54798,-0.3614604627235412,0
2023-07-28 11:18:12,3680.0,57446,6,3686.68,24877,54617,-0.3614604627235412,0
2023-07-28 11:18:12,3680.0,57446,6,3686.68,24908,54617,-0.3614604627235412,0
2023-07-28 11:18:12,3680.05,57446,4,3686.68,24908,54617,-0.3601066782189537,0
2023-07-28 11:18:22,3680.0,57456,1,3686.68,25164,54521,-0.3614604627235412,0
2023-07-28 11:18:26,3680.0,57566,10,3686.66,24811,54578,-0.3614604627235412,0
2023-07-28 11:18:26,3680.0,57566,1,3686.66,24811,54578,-0.3614604627235412,0
2023-07-28 11:18:28,3680.0,57567,1,3686.66,24877,54577,-0.3614604627235412,0
2023-07-28 11:18:28,3680.0,57567,34,3686.66,24877,54577,-0.3614604627235412,0
2023-07-28 11:18:28,3680.0,57567,7,3686.66,24877,54577,-0.3614604627235412,0
2023-07-28 11:18:34,3680.05,57623,2,3686.65,24874,54662,-0.3601066782189537,0
2023-07-28 11:18:34,3680.05,57623,2,3686.65,24874,54662,-0.3601066782189537,0
2023-07-28 11:18:36,3680.05,57634,2,3686.65,24887,54570,-0.3601066782189537,0
2023-07-28 11:18:36,3680.0,57634,14,3686.65,24887,54570,-0.3614604627235412,0
2023-07-28 11:18:42,3680.0,57653,14,3686.65,24861,54583,-0.3614604627235412,0
2023-07-28 11:18:42,3680.05,57653,1,3686.65,24861,54583,-0.3601066782189537,0
2023-07-28 11:18:48,3680.05,57654,1,3686.65,24891,54580,-0.3601066782189537,0
2023-07-28 11:18:48,3680.0,57654,6,3686.65,24891,54580,-0.3614604627235412,0
2023-07-28 11:18:52,3680.0,57661,3,3686.65,24891,54706,-0.3614604627235412,0
2023-07-28 11:18:53,3680.0,57673,3,3686.65,24879,54596,-0.3614604627235412,0
2023-07-28 11:18:53,3680.05,57673,100,3686.65,24879,54596,-0.3601066782189537,0
2023-07-28 11:18:57,3680.05,57773,100,3686.64,24903,54575,-0.3601066782189537,0
2023-07-28 11:18:57,3680.0,57773,6,3686.64,24903,54575,-0.3614604627235412,0
2023-07-28 11:18:57,3678.3,57773,4,3686.64,24903,54575,-0.4074891358793433,0
2023-07-28 11:18:57,3680.0,57773,2,3686.64,24903,54575,-0.3614604627235412,0
2023-07-28 11:19:04,3680.0,57836,2,3686.63,24885,54603,-0.3614604627235412,0
2023-07-28 11:19:04,3680.0,57836,2,3686.63,24968,54606,-0.3614604627235412,0
2023-07-28 11:19:04,3680.0,57836,6,3686.63,24968,54606,-0.3614604627235412,0
2023-07-28 11:19:12,3680.0,57842,6,3686.63,24975,54610,-0.3614604627235412,0
2023-07-28 11:19:12,3680.0,57842,1,3686.63,24975,54610,-0.3614604627235412,0
2023-07-28 11:19:18,3680.0,57939,35,3686.62,24885,54592,-0.3614604627235412,0
2023-07-28 11:19:18,3680.0,57939,80,3686.62,24885,54592,-0.3614604627235412,0
2023-07-28 11:19:18,3680.0,57939,1,3686.62,24885,54592,-0.3614604627235412,0
2023-07-28 11:19:22,3680.0,58045,5,3686.61,24995,54545,-0.3614604627235412,0
2023-07-28 11:19:22,3680.05,58045,11,3686.61,24995,54545,-0.3601066782189537,0
2023-07-28 11:19:24,3680.05,58061,11,3686.6,25137,54544,-0.3601066782189537,0
2023-07-28 11:19:24,3680.0,58061,25,3686.6,25137,54544,-0.3614604627235412,0
2023-07-28 11:19:24,3680.0,58061,20,3686.6,25137,54544,-0.3614604627235412,0
2023-07-28 11:19:28,3680.0,58165,20,3686.59,25139,54559,-0.3614604627235412,0
2023-07-28 11:19:28,3680.0,58165,23,3686.59,25139,54559,-0.3614604627235412,0
2023-07-28 11:19:32,3680.0,58245,23,3686.58,24854,54618,-0.3614604627235412,0
2023-07-28 11:19:32,3680.05,58245,1,3686.58,24854,54618,-0.3601066782189537,0
2023-07-28 11:19:32,3680.0,58245,36,3686.58,24854,54618,-0.3614604627235412,0
2023-07-28 11:19:32,3680.0,58245,10,3686.58,24854,54618,-0.3614604627235412,0
2023-07-28 11:19:36,3680.0,58356,10,3686.57,24967,54530,-0.3614604627235412,0
2023-07-28 11:19:36,3680.0,58356,20,3686.57,24967,54530,-0.3614604627235412,0
2023-07-28 11:19:36,3680.0,58356,5,3686.57,24967,54530,-0.3614604627235412,0
2023-07-28 11:19:42,3680.0,58381,5,3686.57,25039,54532,-0.3614604627235412,0
2023-07-28 11:19:42,3680.0,58381,4,3686.57,25039,54532,-0.3614604627235412,0
2023-07-28 11:19:42,3680.05,58381,14,3686.57,25039,54532,-0.3601066782189537,0
2023-07-28 11:19:49,3680.1,58400,4,3686.57,24969,54529,-0.3587528937143786,0
2023-07-28 11:19:49,3680.0,58400,4,3686.57,24969,54529,-0.3614604627235412,0
2023-07-28 11:19:49,3680.05,58400,1,3686.57,24969,54529,-0.3601066782189537,0
2023-07-28 11:19:55,3680.05,58487,1,3686.56,24970,54536,-0.3601066782189537,0
2023-07-28 11:19:55,3680.0,58487,1,3686.56,24970,54536,-0.3614604627235412,0
2023-07-28 11:20:02,3680.0,58496,6,3686.55,24951,54618,-0.3614604627235412,0
2023-07-28 11:20:02,3680.0,58496,6,3686.55,24946,54538,-0.3614604627235412,0
2023-07-28 11:20:02,3680.05,58496,10,3686.55,24946,54538,-0.3601066782189537,0
2023-07-28 11:20:02,3680.0,58496,21,3686.55,24946,54538,-0.3614604627235412,0
2023-07-28 11:20:11,3680.0,58549,15,3686.55,24942,54534,-0.3614604627235412,0
2023-07-28 11:20:11,3680.0,58549,12,3686.55,24942,54534,-0.3614604627235412,0
2023-07-28 11:20:14,3680.0,58582,12,3686.55,24953,54537,-0.3614604627235412,0
2023-07-28 11:20:14,3680.0,58582,12,3686.55,24955,54538,-0.3614604627235412,0
2023-07-28 11:20:14,3680.0,58582,5,3686.55,24955,54538,-0.3614604627235412,0
2023-07-28 11:20:22,3680.0,58587,5,3686.54,24970,54715,-0.3614604627235412,0
2023-07-28 11:20:22,3680.0,58587,5,3686.54,24969,54623,-0.3614604627235412,0
2023-07-28 11:20:22,3680.0,58587,8,3686.54,24969,54623,-0.3614604627235412,0
2023-07-28 11:20:32,3680.0,58602,8,3686.54,24970,54701,-0.3614604627235412,0
2023-07-28 11:20:32,3680.0,58602,1,3686.54,24970,54701,-0.3614604627235412,0
2023-07-28 11:20:34,3680.0,58603,1,3686.54,24996,54634,-0.3614604627235412,0
2023-07-28 11:20:34,3680.0,58603,1,3686.54,25007,54707,-0.3614604627235412,0
2023-07-28 11:20:34,3680.0,58603,6,3686.54,25007,54707,-0.3614604627235412,0
2023-07-28 11:20:34,3680.05,58603,1,3686.54,25007,54707,-0.3601066782189537,0
2023-07-28 11:20:34,3680.05,58603,2,3686.54,25007,54707,-0.3601066782189537,0
2023-07-28 11:20:44,3680.05,58612,1,3686.54,25017,54634,-0.3601066782189537,0
2023-07-28 11:20:46,3680.05,58613,1,3686.54,25019,54638,-0.3601066782189537,0
2023-07-28 11:20:46,3680.0,58613,13,3686.54,25019,54638,-0.3614604627235412,0
2023-07-28 11:20:46,3680.05,58613,5,3686.54,25019,54638,-0.3601066782189537,0
2023-07-28 11:20:53,3680.05,58637,5,3686.54,25041,54633,-0.3601066782189537,0
2023-07-28 11:20:53,3680.0,58637,6,3686.54,25041,54633,-0.3614604627235412,0
2023-07-28 11:20:57,3680.0,58643,6,3686.54,25025,54632,-0.3614604627235412,0
2023-07-28 11:20:57,3680.05,58643,3,3686.54,25025,54632,-0.3601066782189537,0
2023-07-28 11:20:57,3680.0,58643,2,3686.54,25025,54632,-0.3614604627235412,0
2023-07-28 11:21:02,3680.0,58653,2,3686.54,25011,54631,-0.3614604627235412,0
2023-07-28 11:21:02,3680.05,58653,1,3686.54,25011,54631,-0.3601066782189537,0
2023-07-28 11:21:05,3680.05,58654,1,3686.54,25021,54631,-0.3601066782189537,0
2023-07-28 11:21:05,3680.05,58654,1,3686.54,24998,54631,-0.3601066782189537,0
2023-07-28 11:21:05,3680.0,58654,1,3686.54,24998,54631,-0.3614604627235412,0
2023-07-28 11:21:05,3680.05,58654,10,3686.54,24998,54631,-0.3601066782189537,0
2023-07-28 11:21:13,3680.05,58670,10,3686.54,25007,54707,-0.3601066782189537,0
2023-07-28 11:21:13,3680.05,58670,1,3686.54,25007,54619,-0.3601066782189537,0
2023-07-28 11:21:13,3680.0,58670,5,3686.54,25007,54619,-0.3614604627235412,0
2023-07-28 11:21:22,3680.0,58676,5,3686.53,25007,54776,-0.3614604627235412,0
2023-07-28 11:21:22,3680.05,58676,8,3686.53,25007,54776,-0.3601066782189537,0
2023-07-28 11:21:28,3680.05,58685,1,3686.53,25007,54730,-0.3601066782189537,0
2023-07-28 11:21:28,3680.0,58685,7,3686.53,25007,54730,-0.3614604627235412,0
2023-07-28 11:21:32,3680.0,58704,7,3686.53,25003,54663,-0.3614604627235412,0
2023-07-28 11:21:32,3680.05,58704,1,3686.53,25013,54664,-0.3601066782189537,0
2023-07-28 11:21:37,3680.05,58705,1,3686.53,25014,54740,-0.3601066782189537,0
2023-07-28 11:21:37,3680.0,58705,5,3686.53,25014,54740,-0.3614604627235412,0
2023-07-28 11:21:37,3680.05,58705,12,3686.53,25014,54740,-0.3601066782189537,0
2023-07-28 11:21:43,3680.05,58727,12,3686.53,25010,54671,-0.3601066782189537,0
2023-07-28 11:21:43,3680.05,58727,12,3686.53,25010,54630,-0.3601066782189537,0
2023-07-28 11:21:52,3680.0,58733,1,3686.53,25004,54622,-0.3614604627235412,0
2023-07-28 11:21:52,3680.0,58733,1,3686.53,25014,54656,-0.3614604627235412,0
2023-07-28 11:21:52,3680.05,58733,4,3686.53,25014,54656,-0.3601066782189537,0
2023-07-28 11:22:00,3680.4,58858,16,3686.51,25387,54638,-0.3506301866868783,0
2023-07-28 11:22:00,3680.0,58858,1,3686.51,25387,54638,-0.3614604627235412,0
2023-07-28 11:22:03,3680.0,58865,1,3686.51,25023,54749,-0.3614604627235412,0
2023-07-28 11:22:03,3680.35,58865,1,3686.51,25023,54749,-0.35198397119146574,0
2023-07-28 11:22:05,3680.35,58866,1,3686.51,25118,54676,-0.35198397119146574,0
2023-07-28 11:22:05,3680.0,58866,5,3686.51,25118,54676,-0.3614604627235412,0
2023-07-28 11:22:10,3680.0,58871,5,3686.51,25009,54730,-0.3614604627235412,0
2023-07-28 11:22:10,3680.3,58871,2,3686.51,25009,54730,-0.3533377556960409,0
2023-07-28 11:22:14,3680.3,58873,2,3686.51,25010,54733,-0.3533377556960409,0
2023-07-28 11:22:14,3680.0,58873,4,3686.51,25010,54733,-0.3614604627235412,0
2023-07-28 11:22:14,3680.4,58873,1,3686.51,25010,54733,-0.3506301866868783,0
2023-07-28 11:22:21,3680.4,58882,1,3686.51,25019,54731,-0.3506301866868783,0
2023-07-28 11:22:21,3680.4,58882,1,3686.51,25021,54820,-0.3506301866868783,0
2023-07-28 11:22:21,3680.0,58882,5,3686.51,25021,54820,-0.3614604627235412,0
2023-07-28 11:22:30,3680.0,58887,5,3686.51,25000,54732,-0.3614604627235412,0
2023-07-28 11:22:30,3680.35,58887,5,3686.51,25000,54732,-0.35198397119146574,0
2023-07-28 11:22:33,3680.35,58892,5,3686.51,25015,54819,-0.35198397119146574,0
2023-07-28 11:22:40,3680.4,58895,1,3686.51,25027,54729,-0.3506301866868783,0
2023-07-28 11:22:40,3680.4,58895,1,3686.51,25027,54729,-0.3506301866868783,0
2023-07-28 11:22:40,3678.2,58895,2,3686.51,25027,54729,-0.41019670488851834,0
2023-07-28 11:22:42,3678.2,58958,2,3686.5,25018,54716,-0.41019670488851834,0
2023-07-28 11:22:42,3680.35,58958,1,3686.5,25018,54716,-0.35198397119146574,0
2023-07-28 11:22:47,3680.35,58961,1,3686.5,25016,54816,-0.35198397119146574,0
2023-07-28 11:22:47,3680.0,58961,12,3686.5,25016,54816,-0.3614604627235412,0
2023-07-28 11:22:51,3680.0,58977,12,3686.5,25032,54735,-0.3614604627235412,0
2023-07-28 11:22:51,3680.0,58977,12,3686.5,25027,54821,-0.3614604627235412,0
2023-07-28 11:22:51,3680.3,58977,2,3686.5,25027,54821,-0.3533377556960409,0
2023-07-28 11:22:51,3680.0,58977,4,3686.5,25027,54821,-0.3614604627235412,0
2023-07-28 11:23:00,3680.0,58989,4,3686.5,25031,55038,-0.3614604627235412,0
2023-07-28 11:23:00,3680.0,58989,4,3686.5,25041,54790,-0.3614604627235412,0
2023-07-28 11:23:00,3680.0,58989,4,3686.5,25059,55090,-0.3614604627235412,0
2023-07-28 11:23:00,3680.0,58989,6,3686.5,25059,55090,-0.3614604627235412,0
2023-07-28 11:23:13,3680.0,59008,13,3686.5,25057,55104,-0.3614604627235412,0
2023-07-28 11:23:13,3680.0,59008,13,3686.5,25146,55103,-0.3614604627235412,0
2023-07-28 11:23:13,3680.0,59008,6,3686.5,25146,55103,-0.3614604627235412,0
2023-07-28 11:23:20,3680.0,59014,6,3686.5,25062,55059,-0.3614604627235412,0
2023-07-28 11:23:20,3680.0,59014,6,3686.5,25063,55060,-0.3614604627235412,0
2023-07-28 11:23:20,3680.0,59014,4,3686.5,25063,55060,-0.3614604627235412,0
2023-07-28 11:23:30,3680.0,59023,5,3686.5,24969,55059,-0.3614604627235412,0
2023-07-28 11:23:30,3680.0,59023,5,3686.5,24970,55075,-0.3614604627235412,0
2023-07-28 11:23:30,3680.0,59023,5,3686.5,24974,55167,-0.3614604627235412,0
2023-07-28 11:23:30,3680.0,59023,7,3686.5,24974,55167,-0.3614604627235412,0
2023-07-28 11:23:40,3680.0,59030,7,3686.5,24958,55090,-0.3614604627235412,0
2023-07-28 11:23:40,3680.0,59030,3,3686.5,24958,55090,-0.3614604627235412,0
2023-07-28 11:23:40,3680.0,59030,4,3686.5,24958,55090,-0.3614604627235412,0
2023-07-28 11:23:47,3680.0,59041,4,3686.49,24964,55079,-0.3614604627235412,0
2023-07-28 11:23:50,3680.0,59046,4,3686.49,24982,55079,-0.3614604627235412,0
2023-07-28 11:23:50,3680.0,59046,4,3686.49,25073,55080,-0.3614604627235412,0
2023-07-28 11:23:50,3680.0,59046,6,3686.49,25073,55080,-0.3614604627235412,0
2023-07-28 11:24:00,3680.0,59052,6,3686.49,24967,55029,-0.3614604627235412,0
2023-07-28 11:24:00,3680.0,59052,6,3686.49,24968,55053,-0.3614604627235412,0
2023-07-28 11:24:00,3680.0,59052,6,3686.49,24977,55386,-0.3614604627235412,0
2023-07-28 11:24:00,3680.0,59052,2,3686.49,24977,55386,-0.3614604627235412,0
2023-07-28 11:24:00,3680.0,59052,6,3686.49,24977,55386,-0.3614604627235412,0
2023-07-28 11:24:10,3680.0,59073,6,3686.49,24960,55520,-0.3614604627235412,0
2023-07-28 11:24:10,3680.1,59073,4,3686.49,24960,55520,-0.3587528937143786,0
2023-07-28 11:24:13,3680.1,59169,4,3686.48,24975,55260,-0.3587528937143786,0
2023-07-28 11:24:13,3680.1,59169,4,3686.48,25307,55286,-0.3587528937143786,0
2023-07-28 11:24:13,3680.5,59169,8,3686.48,25307,55286,-0.3479226176777156,0
2023-07-28 11:24:21,3680.5,59179,8,3686.48,25053,55278,-0.3479226176777156,0
2023-07-28 11:24:21,3680.5,59179,8,3686.48,25053,55450,-0.3479226176777156,0
2023-07-28 11:24:21,3680.0,59179,2,3686.48,25053,55450,-0.3614604627235412,0
2023-07-28 11:24:30,3680.0,59184,2,3686.48,25065,55285,-0.3614604627235412,0
2023-07-28 11:24:30,3680.0,59184,2,3686.48,25065,55366,-0.3614604627235412,0
2023-07-28 11:24:30,3680.0,59184,2,3686.48,25066,55360,-0.3614604627235412,0
2023-07-28 11:24:40,3680.0,59191,7,3686.48,25068,55356,-0.3614604627235412,0
2023-07-28 11:24:40,3680.0,59191,5,3686.48,25068,55356,-0.3614604627235412,0
2023-07-28 11:24:45,3680.0,59206,5,3686.48,25058,55631,-0.3614604627235412,0
2023-07-28 11:24:45,3680.0,59206,5,3686.48,25058,55604,-0.3614604627235412,0
2023-07-28 11:24:45,3680.0,59206,5,3686.48,25058,55604,-0.3614604627235412,0
2023-07-28 11:24:50,3680.0,59211,5,3686.48,25073,55472,-0.3614604627235412,0
2023-07-28 11:24:50,3680.4,59211,1,3686.48,25073,55472,-0.3506301866868783,0
2023-07-28 11:24:50,3680.0,59211,2,3686.48,25073,55472,-0.3614604627235412,0
2023-07-28 11:25:00,3680.0,59227,2,3686.47,25168,55324,-0.3614604627235412,0
2023-07-28 11:25:00,3680.0,59227,80,3686.47,25071,55322,-0.3614604627235412,0
2023-07-28 11:25:00,3680.0,59227,10,3686.47,25071,55322,-0.3614604627235412,0
2023-07-28 11:25:00,3680.0,59227,6,3686.47,25071,55322,-0.3614604627235412,0
2023-07-28 11:25:10,3680.0,59352,6,3686.46,25017,55361,-0.3614604627235412,0
2023-07-28 11:25:10,3680.0,59352,2,3686.46,25017,55361,-0.3614604627235412,0
2023-07-28 11:25:10,3680.1,59352,2,3686.46,25017,55361,-0.3587528937143786,0
2023-07-28 11:25:14,3680.1,59459,2,3686.45,25094,55535,-0.3587528937143786,0
2023-07-28 11:25:14,3680.05,59459,1,3686.45,25094,55535,-0.3601066782189537,0
2023-07-28 11:25:15,3680.0,59542,100,3686.44,25101,55466,-0.3614604627235412,0
2023-07-28 11:25:15,3680.0,59542,4,3686.44,25101,55466,-0.3614604627235412,0
2023-07-28 11:25:20,3680.05,59646,1,3686.43,25061,55394,-0.3601066782189537,0
2023-07-28 11:25:20,3680.0,59646,1,3686.43,25061,55394,-0.3614604627235412,0
2023-07-28 11:25:20,3680.0,59646,15,3686.43,25061,55394,-0.3614604627235412,0
2023-07-28 11:25:20,3680.05,59646,1,3686.43,25061,55394,-0.3601066782189537,0
2023-07-28 11:25:20,3680.0,59646,50,3686.43,25061,55394,-0.3614604627235412,0
2023-07-28 11:25:20,3680.0,59646,15,3686.43,25061,55394,-0.3614604627235412,0
2023-07-28 11:25:20,3680.0,59646,2,3686.43,25061,55394,-0.3614604627235412,0
2023-07-28 11:25:20,3680.05,59646,2,3686.43,25061,55394,-0.3601066782189537,0
2023-07-28 11:25:20,3680.0,59646,8,3686.43,25061,55394,-0.3614604627235412,0
2023-07-28 11:25:32,3680.0,61036,2,3686.28,25122,55557,-0.3614604627235412,0
2023-07-28 11:25:34,3680.0,61128,100,3686.27,25206,55467,-0.3614604627235412,0
2023-07-28 11:25:38,3680.0,61228,100,3686.26,25147,55459,-0.3614604627235412,0
2023-07-28 11:25:38,3679.9,61228,1,3686.26,25147,55459,-0.36416803173270385,0
2023-07-28 11:25:38,3680.0,61228,6,3686.26,25147,55459,-0.3614604627235412,0
2023-07-28 11:25:44,3680.0,61390,11,3686.25,25218,55461,-0.3614604627235412,0
2023-07-28 11:25:44,3680.0,61390,5,3686.25,25218,55461,-0.3614604627235412,0
2023-07-28 11:25:44,3680.0,61390,50,3686.25,25218,55461,-0.3614604627235412,0
2023-07-28 11:25:44,3680.0,61390,6,3686.25,25218,55461,-0.3614604627235412,0
2023-07-28 11:25:52,3680.0,62656,6,3686.11,25180,55440,-0.3614604627235412,0
2023-07-28 11:25:52,3680.25,62656,3,3686.11,25180,55440,-0.35469154020062843,0
2023-07-28 11:25:55,3680.0,62659,11,3686.11,25179,55425,-0.3614604627235412,0
2023-07-28 11:25:55,3680.0,62659,50,3686.11,25179,55425,-0.3614604627235412,0
2023-07-28 11:26:00,3680.0,62820,50,3686.1,25146,55431,-0.3614604627235412,0
2023-07-28 11:26:00,3680.0,62820,15,3686.1,25146,55431,-0.3614604627235412,0
2023-07-28 11:26:03,3680.0,62885,85,3686.09,25145,55421,-0.3614604627235412,0
2023-07-28 11:26:06,3680.0,62970,100,3686.08,25333,55421,-0.3614604627235412,0
2023-07-28 11:26:07,3680.0,63084,14,3686.07,25324,55421,-0.3614604627235412,0
2023-07-28 11:26:08,3680.0,63170,86,3686.06,25326,55421,-0.3614604627235412,0
2023-07-28 11:26:10,3680.0,63276,5,3686.05,25143,55418,-0.3614604627235412,0
2023-07-28 11:26:10,3680.0,63326,45,3686.05,25150,55417,-0.3614604627235412,0
2023-07-28 11:26:11,3680.0,63371,100,3686.05,25151,55430,-0.3614604627235412,0
2023-07-28 11:26:12,3680.0,63471,100,3686.04,25151,55418,-0.3614604627235412,0
2023-07-28 11:26:13,3680.0,63571,100,3686.03,25155,55419,-0.3614604627235412,0
2023-07-28 11:26:15,3680.0,64168,97,3685.97,25168,55563,-0.3614604627235412,0
2023-07-28 11:26:15,3680.0,64168,10,3685.97,25159,55683,-0.3614604627235412,0
2023-07-28 11:26:15,3680.0,64168,10,3685.97,25159,55683,-0.3614604627235412,0
2023-07-28 11:26:17,3680.0,64272,100,3685.96,25230,55447,-0.3614604627235412,0
2023-07-28 11:26:19,3680.05,64421,44,3685.95,25228,55445,-0.3601066782189537,0
2023-07-28 11:26:19,3680.0,64421,10,3685.95,25228,55445,-0.3614604627235412,0
2023-07-28 11:26:19,3680.0,64531,7,3685.94,25148,55445,-0.3614604627235412,0
2023-07-28 11:26:20,3680.0,64726,3,3685.92,25081,55413,-0.3614604627235412,0
2023-07-28 11:26:22,3680.0,64801,5,3685.91,25099,55456,-0.3614604627235412,0
2023-07-28 11:26:23,3680.0,64843,10,3685.91,25149,55484,-0.3614604627235412,0
2023-07-28 11:26:23,3680.0,64843,80,3685.91,25149,55484,-0.3614604627235412,0
2023-07-28 11:26:23,3680.0,64923,10,3685.9,25085,55812,-0.3614604627235412,0
2023-07-28 11:26:24,3680.0,65034,10,3685.89,25069,55766,-0.3614604627235412,0
2023-07-28 11:26:24,3680.0,65034,10,3685.89,25069,55766,-0.3614604627235412,0
2023-07-28 11:26:25,3680.0,65134,10,3685.88,25237,55462,-0.3614604627235412,0
2023-07-28 11:26:26,3680.0,65238,4,3685.87,25062,55462,-0.3614604627235412,0
2023-07-28 11:26:27,3680.0,65298,60,3685.87,25068,55520,-0.3614604627235412,0
2023-07-28 11:26:27,3680.0,65298,7,3685.87,25068,55520,-0.3614604627235412,0
2023-07-28 11:26:28,3680.0,65334,34,3685.86,25064,55468,-0.3614604627235412,0
2023-07-28 11:26:29,3680.0,65368,10,3685.86,25065,55492,-0.3614604627235412,0
2023-07-28 11:26:30,3680.0,65434,10,3685.85,25082,55454,-0.3614604627235412,0
2023-07-28 11:26:30,3680.0,65434,10,3685.85,25068,55507,-0.3614604627235412,0
2023-07-28 11:26:30,3680.0,65434,1,3685.85,25068,55507,-0.3614604627235412,0
2023-07-28 11:26:32,3680.0,65525,1,3685.85,25066,55405,-0.3614604627235412,0
2023-07-28 11:26:32,3680.0,65525,99,3685.85,25067,55436,-0.3614604627235412,0
2023-07-28 11:26:34,3680.0,65624,100,3685.84,25065,55576,-0.3614604627235412,0
2023-07-28 11:26:36,3680.0,65829,5,3685.82,25059,55582,-0.3614604627235412,0
2023-07-28 11:26:36,3680.0,65829,5,3685.82,25059,55581,-0.3614604627235412,0
2023-07-28 11:26:36,3680.0,65829,5,3685.82,25058,55569,-0.3614604627235412,0
2023-07-28 11:26:40,3680.0,65836,7,3685.82,25079,55568,-0.3614604627235412,0
2023-07-28 11:26:40,3680.0,65836,5,3685.82,25079,55397,-0.3614604627235412,0
2023-07-28 11:26:42,3680.0,65841,5,3685.82,25064,55397,-0.3614604627235412,0
2023-07-28 11:26:42,3680.0,65841,5,3685.82,25062,55484,-0.3614604627235412,0
2023-07-28 11:26:42,3680.0,65841,5,3685.82,25074,55342,-0.3614604627235412,0
2023-07-28 11:26:42,3680.0,65841,5,3685.82,25074,55376,-0.3614604627235412,0
2023-07-28 11:26:42,3680.0,65841,5,3685.82,25084,55377,-0.3614604627235412,0
2023-07-28 11:26:51,3680.0,65853,12,3685.82,25224,55389,-0.3614604627235412,0
2023-07-28 11:26:51,3678.0,65853,35,3685.82,25224,55389,-0.4156118429068436,0
2023-07-28 11:26:52,3680.0,66642,7,3685.73,25095,55333,-0.3614604627235412,0
2023-07-28 11:26:52,3680.0,66642,7,3685.73,25014,55333,-0.3614604627235412,0
2023-07-28 11:26:55,3680.0,67035,100,3685.7,25278,55404,-0.3614604627235412,0
2023-07-28 11:26:55,3680.0,67035,100,3685.7,25278,55404,-0.3614604627235412,0
2023-07-28 11:26:55,3680.0,67418,82,3685.66,25292,55323,-0.3614604627235412,0
2023-07-28 11:26:55,3680.0,67418,82,3685.66,25074,55320,-0.3614604627235412,0
2023-07-28 11:26:55,3680.0,67418,82,3685.66,25076,55515,-0.3614604627235412,0
2023-07-28 11:26:55,3680.0,67418,82,3685.66,25086,55351,-0.3614604627235412,0
2023-07-28 11:27:00,3680.0,67536,100,3685.65,25217,55404,-0.3614604627235412,0
2023-07-28 11:27:01,3680.0,67836,100,3685.63,25023,55369,-0.3614604627235412,0
2023-07-28 11:27:01,3680.0,67836,100,3685.63,25023,55369,-0.3614604627235412,0
2023-07-28 11:27:01,3680.0,67836,100,3685.63,25059,55291,-0.3614604627235412,0
2023-07-28 11:27:01,3680.0,67836,100,3685.63,25054,55386,-0.3614604627235412,0
2023-07-28 11:27:01,3680.0,67836,100,3685.63,25044,55399,-0.3614604627235412,0
2023-07-28 11:27:01,3680.0,67836,100,3685.63,25102,55399,-0.3614604627235412,0
2023-07-28 11:27:06,3680.0,67871,25,3685.63,25053,55424,-0.3614604627235412,0
2023-07-28 11:27:06,3680.0,67871,25,3685.63,25157,55424,-0.3614604627235412,0
2023-07-28 11:27:06,3680.0,67871,25,3685.63,25158,55424,-0.3614604627235412,0
2023-07-28 11:27:06,3680.0,67871,25,3685.63,25066,55424,-0.3614604627235412,0
2023-07-28 11:27:10,3680.0,67877,6,3685.63,25047,55424,-0.3614604627235412,0
2023-07-28 11:27:10,3680.0,67877,6,3685.63,25065,55436,-0.3614604627235412,0
2023-07-28 11:27:10,3680.0,67877,6,3685.63,25053,55393,-0.3614604627235412,0
2023-07-28 11:27:10,3680.0,67877,6,3685.63,25059,55393,-0.3614604627235412,0
2023-07-28 11:27:10,3680.0,67877,6,3685.63,25141,55393,-0.3614604627235412,0
2023-07-28 11:27:10,3680.0,67877,6,3685.63,25238,55393,-0.3614604627235412,0
2023-07-28 11:27:10,3680.0,67877,6,3685.63,25238,55433,-0.3614604627235412,0
2023-07-28 11:27:10,3680.0,67877,6,3685.63,25238,55433,-0.3614604627235412,0
2023-07-28 11:27:20,3680.0,67883,6,3685.63,25069,55432,-0.3614604627235412,0
2023-07-28 11:27:20,3680.0,67883,6,3685.63,25270,55435,-0.3614604627235412,0
2023-07-28 11:27:20,3680.0,67883,6,3685.63,25104,55436,-0.3614604627235412,0
2023-07-28 11:27:20,3680.0,67883,6,3685.63,25104,55527,-0.3614604627235412,0
2023-07-28 11:27:20,3680.0,67883,6,3685.63,25104,55436,-0.3614604627235412,0
2023-07-28 11:27:20,3680.0,67883,6,3685.63,25185,55436,-0.3614604627235412,0
2023-07-28 11:27:20,3680.0,67883,6,3685.63,25104,55436,-0.3614604627235412,0
2023-07-28 11:27:30,3680.0,67889,4,3685.62,25133,55435,-0.3614604627235412,0
2023-07-28 11:27:30,3680.0,67889,4,3685.62,25091,55435,-0.3614604627235412,0
2023-07-28 11:27:30,3680.0,67889,4,3685.62,25185,55436,-0.3614604627235412,0
2023-07-28 11:27:30,3680.0,67889,4,3685.62,25093,55436,-0.3614604627235412,0
2023-07-28 11:27:30,3680.0,67889,4,3685.62,25093,55428,-0.3614604627235412,0
2023-07-28 11:27:30,3680.0,67889,4,3685.62,25113,55432,-0.3614604627235412,0
2023-07-28 11:27:30,3680.0,67889,4,3685.62,25113,55518,-0.3614604627235412,0
2023-07-28 11:27:30,3680.0,67889,4,3685.62,25113,55432,-0.3614604627235412,0
2023-07-28 11:27:30,3680.0,67889,1,3685.62,25113,55432,-0.3614604627235412,0
2023-07-28 11:27:40,3680.0,67896,1,3685.62,25201,55409,-0.3614604627235412,0
2023-07-28 11:27:40,3680.0,67896,1,3685.62,25204,55409,-0.3614604627235412,0
2023-07-28 11:27:40,3680.0,67896,1,3685.62,25204,55410,-0.3614604627235412,0
2023-07-28 11:27:40,3680.0,67896,1,3685.62,25365,55410,-0.3614604627235412,0
2023-07-28 11:27:40,3680.0,67896,1,3685.62,25452,55410,-0.3614604627235412,0
2023-07-28 11:27:40,3680.0,67896,1,3685.62,25453,55410,-0.3614604627235412,0
2023-07-28 11:27:48,3680.25,67900,1,3685.62,25461,55404,-0.35469154020062843,0
2023-07-28 11:27:48,3680.25,67900,1,3685.62,25461,55399,-0.35469154020062843,0
2023-07-28 11:27:48,3680.0,67900,1,3685.62,25461,55399,-0.3614604627235412,0
2023-07-28 11:27:50,3680.0,67901,1,3685.62,25135,55406,-0.3614604627235412,0
2023-07-28 11:27:50,3680.0,67901,1,3685.62,25230,55406,-0.3614604627235412,0
2023-07-28 11:27:50,3680.0,67901,1,3685.62,25230,55396,-0.3614604627235412,0
2023-07-28 11:27:50,3680.0,67901,1,3685.62,25217,55401,-0.3614604627235412,0
2023-07-28 11:27:50,3680.0,67901,1,3685.62,25135,55401,-0.3614604627235412,0
2023-07-28 11:27:50,3680.0,67901,1,3685.62,25136,55401,-0.3614604627235412,0
2023-07-28 11:27:50,3680.0,67901,1,3685.62,25136,55677,-0.3614604627235412,0
2023-07-28 11:27:50,3680.0,67901,1,3685.62,25137,55308,-0.3614604627235412,0
2023-07-28 11:27:50,3680.0,67901,1,3685.62,25137,55396,-0.3614604627235412,0
2023-07-28 11:27:50,3680.0,67901,5,3685.62,25137,55396,-0.3614604627235412,0
2023-07-28 11:28:00,3680.0,67907,5,3685.62,25121,55395,-0.3614604627235412,0
2023-07-28 11:28:00,3680.0,67907,5,3685.62,25130,55396,-0.3614604627235412,0
2023-07-28 11:28:00,3680.0,67907,5,3685.62,25131,55563,-0.3614604627235412,0
2023-07-28 11:28:00,3680.0,67907,5,3685.62,25132,55396,-0.3614604627235412,0
2023-07-28 11:28:00,3680.0,67907,5,3685.62,25131,55367,-0.3614604627235412,0
2023-07-28 11:28:00,3680.0,67907,2,3685.62,25131,55367,-0.3614604627235412,0
2023-07-28 11:28:08,3680.0,67909,2,3685.62,25139,55406,-0.3614604627235412,0
2023-07-28 11:28:08,3680.0,67909,4,3685.62,25139,55406,-0.3614604627235412,0
2023-07-28 11:28:12,3680.0,67927,4,3685.62,25123,55586,-0.3614604627235412,0
2023-07-28 11:28:19,3680.0,67932,1,3685.62,25102,55403,-0.3614604627235412,0
2023-07-28 11:28:19,3680.0,67932,5,3685.62,25102,55403,-0.3614604627235412,0
2023-07-28 11:28:19,3680.0,67932,1,3685.62,25102,55403,-0.3614604627235412,0
2023-07-28 11:28:19,3680.2,67932,2,3685.62,25102,55403,-0.3560453247052159,0
2023-07-28 11:28:19,3680.0,67932,3,3685.62,25102,55403,-0.3614604627235412,0
2023-07-28 11:28:30,3680.0,67944,3,3685.62,25146,55390,-0.3614604627235412,0
2023-07-28 11:28:30,3680.0,67944,3,3685.62,25228,55386,-0.3614604627235412,0
2023-07-28 11:28:30,3680.2,67944,3,3685.62,25228,55386,-0.3560453247052159,0
2023-07-28 11:28:30,3680.0,67944,2,3685.62,25228,55386,-0.3614604627235412,0
2023-07-28 11:28:40,3680.0,67979,2,3685.62,25153,55467,-0.3614604627235412,0
2023-07-28 11:28:40,3680.0,67979,2,3685.62,25154,55375,-0.3614604627235412,0
2023-07-28 11:28:40,3680.0,67979,5,3685.62,25154,55375,-0.3614604627235412,0
2023-07-28 11:28:50,3680.2,68026,32,3685.61,25485,55307,-0.3560453247052159,0
2023-07-28 11:28:55,3680.0,68027,1,3685.61,25169,55351,-0.3614604627235412,0
2023-07-28 11:28:55,3680.0,68027,1,3685.61,25169,55351,-0.3614604627235412,0
2023-07-28 11:28:55,3680.0,68027,6,3685.61,25169,55351,-0.3614604627235412,0
2023-07-28 11:29:02,3680.0,68034,1,3685.61,25441,55361,-0.3614604627235412,0
2023-07-28 11:29:02,3680.0,68034,1,3685.61,25170,55361,-0.3614604627235412,0
2023-07-28 11:29:02,3680.0,68034,1,3685.61,25170,55361,-0.3614604627235412,0
2023-07-28 11:29:10,3680.0,68127,44,3685.61,25167,55354,-0.3614604627235412,0
2023-07-28 11:29:10,3680.0,68127,44,3685.61,25169,55353,-0.3614604627235412,0
2023-07-28 11:29:20,3680.0,68133,6,3685.6,25163,55352,-0.3614604627235412,0
2023-07-28 11:29:20,3680.1,68133,2,3685.6,25163,55352,-0.3587528937143786,0
2023-07-28 11:29:23,3680.1,68135,2,3685.6,25164,55532,-0.3587528937143786,0
2023-07-28 11:29:23,3680.0,68135,6,3685.6,25164,55532,-0.3614604627235412,0
2023-07-28 11:29:23,3680.0,68135,1,3685.6,25164,55532,-0.3614604627235412,0
2023-07-28 11:29:23,3680.15,68135,2,3685.6,25164,55532,-0.35739910920979107,0
2023-07-28 11:29:28,3680.15,68147,2,3685.6,25171,55351,-0.35739910920979107,0
2023-07-28 11:29:28,3680.0,68147,2,3685.6,25171,55351,-0.3614604627235412,0
2023-07-28 11:29:28,3680.1,68147,1,3685.6,25171,55351,-0.3587528937143786,0
2023-07-28 11:29:31,3680.1,68150,1,3685.6,25168,55343,-0.3587528937143786,0
2023-07-28 11:29:31,3680.0,68150,12,3685.6,25168,55343,-0.3614604627235412,0
2023-07-28 11:29:35,3680.0,68162,12,3685.6,25175,55343,-0.3614604627235412,0
2023-07-28 11:29:35,3680.05,68162,1,3685.6,25175,55343,-0.3601066782189537,0
2023-07-28 11:29:35,3680.0,68162,6,3685.6,25175,55343,-0.3614604627235412,0
2023-07-28 11:29:40,3680.0,68169,5,3685.6,25165,55343,-0.3614604627235412,0
2023-07-28 11:29:40,3680.0,68169,2,3685.6,25165,55343,-0.3614604627235412,0
2023-07-28 11:29:44,3680.0,68176,2,3685.6,25172,55343,-0.3614604627235412,0
2023-07-28 11:29:44,3680.0,68176,2,3685.6,25356,55343,-0.3614604627235412,0
2023-07-28 11:29:44,3680.0,68176,6,3685.6,25356,55343,-0.3614604627235412,0
2023-07-28 11:29:52,3680.0,68182,6,3685.6,25152,55558,-0.3614604627235412,0
2023-07-28 11:29:52,3680.05,68182,3,3685.6,25152,55558,-0.3601066782189537,0
2023-07-28 11:29:54,3680.05,68192,3,3685.6,25236,55377,-0.3601066782189537,0
2023-07-28 11:29:54,3680.05,68192,6,3685.6,25236,55377,-0.3601066782189537,0
2023-07-28 11:30:01,3679.9,68245,2,3685.6,25125,55381,-0.36416803173270385,0
2023-07-28 11:30:01,3680.0,68245,6,3685.6,25125,55381,-0.3614604627235412,0
2023-07-28 11:30:02,3680.0,68251,6,3685.59,25121,55380,-0.3614604627235412,0
2023-07-28 11:30:02,3680.0,68251,2,3685.59,25121,55380,-0.3614604627235412,0
2023-07-28 11:30:07,3680.0,68253,2,3685.59,25112,55382,-0.3614604627235412,0
2023-07-28 11:30:07,3680.0,68253,6,3685.59,25112,55382,-0.3614604627235412,0
2023-07-28 11:30:12,3680.0,68259,6,3685.59,25107,55556,-0.3614604627235412,0
2023-07-28 11:30:12,3680.0,68259,6,3685.59,25286,55377,-0.3614604627235412,0
2023-07-28 11:30:12,3680.05,68259,4,3685.59,25286,55377,-0.3601066782189537,0
2023-07-28 11:30:22,3680.0,68272,6,3685.59,25127,55379,-0.3614604627235412,0
2023-07-28 11:30:26,3680.0,68302,1,3685.59,25116,55379,-0.3614604627235412,0
2023-07-28 11:30:26,3680.0,68302,1,3685.59,25125,55363,-0.3614604627235412,0
2023-07-28 11:30:26,3680.0,68302,3,3685.59,25125,55363,-0.3614604627235412,0
2023-07-28 11:30:32,3680.0,68309,3,3685.59,25134,55363,-0.3614604627235412,0
2023-07-28 11:30:32,3680.0,68309,3,3685.59,25133,55368,-0.3614604627235412,0
2023-07-28 11:30:32,3680.0,68309,5,3685.59,25300,55368,-0.3614604627235412,0
2023-07-28 11:30:45,3680.05,68321,5,3685.59,25331,55339,-0.3601066782189537,0
2023-07-28 11:30:45,3680.05,68321,5,3685.59,25331,55339,-0.3601066782189537,0
2023-07-28 11:30:46,3680.05,68328,5,3685.59,25244,55377,-0.3601066782189537,0
2023-07-28 11:30:46,3680.0,68328,3,3685.59,25244,55377,-0.3614604627235412,0
2023-07-28 11:30:52,3680.0,68334,3,3685.59,25287,55377,-0.3614604627235412,0
2023-07-28 11:30:52,3680.05,68334,6,3685.59,25287,55377,-0.3601066782189537,0
2023-07-28 11:30:52,3680.0,68334,12,3685.59,25287,55377,-0.3614604627235412,0
2023-07-28 11:30:56,3680.0,68353,12,3685.59,25285,55533,-0.3614604627235412,0
2023-07-28 11:30:56,3680.0,68353,12,3685.59,25285,55627,-0.3614604627235412,0
2023-07-28 11:30:56,3680.0,68353,15,3685.59,25285,55627,-0.3614604627235412,0
2023-07-28 11:31:04,3680.0,68374,15,3685.58,25444,55332,-0.3614604627235412,0
2023-07-28 11:31:04,3680.0,68374,7,3685.58,25444,55332,-0.3614604627235412,0
2023-07-28 11:31:04,3679.95,68374,2,3685.58,25444,55332,-0.3628142472281287,0
2023-07-28 11:31:04,3680.0,68374,15,3685.58,25444,55332,-0.3614604627235412,0
2023-07-28 11:31:08,3680.0,68421,15,3685.58,25358,55327,-0.3614604627235412,0
2023-07-28 11:31:08,3680.0,68421,6,3685.58,25358,55327,-0.3614604627235412,0
2023-07-28 11:31:08,3680.05,68421,10,3685.58,25358,55327,-0.3601066782189537,0
2023-07-28 11:31:13,3680.05,68437,10,3685.58,25275,55292,-0.3601066782189537,0
2023-07-28 11:31:13,3680.0,68437,3,3685.58,25275,55292,-0.3614604627235412,0
2023-07-28 11:31:13,3680.0,68437,9,3685.58,25275,55292,-0.3614604627235412,0
2023-07-28 11:31:16,3680.0,68454,9,3685.58,25280,55292,-0.3614604627235412,0
2023-07-28 11:31:16,3680.0,68454,3,3685.58,25280,55292,-0.3614604627235412,0
2023-07-28 11:31:22,3680.0,68462,5,3685.58,25266,55292,-0.3614604627235412,0
2023-07-28 11:31:22,3680.0,68462,5,3685.58,25275,55369,-0.3614604627235412,0
2023-07-28 11:31:22,3680.0,68462,5,3685.58,25277,55368,-0.3614604627235412,0
2023-07-28 11:31:22,3680.0,68462,4,3685.58,25277,55368,-0.3614604627235412,0
2023-07-28 11:31:22,3680.05,68462,5,3685.58,25277,55368,-0.3601066782189537,0
2023-07-28 11:31:33,3680.05,68474,5,3685.58,25276,55296,-0.3601066782189537,0
2023-07-28 11:31:33,3680.05,68474,1,3685.58,25276,55296,-0.3601066782189537,0
2023-07-28 11:31:36,3680.05,68475,1,3685.58,25281,55294,-0.3601066782189537,0
2023-07-28 11:31:36,3680.05,68475,6,3685.58,25281,55294,-0.3601066782189537,0
2023-07-28 11:31:36,3680.0,68475,1,3685.58,25281,55294,-0.3614604627235412,0
2023-07-28 11:31:42,3680.0,68491,5,3685.58,25274,55295,-0.3614604627235412,0
2023-07-28 11:31:42,3680.0,68491,5,3685.58,25377,55295,-0.3614604627235412,0
2023-07-28 11:31:42,3680.05,68491,1,3685.58,25377,55295,-0.3601066782189537,0
2023-07-28 11:31:49,3680.05,68492,1,3685.58,25293,55315,-0.3601066782189537,0
2023-07-28 11:31:49,3680.0,68492,3,3685.58,25293,55315,-0.3614604627235412,0
2023-07-28 11:31:49,3680.0,68492,6,3685.58,25293,55315,-0.3614604627235412,0
2023-07-28 11:31:49,3680.0,68492,2,3685.58,25293,55315,-0.3614604627235412,0
2023-07-28 11:31:49,3679.95,68492,2,3685.58,25293,55315,-0.3628142472281287,0
2023-07-28 11:31:55,3679.95,68535,2,3685.57,25473,55338,-0.3628142472281287,0
2023-07-28 11:31:55,3679.95,68535,2,3685.57,25305,55323,-0.3628142472281287,0
2023-07-28 11:31:55,3680.0,68535,6,3685.57,25305,55323,-0.3614604627235412,0
2023-07-28 11:31:55,3680.0,68535,12,3685.57,25305,55323,-0.3614604627235412,0
2023-07-28 11:32:03,3680.0,68567,12,3685.57,25300,55333,-0.3614604627235412,0
2023-07-28 11:32:03,3680.05,68567,3,3685.57,25300,55333,-0.3601066782189537,0
2023-07-28 11:32:03,3680.0,68567,10,3685.57,25300,55333,-0.3614604627235412,0
2023-07-28 11:32:10,3680.0,68605,10,3685.57,25300,55331,-0.3614604627235412,0
2023-07-28 11:32:10,3680.0,68605,6,3685.57,25300,55331,-0.3614604627235412,0
2023-07-28 11:32:12,3680.0,68611,6,3685.57,25297,55421,-0.3614604627235412,0
2023-07-28 11:32:12,3680.05,68611,4,3685.57,25297,55421,-0.3601066782189537,0
2023-07-28 11:32:12,3680.05,68611,2,3685.57,25297,55421,-0.3601066782189537,0
2023-07-28 11:32:18,3680.0,68633,12,3685.56,25313,55332,-0.3614604627235412,0
2023-07-28 11:32:18,3680.0,68633,1,3685.56,25313,55332,-0.3614604627235412,0
2023-07-28 11:32:22,3680.0,68639,5,3685.56,25295,55332,-0.3614604627235412,0
2023-07-28 11:32:22,3680.05,68639,4,3685.56,25295,55332,-0.3601066782189537,0
