2023-07-28 10:49:27,5592.0,315394,49,5584.18,50068,46739,1.5434901035046305,0
2023-07-28 10:49:27,5592.0,315394,49,5584.18,50082,46741,1.5434901035046305,0
2023-07-28 10:49:31,5592.0,315839,430,5584.19,49625,46762,1.5434901035046305,0
2023-07-28 10:49:31,5592.9,315839,52,5584.19,49630,46763,1.5598329398946729,0
2023-07-28 10:49:32,5592.9,315939,52,5584.19,49615,46870,1.5598329398946729,0
2023-07-28 10:49:34,5594.35,315964,7,5584.19,49636,46719,1.5861630651897651,0
2023-07-28 10:49:34,5594.35,315964,7,5584.19,49637,46638,1.5861630651897651,0
2023-07-28 10:49:34,5594.35,315964,7,5584.19,49637,46648,1.5861630651897651,0
2023-07-28 10:49:34,5594.35,315964,7,5584.19,49631,46653,1.5861630651897651,0
2023-07-28 10:49:34,5594.35,315964,7,5584.19,49643,46653,1.5861630651897651,0
2023-07-28 10:49:34,5594.35,315964,7,5584.19,49643,46646,1.5861630651897651,0
2023-07-28 10:49:40,5593.2,315969,5,5584.19,49684,46536,1.5652805520246926,0
2023-07-28 10:49:41,5594.35,316042,6,5584.2,49681,46667,1.5861630651897651,0
2023-07-28 10:49:41,5594.35,316042,6,5584.2,49682,46667,1.5861630651897651,0
2023-07-28 10:49:41,5594.3,316042,8,5584.2,49682,46667,1.585255129834759,0
2023-07-28 10:49:42,5594.3,316050,8,5584.2,49680,46636,1.585255129834759,0
2023-07-28 10:49:43,5594.35,316061,1,5584.2,49779,46582,1.5861630651897651,0
2023-07-28 10:49:45,5594.4,316070,2,5584.2,49798,46583,1.5870710005447546,0
2023-07-28 10:49:46,5594.35,316084,1,5584.2,49174,46495,1.5861630651897651,0
2023-07-28 10:49:46,5594.35,316110,1,5584.2,49727,46490,1.5861630651897651,0
2023-07-28 10:49:48,5594.75,316135,8,5584.2,49735,46615,1.5934265480297802,0
2023-07-28 10:49:48,5592.0,316135,1,5584.2,49735,46615,1.5434901035046305,0
2023-07-28 10:49:50,5592.0,316155,1,5584.2,49714,46677,1.5434901035046305,0
2023-07-28 10:49:50,5592.0,316155,1,5584.2,49700,46679,1.5434901035046305,0
2023-07-28 10:49:50,5592.0,316155,1,5584.2,49710,46694,1.5434901035046305,0
2023-07-28 10:49:50,5592.0,316155,1,5584.2,49713,46694,1.5434901035046305,0
2023-07-28 10:49:50,5592.0,316155,1,5584.2,49827,46554,1.5434901035046305,0
2023-07-28 10:49:56,5594.3,316175,1,5584.2,49771,46752,1.585255129834759,0
2023-07-28 10:49:56,5594.3,316175,1,5584.2,49772,46752,1.585255129834759,0
2023-07-28 10:49:56,5594.25,316175,2,5584.2,49772,46752,1.5843471944797531,0
2023-07-28 10:49:56,5592.0,316175,5,5584.2,49772,46752,1.5434901035046305,0
2023-07-28 10:49:58,5592.0,316185,5,5584.2,49841,46737,1.5434901035046305,0
2023-07-28 10:49:58,5594.1,316185,3,5584.2,49841,46737,1.5816233884147515,0
2023-07-28 10:50:01,5592.0,316201,11,5584.2,49817,46796,1.5434901035046305,0
2023-07-28 10:50:02,5594.6,316204,3,5584.2,49860,46719,1.5907027419647788,0
2023-07-28 10:50:02,5594.6,316204,3,5584.2,49860,46712,1.5907027419647788,0
2023-07-28 10:50:02,5594.6,316204,3,5584.2,49860,46709,1.5907027419647788,0
2023-07-28 10:50:02,5594.6,316204,3,5584.2,49860,46699,1.5907027419647788,0
2023-07-28 10:50:06,5591.85,316212,1,5584.2,49868,46738,1.540766297439629,0
2023-07-28 10:50:06,5594.6,316212,74,5584.2,49868,46738,1.5907027419647788,0
2023-07-28 10:50:07,5594.6,316462,74,5584.21,49884,46709,1.5907027419647788,0
2023-07-28 10:50:07,5592.0,316462,5,5584.21,49899,46702,1.5434901035046305,0
2023-07-28 10:50:09,5592.0,316467,5,5584.21,49894,46718,1.5434901035046305,0
2023-07-28 10:50:09,5592.0,316467,5,5584.21,49894,46725,1.5434901035046305,0
2023-07-28 10:50:09,5590.5,316467,28,5584.21,49894,46725,1.5162520428545487,0
2023-07-28 10:50:12,5590.5,316967,28,5584.22,49734,46784,1.5162520428545487,0
2023-07-28 10:50:12,5590.55,316967,1,5584.22,49728,46782,1.5171599782095548,0
2023-07-28 10:50:15,5593.55,316978,1,5584.22,49728,46760,1.5716360995097183,0
2023-07-28 10:50:16,5590.6,316994,14,5584.22,49610,46793,1.5180679135645607,0
2023-07-28 10:50:16,5590.6,316994,14,5584.22,49746,46797,1.5180679135645607,0
2023-07-28 10:50:16,5590.6,316994,14,5584.22,49736,46794,1.5180679135645607,0
2023-07-28 10:50:16,5590.6,316994,14,5584.22,49735,46838,1.5180679135645607,0
2023-07-28 10:50:16,5590.6,316994,14,5584.22,49735,46838,1.5180679135645607,0
2023-07-28 10:50:16,5590.6,316994,14,5584.22,49726,46783,1.5180679135645607,0
2023-07-28 10:50:21,5593.45,317019,25,5584.22,49725,46815,1.569820228799706,0
2023-07-28 10:50:21,5590.65,317019,1,5584.22,49725,46815,1.5189758489195504,0
2023-07-28 10:50:21,5590.65,317019,1,5584.22,49725,46815,1.5189758489195504,0
2023-07-28 10:50:21,5593.5,317019,27,5584.22,49725,46815,1.5707281641547122,0
2023-07-28 10:50:24,5593.65,317089,19,5584.22,49910,46633,1.5734519702197138,0
2023-07-28 10:50:24,5594.15,317089,22,5584.22,49910,46633,1.582531323769741,0
2023-07-28 10:50:24,5594.15,317111,22,5584.23,49748,46680,1.582531323769741,0
2023-07-28 10:50:24,5594.7,317111,1,5584.23,49748,46680,1.5925186126747743,0
2023-07-28 10:50:24,5594.75,317111,2,5584.23,49748,46680,1.5934265480297802,0
2023-07-28 10:50:26,5594.75,317116,2,5584.23,49758,46704,1.5934265480297802,0
2023-07-28 10:50:26,5594.75,317116,2,5584.23,49758,46704,1.5934265480297802,0
2023-07-28 10:50:28,5593.5,317143,11,5584.23,49747,46703,1.5707281641547122,0
2023-07-28 10:50:28,5593.5,317143,11,5584.23,49749,46709,1.5707281641547122,0
2023-07-28 10:50:30,5594.75,317145,2,5584.23,49781,46593,1.5934265480297802,0
2023-07-28 10:50:30,5593.5,317145,2,5584.23,49781,46593,1.5707281641547122,0
2023-07-28 10:50:31,5593.5,317151,2,5584.23,49800,46594,1.5707281641547122,0
2023-07-28 10:50:33,5594.8,317152,1,5584.23,49767,46595,1.5943344833847863,0
2023-07-28 10:50:33,5594.8,317152,7,5584.23,49767,46595,1.5943344833847863,0
2023-07-28 10:50:34,5595.1,317384,11,5584.23,49934,46419,1.5997820955148059,0
2023-07-28 10:50:35,5596.9,317424,16,5584.24,49855,46412,1.6324677682948907,0
2023-07-28 10:50:35,5596.9,317424,16,5584.24,49218,46412,1.6324677682948907,0
2023-07-28 10:50:37,5596.9,317425,1,5584.24,49875,46530,1.6324677682948907,0
2023-07-28 10:50:37,5596.9,317425,13,5584.24,49875,46522,1.6324677682948907,0
2023-07-28 10:50:39,5596.9,317438,13,5584.24,49240,46494,1.6324677682948907,0
2023-07-28 10:50:40,5597.0,317439,1,5584.24,49900,46618,1.634283639004903,0
2023-07-28 10:50:41,5597.0,317440,1,5584.24,48595,46368,1.634283639004903,0
2023-07-28 10:50:41,5597.0,317440,6,5584.24,49259,45943,1.634283639004903,0
2023-07-28 10:50:43,5597.0,317470,6,5584.24,49900,46704,1.634283639004903,0
2023-07-28 10:50:43,5597.05,317470,9,5584.24,49900,46704,1.6351915743599088,0
2023-07-28 10:50:44,5597.35,317486,1,5584.24,49892,46681,1.6406391864899286,0
2023-07-28 10:50:45,5597.35,317487,1,5584.24,49277,46660,1.6406391864899286,0
2023-07-28 10:50:45,5597.4,317487,5,5584.24,49277,46660,1.641547121844918,0
2023-07-28 10:50:47,5597.4,317492,5,5584.24,49802,46770,1.641547121844918,0
2023-07-28 10:50:47,5597.35,317492,1,5584.24,49802,46770,1.6406391864899286,0
2023-07-28 10:50:48,5597.35,317549,5,5584.24,49620,46717,1.6406391864899286,0
2023-07-28 10:50:49,5597.65,317553,2,5584.24,48986,46088,1.6460867986199317,0
2023-07-28 10:50:50,5597.65,317555,2,5584.24,49656,46657,1.6460867986199317,0
2023-07-28 10:50:50,5597.15,317555,1,5584.24,49656,46657,1.6370074450699044,0
2023-07-28 10:50:50,5597.15,317556,1,5584.24,49628,46677,1.6370074450699044,0
2023-07-28 10:50:50,5597.15,317556,1,5584.24,49674,46581,1.6370074450699044,0
2023-07-28 10:50:53,5597.25,317557,1,5584.24,49673,46576,1.6388233157799166,0
2023-07-28 10:50:53,5594.1,317557,3,5584.24,49673,46576,1.5816233884147515,0
2023-07-28 10:50:53,5593.5,317711,9,5584.25,49547,46579,1.5707281641547122,0
2023-07-28 10:50:54,5593.5,317741,9,5584.25,49606,46603,1.5707281641547122,0
2023-07-28 10:50:54,5593.5,317741,9,5584.25,49584,46654,1.5707281641547122,0
2023-07-28 10:50:54,5593.5,317741,9,5584.25,49548,46713,1.5707281641547122,0
2023-07-28 10:50:58,5593.6,317744,3,5584.25,49560,46683,1.5725440348647242,0
2023-07-28 10:50:58,5593.6,317744,3,5584.25,49642,46645,1.5725440348647242,0
2023-07-28 10:50:58,5593.6,317744,3,5584.25,49622,46645,1.5725440348647242,0
2023-07-28 10:51:01,5593.55,317751,2,5584.25,49670,46693,1.5716360995097183,0
2023-07-28 10:51:02,5593.55,317755,2,5584.25,49563,46652,1.5716360995097183,0
2023-07-28 10:51:02,5593.55,317755,2,5584.25,49563,46652,1.5716360995097183,0
2023-07-28 10:51:02,5593.55,317755,2,5584.25,49576,46649,1.5716360995097183,0
2023-07-28 10:51:02,5593.55,317755,4,5584.25,49576,46649,1.5716360995097183,0
2023-07-28 10:51:04,5593.55,317759,4,5584.25,49588,46753,1.5716360995097183,0
2023-07-28 10:51:04,5593.55,317759,4,5584.25,49597,46142,1.5716360995097183,0
2023-07-28 10:51:04,5593.55,317759,1,5584.25,49597,46142,1.5716360995097183,0
2023-07-28 10:51:08,5594.95,317761,1,5584.25,49605,46773,1.5970582894497878,0
2023-07-28 10:51:08,5594.95,317762,1,5584.25,49605,46771,1.5970582894497878,0
2023-07-28 10:51:08,5594.95,317762,1,5584.25,49606,46764,1.5970582894497878,0
2023-07-28 10:51:08,5594.95,317762,1,5584.25,49605,46634,1.5970582894497878,0
2023-07-28 10:51:08,5594.95,317762,1,5584.25,49623,46742,1.5970582894497878,0
2023-07-28 10:51:08,5594.95,317762,1,5584.25,49623,46738,1.5970582894497878,0
2023-07-28 10:51:08,5594.95,317762,1,5584.25,48723,46101,1.5970582894497878,0
2023-07-28 10:51:08,5595.0,317762,15,5584.25,48723,46101,1.5979662248047939,0
2023-07-28 10:51:14,5595.0,317777,15,5584.25,48805,46086,1.5979662248047939,0
2023-07-28 10:51:14,5595.0,317777,15,5584.25,48814,46834,1.5979662248047939,0
2023-07-28 10:51:17,5595.05,317779,2,5584.25,48810,46575,1.5988741601598,0
2023-07-28 10:51:17,5595.9,317779,4,5584.25,48810,46575,1.6143090611948363,0
2023-07-28 10:51:18,5595.9,317783,4,5584.25,48811,46077,1.6143090611948363,0
2023-07-28 10:51:18,5595.9,317783,1,5584.25,48817,46610,1.6143090611948363,0
2023-07-28 10:51:19,5595.9,317784,1,5584.25,48805,46592,1.6143090611948363,0
2023-07-28 10:51:21,5595.9,317787,3,5584.25,48817,46735,1.6143090611948363,0
2023-07-28 10:51:22,5595.9,317792,5,5584.25,48820,46744,1.6143090611948363,0
2023-07-28 10:51:22,5595.9,317792,5,5584.25,48820,46744,1.6143090611948363,0
2023-07-28 10:51:22,5595.9,317792,5,5584.25,48195,46747,1.6143090611948363,0
2023-07-28 10:51:24,5595.9,317796,4,5584.25,48824,46699,1.6143090611948363,0
2023-07-28 10:51:24,5595.9,317796,2,5584.25,48824,46699,1.6143090611948363,0
2023-07-28 10:51:25,5596.3,317802,4,5584.25,48817,46162,1.621572544034868,0
2023-07-28 10:51:25,5596.3,317802,4,5584.25,48817,46162,1.621572544034868,0
2023-07-28 10:51:25,5596.3,317802,4,5584.25,48817,46898,1.621572544034868,0
2023-07-28 10:51:25,5596.3,317802,4,5584.25,48846,46794,1.621572544034868,0
2023-07-28 10:51:25,5596.3,317802,1,5584.25,48846,46794,1.621572544034868,0
2023-07-28 10:51:25,5596.3,317802,1,5584.25,48846,46794,1.621572544034868,0
2023-07-28 10:51:28,5596.3,317808,1,5584.25,48214,46904,1.621572544034868,0
2023-07-28 10:51:28,5596.3,317808,1,5584.25,48833,46787,1.621572544034868,0
2023-07-28 10:51:28,5595.9,317808,1,5584.25,48833,46787,1.6143090611948363,0
2023-07-28 10:51:31,5595.85,317813,3,5584.25,48840,46662,1.6134011258398469,0
2023-07-28 10:51:31,5595.85,317813,3,5584.25,48840,46662,1.6134011258398469,0
2023-07-28 10:51:32,5595.85,317815,1,5584.25,48804,46577,1.6134011258398469,0
2023-07-28 10:51:33,5597.1,317946,18,5584.26,48828,46164,1.636099509714915,0
2023-07-28 10:51:34,5596.0,317954,8,5584.26,48870,46679,1.6161249319048483,0
2023-07-28 10:51:35,5595.25,317957,1,5584.26,48839,46833,1.6025059015798075,0
2023-07-28 10:51:35,5595.25,317957,1,5584.26,48149,46958,1.6025059015798075,0
2023-07-28 10:51:35,5595.25,317957,1,5584.26,48800,46655,1.6025059015798075,0
2023-07-28 10:51:35,5595.25,317957,1,5584.26,48803,46655,1.6025059015798075,0
2023-07-28 10:51:35,5595.25,317957,1,5584.26,48793,46837,1.6025059015798075,0
2023-07-28 10:51:35,5595.25,317957,1,5584.26,48808,46824,1.6025059015798075,0
2023-07-28 10:51:35,5596.45,317957,1,5584.26,48808,46824,1.6242963500998695,0
2023-07-28 10:51:41,5596.5,317988,1,5584.26,48193,46656,1.6252042854548756,0
2023-07-28 10:51:42,5596.45,317990,1,5584.26,48792,46969,1.6242963500998695,0
2023-07-28 10:51:42,5596.45,317990,1,5584.26,48792,46969,1.6242963500998695,0
2023-07-28 10:51:42,5596.45,317990,1,5584.26,48825,46805,1.6242963500998695,0
2023-07-28 10:51:42,5596.5,317990,2,5584.26,48825,46805,1.6252042854548756,0
2023-07-28 10:51:43,5596.5,318006,2,5584.26,48846,46305,1.6252042854548756,0
2023-07-28 10:51:43,5596.5,318006,2,5584.26,48840,46924,1.6252042854548756,0
2023-07-28 10:51:43,5596.5,318006,2,5584.26,48804,46849,1.6252042854548756,0
2023-07-28 10:51:43,5596.5,318006,2,5584.26,48816,46917,1.6252042854548756,0
2023-07-28 10:51:43,5595.5,318006,1,5584.26,48816,46917,1.6070455783548212,0
2023-07-28 10:51:48,5596.55,318017,10,5584.26,48818,47055,1.6261122208098817,0
2023-07-28 10:51:49,5595.45,318031,1,5584.26,48845,46919,1.606137642999815,0
2023-07-28 10:51:50,5592.55,318351,10,5584.27,48706,46029,1.5534773924096636,0
2023-07-28 10:51:51,5596.5,318408,1,5584.27,48706,46556,1.6252042854548756,0
2023-07-28 10:51:52,5595.85,318413,3,5584.27,48112,46638,1.6134011258398469,0
2023-07-28 10:51:52,5595.85,318413,3,5584.27,48719,46641,1.6134011258398469,0
2023-07-28 10:51:52,5595.85,318413,3,5584.27,48053,46166,1.6134011258398469,0
2023-07-28 10:51:55,5596.35,318414,1,5584.27,48689,46624,1.622480479389874,0
2023-07-28 10:51:55,5596.35,318414,1,5584.27,48666,46708,1.622480479389874,0
2023-07-28 10:51:55,5596.35,318414,1,5584.27,48665,46682,1.622480479389874,0
2023-07-28 10:51:55,5593.45,318414,1,5584.27,48665,46682,1.569820228799706,0
2023-07-28 10:51:58,5593.45,318424,1,5584.27,48658,46847,1.569820228799706,0
2023-07-28 10:51:58,5595.9,318424,1,5584.27,48658,46690,1.6143090611948363,0
2023-07-28 10:52:01,5595.9,318451,10,5584.27,48704,46529,1.6143090611948363,0
2023-07-28 10:52:02,5595.9,318455,4,5584.27,48118,46538,1.6143090611948363,0
2023-07-28 10:52:02,5595.9,318455,4,5584.27,48799,46533,1.6143090611948363,0
2023-07-28 10:52:02,5595.9,318455,4,5584.27,48802,46533,1.6143090611948363,0
2023-07-28 10:52:02,5595.9,318455,4,5584.27,48802,46533,1.6143090611948363,0
2023-07-28 10:52:05,5595.9,318459,4,5584.27,48812,46629,1.6143090611948363,0
2023-07-28 10:52:05,5595.9,318459,4,5584.27,48847,46634,1.6143090611948363,0
2023-07-28 10:52:05,5595.9,318459,4,5584.27,48848,46634,1.6143090611948363,0
2023-07-28 10:52:08,5596.4,318461,2,5584.27,48849,46647,1.6233884147448636,0
2023-07-28 10:52:10,5595.9,318462,1,5584.27,48780,46656,1.6143090611948363,0
2023-07-28 10:52:10,5596.0,318462,9,5584.27,48780,46656,1.6161249319048483,0
2023-07-28 10:52:11,5596.0,318475,4,5584.27,48754,46705,1.6161249319048483,0
2023-07-28 10:52:11,5596.0,318475,2,5584.27,48744,46730,1.6161249319048483,0
2023-07-28 10:52:13,5596.0,318477,2,5584.27,48762,46732,1.6161249319048483,0
2023-07-28 10:52:14,5596.4,318567,22,5584.28,48805,46654,1.6233884147448636,0
2023-07-28 10:52:15,5595.3,318577,9,5584.28,48773,46637,1.6034138369348137,0
2023-07-28 10:52:17,5595.25,318587,1,5584.28,48806,46589,1.6025059015798075,0
2023-07-28 10:52:17,5595.25,318587,1,5584.28,48806,46589,1.6025059015798075,0
2023-07-28 10:52:17,5595.25,318587,1,5584.28,48806,46566,1.6025059015798075,0
2023-07-28 10:52:17,5595.25,318587,1,5584.28,48806,46594,1.6025059015798075,0
2023-07-28 10:52:17,5595.25,318587,2,5584.28,48806,46594,1.6025059015798075,0
2023-07-28 10:52:20,5593.25,318622,4,5584.28,48815,46721,1.5661884873796985,0
2023-07-28 10:52:20,5593.25,318622,4,5584.28,48827,46628,1.5661884873796985,0
2023-07-28 10:52:20,5593.25,318622,4,5584.28,48747,46895,1.5661884873796985,0
2023-07-28 10:52:20,5593.25,318622,4,5584.28,48747,46818,1.5661884873796985,0
2023-07-28 10:52:20,5593.25,318622,4,5584.28,48723,46836,1.5661884873796985,0
2023-07-28 10:52:24,5593.4,318625,3,5584.28,48761,46949,1.5689122934447002,0
2023-07-28 10:52:24,5593.4,318625,3,5584.28,48773,46807,1.5689122934447002,0
2023-07-28 10:52:24,5593.4,318625,3,5584.28,48625,47049,1.5689122934447002,0
2023-07-28 10:52:24,5593.4,318625,3,5584.28,48744,47046,1.5689122934447002,0
2023-07-28 10:52:29,5594.5,318629,5,5584.28,48861,47041,1.5888868712547666,0
2023-07-28 10:52:29,5594.1,318629,3,5584.28,48861,47041,1.5816233884147515,0
2023-07-28 10:52:31,5593.4,318644,1,5584.28,48758,46838,1.5689122934447002,0
2023-07-28 10:52:31,5593.4,318644,1,5584.28,48767,46734,1.5689122934447002,0
2023-07-28 10:52:31,5593.4,318644,1,5584.28,48767,46734,1.5689122934447002,0
2023-07-28 10:52:34,5593.4,318646,1,5584.28,48793,46738,1.5689122934447002,0
2023-07-28 10:52:36,5593.2,318651,5,5584.28,48808,46738,1.5652805520246926,0
2023-07-28 10:52:36,5594.55,318651,3,5584.28,48808,46738,1.5897948066097727,0
2023-07-28 10:52:36,5594.55,318654,3,5584.28,48812,46860,1.5897948066097727,0
2023-07-28 10:52:36,5594.55,318654,3,5584.28,48812,46861,1.5897948066097727,0
2023-07-28 10:52:36,5594.55,318654,3,5584.28,48866,46736,1.5897948066097727,0
2023-07-28 10:52:36,5594.55,318654,3,5584.28,48866,46992,1.5897948066097727,0
2023-07-28 10:52:36,5594.5,318654,2,5584.28,48866,47021,1.5888868712547666,0
2023-07-28 10:52:41,5594.15,318656,2,5584.28,48865,46893,1.582531323769741,0
2023-07-28 10:52:42,5594.15,318781,2,5584.28,48866,46886,1.582531323769741,0
2023-07-28 10:52:42,5594.15,318781,2,5584.28,48868,46924,1.582531323769741,0
2023-07-28 10:52:45,5593.35,318782,2,5584.28,48868,46923,1.5680043580897107,0
2023-07-28 10:52:46,5594.0,318800,1,5584.28,48869,46918,1.5798075177047395,0
2023-07-28 10:52:46,5594.0,318800,1,5584.28,48869,46918,1.5798075177047395,0
2023-07-28 10:52:46,5594.0,318800,1,5584.28,48870,46918,1.5798075177047395,0
2023-07-28 10:52:46,5594.0,318800,1,5584.28,48870,46924,1.5798075177047395,0
2023-07-28 10:52:49,5593.1,319182,369,5584.29,48549,47077,1.563464681314697,0
2023-07-28 10:52:49,5593.1,319182,369,5584.29,48462,46484,1.563464681314697,0
2023-07-28 10:52:49,5593.2,319182,94,5584.29,48462,46484,1.5652805520246926,0
2023-07-28 10:52:52,5593.1,319357,50,5584.3,48478,46952,1.563464681314697,0
2023-07-28 10:52:52,5593.1,319357,50,5584.3,48113,46953,1.563464681314697,0
2023-07-28 10:52:52,5593.1,319357,50,5584.3,48758,46839,1.563464681314697,0
2023-07-28 10:52:57,5594.25,319377,20,5584.3,48792,46891,1.5843471944797531,0
2023-07-28 10:52:57,5594.6,319377,13,5584.3,48792,46891,1.5907027419647788,0
2023-07-28 10:52:57,5594.7,319427,20,5584.3,48767,46031,1.5925186126747743,0
2023-07-28 10:52:58,5594.7,319447,20,5584.3,48731,46852,1.5925186126747743,0
2023-07-28 10:52:58,5594.45,319447,58,5584.3,48731,46852,1.5879789358997607,0
2023-07-28 10:52:59,5594.45,319505,58,5584.3,48730,46794,1.5879789358997607,0
2023-07-28 10:52:59,5594.45,319505,58,5584.3,48717,46223,1.5879789358997607,0
2023-07-28 10:52:59,5594.45,319505,58,5584.3,48710,46845,1.5879789358997607,0
2023-07-28 10:52:59,5594.95,319505,2,5584.3,48710,46845,1.5970582894497878,0
2023-07-28 10:53:03,5594.95,319549,2,5584.3,48734,46808,1.5970582894497878,0
2023-07-28 10:53:03,5594.95,319549,2,5584.3,48713,46804,1.5970582894497878,0
2023-07-28 10:53:03,5594.35,319549,2,5584.3,48704,46635,1.5861630651897651,0
2023-07-28 10:53:03,5592.1,319549,9,5584.3,48704,46635,1.5453059742146424,0
2023-07-28 10:53:07,5592.1,319624,9,5584.31,48775,46786,1.5453059742146424,0
2023-07-28 10:53:09,5592.5,319630,4,5584.31,48770,46915,1.5525694570546578,0
2023-07-28 10:53:09,5592.55,319630,1,5584.31,48770,46915,1.5534773924096636,0
2023-07-28 10:53:10,5592.55,319631,1,5584.31,48713,46961,1.5534773924096636,0
2023-07-28 10:53:10,5592.55,319631,1,5584.31,48791,46221,1.5534773924096636,0
2023-07-28 10:53:10,5592.55,319631,1,5584.31,48169,46877,1.5534773924096636,0
2023-07-28 10:53:10,5592.55,319631,1,5584.31,48783,46869,1.5534773924096636,0
2023-07-28 10:53:10,5592.4,319631,1,5584.31,48803,46869,1.5507535863446456,0
2023-07-28 10:53:16,5592.4,319647,1,5584.31,48798,46883,1.5507535863446456,0
2023-07-28 10:53:16,5592.15,319647,1,5584.31,48842,46860,1.5462139095696321,0
2023-07-28 10:53:17,5592.15,319655,1,5584.31,48776,46810,1.5462139095696321,0
2023-07-28 10:53:17,5592.15,319655,1,5584.31,48790,46875,1.5462139095696321,0
2023-07-28 10:53:17,5592.15,319655,1,5584.31,48790,46875,1.5462139095696321,0
2023-07-28 10:53:17,5592.15,319655,1,5584.31,48734,46342,1.5462139095696321,0
2023-07-28 10:53:17,5594.85,319655,9,5584.31,48743,46921,1.5952424187397922,0
2023-07-28 10:53:23,5595.0,319686,1,5584.31,48728,46860,1.5979662248047939,0
2023-07-28 10:53:23,5594.75,319686,7,5584.31,48734,46887,1.5934265480297802,0
2023-07-28 10:53:23,5594.75,319686,7,5584.31,48734,46887,1.5934265480297802,0
2023-07-28 10:53:24,5594.75,319693,7,5584.31,48733,46929,1.5934265480297802,0
2023-07-28 10:53:24,5594.75,319693,7,5584.31,48122,46948,1.5934265480297802,0
2023-07-28 10:53:27,5591.15,319757,9,5584.31,48777,46867,1.5280552024695775,0
2023-07-28 10:53:27,5591.5,319757,2,5584.31,48777,46867,1.5344107499546031,0
2023-07-28 10:53:28,5591.5,319759,2,5584.31,48772,46977,1.5344107499546031,0
2023-07-28 10:53:28,5591.5,319759,2,5584.31,48755,46255,1.5344107499546031,0
2023-07-28 10:53:30,5591.5,319764,4,5584.31,48863,46920,1.5344107499546031,0
2023-07-28 10:53:30,5591.55,319764,3,5584.31,48863,46920,1.5353186853096092,0
2023-07-28 10:53:31,5591.55,319778,3,5584.31,48746,46927,1.5353186853096092,0
2023-07-28 10:53:31,5591.55,319778,3,5584.31,48752,46916,1.5353186853096092,0
2023-07-28 10:53:31,5591.55,319778,3,5584.31,48788,46927,1.5353186853096092,0
2023-07-28 10:53:31,5591.55,319778,3,5584.31,48801,46954,1.5353186853096092,0
2023-07-28 10:53:31,5591.55,319778,3,5584.31,48819,46968,1.5353186853096092,0
2023-07-28 10:53:37,5593.8,319785,7,5584.31,48764,46948,1.576175776284732,0
2023-07-28 10:53:37,5591.5,319785,7,5584.31,48764,46948,1.5344107499546031,0
2023-07-28 10:53:39,5591.5,319795,7,5584.31,48770,47103,1.5344107499546031,0
2023-07-28 10:53:39,5591.5,319795,7,5584.31,48765,47076,1.5344107499546031,0
2023-07-28 10:53:39,5591.5,319795,7,5584.31,48788,47049,1.5344107499546031,0
2023-07-28 10:53:39,5591.5,319795,1,5584.31,48788,47049,1.5344107499546031,0
2023-07-28 10:53:42,5593.95,319797,3,5584.31,48792,46328,1.5788995823497334,0
2023-07-28 10:53:43,5593.95,319802,3,5584.31,48767,47118,1.5788995823497334,0
2023-07-28 10:53:45,5593.95,319803,1,5584.31,48767,46984,1.5788995823497334,0
2023-07-28 10:53:45,5591.5,319803,13,5584.31,48767,46984,1.5344107499546031,0
2023-07-28 10:53:46,5591.5,319818,13,5584.31,48752,46988,1.5344107499546031,0
2023-07-28 10:53:46,5591.5,319818,13,5584.31,48773,46942,1.5344107499546031,0
2023-07-28 10:53:46,5591.5,319818,13,5584.31,48773,46976,1.5344107499546031,0
2023-07-28 10:53:46,5591.5,319818,13,5584.31,48773,46379,1.5344107499546031,0
2023-07-28 10:53:46,5591.5,319818,13,5584.31,48148,47016,1.5344107499546031,0
2023-07-28 10:53:51,5594.0,319819,1,5584.31,48800,46998,1.5798075177047395,0
2023-07-28 10:53:51,5594.0,319819,1,5584.31,48800,46992,1.5798075177047395,0
2023-07-28 10:53:51,5594.0,319819,1,5584.31,48800,47024,1.5798075177047395,0
2023-07-28 10:53:51,5594.25,319819,7,5584.31,48175,46998,1.5843471944797531,0
2023-07-28 10:53:55,5591.6,319847,4,5584.31,48795,46979,1.5362266206646153,0
2023-07-28 10:53:56,5593.75,319853,2,5584.31,48883,47956,1.5752678409297258,0
2023-07-28 10:53:57,5594.05,319881,4,5584.31,48825,47797,1.5807154530597454,0
2023-07-28 10:53:57,5594.05,319881,4,5584.31,48825,47797,1.5807154530597454,0
2023-07-28 10:53:58,5594.15,319906,4,5584.31,48814,47815,1.582531323769741,0
2023-07-28 10:53:58,5594.15,319910,4,5584.31,48795,47829,1.582531323769741,0
2023-07-28 10:53:58,5594.15,319910,28,5584.31,48795,47829,1.582531323769741,0
2023-07-28 10:53:59,5594.15,319938,28,5584.32,48786,47792,1.582531323769741,0
2023-07-28 10:54:02,5593.85,319986,6,5584.32,48666,47827,1.5770837116397378,0
2023-07-28 10:54:02,5594.0,319986,1,5584.32,48666,47827,1.5798075177047395,0
2023-07-28 10:54:03,5594.0,319990,1,5584.32,49296,47218,1.5798075177047395,0
2023-07-28 10:54:03,5594.0,319990,5,5584.32,49296,47218,1.5798075177047395,0
2023-07-28 10:54:04,5594.0,320018,5,5584.32,49305,48316,1.5798075177047395,0
2023-07-28 10:54:05,5593.95,320028,10,5584.32,49309,47931,1.5788995823497334,0
2023-07-28 10:54:05,5593.95,320028,10,5584.32,49274,48194,1.5788995823497334,0
2023-07-28 10:54:05,5593.95,320028,10,5584.32,49268,48204,1.5788995823497334,0
2023-07-28 10:54:05,5593.95,320028,10,5584.32,49266,48204,1.5788995823497334,0
2023-07-28 10:54:05,5593.95,320028,10,5584.32,49266,48205,1.5788995823497334,0
2023-07-28 10:54:05,5593.95,320028,10,5584.32,49245,48228,1.5788995823497334,0
2023-07-28 10:54:05,5593.95,320028,7,5584.32,49251,47608,1.5788995823497334,0
2023-07-28 10:54:12,5593.95,320035,7,5584.32,49261,48475,1.5788995823497334,0
2023-07-28 10:54:12,5593.95,320035,1,5584.32,49261,48475,1.5788995823497334,0
2023-07-28 10:54:13,5593.95,320036,1,5584.32,48651,48216,1.5788995823497334,0
2023-07-28 10:54:14,5594.0,320040,2,5584.32,49316,47574,1.5798075177047395,0
2023-07-28 10:54:16,5591.5,320044,1,5584.32,49201,48337,1.5344107499546031,0
2023-07-28 10:54:16,5591.5,320044,1,5584.32,49201,48337,1.5344107499546031,0
2023-07-28 10:54:17,5591.75,320046,1,5584.32,49200,48230,1.5389504267296168,0
2023-07-28 10:54:17,5591.75,320046,1,5584.32,49215,48233,1.5389504267296168,0
2023-07-28 10:54:17,5591.75,320046,1,5584.32,49215,48231,1.5389504267296168,0
2023-07-28 10:54:17,5591.75,320046,1,5584.32,49215,48231,1.5389504267296168,0
2023-07-28 10:54:21,5591.6,320054,6,5584.32,49243,48222,1.5362266206646153,0
2023-07-28 10:54:21,5591.6,320054,6,5584.32,49238,48291,1.5362266206646153,0
2023-07-28 10:54:21,5591.6,320054,6,5584.32,49258,48306,1.5362266206646153,0
2023-07-28 10:54:21,5591.6,320054,6,5584.32,49240,48314,1.5362266206646153,0
2023-07-28 10:54:21,5591.6,320054,6,5584.32,49254,48320,1.5362266206646153,0
2023-07-28 10:54:26,5593.55,320055,1,5584.32,49280,48291,1.5716360995097183,0
2023-07-28 10:54:27,5591.65,320056,1,5584.32,48654,48242,1.5371345560196048,0
2023-07-28 10:54:28,5591.65,320057,1,5584.32,49279,48320,1.5371345560196048,0
2023-07-28 10:54:28,5591.65,320057,1,5584.32,49276,48300,1.5371345560196048,0
2023-07-28 10:54:31,5591.5,320060,1,5584.32,49216,48200,1.5344107499546031,0
2023-07-28 10:54:31,5591.5,320065,5,5584.32,49210,48205,1.5344107499546031,0
2023-07-28 10:54:31,5591.5,320065,5,5584.32,49210,48205,1.5344107499546031,0
2023-07-28 10:54:32,5591.5,320074,2,5584.32,49115,48204,1.5344107499546031,0
2023-07-28 10:54:32,5591.5,320074,2,5584.32,48561,47583,1.5344107499546031,0
2023-07-28 10:54:32,5591.5,320074,2,5584.32,49186,48211,1.5344107499546031,0
2023-07-28 10:54:32,5591.5,320074,2,5584.32,49186,48211,1.5344107499546031,0
2023-07-28 10:54:35,5591.5,320078,2,5584.32,49208,48211,1.5344107499546031,0
2023-07-28 10:54:36,5591.6,320079,1,5584.32,49269,48332,1.5362266206646153,0
2023-07-28 10:54:36,5591.6,320079,1,5584.32,49306,48439,1.5362266206646153,0
2023-07-28 10:54:36,5591.6,320079,1,5584.32,49306,48439,1.5362266206646153,0
2023-07-28 10:54:38,5591.6,320080,1,5584.32,49201,48459,1.5362266206646153,0
2023-07-28 10:54:38,5591.6,320080,1,5584.32,49340,48508,1.5362266206646153,0
2023-07-28 10:54:41,5594.1,320081,1,5584.32,49327,49119,1.5816233884147515,0
2023-07-28 10:54:41,5594.1,320081,1,5584.32,48718,49040,1.5816233884147515,0
2023-07-28 10:54:41,5591.0,320081,12,5584.32,48718,49040,1.525331396404576,0
2023-07-28 10:54:43,5591.0,320182,12,5584.32,49222,49323,1.525331396404576,0
2023-07-28 10:54:43,5591.0,320182,12,5584.32,49200,49381,1.525331396404576,0
2023-07-28 10:54:46,5591.05,320197,15,5584.32,49207,49467,1.526239331759582,0
2023-07-28 10:54:46,5591.05,320197,15,5584.32,48618,48823,1.526239331759582,0
2023-07-28 10:54:46,5591.05,320197,15,5584.32,48583,49449,1.526239331759582,0
2023-07-28 10:54:46,5591.05,320197,15,5584.32,48619,49454,1.526239331759582,0
2023-07-28 10:54:46,5594.1,320197,2,5584.32,48619,49454,1.5816233884147515,0
2023-07-28 10:54:49,5594.1,320199,2,5584.32,49262,49517,1.5816233884147515,0
2023-07-28 10:54:53,5591.15,320200,1,5584.32,49261,49549,1.5280552024695775,0
2023-07-28 10:54:53,5594.0,320200,1,5584.32,49261,49549,1.5798075177047395,0
2023-07-28 10:54:54,5594.0,320201,1,5584.32,49264,49485,1.5798075177047395,0
2023-07-28 10:54:54,5594.0,320201,1,5584.32,49278,49489,1.5798075177047395,0
2023-07-28 10:54:56,5594.0,320290,1,5584.32,49160,49476,1.5798075177047395,0
2023-07-28 10:54:56,5594.0,320290,1,5584.32,49160,49476,1.5798075177047395,0
2023-07-28 10:54:56,5594.0,320290,1,5584.32,49186,49443,1.5798075177047395,0
2023-07-28 10:54:58,5593.85,320291,1,5584.32,49195,48864,1.5770837116397378,0
2023-07-28 10:54:58,5591.0,320291,33,5584.32,49215,49482,1.525331396404576,0
2023-07-28 10:55:00,5590.65,320366,1,5584.33,49258,49372,1.5189758489195504,0
2023-07-28 10:55:01,5590.9,320380,13,5584.33,49214,49317,1.5235155256945638,0
2023-07-28 10:55:01,5590.9,320380,13,5584.33,49277,49302,1.5235155256945638,0
2023-07-28 10:55:01,5593.55,320380,5,5584.33,49277,49302,1.5716360995097183,0
2023-07-28 10:55:03,5593.55,320385,5,5584.33,49261,49425,1.5716360995097183,0
2023-07-28 10:55:03,5593.55,320385,5,5584.33,49246,49307,1.5716360995097183,0
2023-07-28 10:55:06,5590.95,320387,1,5584.33,49249,48675,1.52442346104957,0
2023-07-28 10:55:06,5590.95,320387,1,5584.33,49245,49416,1.52442346104957,0
2023-07-28 10:55:06,5590.95,320387,1,5584.33,49361,48742,1.52442346104957,0
2023-07-28 10:55:06,5590.95,320387,1,5584.33,49357,49469,1.52442346104957,0
2023-07-28 10:55:11,5593.6,320398,2,5584.33,49342,49546,1.5725440348647242,0
2023-07-28 10:55:12,5593.65,320399,1,5584.33,49340,49599,1.5734519702197138,0
2023-07-28 10:55:12,5593.65,320399,1,5584.33,49366,49643,1.5734519702197138,0
2023-07-28 10:55:12,5593.65,320399,1,5584.33,48501,49558,1.5734519702197138,0
2023-07-28 10:55:12,5593.65,320399,1,5584.33,49391,49678,1.5734519702197138,0
2023-07-28 10:55:12,5593.65,320399,1,5584.33,49469,49629,1.5734519702197138,0
2023-07-28 10:55:12,5591.15,320399,1,5584.33,49469,49573,1.5280552024695775,0
2023-07-28 10:55:18,5591.15,320400,1,5584.33,49469,49571,1.5280552024695775,0
2023-07-28 10:55:18,5591.15,320400,1,5584.33,49474,49563,1.5280552024695775,0
2023-07-28 10:55:18,5593.45,320400,1,5584.33,49474,49563,1.569820228799706,0
2023-07-28 10:55:21,5593.45,320402,1,5584.33,49492,49517,1.569820228799706,0
2023-07-28 10:55:21,5590.0,320402,22,5584.33,49481,49527,1.5071726893045214,0
2023-07-28 10:55:21,5590.05,320538,6,5584.33,49281,49527,1.5080806246595275,0
2023-07-28 10:55:23,5590.05,320544,6,5584.33,49329,48971,1.5080806246595275,0
2023-07-28 10:55:24,5592.5,320594,7,5584.33,49474,48830,1.5525694570546578,0
2023-07-28 10:55:24,5592.5,320594,7,5584.33,49481,48857,1.5525694570546578,0
2023-07-28 10:55:24,5592.5,320594,7,5584.33,49458,48901,1.5525694570546578,0
2023-07-28 10:55:24,5592.5,320594,7,5584.33,49475,49067,1.5525694570546578,0
2023-07-28 10:55:24,5593.45,320594,5,5584.33,49475,49067,1.569820228799706,0
2023-07-28 10:55:28,5593.45,320610,5,5584.33,49093,49162,1.569820228799706,0
2023-07-28 10:55:30,5590.2,320635,7,5584.33,48979,49209,1.5108044307245292,0
2023-07-28 10:55:30,5590.25,320648,6,5584.33,48973,49242,1.511712366079535,0
2023-07-28 10:55:31,5592.3,320651,3,5584.33,49017,48485,1.5489377156346502,0
2023-07-28 10:55:31,5592.3,320651,3,5584.33,48925,49195,1.5489377156346502,0
2023-07-28 10:55:32,5592.85,320665,2,5584.33,48981,49097,1.5589250045396834,0
2023-07-28 10:55:32,5593.25,320665,1,5584.33,48981,49097,1.5661884873796985,0
2023-07-28 10:55:34,5593.25,320666,1,5584.33,49134,49124,1.5661884873796985,0
2023-07-28 10:55:34,5590.55,320666,16,5584.33,49134,49124,1.5171599782095548,0
2023-07-28 10:55:35,5593.15,320698,1,5584.33,49123,49168,1.5643726166696865,0
2023-07-28 10:55:35,5593.15,320698,1,5584.33,49133,49093,1.5643726166696865,0
2023-07-28 10:55:35,5593.15,320698,1,5584.33,49133,49095,1.5643726166696865,0
2023-07-28 10:55:35,5593.15,320698,1,5584.33,49154,49095,1.5643726166696865,0
2023-07-28 10:55:35,5593.15,320698,1,5584.33,49154,49097,1.5643726166696865,0
2023-07-28 10:55:35,5592.95,320698,2,5584.33,49154,49097,1.560740875249679,0
2023-07-28 10:55:42,5592.95,320701,1,5584.33,49153,49098,1.560740875249679,0
2023-07-28 10:55:42,5590.5,320701,1,5584.33,49153,49098,1.5162520428545487,0
2023-07-28 10:55:42,5590.5,320704,1,5584.33,49155,49132,1.5162520428545487,0
2023-07-28 10:55:43,5592.95,320706,2,5584.33,49155,49136,1.560740875249679,0
2023-07-28 10:55:43,5592.95,320706,2,5584.33,49155,49136,1.560740875249679,0
2023-07-28 10:55:43,5592.95,320706,4,5584.33,49155,49136,1.560740875249679,0
2023-07-28 10:55:45,5592.95,320710,4,5584.33,49187,49123,1.560740875249679,0
2023-07-28 10:55:45,5592.95,320710,4,5584.33,49187,49123,1.560740875249679,0
2023-07-28 10:55:45,5592.95,320710,4,5584.33,49187,49123,1.560740875249679,0
2023-07-28 10:55:45,5590.25,320710,2,5584.33,49187,49123,1.511712366079535,0
2023-07-28 10:55:49,5590.25,320720,2,5584.33,48832,49179,1.511712366079535,0
2023-07-28 10:55:49,5590.25,320720,2,5584.33,48792,49202,1.511712366079535,0
2023-07-28 10:55:51,5593.0,320775,13,5584.33,48786,49100,1.5616488106046849,0
2023-07-28 10:55:51,5593.0,320775,13,5584.33,48804,49105,1.5616488106046849,0
2023-07-28 10:55:51,5593.0,320775,13,5584.33,48860,49150,1.5616488106046849,0
2023-07-28 10:55:54,5592.95,320779,4,5584.33,48857,49094,1.560740875249679,0
2023-07-28 10:55:54,5592.95,320779,4,5584.33,48863,49094,1.560740875249679,0
2023-07-28 10:55:54,5592.95,320779,4,5584.33,48863,49003,1.560740875249679,0
2023-07-28 10:55:54,5592.95,320779,4,5584.33,48863,48993,1.560740875249679,0
2023-07-28 10:55:54,5592.95,320779,1,5584.33,48863,48993,1.560740875249679,0
2023-07-28 10:55:59,5592.95,320780,1,5584.34,48884,49039,1.560740875249679,0
2023-07-28 10:55:59,5592.95,320780,1,5584.34,48869,49289,1.560740875249679,0
2023-07-28 10:55:59,5592.0,320780,8,5584.34,48862,49295,1.5434901035046305,0
2023-07-28 10:56:02,5592.0,320788,8,5584.34,48844,49279,1.5434901035046305,0
2023-07-28 10:56:02,5590.0,320788,3,5584.34,48845,49265,1.5071726893045214,0
2023-07-28 10:56:04,5590.0,320816,3,5584.34,48827,49269,1.5071726893045214,0
2023-07-28 10:56:04,5590.0,320816,3,5584.34,48828,49269,1.5071726893045214,0
2023-07-28 10:56:04,5590.0,320816,3,5584.34,48828,49211,1.5071726893045214,0
2023-07-28 10:56:04,5590.0,320816,3,5584.34,48828,49211,1.5071726893045214,0
2023-07-28 10:56:04,5590.0,320816,3,5584.34,48828,49170,1.5071726893045214,0
2023-07-28 10:56:04,5590.0,320816,3,5584.34,48828,49164,1.5071726893045214,0
2023-07-28 10:56:04,5590.0,320816,3,5584.34,48828,49178,1.5071726893045214,0
2023-07-28 10:56:04,5590.0,320816,3,5584.34,48828,49181,1.5071726893045214,0
2023-07-28 10:56:04,5590.0,320816,3,5584.34,48828,49203,1.5071726893045214,0
2023-07-28 10:56:04,5590.0,320816,3,5584.34,48828,49181,1.5071726893045214,0
2023-07-28 10:56:04,5592.0,320816,5,5584.34,48829,49203,1.5434901035046305,0
2023-07-28 10:56:15,5592.0,320821,5,5584.34,48845,49203,1.5434901035046305,0
2023-07-28 10:56:15,5592.0,320821,5,5584.34,48891,49198,1.5434901035046305,0
2023-07-28 10:56:15,5592.0,320821,5,5584.34,48891,49284,1.5434901035046305,0
2023-07-28 10:56:15,5592.0,320821,5,5584.34,48891,49306,1.5434901035046305,0
2023-07-28 10:56:15,5592.0,320821,5,5584.34,48891,49306,1.5434901035046305,0
2023-07-28 10:56:15,5592.0,320821,5,5584.34,48902,49288,1.5434901035046305,0
2023-07-28 10:56:15,5592.0,320821,5,5584.34,48902,49288,1.5434901035046305,0
2023-07-28 10:56:15,5592.0,320821,5,5584.34,48905,49293,1.5434901035046305,0
2023-07-28 10:56:15,5592.0,320821,5,5584.34,48905,49293,1.5434901035046305,0
2023-07-28 10:56:15,5592.0,320821,5,5584.34,48906,49293,1.5434901035046305,0
2023-07-28 10:56:15,5592.0,320821,5,5584.34,48906,49293,1.5434901035046305,0
2023-07-28 10:56:15,5592.0,320821,5,5584.34,48906,49293,1.5434901035046305,0
2023-07-28 10:56:15,5592.0,320821,5,5584.34,48906,49293,1.5434901035046305,0
2023-07-28 10:56:15,5592.0,320821,5,5584.34,48906,49268,1.5434901035046305,0
2023-07-28 10:56:15,5592.0,320821,5,5584.34,48893,49479,1.5434901035046305,0
2023-07-28 10:56:15,5592.0,320821,5,5584.34,48843,49479,1.5434901035046305,0
2023-07-28 10:56:15,5592.0,320821,5,5584.34,48843,49471,1.5434901035046305,0
2023-07-28 10:56:15,5590.0,320821,2,5584.34,48843,49480,1.5071726893045214,0
2023-07-28 10:56:32,5590.0,320871,20,5584.34,48863,49335,1.5071726893045214,0
2023-07-28 10:56:32,5591.95,320871,1,5584.34,48829,49335,1.5425821681496243,0
2023-07-28 10:56:34,5591.95,320872,1,5584.34,48829,49319,1.5425821681496243,0
2023-07-28 10:56:36,5592.0,320882,6,5584.34,48829,49309,1.5434901035046305,0
2023-07-28 10:56:36,5592.0,320882,6,5584.34,48830,49309,1.5434901035046305,0
2023-07-28 10:56:36,5592.0,320882,6,5584.34,48837,49281,1.5434901035046305,0
2023-07-28 10:56:36,5592.0,320882,6,5584.34,48837,49282,1.5434901035046305,0
2023-07-28 10:56:36,5592.0,320882,6,5584.34,48837,49222,1.5434901035046305,0
2023-07-28 10:56:36,5590.1,320882,1,5584.34,48837,49222,1.5089885600145336,0
2023-07-28 10:56:40,5590.1,320891,1,5584.34,48826,49339,1.5089885600145336,0
2023-07-28 10:56:41,5592.0,320911,7,5584.34,48808,49310,1.5434901035046305,0
2023-07-28 10:56:42,5592.0,320914,6,5584.34,48808,49319,1.5434901035046305,0
2023-07-28 10:56:43,5592.0,320921,6,5584.34,48807,49312,1.5434901035046305,0
2023-07-28 10:56:43,5592.0,320921,6,5584.34,48808,49312,1.5434901035046305,0
2023-07-28 10:56:43,5592.0,320921,6,5584.34,48808,49312,1.5434901035046305,0
2023-07-28 10:56:43,5590.1,320921,1,5584.34,48808,49263,1.5089885600145336,0
2023-07-28 10:56:47,5590.1,320927,1,5584.34,48761,49277,1.5089885600145336,0
2023-07-28 10:56:47,5590.0,320927,5,5584.34,48761,49277,1.5071726893045214,0
2023-07-28 10:56:48,5590.0,320933,5,5584.34,48773,49282,1.5071726893045214,0
2023-07-28 10:56:48,5590.0,320933,5,5584.34,48774,49281,1.5071726893045214,0
2023-07-28 10:56:48,5590.0,320933,6,5584.34,48774,49292,1.5071726893045214,0
2023-07-28 10:56:52,5590.0,320940,6,5584.34,48802,49227,1.5071726893045214,0
2023-07-28 10:56:52,5590.0,320940,6,5584.34,48803,49227,1.5071726893045214,0
2023-07-28 10:56:52,5590.0,320940,6,5584.34,48803,49227,1.5071726893045214,0
2023-07-28 10:56:52,5590.0,320940,6,5584.34,48803,49227,1.5071726893045214,0
2023-07-28 10:56:57,5590.05,320941,1,5584.34,48803,49248,1.5080806246595275,0
2023-07-28 10:56:57,5590.05,320941,1,5584.34,48803,49198,1.5080806246595275,0
2023-07-28 10:56:57,5590.05,320941,1,5584.34,48803,49198,1.5080806246595275,0
2023-07-28 10:56:57,5590.05,320941,1,5584.34,48777,49224,1.5080806246595275,0
2023-07-28 10:56:57,5590.0,320941,13,5584.34,48777,49224,1.5071726893045214,0
2023-07-28 10:57:02,5590.0,320954,13,5584.34,48760,49217,1.5071726893045214,0
2023-07-28 10:57:02,5590.0,320954,13,5584.34,48764,49195,1.5071726893045214,0
2023-07-28 10:57:02,5590.0,320954,13,5584.34,48764,49195,1.5071726893045214,0
2023-07-28 10:57:02,5591.95,320954,125,5584.34,48764,49195,1.5425821681496243,0
2023-07-28 10:57:05,5591.95,321479,125,5584.35,48726,49256,1.5425821681496243,0
2023-07-28 10:57:05,5593.0,321479,2,5584.35,48726,49256,1.5616488106046849,0
2023-07-28 10:57:09,5592.0,322018,15,5584.36,48898,48668,1.5434901035046305,0
2023-07-28 10:57:12,5593.25,322019,1,5584.36,48919,48521,1.5661884873796985,0
2023-07-28 10:57:12,5593.3,322019,14,5584.36,48919,48521,1.5670964227347046,0
2023-07-28 10:57:16,5594.0,322060,1,5584.37,48977,48405,1.5798075177047395,0
2023-07-28 10:57:16,5594.05,322060,3,5584.37,48977,48405,1.5807154530597454,0
2023-07-28 10:57:16,5595.15,322060,125,5584.37,48977,48405,1.6006900308697956,0
2023-07-28 10:57:18,5595.15,322742,125,5584.39,49225,47583,1.6006900308697956,0
2023-07-28 10:57:18,5595.05,322742,1,5584.39,49225,47583,1.5988741601598,0
2023-07-28 10:57:18,5596.8,322742,10,5584.39,49225,47583,1.6306518975848951,0
2023-07-28 10:57:23,5596.8,322773,10,5584.39,49314,47088,1.6306518975848951,0
2023-07-28 10:57:23,5597.0,322773,20,5584.39,49314,47088,1.634283639004903,0
2023-07-28 10:57:23,5597.0,322773,25,5584.39,49314,47088,1.634283639004903,0
2023-07-28 10:57:23,5597.0,322773,1,5584.39,49314,47088,1.634283639004903,0
2023-07-28 10:57:27,5597.0,322819,1,5584.39,49430,47744,1.634283639004903,0
2023-07-28 10:57:27,5597.35,322819,1,5584.39,49430,47744,1.6406391864899286,0
2023-07-28 10:57:27,5597.35,322819,13,5584.39,49430,47744,1.6406391864899286,0
2023-07-28 10:57:33,5597.35,322834,1,5584.39,49421,47662,1.6406391864899286,0
2023-07-28 10:57:33,5598.0,322834,5,5584.39,49421,47662,1.6524423461049573,0
2023-07-28 10:57:33,5597.4,322834,1,5584.39,49421,47662,1.641547121844918,0
2023-07-28 10:57:35,5597.4,322849,1,5584.39,49450,47663,1.641547121844918,0
2023-07-28 10:57:35,5598.0,322849,8,5584.39,49450,47663,1.6524423461049573,0
2023-07-28 10:57:35,5598.0,322849,1,5584.39,49450,47663,1.6524423461049573,0
2023-07-28 10:57:35,5598.0,322849,87,5584.39,49450,47663,1.6524423461049573,0
2023-07-28 10:57:41,5598.0,323241,87,5584.41,49399,47285,1.6524423461049573,0
2023-07-28 10:57:41,5598.0,323241,1,5584.41,49399,47285,1.6524423461049573,0
2023-07-28 10:57:41,5598.0,323241,1,5584.41,49399,47285,1.6524423461049573,0
2023-07-28 10:57:41,5597.95,323241,20,5584.41,49399,47285,1.6515344107499512,0
2023-07-28 10:57:44,5598.0,323263,3,5584.41,49400,47301,1.6524423461049573,0
2023-07-28 10:57:44,5598.0,323263,1,5584.41,49400,47301,1.6524423461049573,0
2023-07-28 10:57:44,5597.9,323263,3,5584.41,49400,47301,1.6506264753949453,0
2023-07-28 10:57:50,5595.6,323340,2,5584.41,49373,47216,1.6088614490648332,0
2023-07-28 10:57:50,5597.85,323340,1,5584.41,49373,47216,1.6497185400399557,0
2023-07-28 10:57:50,5595.65,323340,9,5584.41,49373,47216,1.6097693844198226,0
2023-07-28 10:57:54,5597.95,323351,1,5584.41,49389,47248,1.6515344107499512,0
2023-07-28 10:57:54,5597.95,323351,1,5584.41,48770,47300,1.6515344107499512,0
2023-07-28 10:57:54,5597.95,323351,2,5584.41,48770,47300,1.6515344107499512,0
2023-07-28 10:58:00,5595.7,323353,2,5584.41,49369,47342,1.6106773197748288,0
2023-07-28 10:58:02,5595.0,323355,163,5584.41,49103,47459,1.5979662248047939,0
2023-07-28 10:58:06,5595.0,323564,163,5584.42,48924,47389,1.5979662248047939,0
2023-07-28 10:58:06,5595.05,323564,12,5584.42,48924,47389,1.5988741601598,0
2023-07-28 10:58:07,5597.7,323578,2,5584.42,49025,47327,1.6469947339749378,0
2023-07-28 10:58:07,5597.7,323578,2,5584.42,49036,47329,1.6469947339749378,0
2023-07-28 10:58:07,5597.7,323578,2,5584.42,49059,47349,1.6469947339749378,0
2023-07-28 10:58:07,5597.5,323578,2,5584.42,49059,47349,1.64336299255493,0
2023-07-28 10:58:10,5597.5,323580,2,5584.42,49094,47347,1.64336299255493,0
2023-07-28 10:58:10,5597.5,323580,2,5584.42,49094,47363,1.64336299255493,0
2023-07-28 10:58:10,5597.5,323580,2,5584.42,49094,47358,1.64336299255493,0
2023-07-28 10:58:10,5597.5,323580,2,5584.42,49094,47358,1.64336299255493,0
2023-07-28 10:58:10,5597.5,323580,2,5584.42,49074,47363,1.64336299255493,0
2023-07-28 10:58:10,5597.5,323580,2,5584.42,49072,47368,1.64336299255493,0
2023-07-28 10:58:17,5595.25,323606,1,5584.42,49251,47301,1.6025059015798075,0
2023-07-28 10:58:17,5598.0,323606,2,5584.42,49251,47301,1.6524423461049573,0
2023-07-28 10:58:18,5598.0,323608,2,5584.42,49288,47296,1.6524423461049573,0
2023-07-28 10:58:18,5598.0,323608,2,5584.42,49292,47160,1.6524423461049573,0
2023-07-28 10:58:18,5598.0,323608,2,5584.42,49292,47161,1.6524423461049573,0
2023-07-28 10:58:18,5597.5,323608,2,5584.42,49071,47160,1.64336299255493,0
2023-07-28 10:58:22,5597.5,323611,2,5584.42,48804,47323,1.64336299255493,0
2023-07-28 10:58:22,5597.5,323611,2,5584.42,48808,47323,1.64336299255493,0
2023-07-28 10:58:22,5597.5,323611,2,5584.42,48849,47303,1.64336299255493,0
2023-07-28 10:58:22,5597.5,323611,2,5584.42,48787,47303,1.64336299255493,0
2023-07-28 10:58:22,5597.5,323611,2,5584.42,48732,47310,1.64336299255493,0
2023-07-28 10:58:27,5597.45,323615,4,5584.42,48789,47299,1.6424550571999241,0
2023-07-28 10:58:27,5597.45,323615,4,5584.42,48789,47299,1.6424550571999241,0
2023-07-28 10:58:27,5597.45,323615,4,5584.42,48792,47305,1.6424550571999241,0
2023-07-28 10:58:27,5595.4,323615,1,5584.42,48811,47305,1.605229707644809,0
2023-07-28 10:58:32,5595.4,323616,1,5584.42,49258,47398,1.605229707644809,0
2023-07-28 10:58:32,5595.4,323616,1,5584.42,49257,47361,1.605229707644809,0
2023-07-28 10:58:32,5596.75,323616,8,5584.42,49266,47333,1.6297439622298893,0
2023-07-28 10:58:35,5597.05,323696,18,5584.42,48612,47362,1.6351915743599088,0
2023-07-28 10:58:36,5597.05,323714,18,5584.42,48761,47310,1.6351915743599088,0
2023-07-28 10:58:36,5597.05,323714,18,5584.42,48772,47339,1.6351915743599088,0
2023-07-28 10:58:36,5597.05,323714,18,5584.42,48755,47334,1.6351915743599088,0
2023-07-28 10:58:36,5597.05,323714,18,5584.42,48749,47340,1.6351915743599088,0
2023-07-28 10:58:41,5595.0,323800,1,5584.43,47436,47367,1.5979662248047939,0
2023-07-28 10:58:42,5595.0,323961,1,5584.43,48944,47312,1.5979662248047939,0
2023-07-28 10:58:43,5597.25,323962,1,5584.43,48827,46672,1.6388233157799166,0
2023-07-28 10:58:45,5593.95,324088,3,5584.44,48692,47530,1.5788995823497334,0
2023-07-28 10:58:45,5595.05,324088,13,5584.44,48731,47496,1.5988741601598,0
2023-07-28 10:58:47,5595.05,324101,13,5584.44,48163,47473,1.5988741601598,0
2023-07-28 10:58:47,5595.05,324101,13,5584.44,48155,47487,1.5988741601598,0
2023-07-28 10:58:47,5595.05,324101,13,5584.44,48784,47536,1.5988741601598,0
2023-07-28 10:58:52,5596.5,324109,2,5584.44,48207,47509,1.6252042854548756,0
2023-07-28 10:58:52,5596.55,324109,1,5584.44,48207,47509,1.6261122208098817,0
2023-07-28 10:58:52,5596.55,324110,1,5584.44,48806,47731,1.6261122208098817,0
2023-07-28 10:58:52,5596.55,324110,1,5584.44,48822,47843,1.6261122208098817,0
2023-07-28 10:58:52,5596.55,324110,1,5584.44,48820,47851,1.6261122208098817,0
2023-07-28 10:58:56,5596.95,324115,5,5584.44,49341,47847,1.6333757036498968,0
2023-07-28 10:58:56,5597.0,324115,2,5584.44,49336,47843,1.634283639004903,0
2023-07-28 10:58:58,5597.0,324117,2,5584.44,49350,47846,1.634283639004903,0
2023-07-28 10:58:58,5597.0,324117,2,5584.44,49216,47846,1.634283639004903,0
2023-07-28 10:59:01,5597.0,324122,5,5584.44,49215,47841,1.634283639004903,0
2023-07-28 10:59:01,5597.0,324122,5,5584.44,49215,47841,1.634283639004903,0
2023-07-28 10:59:02,5596.55,324130,1,5584.44,49166,47686,1.6261122208098817,0
2023-07-28 10:59:03,5596.55,324131,1,5584.44,49167,47775,1.6261122208098817,0
2023-07-28 10:59:03,5597.7,324131,1,5584.44,49167,47775,1.6469947339749378,0
2023-07-28 10:59:04,5597.7,324223,1,5584.44,49168,47884,1.6469947339749378,0
2023-07-28 10:59:04,5597.7,324223,1,5584.44,49186,47884,1.6469947339749378,0
2023-07-28 10:59:04,5597.7,324223,1,5584.44,49186,47884,1.6469947339749378,0
2023-07-28 10:59:04,5597.7,324223,1,5584.44,49204,47903,1.6469947339749378,0
2023-07-28 10:59:09,5597.6,324251,6,5584.44,49216,47857,1.6451788632649422,0
2023-07-28 10:59:09,5597.6,324251,6,5584.44,49201,47778,1.6451788632649422,0
2023-07-28 10:59:09,5597.6,324251,6,5584.44,48576,47778,1.6451788632649422,0
2023-07-28 10:59:09,5597.6,324251,6,5584.44,49201,47780,1.6451788632649422,0
2023-07-28 10:59:09,5597.65,324251,1,5584.44,49201,47780,1.6460867986199317,0
2023-07-28 10:59:12,5597.65,324252,1,5584.44,49211,47903,1.6460867986199317,0
2023-07-28 10:59:12,5597.65,324252,1,5584.44,49211,47903,1.6460867986199317,0
2023-07-28 10:59:15,5597.65,324267,8,5584.44,49141,47899,1.6460867986199317,0
2023-07-28 10:59:15,5597.65,324267,8,5584.44,49117,47898,1.6460867986199317,0
2023-07-28 10:59:15,5593.65,324267,2,5584.44,49117,47898,1.5734519702197138,0
2023-07-28 10:59:16,5593.65,324317,2,5584.45,49116,47946,1.5734519702197138,0
2023-07-28 10:59:16,5595.05,324317,1,5584.45,49116,47946,1.5988741601598,0
2023-07-28 10:59:17,5595.05,324330,1,5584.45,49147,47781,1.5988741601598,0
2023-07-28 10:59:17,5595.05,324330,1,5584.45,48648,47779,1.5988741601598,0
2023-07-28 10:59:17,5595.05,324330,1,5584.45,48648,47779,1.5988741601598,0
2023-07-28 10:59:17,5595.05,324330,1,5584.45,48648,47779,1.5988741601598,0
2023-07-28 10:59:17,5595.1,324330,2,5584.45,48657,47793,1.5997820955148059,0
2023-07-28 10:59:17,5595.1,324330,2,5584.45,48657,47793,1.5997820955148059,0
2023-07-28 10:59:17,5596.0,324330,57,5584.45,48657,47793,1.6161249319048483,0
2023-07-28 10:59:17,5596.0,324330,57,5584.45,48657,47793,1.6161249319048483,0
2023-07-28 10:59:23,5596.0,324389,57,5584.45,48802,47673,1.6161249319048483,0
2023-07-28 10:59:23,5596.0,324389,57,5584.45,48802,47673,1.6161249319048483,0
2023-07-28 10:59:23,5596.0,324389,57,5584.45,48842,47673,1.6161249319048483,0
2023-07-28 10:59:23,5596.0,324389,57,5584.45,48842,47673,1.6161249319048483,0
2023-07-28 10:59:23,5598.0,324389,10,5584.45,48841,47673,1.6524423461049573,0
2023-07-28 10:59:27,5598.0,324402,10,5584.45,49083,47608,1.6524423461049573,0
2023-07-28 10:59:27,5598.0,324402,20,5584.45,49083,47608,1.6524423461049573,0
2023-07-28 10:59:29,5596.75,324423,1,5584.45,49062,47508,1.6297439622298893,0
2023-07-28 10:59:29,5596.75,324423,1,5584.45,49068,47507,1.6297439622298893,0
2023-07-28 10:59:29,5598.05,324423,14,5584.45,49068,47507,1.6533502814599634,0
2023-07-28 10:59:32,5598.05,324498,14,5584.45,49079,47278,1.6533502814599634,0
2023-07-28 10:59:32,5598.5,324498,1,5584.45,49079,47278,1.6615216996549846,0
2023-07-28 10:59:34,5598.5,324500,1,5584.45,49141,47100,1.6615216996549846,0
2023-07-28 10:59:34,5598.5,324500,1,5584.45,48537,47226,1.6615216996549846,0
2023-07-28 10:59:34,5598.5,324500,1,5584.45,48537,47242,1.6615216996549846,0
2023-07-28 10:59:34,5598.5,324500,1,5584.45,48537,47266,1.6615216996549846,0
2023-07-28 10:59:34,5598.75,324500,1,5584.45,48537,47266,1.666061376429998,0
2023-07-28 10:59:38,5598.75,324501,1,5584.45,49166,47202,1.666061376429998,0
2023-07-28 10:59:38,5598.85,324501,2,5584.45,49166,47202,1.6678772471400103,0
2023-07-28 10:59:39,5598.85,324503,2,5584.45,49165,47100,1.6678772471400103,0
2023-07-28 10:59:39,5598.5,324503,8,5584.45,49162,47233,1.6615216996549846,0
2023-07-28 10:59:42,5598.5,324513,8,5584.45,49114,47235,1.6615216996549846,0
2023-07-28 10:59:42,5598.85,324513,11,5584.45,49114,47235,1.6678772471400103,0
2023-07-28 10:59:43,5598.85,324524,11,5584.45,49134,47225,1.6678772471400103,0
2023-07-28 10:59:43,5596.95,324524,1,5584.45,49134,47225,1.6333757036498968,0
2023-07-28 10:59:44,5596.95,324530,1,5584.45,49059,47250,1.6333757036498968,0
2023-07-28 10:59:44,5596.95,324530,1,5584.45,49128,47272,1.6333757036498968,0
2023-07-28 10:59:44,5596.55,324530,2,5584.45,49111,47272,1.6261122208098817,0
2023-07-28 10:59:47,5596.55,324543,2,5584.45,49073,47258,1.6261122208098817,0
2023-07-28 10:59:47,5596.55,324543,2,5584.45,49087,47384,1.6261122208098817,0
2023-07-28 10:59:47,5596.55,324543,2,5584.45,49087,47386,1.6261122208098817,0
2023-07-28 10:59:47,5596.55,324543,2,5584.45,49100,47261,1.6261122208098817,0
2023-07-28 10:59:47,5596.55,324543,2,5584.45,49100,47386,1.6261122208098817,0
2023-07-28 10:59:47,5596.55,324543,2,5584.45,49180,47386,1.6261122208098817,0
2023-07-28 10:59:47,5596.55,324543,2,5584.45,49180,47381,1.6261122208098817,0
2023-07-28 10:59:47,5596.55,324543,2,5584.45,49180,47385,1.6261122208098817,0
2023-07-28 10:59:47,5596.55,324543,2,5584.45,49180,47385,1.6261122208098817,0
2023-07-28 10:59:47,5598.8,324543,2,5584.45,49180,47387,1.6669693117850042,0
2023-07-28 10:59:59,5598.8,324546,1,5584.45,49230,47394,1.6669693117850042,0
2023-07-28 10:59:59,5598.8,324546,1,5584.45,49231,47394,1.6669693117850042,0
2023-07-28 11:00:02,5598.8,324560,1,5584.45,49294,47246,1.6669693117850042,0
2023-07-28 11:00:02,5598.8,324560,1,5584.45,49350,47253,1.6669693117850042,0
2023-07-28 11:00:02,5598.8,324560,1,5584.45,49308,47253,1.6669693117850042,0
2023-07-28 11:00:02,5598.8,324560,1,5584.45,49298,47258,1.6669693117850042,0
2023-07-28 11:00:02,5598.8,324560,1,5584.45,49208,47392,1.6669693117850042,0
2023-07-28 11:00:02,5596.6,324560,9,5584.45,49208,47392,1.6270201561648876,0
2023-07-28 11:00:08,5596.6,324570,9,5584.46,49158,47325,1.6270201561648876,0
2023-07-28 11:00:08,5596.6,324570,9,5584.46,49162,47337,1.6270201561648876,0
2023-07-28 11:00:10,5596.65,324572,1,5584.46,49164,47365,1.6279280915198773,0
2023-07-28 11:00:10,5596.65,324572,1,5584.46,49189,47362,1.6279280915198773,0
2023-07-28 11:00:12,5596.6,324576,1,5584.46,49210,47374,1.6270201561648876,0
2023-07-28 11:00:12,5596.6,324577,1,5584.46,49188,47430,1.6270201561648876,0
2023-07-28 11:00:12,5596.6,324577,1,5584.46,49188,47430,1.6270201561648876,0
2023-07-28 11:00:12,5596.2,324577,1,5584.46,49188,47430,1.619756673324856,0
2023-07-28 11:00:15,5596.2,324578,1,5584.46,49177,47427,1.619756673324856,0
2023-07-28 11:00:15,5596.2,324578,1,5584.46,49191,47423,1.619756673324856,0
2023-07-28 11:00:15,5595.4,324578,14,5584.46,49191,47423,1.605229707644809,0
2023-07-28 11:00:17,5595.4,324594,14,5584.46,49094,47496,1.605229707644809,0
2023-07-28 11:00:17,5595.4,324594,14,5584.46,49172,47486,1.605229707644809,0
2023-07-28 11:00:17,5595.4,324594,14,5584.46,49239,47381,1.605229707644809,0
2023-07-28 11:00:17,5595.4,324594,14,5584.46,49247,47381,1.605229707644809,0
2023-07-28 11:00:17,5595.4,324594,14,5584.46,49249,47302,1.605229707644809,0
2023-07-28 11:00:17,5595.4,324594,14,5584.46,49237,47461,1.605229707644809,0
2023-07-28 11:00:17,5595.4,324594,14,5584.46,49237,47336,1.605229707644809,0
2023-07-28 11:00:25,5596.0,324599,5,5584.46,49227,47456,1.6161249319048483,0
2023-07-28 11:00:25,5598.8,324599,1,5584.46,49227,47456,1.6669693117850042,0
2023-07-28 11:00:26,5598.8,324601,1,5584.46,49253,47475,1.6669693117850042,0
2023-07-28 11:00:26,5598.8,324601,2,5584.46,49250,47466,1.6669693117850042,0
2023-07-28 11:00:28,5596.05,324636,2,5584.46,49173,47606,1.6170328672598544,0
2023-07-28 11:00:28,5596.05,324636,2,5584.46,49173,47606,1.6170328672598544,0
2023-07-28 11:00:28,5596.05,324636,2,5584.46,49210,47571,1.6170328672598544,0
2023-07-28 11:00:28,5596.05,324636,1,5584.46,49210,47571,1.6170328672598544,0
2023-07-28 11:00:30,5596.05,324643,1,5584.46,49198,47633,1.6170328672598544,0
2023-07-28 11:00:30,5596.05,324643,1,5584.46,49199,47633,1.6170328672598544,0
2023-07-28 11:00:32,5596.0,324656,10,5584.46,49215,47650,1.6161249319048483,0
2023-07-28 11:00:33,5598.35,324657,1,5584.46,49212,47644,1.658797893589983,0
2023-07-28 11:00:33,5598.35,324657,1,5584.46,49224,47450,1.658797893589983,0
2023-07-28 11:00:36,5596.05,324667,8,5584.46,49314,47800,1.6170328672598544,0
2023-07-28 11:00:36,5596.05,324667,8,5584.46,49320,47780,1.6170328672598544,0
2023-07-28 11:00:36,5596.05,324667,8,5584.46,49328,47655,1.6170328672598544,0
2023-07-28 11:00:36,5598.0,324667,1,5584.46,49328,47655,1.6524423461049573,0
2023-07-28 11:00:38,5598.0,324668,1,5584.46,49363,47784,1.6524423461049573,0
2023-07-28 11:00:38,5598.0,324668,1,5584.46,49357,47801,1.6524423461049573,0
2023-07-28 11:00:38,5598.0,324668,2,5584.46,49367,47803,1.6524423461049573,0
2023-07-28 11:00:42,5598.0,324695,25,5584.46,49367,47659,1.6524423461049573,0
2023-07-28 11:00:43,5596.1,324709,2,5584.46,49289,47788,1.6179408026148605,0
2023-07-28 11:00:43,5598.0,324710,1,5584.46,49299,47787,1.6524423461049573,0
2023-07-28 11:00:44,5596.0,324785,35,5584.46,49233,47816,1.6161249319048483,0
2023-07-28 11:00:44,5596.0,324785,3,5584.46,49233,47816,1.6161249319048483,0
2023-07-28 11:00:45,5596.0,324796,18,5584.46,49242,47780,1.6161249319048483,0
2023-07-28 11:00:46,5595.5,324824,8,5584.46,49244,47766,1.6070455783548212,0
2023-07-28 11:00:46,5596.0,324824,1,5584.46,49244,47766,1.6161249319048483,0
2023-07-28 11:00:47,5596.0,324840,1,5584.47,49218,47771,1.6161249319048483,0
2023-07-28 11:00:48,5596.0,324841,1,5584.47,49221,47784,1.6161249319048483,0
2023-07-28 11:00:50,5596.0,324846,3,5584.47,49219,47919,1.6161249319048483,0
2023-07-28 11:00:50,5596.0,324846,3,5584.47,49219,47919,1.6161249319048483,0
2023-07-28 11:00:50,5596.0,324846,3,5584.47,49198,47913,1.6161249319048483,0
2023-07-28 11:00:51,5595.2,324864,1,5584.47,48847,48118,1.6015979662248014,0
2023-07-28 11:00:52,5595.9,324865,1,5584.47,48971,48054,1.6143090611948363,0
2023-07-28 11:00:52,5596.0,324865,50,5584.47,48971,48054,1.6161249319048483,0
2023-07-28 11:00:53,5596.0,325156,50,5584.48,49057,47852,1.6161249319048483,0
2023-07-28 11:00:54,5596.0,325171,15,5584.48,49103,47838,1.6161249319048483,0
2023-07-28 11:00:54,5596.0,325171,15,5584.48,49105,47839,1.6161249319048483,0
2023-07-28 11:00:54,5596.0,325171,35,5584.48,48497,47839,1.6161249319048483,0
2023-07-28 11:00:56,5596.0,325206,2,5584.48,49127,47853,1.6161249319048483,0
2023-07-28 11:00:58,5596.0,325208,2,5584.48,49100,47890,1.6161249319048483,0
2023-07-28 11:00:58,5596.0,325208,2,5584.48,49105,47884,1.6161249319048483,0
2023-07-28 11:01:00,5596.0,325239,2,5584.48,49119,47857,1.6161249319048483,0
2023-07-28 11:01:02,5596.0,325248,3,5584.48,49046,47909,1.6161249319048483,0
2023-07-28 11:01:02,5595.55,325260,4,5584.48,49026,47911,1.607953513709827,0
2023-07-28 11:01:02,5595.55,325260,4,5584.48,49026,48069,1.607953513709827,0
2023-07-28 11:01:02,5595.5,325260,2,5584.48,49026,48069,1.6070455783548212,0
2023-07-28 11:01:04,5596.0,325262,2,5584.48,49043,47982,1.6161249319048483,0
2023-07-28 11:01:05,5596.0,325264,2,5584.48,49204,47958,1.6161249319048483,0
2023-07-28 11:01:05,5596.0,325264,2,5584.48,49204,47958,1.6161249319048483,0
2023-07-28 11:01:07,5597.95,325267,1,5584.48,49290,47833,1.6515344107499512,0
2023-07-28 11:01:07,5597.95,325267,1,5584.48,49291,47833,1.6515344107499512,0
2023-07-28 11:01:07,5597.95,325267,1,5584.48,49291,47858,1.6515344107499512,0
2023-07-28 11:01:07,5597.95,325267,1,5584.48,49291,47860,1.6515344107499512,0
2023-07-28 11:01:13,5597.95,325269,2,5584.48,49290,47841,1.6515344107499512,0
2023-07-28 11:01:13,5597.4,325269,90,5584.48,49290,47841,1.641547121844918,0
2023-07-28 11:01:14,5597.4,325440,8,5584.49,49163,47945,1.641547121844918,0
2023-07-28 11:01:14,5597.4,325452,1,5584.49,47889,47876,1.641547121844918,0
2023-07-28 11:01:14,5597.4,325452,1,5584.49,47889,47876,1.641547121844918,0
2023-07-28 11:01:15,5597.4,325453,1,5584.49,49194,47360,1.641547121844918,0
2023-07-28 11:01:15,5596.75,325453,11,5584.49,49194,47985,1.6297439622298893,0
2023-07-28 11:01:17,5597.4,325466,1,5584.49,47914,47983,1.641547121844918,0
2023-07-28 11:01:18,5597.4,325467,1,5584.49,49201,47982,1.641547121844918,0
2023-07-28 11:01:18,5597.4,325467,1,5584.49,49701,47985,1.641547121844918,0
2023-07-28 11:01:18,5597.4,325467,1,5584.49,49701,47980,1.641547121844918,0
2023-07-28 11:01:18,5597.4,325467,1,5584.49,48371,47998,1.641547121844918,0
2023-07-28 11:01:18,5597.4,325467,1,5584.49,49627,48066,1.641547121844918,0
2023-07-28 11:01:23,5597.4,325518,4,5584.49,48968,48098,1.641547121844918,0
2023-07-28 11:01:24,5597.4,325566,3,5584.49,49529,48149,1.641547121844918,0
2023-07-28 11:01:24,5597.4,325569,3,5584.49,49550,48121,1.641547121844918,0
2023-07-28 11:01:24,5597.4,325569,3,5584.49,49566,48121,1.641547121844918,0
2023-07-28 11:01:28,5595.2,325570,1,5584.49,49401,48132,1.6015979662248014,0
2023-07-28 11:01:28,5595.2,325570,1,5584.49,49322,48255,1.6015979662248014,0
2023-07-28 11:01:28,5595.2,325570,1,5584.49,48808,48231,1.6015979662248014,0
2023-07-28 11:01:28,5595.2,325570,1,5584.49,48840,48199,1.6015979662248014,0
2023-07-28 11:01:32,5596.75,325583,1,5584.49,48939,48146,1.6297439622298893,0
2023-07-28 11:01:32,5596.75,325584,1,5584.49,48962,48111,1.6297439622298893,0
2023-07-28 11:01:32,5596.75,325584,1,5584.49,48951,47489,1.6297439622298893,0
2023-07-28 11:01:32,5596.75,325584,1,5584.49,48945,47489,1.6297439622298893,0
2023-07-28 11:01:32,5596.75,325584,1,5584.49,48945,48125,1.6297439622298893,0
2023-07-28 11:01:32,5595.1,325584,1,5584.49,48945,48125,1.5997820955148059,0
2023-07-28 11:01:37,5595.1,325585,1,5584.49,48315,47532,1.5997820955148059,0
2023-07-28 11:01:37,5595.1,325585,1,5584.49,48949,47639,1.5997820955148059,0
2023-07-28 11:01:37,5595.1,325585,1,5584.49,48949,48264,1.5997820955148059,0
2023-07-28 11:01:37,5595.1,325585,1,5584.49,48949,48266,1.5997820955148059,0
2023-07-28 11:01:42,5596.9,325586,1,5584.49,48999,48255,1.6324677682948907,0
2023-07-28 11:01:42,5596.9,325586,1,5584.49,48373,48241,1.6324677682948907,0
2023-07-28 11:01:42,5596.9,325586,1,5584.49,48362,48251,1.6324677682948907,0
2023-07-28 11:01:42,5596.9,325586,1,5584.49,48362,48229,1.6324677682948907,0
2023-07-28 11:01:42,5596.9,325586,1,5584.49,48362,48250,1.6324677682948907,0
2023-07-28 11:01:42,5595.05,325586,14,5584.49,48362,48250,1.5988741601598,0
2023-07-28 11:01:47,5596.9,325600,1,5584.49,48973,48249,1.6324677682948907,0
2023-07-28 11:01:48,5596.9,325601,1,5584.49,48889,48246,1.6324677682948907,0
2023-07-28 11:01:48,5596.9,325601,1,5584.49,48147,47763,1.6324677682948907,0
2023-07-28 11:01:48,5596.9,325601,1,5584.49,48888,48360,1.6324677682948907,0
2023-07-28 11:01:48,5596.9,325601,1,5584.49,48926,48401,1.6324677682948907,0
2023-07-28 11:01:52,5595.1,325602,1,5584.49,48907,48267,1.5997820955148059,0
2023-07-28 11:01:52,5595.1,325602,1,5584.49,48914,48211,1.5997820955148059,0
2023-07-28 11:01:52,5595.1,325602,6,5584.49,48914,48211,1.5997820955148059,0
2023-07-28 11:01:55,5595.1,325610,6,5584.49,48934,48181,1.5997820955148059,0
2023-07-28 11:01:55,5596.85,325610,1,5584.49,48934,48181,1.6315598329399013,0
2023-07-28 11:01:55,5596.85,325611,1,5584.49,48885,48182,1.6315598329399013,0
2023-07-28 11:01:55,5596.9,325611,1,5584.49,48885,48182,1.6324677682948907,0
2023-07-28 11:01:57,5596.9,325612,1,5584.49,48260,48184,1.6324677682948907,0
2023-07-28 11:01:57,5596.9,325612,1,5584.49,48885,48192,1.6324677682948907,0
2023-07-28 11:01:57,5596.9,325612,1,5584.49,48884,48202,1.6324677682948907,0
2023-07-28 11:02:02,5596.9,325627,1,5584.49,48939,48274,1.6324677682948907,0
2023-07-28 11:02:02,5596.9,325627,1,5584.49,48935,48274,1.6324677682948907,0
2023-07-28 11:02:02,5595.0,325627,21,5584.49,48935,48274,1.5979662248047939,0
2023-07-28 11:02:05,5595.0,325652,21,5584.49,48949,48124,1.5979662248047939,0
2023-07-28 11:02:05,5596.9,325652,1,5584.49,48949,48124,1.6324677682948907,0
2023-07-28 11:02:07,5595.05,325655,2,5584.49,48299,48121,1.5988741601598,0
2023-07-28 11:02:07,5596.9,325655,7,5584.49,48299,48121,1.6324677682948907,0
2023-07-28 11:02:08,5596.9,325687,2,5584.5,48329,47483,1.6324677682948907,0
2023-07-28 11:02:09,5596.9,325699,1,5584.5,48938,48106,1.6324677682948907,0
2023-07-28 11:02:09,5596.9,325700,1,5584.5,48954,47480,1.6324677682948907,0
2023-07-28 11:02:13,5595.0,325750,48,5584.5,48877,48117,1.5979662248047939,0
2023-07-28 11:02:13,5596.9,325753,3,5584.5,48891,48084,1.6324677682948907,0
2023-07-28 11:02:13,5596.9,325753,3,5584.5,48894,47459,1.6324677682948907,0
2023-07-28 11:02:13,5596.9,325753,3,5584.5,48886,48090,1.6324677682948907,0
2023-07-28 11:02:13,5596.9,325753,3,5584.5,48892,48090,1.6324677682948907,0
2023-07-28 11:02:13,5595.0,325753,3,5584.5,48892,48090,1.5979662248047939,0
2023-07-28 11:02:17,5595.1,325766,1,5584.5,48278,48088,1.5997820955148059,0
2023-07-28 11:02:18,5595.1,325767,1,5584.5,48286,47444,1.5997820955148059,0
2023-07-28 11:02:18,5595.1,325767,1,5584.5,47643,48087,1.5997820955148059,0
2023-07-28 11:02:18,5595.1,325767,1,5584.5,48260,47407,1.5997820955148059,0
2023-07-28 11:02:18,5595.1,325767,1,5584.5,48243,48037,1.5997820955148059,0
2023-07-28 11:02:18,5595.1,325767,1,5584.5,48243,48037,1.5997820955148059,0
2023-07-28 11:02:23,5596.9,325768,1,5584.5,48262,47416,1.6324677682948907,0
2023-07-28 11:02:23,5596.9,325768,10,5584.5,48262,47416,1.6324677682948907,0
2023-07-28 11:02:24,5596.9,325778,1,5584.5,48923,48031,1.6324677682948907,0
2023-07-28 11:02:24,5596.9,325778,1,5584.5,48923,48031,1.6324677682948907,0
2023-07-28 11:02:24,5596.9,325779,1,5584.5,48888,48031,1.6324677682948907,0
2023-07-28 11:02:24,5596.9,325779,1,5584.5,48279,48109,1.6324677682948907,0
2023-07-28 11:02:24,5596.9,325779,1,5584.5,48279,48109,1.6324677682948907,0
2023-07-28 11:02:24,5596.9,325779,1,5584.5,48888,48111,1.6324677682948907,0
2023-07-28 11:02:24,5596.9,325779,2,5584.5,48888,48111,1.6324677682948907,0
2023-07-28 11:02:28,5596.9,325781,2,5584.5,48887,48108,1.6324677682948907,0
2023-07-28 11:02:28,5596.9,325781,2,5584.5,47646,47495,1.6324677682948907,0
2023-07-28 11:02:28,5596.9,325781,2,5584.5,48928,47937,1.6324677682948907,0
2023-07-28 11:02:32,5596.8,325796,1,5584.5,48927,48037,1.6306518975848951,0
2023-07-28 11:02:32,5596.8,325796,1,5584.5,48927,48037,1.6306518975848951,0
2023-07-28 11:02:32,5596.8,325796,1,5584.5,48906,48037,1.6306518975848951,0
2023-07-28 11:02:34,5596.8,325804,5,5584.5,48897,48034,1.6306518975848951,0
2023-07-28 11:02:34,5596.8,325804,1,5584.5,48897,48034,1.6306518975848951,0
2023-07-28 11:02:34,5595.0,325805,12,5584.5,48282,48039,1.5979662248047939,0
2023-07-28 11:02:36,5596.8,325821,1,5584.5,48964,48068,1.6306518975848951,0
2023-07-28 11:02:37,5596.8,325822,1,5584.5,48356,48082,1.6306518975848951,0
2023-07-28 11:02:37,5596.8,325822,1,5584.5,48974,48082,1.6306518975848951,0
2023-07-28 11:02:40,5596.8,325823,1,5584.5,48987,48081,1.6306518975848951,0
2023-07-28 11:02:40,5596.8,325823,1,5584.5,48345,48183,1.6306518975848951,0
2023-07-28 11:02:40,5596.8,325823,1,5584.5,48970,48183,1.6306518975848951,0
2023-07-28 11:02:40,5596.8,325823,1,5584.5,48970,48193,1.6306518975848951,0
2023-07-28 11:02:47,5595.25,325824,1,5584.5,48969,48200,1.6025059015798075,0
2023-07-28 11:02:47,5595.25,325824,10,5584.5,48969,48200,1.6025059015798075,0
2023-07-28 11:02:47,5595.15,325824,1,5584.5,48969,48200,1.6006900308697956,0
2023-07-28 11:02:50,5595.05,325839,2,5584.5,48932,48173,1.5988741601598,0
2023-07-28 11:02:50,5596.5,325839,7,5584.5,48932,48173,1.6252042854548756,0
2023-07-28 11:02:50,5596.5,325849,7,5584.5,48981,48171,1.6252042854548756,0
2023-07-28 11:02:50,5596.8,325849,1,5584.5,48981,48171,1.6306518975848951,0
2023-07-28 11:02:51,5596.8,325850,1,5584.5,48985,48195,1.6306518975848951,0
2023-07-28 11:02:52,5595.2,325851,1,5584.5,48986,48196,1.6015979662248014,0
2023-07-28 11:02:53,5595.15,325859,7,5584.5,48969,48182,1.6006900308697956,0
2023-07-28 11:02:53,5595.15,325859,7,5584.5,48955,48285,1.6006900308697956,0
2023-07-28 11:02:53,5595.15,325859,7,5584.5,48952,48292,1.6006900308697956,0
2023-07-28 11:02:53,5595.15,325859,7,5584.5,48934,48307,1.6006900308697956,0
2023-07-28 11:02:53,5595.15,325859,7,5584.5,48934,48309,1.6006900308697956,0
2023-07-28 11:02:53,5595.15,325859,7,5584.5,48934,48309,1.6006900308697956,0
2023-07-28 11:03:00,5595.15,325863,3,5584.5,48930,48319,1.6006900308697956,0
2023-07-28 11:03:00,5596.75,325864,1,5584.5,48932,48318,1.6297439622298893,0
2023-07-28 11:03:01,5595.2,325865,1,5584.5,48940,48318,1.6015979662248014,0
2023-07-28 11:03:02,5595.15,325875,10,5584.5,48903,48344,1.6006900308697956,0
2023-07-28 11:03:03,5595.1,325878,1,5584.5,48944,48319,1.5997820955148059,0
2023-07-28 11:03:03,5595.1,325878,1,5584.5,48934,48319,1.5997820955148059,0
2023-07-28 11:03:06,5595.15,325880,2,5584.5,48982,48319,1.6006900308697956,0
2023-07-28 11:03:06,5595.15,325880,2,5584.5,48972,48319,1.6006900308697956,0
2023-07-28 11:03:06,5595.15,325880,2,5584.5,48972,48319,1.6006900308697956,0
2023-07-28 11:03:06,5595.15,325880,2,5584.5,49001,47442,1.6006900308697956,0
2023-07-28 11:03:06,5595.15,325880,2,5584.5,49019,48195,1.6006900308697956,0
2023-07-28 11:03:12,5596.0,325910,1,5584.5,48992,48198,1.6161249319048483,0
2023-07-28 11:03:12,5596.0,325911,1,5584.5,49021,48184,1.6161249319048483,0
2023-07-28 11:03:12,5596.0,325911,1,5584.5,49041,48179,1.6161249319048483,0
2023-07-28 11:03:12,5596.0,325911,1,5584.5,49041,48429,1.6161249319048483,0
2023-07-28 11:03:12,5596.0,325911,1,5584.5,49040,48429,1.6161249319048483,0
2023-07-28 11:03:17,5595.3,325916,1,5584.5,48987,48419,1.6034138369348137,0
2023-07-28 11:03:17,5595.0,325916,9,5584.5,48987,48419,1.5979662248047939,0
2023-07-28 11:03:18,5595.0,325926,9,5584.5,48976,48322,1.5979662248047939,0
2023-07-28 11:03:19,5595.2,325927,1,5584.5,49007,48323,1.6015979662248014,0
2023-07-28 11:03:19,5595.2,325927,1,5584.5,48993,48340,1.6015979662248014,0
2023-07-28 11:03:19,5595.2,325927,1,5584.5,48997,48340,1.6015979662248014,0
2023-07-28 11:03:19,5595.0,325927,11,5584.5,48997,48340,1.5979662248047939,0
2023-07-28 11:03:22,5596.0,325939,1,5584.5,48966,48300,1.6161249319048483,0
2023-07-28 11:03:23,5596.0,325940,1,5584.5,48967,48299,1.6161249319048483,0
2023-07-28 11:03:23,5596.0,325940,1,5584.5,48860,48370,1.6161249319048483,0
2023-07-28 11:03:23,5596.0,325940,1,5584.5,48230,48370,1.6161249319048483,0
2023-07-28 11:03:23,5596.0,325940,1,5584.5,48855,48377,1.6161249319048483,0
2023-07-28 11:03:23,5596.0,325940,1,5584.5,48855,48369,1.6161249319048483,0
2023-07-28 11:03:23,5596.0,325940,1,5584.5,48855,47724,1.6161249319048483,0
2023-07-28 11:03:23,5596.0,325940,1,5584.5,48855,48371,1.6161249319048483,0
2023-07-28 11:03:32,5596.0,325953,1,5584.5,48858,48347,1.6161249319048483,0
2023-07-28 11:03:32,5595.0,325953,5,5584.5,48858,48347,1.5979662248047939,0
2023-07-28 11:03:32,5595.0,325961,5,5584.51,48812,48362,1.5979662248047939,0
2023-07-28 11:03:34,5595.05,325962,1,5584.51,48830,48443,1.5988741601598,0
2023-07-28 11:03:34,5596.0,325962,1,5584.51,48817,48443,1.6161249319048483,0
2023-07-28 11:03:35,5596.0,325963,4,5584.51,48192,48429,1.6161249319048483,0
2023-07-28 11:03:36,5596.0,325967,4,5584.51,48487,48456,1.6161249319048483,0
2023-07-28 11:03:36,5596.0,325967,4,5584.51,49112,48456,1.6161249319048483,0
2023-07-28 11:03:36,5596.0,325967,4,5584.51,49131,48456,1.6161249319048483,0
2023-07-28 11:03:36,5596.0,325967,4,5584.51,48931,48561,1.6161249319048483,0
2023-07-28 11:03:36,5596.0,325967,4,5584.51,48931,48563,1.6161249319048483,0
2023-07-28 11:03:36,5596.0,325967,4,5584.51,48946,48563,1.6161249319048483,0
2023-07-28 11:03:36,5596.0,325967,4,5584.51,48318,48750,1.6161249319048483,0
2023-07-28 11:03:36,5596.0,325967,1,5584.51,48318,48750,1.6161249319048483,0
2023-07-28 11:03:44,5596.0,325968,1,5584.51,48912,48770,1.6161249319048483,0
2023-07-28 11:03:44,5596.0,325968,1,5584.51,48897,48777,1.6161249319048483,0
2023-07-28 11:03:44,5595.0,325968,13,5584.51,48897,48777,1.5979662248047939,0
2023-07-28 11:03:47,5596.0,325981,1,5584.51,48897,48775,1.6161249319048483,0
2023-07-28 11:03:48,5596.0,325982,1,5584.51,48136,48762,1.6161249319048483,0
2023-07-28 11:03:48,5595.0,325982,10,5584.51,48136,48762,1.5979662248047939,0
2023-07-28 11:03:49,5596.0,326234,10,5584.51,48168,48698,1.6161249319048483,0
2023-07-28 11:03:50,5596.0,326570,10,5584.53,48802,48259,1.6161249319048483,0
2023-07-28 11:03:50,5596.75,326570,7,5584.53,48802,48259,1.6297439622298893,0
2023-07-28 11:03:51,5596.75,326577,7,5584.53,48831,48246,1.6297439622298893,0
2023-07-28 11:03:51,5596.75,326577,7,5584.53,48184,48245,1.6297439622298893,0
2023-07-28 11:03:51,5596.75,326577,7,5584.53,48809,48246,1.6297439622298893,0
2023-07-28 11:03:51,5596.75,326577,7,5584.53,48184,48251,1.6297439622298893,0
2023-07-28 11:03:51,5596.75,326577,7,5584.53,48822,48251,1.6297439622298893,0
2023-07-28 11:03:51,5596.75,326577,7,5584.53,48849,48274,1.6297439622298893,0
2023-07-28 11:03:51,5596.75,326577,7,5584.53,48224,48383,1.6297439622298893,0
2023-07-28 11:04:00,5596.75,326614,37,5584.53,48850,48370,1.6297439622298893,0
2023-07-28 11:04:01,5596.75,326665,51,5584.53,48845,48274,1.6297439622298893,0
2023-07-28 11:04:01,5596.75,326665,51,5584.53,48840,48276,1.6297439622298893,0
2023-07-28 11:04:01,5596.0,326665,1,5584.53,48840,48276,1.6161249319048483,0
2023-07-28 11:04:02,5596.0,326680,1,5584.53,48816,48275,1.6161249319048483,0
2023-07-28 11:04:02,5596.0,326680,1,5584.53,48820,48275,1.6161249319048483,0
2023-07-28 11:04:02,5596.0,326680,1,5584.53,48212,48274,1.6161249319048483,0
2023-07-28 11:04:02,5596.0,326680,1,5584.53,48802,48315,1.6161249319048483,0
2023-07-28 11:04:02,5596.05,326680,1,5584.53,48802,48315,1.6170328672598544,0
2023-07-28 11:04:06,5596.05,326681,1,5584.53,48782,48315,1.6170328672598544,0
2023-07-28 11:04:08,5596.75,326690,9,5584.53,48172,48313,1.6297439622298893,0
2023-07-28 11:04:08,5596.75,326690,9,5584.53,48797,48306,1.6297439622298893,0
2023-07-28 11:04:08,5596.75,326690,9,5584.53,48172,48303,1.6297439622298893,0
2023-07-28 11:04:08,5596.75,326690,9,5584.53,48940,48167,1.6297439622298893,0
2023-07-28 11:04:08,5596.75,326690,9,5584.53,48944,48163,1.6297439622298893,0
2023-07-28 11:04:13,5596.75,326691,1,5584.53,48313,48196,1.6297439622298893,0
2023-07-28 11:04:13,5596.75,326691,1,5584.53,48938,48161,1.6297439622298893,0
2023-07-28 11:04:13,5596.75,326691,1,5584.53,48938,48161,1.6297439622298893,0
2023-07-28 11:04:13,5596.75,326691,1,5584.53,48938,48161,1.6297439622298893,0
2023-07-28 11:04:16,5596.75,326692,1,5584.53,48929,48112,1.6297439622298893,0
2023-07-28 11:04:16,5596.0,326692,8,5584.53,48929,48112,1.6161249319048483,0
2023-07-28 11:04:17,5596.0,326705,8,5584.53,48953,48192,1.6161249319048483,0
2023-07-28 11:04:19,5595.15,326715,6,5584.53,48292,48283,1.6006900308697956,0
2023-07-28 11:04:19,5595.15,326715,6,5584.53,48908,48283,1.6006900308697956,0
2023-07-28 11:04:19,5595.15,326715,6,5584.53,48908,48278,1.6006900308697956,0
2023-07-28 11:04:19,5595.15,326715,6,5584.53,48903,48271,1.6006900308697956,0
2023-07-28 11:04:19,5595.15,326715,6,5584.53,48278,48273,1.6006900308697956,0
2023-07-28 11:04:19,5595.15,326715,6,5584.53,48903,48276,1.6006900308697956,0
2023-07-28 11:04:19,5595.15,326715,1,5584.53,48903,48276,1.6006900308697956,0
2023-07-28 11:04:24,5595.15,326716,1,5584.53,48905,48277,1.6006900308697956,0
2023-07-28 11:04:24,5595.15,326716,1,5584.53,48896,48277,1.6006900308697956,0
2023-07-28 11:04:24,5595.15,326716,1,5584.53,48907,48272,1.6006900308697956,0
2023-07-28 11:04:24,5595.15,326716,1,5584.53,48899,48288,1.6006900308697956,0
2023-07-28 11:04:28,5596.75,326721,5,5584.53,48891,48219,1.6297439622298893,0
2023-07-28 11:04:28,5596.75,326721,5,5584.53,48891,48212,1.6297439622298893,0
2023-07-28 11:04:31,5595.1,326723,1,5584.53,48248,48198,1.5997820955148059,0
2023-07-28 11:04:31,5595.1,326723,1,5584.53,48883,48198,1.5997820955148059,0
2023-07-28 11:04:31,5595.1,326723,2,5584.53,48883,48198,1.5997820955148059,0
2023-07-28 11:04:33,5595.05,326772,7,5584.53,48865,48227,1.5988741601598,0
2023-07-28 11:04:33,5595.05,326772,1,5584.53,48865,48227,1.5988741601598,0
2023-07-28 11:04:33,5595.05,326782,1,5584.53,48304,47480,1.5988741601598,0
2023-07-28 11:04:33,5595.05,326782,1,5584.53,48893,48105,1.5988741601598,0
2023-07-28 11:04:33,5595.05,326782,1,5584.53,48878,47492,1.5988741601598,0
2023-07-28 11:04:33,5595.05,326782,1,5584.53,48878,48105,1.5988741601598,0
2023-07-28 11:04:33,5595.05,326782,1,5584.53,48863,48105,1.5988741601598,0
2023-07-28 11:04:33,5595.05,326782,1,5584.53,48886,48105,1.5988741601598,0
2023-07-28 11:04:33,5595.05,326782,1,5584.53,48868,47509,1.5988741601598,0
2023-07-28 11:04:33,5596.0,326782,2,5584.53,48868,47509,1.6161249319048483,0
2023-07-28 11:04:41,5596.0,326784,2,5584.53,48898,48096,1.6161249319048483,0
2023-07-28 11:04:41,5596.0,326784,2,5584.53,48863,48106,1.6161249319048483,0
2023-07-28 11:04:41,5596.0,326784,2,5584.53,48863,48110,1.6161249319048483,0
2023-07-28 11:04:44,5596.75,326786,2,5584.53,48274,48109,1.6297439622298893,0
2023-07-28 11:04:44,5596.75,326786,2,5584.53,48889,48109,1.6297439622298893,0
2023-07-28 11:04:44,5596.75,326786,2,5584.53,48894,48130,1.6297439622298893,0
2023-07-28 11:04:47,5596.0,326788,2,5584.53,48230,48137,1.6161249319048483,0
2023-07-28 11:04:47,5596.0,326788,2,5584.53,48867,48142,1.6161249319048483,0
2023-07-28 11:04:47,5596.0,326788,2,5584.53,48867,48142,1.6161249319048483,0
2023-07-28 11:04:47,5596.0,326788,2,5584.53,48868,48160,1.6161249319048483,0
2023-07-28 11:04:47,5596.0,326788,2,5584.53,48242,48160,1.6161249319048483,0
2023-07-28 11:04:52,5595.0,326800,10,5584.53,48875,48166,1.5979662248047939,0
2023-07-28 11:04:52,5595.0,326800,10,5584.53,48879,48152,1.5979662248047939,0
2023-07-28 11:04:52,5595.0,326800,10,5584.53,48753,48152,1.5979662248047939,0
2023-07-28 11:04:52,5595.0,326800,10,5584.53,48773,48148,1.5979662248047939,0
2023-07-28 11:04:52,5595.0,326800,10,5584.53,48773,48152,1.5979662248047939,0
2023-07-28 11:04:52,5595.0,326800,10,5584.53,48156,48183,1.5979662248047939,0
2023-07-28 11:04:52,5595.0,326800,10,5584.53,48134,48189,1.5979662248047939,0
2023-07-28 11:04:52,5595.0,326800,10,5584.53,48612,48218,1.5979662248047939,0
2023-07-28 11:04:52,5595.0,326800,10,5584.53,48733,48190,1.5979662248047939,0
2023-07-28 11:05:01,5595.95,326801,1,5584.53,48976,48128,1.6152169965498424,0
2023-07-28 11:05:02,5596.7,326814,2,5584.53,48981,48123,1.6288360268748832,0
2023-07-28 11:05:03,5596.7,326816,2,5584.53,48981,48124,1.6288360268748832,0
2023-07-28 11:05:03,5596.7,326816,2,5584.53,48982,48121,1.6288360268748832,0
2023-07-28 11:05:03,5596.7,326816,2,5584.53,48982,48126,1.6288360268748832,0
2023-07-28 11:05:07,5596.1,326817,1,5584.53,48981,47502,1.6179408026148605,0
2023-07-28 11:05:07,5596.05,326817,2,5584.53,48981,47502,1.6170328672598544,0
2023-07-28 11:05:08,5596.7,326868,18,5584.54,49114,48108,1.6288360268748832,0
2023-07-28 11:05:08,5596.75,326875,2,5584.54,49099,48130,1.6297439622298893,0
2023-07-28 11:05:09,5596.75,326876,1,5584.54,48550,48124,1.6297439622298893,0
2023-07-28 11:05:09,5596.75,326876,1,5584.54,48550,48124,1.6297439622298893,0
2023-07-28 11:05:09,5596.0,326876,29,5584.54,48550,48124,1.6161249319048483,0
2023-07-28 11:05:12,5596.0,327008,29,5584.54,48989,48175,1.6161249319048483,0
2023-07-28 11:05:12,5596.75,327008,3,5584.54,48989,48175,1.6297439622298893,0
2023-07-28 11:05:13,5596.8,327014,1,5584.54,48366,48202,1.6306518975848951,0
2023-07-28 11:05:14,5596.8,327029,3,5584.54,48984,48185,1.6306518975848951,0
2023-07-28 11:05:15,5596.8,327032,3,5584.54,48979,48218,1.6306518975848951,0
2023-07-28 11:05:15,5596.8,327032,3,5584.54,48979,48218,1.6306518975848951,0
2023-07-28 11:05:15,5596.8,327032,3,5584.54,48982,48151,1.6306518975848951,0
2023-07-28 11:05:15,5596.8,327032,3,5584.54,48982,48151,1.6306518975848951,0
2023-07-28 11:05:15,5596.8,327032,3,5584.54,48982,48157,1.6306518975848951,0
2023-07-28 11:05:15,5596.8,327032,3,5584.54,48982,48151,1.6306518975848951,0
2023-07-28 11:05:15,5597.0,327032,14,5584.54,48982,48144,1.634283639004903,0
2023-07-28 11:05:15,5597.0,327032,14,5584.54,48982,48144,1.634283639004903,0
2023-07-28 11:05:22,5597.0,327046,14,5584.54,48980,48126,1.634283639004903,0
2023-07-28 11:05:22,5597.0,327046,14,5584.54,48981,47501,1.634283639004903,0
2023-07-28 11:05:22,5597.0,327046,14,5584.54,48991,47485,1.634283639004903,0
2023-07-28 11:05:22,5597.0,327046,14,5584.54,48991,47485,1.634283639004903,0
2023-07-28 11:05:22,5597.0,327046,14,5584.54,49012,48086,1.634283639004903,0
2023-07-28 11:05:22,5597.0,327046,14,5584.54,49012,48086,1.634283639004903,0
2023-07-28 11:05:22,5597.0,327046,14,5584.54,49011,47984,1.634283639004903,0
2023-07-28 11:05:22,5597.05,327046,7,5584.54,49011,47984,1.6351915743599088,0
2023-07-28 11:05:27,5597.05,327054,7,5584.54,49011,47494,1.6351915743599088,0
2023-07-28 11:05:27,5597.05,327054,7,5584.54,49051,48112,1.6351915743599088,0
2023-07-28 11:05:27,5597.05,327054,7,5584.54,48419,48104,1.6351915743599088,0
2023-07-28 11:05:27,5596.8,327054,7,5584.54,48419,48104,1.6306518975848951,0
2023-07-28 11:05:31,5596.8,327062,7,5584.54,48361,48109,1.6306518975848951,0
2023-07-28 11:05:31,5596.8,327062,7,5584.54,48987,48109,1.6306518975848951,0
2023-07-28 11:05:31,5596.75,327062,2,5584.54,48987,48109,1.6297439622298893,0
2023-07-28 11:05:32,5596.75,327069,2,5584.54,48988,48031,1.6297439622298893,0
2023-07-28 11:05:32,5596.75,327069,2,5584.54,48991,48000,1.6297439622298893,0
2023-07-28 11:05:36,5596.0,327074,2,5584.54,48972,48005,1.6161249319048483,0
2023-07-28 11:05:36,5596.0,327074,2,5584.54,48972,48005,1.6161249319048483,0
2023-07-28 11:05:36,5596.0,327074,2,5584.54,48973,48007,1.6161249319048483,0
2023-07-28 11:05:36,5596.0,327074,2,5584.54,48973,48020,1.6161249319048483,0
2023-07-28 11:05:36,5596.0,327074,2,5584.54,48973,48037,1.6161249319048483,0
2023-07-28 11:05:36,5596.0,327074,2,5584.54,49023,48051,1.6161249319048483,0
2023-07-28 11:05:36,5596.0,327074,2,5584.54,49023,48051,1.6161249319048483,0
2023-07-28 11:05:36,5596.0,327074,2,5584.54,49044,47536,1.6161249319048483,0
2023-07-28 11:05:36,5596.0,327074,2,5584.54,49066,48171,1.6161249319048483,0
2023-07-28 11:05:36,5596.0,327074,2,5584.54,49062,48170,1.6161249319048483,0
2023-07-28 11:05:36,5596.0,327074,2,5584.54,48446,48257,1.6161249319048483,0
2023-07-28 11:05:36,5596.0,327074,2,5584.54,49071,48255,1.6161249319048483,0
2023-07-28 11:05:36,5596.0,327074,13,5584.54,49071,48255,1.6161249319048483,0
2023-07-28 11:05:47,5596.0,327087,13,5584.54,49069,48255,1.6161249319048483,0
2023-07-28 11:05:47,5596.0,327087,13,5584.54,49070,47630,1.6161249319048483,0
2023-07-28 11:05:47,5596.0,327087,13,5584.54,49064,48260,1.6161249319048483,0
2023-07-28 11:05:47,5596.05,327087,2,5584.54,49064,48260,1.6170328672598544,0
2023-07-28 11:05:51,5596.05,327089,2,5584.54,49069,48260,1.6170328672598544,0
2023-07-28 11:05:51,5596.05,327089,2,5584.54,49070,48260,1.6170328672598544,0
2023-07-28 11:05:51,5596.0,327089,9,5584.54,49070,48260,1.6161249319048483,0
2023-07-28 11:05:53,5596.0,327099,9,5584.54,49068,48261,1.6161249319048483,0
2023-07-28 11:05:53,5596.0,327099,9,5584.54,49140,48276,1.6161249319048483,0
2023-07-28 11:05:53,5596.0,327099,9,5584.54,48515,48276,1.6161249319048483,0
2023-07-28 11:05:53,5596.0,327099,9,5584.54,49140,48243,1.6161249319048483,0
2023-07-28 11:05:53,5596.0,327099,9,5584.54,49139,48243,1.6161249319048483,0
2023-07-28 11:05:53,5596.0,327099,9,5584.54,49139,48243,1.6161249319048483,0
2023-07-28 11:05:53,5596.0,327099,9,5584.54,49140,48243,1.6161249319048483,0
2023-07-28 11:05:53,5596.0,327099,9,5584.54,49158,48219,1.6161249319048483,0
2023-07-28 11:05:53,5596.0,327099,12,5584.54,49158,48219,1.6161249319048483,0
2023-07-28 11:06:02,5596.0,327112,12,5584.55,49146,48217,1.6161249319048483,0
2023-07-28 11:06:02,5596.75,327112,10,5584.55,49146,48217,1.6297439622298893,0
2023-07-28 11:06:03,5596.75,327212,10,5584.55,49147,48116,1.6297439622298893,0
2023-07-28 11:06:03,5596.75,327212,10,5584.55,49152,48117,1.6297439622298893,0
2023-07-28 11:06:03,5596.75,327212,10,5584.55,49168,48117,1.6297439622298893,0
2023-07-28 11:06:03,5597.1,327212,1,5584.55,49165,48122,1.636099509714915,0
2023-07-28 11:06:07,5597.1,327223,1,5584.55,49271,48006,1.636099509714915,0
2023-07-28 11:06:07,5597.1,327223,1,5584.55,48606,47991,1.636099509714915,0
2023-07-28 11:06:07,5597.1,327223,1,5584.55,49234,47991,1.636099509714915,0
2023-07-28 11:06:07,5597.1,327223,1,5584.55,49253,47991,1.636099509714915,0
2023-07-28 11:06:07,5597.1,327223,1,5584.55,48616,47993,1.636099509714915,0
2023-07-28 11:06:07,5597.1,327223,1,5584.55,48584,47993,1.636099509714915,0
2023-07-28 11:06:07,5597.0,327223,2,5584.55,48584,47993,1.634283639004903,0
2023-07-28 11:06:13,5597.0,327225,2,5584.55,49252,47991,1.634283639004903,0
2023-07-28 11:06:14,5597.05,327233,1,5584.55,48002,47946,1.6351915743599088,0
2023-07-28 11:06:15,5597.05,327234,1,5584.55,49253,48004,1.6351915743599088,0
2023-07-28 11:06:15,5597.05,327234,1,5584.55,49253,47960,1.6351915743599088,0
2023-07-28 11:06:17,5597.0,327241,7,5584.55,49089,48109,1.634283639004903,0
2023-07-28 11:06:18,5596.9,327243,2,5584.55,49113,48139,1.6324677682948907,0
2023-07-28 11:06:18,5596.9,327243,2,5584.55,49114,47516,1.6324677682948907,0
2023-07-28 11:06:18,5596.9,327243,2,5584.55,49123,48144,1.6324677682948907,0
2023-07-28 11:06:18,5596.9,327243,2,5584.55,49116,48141,1.6324677682948907,0
2023-07-28 11:06:18,5596.7,327243,1,5584.55,49116,48141,1.6288360268748832,0
2023-07-28 11:06:22,5596.7,327245,1,5584.55,48495,48153,1.6288360268748832,0
2023-07-28 11:06:22,5596.7,327245,1,5584.55,49120,48153,1.6288360268748832,0
2023-07-28 11:06:22,5596.7,327245,1,5584.55,49124,48153,1.6288360268748832,0
2023-07-28 11:06:22,5596.7,327245,1,5584.55,49124,48148,1.6288360268748832,0
2023-07-28 11:06:22,5596.0,327245,2,5584.55,49124,48148,1.6161249319048483,0
2023-07-28 11:06:27,5596.0,327247,2,5584.55,49122,48141,1.6161249319048483,0
2023-07-28 11:06:27,5596.0,327247,2,5584.55,49122,48142,1.6161249319048483,0
2023-07-28 11:06:27,5596.7,327247,2,5584.55,49122,48142,1.6288360268748832,0
2023-07-28 11:06:29,5596.7,327249,2,5584.55,49116,47518,1.6288360268748832,0
2023-07-28 11:06:29,5596.05,327249,1,5584.55,49116,47518,1.6170328672598544,0
2023-07-28 11:06:30,5596.05,327250,1,5584.55,48489,48135,1.6170328672598544,0
2023-07-28 11:06:32,5596.0,327261,11,5584.55,49093,48170,1.6161249319048483,0
2023-07-28 11:06:32,5596.0,327261,11,5584.55,49083,48170,1.6161249319048483,0
2023-07-28 11:06:34,5596.0,327286,24,5584.55,49079,48182,1.6161249319048483,0
2023-07-28 11:06:34,5596.0,327286,24,5584.55,49080,47552,1.6161249319048483,0
2023-07-28 11:06:34,5596.0,327286,24,5584.55,49098,47515,1.6161249319048483,0
2023-07-28 11:06:34,5596.0,327286,26,5584.55,49108,48137,1.6161249319048483,0
2023-07-28 11:06:37,5596.0,327316,26,5584.55,48463,48137,1.6161249319048483,0
2023-07-28 11:06:37,5596.0,327316,26,5584.55,49055,48138,1.6161249319048483,0
2023-07-28 11:06:37,5596.0,327316,26,5584.55,49055,48138,1.6161249319048483,0
2023-07-28 11:06:37,5596.0,327316,26,5584.55,49077,48128,1.6161249319048483,0
2023-07-28 11:06:37,5596.0,327316,26,5584.55,49100,48128,1.6161249319048483,0
2023-07-28 11:06:37,5596.0,327316,26,5584.55,48474,48142,1.6161249319048483,0
2023-07-28 11:06:37,5596.0,327316,26,5584.55,48451,48142,1.6161249319048483,0
2023-07-28 11:06:37,5596.0,327316,26,5584.55,48450,48142,1.6161249319048483,0
2023-07-28 11:06:37,5596.0,327316,26,5584.55,49074,47517,1.6161249319048483,0
2023-07-28 11:06:37,5596.0,327316,8,5584.55,49074,47517,1.6161249319048483,0
2023-07-28 11:06:47,5596.0,327329,8,5584.55,48459,48138,1.6161249319048483,0
2023-07-28 11:06:47,5596.0,327329,8,5584.55,49065,48138,1.6161249319048483,0
2023-07-28 11:06:47,5596.0,327329,8,5584.55,49085,48139,1.6161249319048483,0
2023-07-28 11:06:47,5596.0,327329,8,5584.55,49065,48124,1.6161249319048483,0
2023-07-28 11:06:47,5596.0,327329,8,5584.55,49065,48099,1.6161249319048483,0
2023-07-28 11:06:47,5596.0,327329,8,5584.55,49054,48099,1.6161249319048483,0
2023-07-28 11:06:54,5597.0,327331,2,5584.55,49058,48099,1.634283639004903,0
2023-07-28 11:06:54,5597.0,327332,1,5584.55,49190,48106,1.634283639004903,0
2023-07-28 11:06:54,5597.0,327332,1,5584.55,49172,48106,1.634283639004903,0
2023-07-28 11:06:57,5597.0,327334,2,5584.55,49190,48095,1.634283639004903,0
2023-07-28 11:06:58,5597.4,327336,2,5584.55,49206,48061,1.641547121844918,0
2023-07-28 11:06:58,5597.4,327336,2,5584.55,49207,48078,1.641547121844918,0
2023-07-28 11:06:58,5597.0,327336,1,5584.55,49207,48078,1.634283639004903,0
2023-07-28 11:06:59,5597.1,327338,10,5584.55,48561,48081,1.636099509714915,0
2023-07-28 11:07:00,5597.1,327348,10,5584.55,48541,48099,1.636099509714915,0
2023-07-28 11:07:02,5597.0,327364,4,5584.55,49140,48095,1.634283639004903,0
2023-07-28 11:07:02,5597.0,327364,4,5584.55,49141,48095,1.634283639004903,0
2023-07-28 11:07:02,5597.4,327364,1,5584.55,49141,48095,1.641547121844918,0
2023-07-28 11:07:03,5597.4,327365,1,5584.55,49161,48082,1.641547121844918,0
2023-07-28 11:07:04,5597.05,327367,2,5584.55,48531,48104,1.6351915743599088,0
2023-07-28 11:07:04,5597.05,327367,2,5584.55,48531,48104,1.6351915743599088,0
2023-07-28 11:07:04,5597.05,327367,2,5584.55,49156,48104,1.6351915743599088,0
2023-07-28 11:07:04,5597.05,327367,2,5584.55,49156,48099,1.6351915743599088,0
2023-07-28 11:07:04,5597.95,327367,4,5584.55,49156,48099,1.6515344107499512,0
2023-07-28 11:07:08,5597.95,327383,4,5584.56,49170,48089,1.6515344107499512,0
2023-07-28 11:07:08,5597.95,327383,4,5584.56,49171,48073,1.6515344107499512,0
2023-07-28 11:07:11,5597.95,327387,4,5584.56,49171,48070,1.6515344107499512,0
2023-07-28 11:07:11,5597.95,327395,8,5584.56,48568,48064,1.6515344107499512,0
2023-07-28 11:07:11,5597.95,327395,1,5584.56,48568,48064,1.6515344107499512,0
2023-07-28 11:07:12,5597.95,327396,1,5584.56,49193,48057,1.6515344107499512,0
2023-07-28 11:07:12,5597.95,327396,1,5584.56,49085,48042,1.6515344107499512,0
2023-07-28 11:07:12,5597.95,327396,1,5584.56,49085,48065,1.6515344107499512,0
2023-07-28 11:07:12,5597.95,327396,1,5584.56,49085,48030,1.6515344107499512,0
2023-07-28 11:07:17,5597.1,327401,3,5584.56,49072,48078,1.636099509714915,0
2023-07-28 11:07:17,5597.1,327401,3,5584.56,49089,48092,1.636099509714915,0
2023-07-28 11:07:19,5597.0,327402,1,5584.56,49093,48091,1.634283639004903,0
2023-07-28 11:07:19,5597.0,327402,1,5584.56,48995,47468,1.634283639004903,0
2023-07-28 11:07:19,5597.0,327402,1,5584.56,49125,48043,1.634283639004903,0
2023-07-28 11:07:19,5597.0,327402,1,5584.56,48500,48043,1.634283639004903,0
2023-07-28 11:07:22,5597.0,327410,7,5584.56,49188,47962,1.634283639004903,0
2023-07-28 11:07:22,5597.0,327410,7,5584.56,49175,48070,1.634283639004903,0
2023-07-28 11:07:22,5597.0,327410,7,5584.56,49175,48070,1.634283639004903,0
2023-07-28 11:07:22,5597.0,327410,7,5584.56,49155,48085,1.634283639004903,0
2023-07-28 11:07:22,5597.0,327410,7,5584.56,48530,48087,1.634283639004903,0
2023-07-28 11:07:22,5597.0,327410,7,5584.56,49154,48101,1.634283639004903,0
2023-07-28 11:07:22,5597.0,327410,7,5584.56,48529,48123,1.634283639004903,0
2023-07-28 11:07:22,5597.0,327410,7,5584.56,49080,48083,1.634283639004903,0
2023-07-28 11:07:30,5597.05,327411,1,5584.56,49059,48101,1.6351915743599088,0
2023-07-28 11:07:32,5597.0,327413,2,5584.56,49005,48083,1.634283639004903,0
2023-07-28 11:07:32,5597.0,327413,2,5584.56,49024,48083,1.634283639004903,0
2023-07-28 11:07:32,5597.0,327413,2,5584.56,49024,48083,1.634283639004903,0
2023-07-28 11:07:32,5597.0,327413,2,5584.56,49024,48083,1.634283639004903,0
2023-07-28 11:07:32,5597.0,327413,2,5584.56,49149,48102,1.634283639004903,0
2023-07-28 11:07:37,5596.0,327424,11,5584.56,49160,48099,1.6161249319048483,0
2023-07-28 11:07:38,5596.05,327425,1,5584.56,49180,48060,1.6170328672598544,0
2023-07-28 11:07:38,5596.05,327425,1,5584.56,49170,48051,1.6170328672598544,0
2023-07-28 11:07:38,5597.0,327425,5,5584.56,48545,48051,1.634283639004903,0
2023-07-28 11:07:40,5597.0,327430,5,5584.56,49056,48297,1.634283639004903,0
2023-07-28 11:07:40,5596.0,327430,13,5584.56,49056,48297,1.6161249319048483,0
2023-07-28 11:07:42,5596.0,327445,13,5584.56,49069,48157,1.6161249319048483,0
2023-07-28 11:07:42,5596.0,327445,13,5584.56,49069,48158,1.6161249319048483,0
2023-07-28 11:07:42,5596.0,327445,13,5584.56,49088,48158,1.6161249319048483,0
2023-07-28 11:07:42,5596.0,327445,13,5584.56,49088,48345,1.6161249319048483,0
2023-07-28 11:07:42,5596.0,327445,13,5584.56,49088,48333,1.6161249319048483,0
2023-07-28 11:07:42,5596.0,327445,12,5584.56,49088,48333,1.6161249319048483,0
2023-07-28 11:07:42,5596.05,327445,1,5584.56,49088,48333,1.6170328672598544,0
2023-07-28 11:07:48,5596.05,327460,1,5584.56,49088,48331,1.6170328672598544,0
2023-07-28 11:07:48,5596.05,327460,1,5584.56,49085,48364,1.6170328672598544,0
2023-07-28 11:07:48,5596.05,327460,1,5584.56,48477,48399,1.6170328672598544,0
2023-07-28 11:07:48,5596.05,327460,1,5584.56,49102,48399,1.6170328672598544,0
2023-07-28 11:07:48,5596.05,327460,1,5584.56,49105,48399,1.6170328672598544,0
2023-07-28 11:07:48,5596.05,327460,1,5584.56,49105,48400,1.6170328672598544,0
2023-07-28 11:07:48,5596.05,327460,1,5584.56,49138,48399,1.6170328672598544,0
2023-07-28 11:07:48,5596.05,327460,1,5584.56,48513,48420,1.6170328672598544,0
2023-07-28 11:07:48,5596.0,327460,7,5584.56,48513,48420,1.6161249319048483,0
2023-07-28 11:07:56,5596.0,327468,7,5584.56,49127,48402,1.6161249319048483,0
2023-07-28 11:07:56,5596.0,327468,7,5584.56,47878,48404,1.6161249319048483,0
2023-07-28 11:07:56,5596.0,327468,7,5584.56,48503,48404,1.6161249319048483,0
2023-07-28 11:07:56,5596.0,327468,7,5584.56,48503,48404,1.6161249319048483,0
2023-07-28 11:07:56,5596.0,327468,7,5584.56,49128,48401,1.6161249319048483,0
2023-07-28 11:07:56,5596.0,327468,7,5584.56,49128,48404,1.6161249319048483,0
2023-07-28 11:07:56,5596.0,327468,12,5584.56,49128,48404,1.6161249319048483,0
2023-07-28 11:08:02,5596.0,327481,12,5584.56,48465,48506,1.6161249319048483,0
2023-07-28 11:08:02,5596.0,327481,12,5584.56,48484,48400,1.6161249319048483,0
2023-07-28 11:08:02,5596.0,327481,12,5584.56,49109,48401,1.6161249319048483,0
2023-07-28 11:08:02,5596.0,327481,12,5584.56,49109,48406,1.6161249319048483,0
2023-07-28 11:08:02,5596.0,327481,12,5584.56,49096,48401,1.6161249319048483,0
2023-07-28 11:08:02,5597.6,327481,1,5584.56,49096,48401,1.6451788632649422,0
2023-07-28 11:08:08,5597.6,327483,1,5584.56,48558,48359,1.6451788632649422,0
2023-07-28 11:08:08,5597.6,327483,1,5584.56,49186,48277,1.6451788632649422,0
2023-07-28 11:08:08,5597.6,327483,1,5584.56,49186,48277,1.6451788632649422,0
2023-07-28 11:08:08,5597.6,327483,1,5584.56,49186,48373,1.6451788632649422,0
2023-07-28 11:08:13,5596.0,327484,8,5584.56,49218,48373,1.6161249319048483,0
2023-07-28 11:08:13,5596.0,327493,8,5584.56,49220,48407,1.6161249319048483,0
2023-07-28 11:08:13,5597.6,327493,5,5584.56,49220,48407,1.6451788632649422,0
2023-07-28 11:08:15,5597.6,327498,5,5584.56,48596,48382,1.6451788632649422,0
2023-07-28 11:08:15,5597.6,327498,5,5584.56,49215,48399,1.6451788632649422,0
2023-07-28 11:08:15,5596.0,327498,11,5584.56,49215,48399,1.6161249319048483,0
2023-07-28 11:08:17,5597.7,327517,1,5584.56,48415,48409,1.6469947339749378,0
2023-07-28 11:08:17,5597.7,327517,1,5584.56,49024,48387,1.6469947339749378,0
2023-07-28 11:08:17,5597.7,327517,1,5584.56,49027,48387,1.6469947339749378,0
2023-07-28 11:08:17,5596.0,327517,4,5584.56,49027,48387,1.6161249319048483,0
2023-07-28 11:08:20,5596.0,327524,4,5584.56,49023,48402,1.6161249319048483,0
2023-07-28 11:08:20,5596.0,327524,4,5584.56,49073,48398,1.6161249319048483,0
2023-07-28 11:08:20,5596.0,327524,8,5584.56,49073,48398,1.6161249319048483,0
2023-07-28 11:08:23,5596.0,327544,8,5584.56,49056,48414,1.6161249319048483,0
2023-07-28 11:08:23,5596.0,327544,8,5584.56,49056,48414,1.6161249319048483,0
2023-07-28 11:08:23,5596.0,327544,8,5584.56,49057,48409,1.6161249319048483,0
2023-07-28 11:08:23,5596.0,327544,8,5584.56,49057,48443,1.6161249319048483,0
2023-07-28 11:08:23,5596.0,327544,8,5584.56,49057,48443,1.6161249319048483,0
2023-07-28 11:08:23,5596.0,327544,8,5584.56,49057,48438,1.6161249319048483,0
2023-07-28 11:08:23,5596.0,327544,8,5584.56,49057,48438,1.6161249319048483,0
2023-07-28 11:08:23,5597.7,327544,2,5584.56,49057,48440,1.6469947339749378,0
2023-07-28 11:08:28,5597.7,327546,2,5584.56,48924,48404,1.6469947339749378,0
2023-07-28 11:08:28,5597.7,327546,2,5584.56,48924,48395,1.6469947339749378,0
2023-07-28 11:08:28,5597.7,327546,1,5584.56,48924,48395,1.6469947339749378,0
2023-07-28 11:08:31,5597.7,327547,1,5584.56,48924,48372,1.6469947339749378,0
2023-07-28 11:08:31,5597.7,327547,1,5584.56,48924,48372,1.6469947339749378,0
2023-07-28 11:08:31,5596.05,327547,3,5584.56,48924,48372,1.6170328672598544,0
2023-07-28 11:08:32,5597.95,327653,61,5584.57,48814,48266,1.6515344107499512,0
2023-07-28 11:08:32,5597.95,327653,61,5584.57,48816,48285,1.6515344107499512,0
2023-07-28 11:08:32,5597.95,327653,61,5584.57,48816,48284,1.6515344107499512,0
2023-07-28 11:08:32,5597.95,327653,61,5584.57,48816,48289,1.6515344107499512,0
2023-07-28 11:08:32,5597.95,327653,61,5584.57,48816,48289,1.6515344107499512,0
2023-07-28 11:08:32,5597.95,327653,61,5584.57,48191,48289,1.6515344107499512,0
2023-07-28 11:08:32,5597.95,327653,61,5584.57,48816,48289,1.6515344107499512,0
2023-07-28 11:08:32,5597.8,327653,5,5584.57,48185,48339,1.6488106046849498,0
2023-07-28 11:08:41,5596.05,327660,2,5584.57,48177,48309,1.6170328672598544,0
2023-07-28 11:08:41,5596.05,327660,2,5584.57,48815,48303,1.6170328672598544,0
2023-07-28 11:08:43,5597.8,327674,3,5584.57,48829,48196,1.6488106046849498,0
2023-07-28 11:08:44,5597.85,327685,10,5584.57,48808,48328,1.6497185400399557,0
2023-07-28 11:08:44,5597.85,327685,10,5584.57,48808,48328,1.6497185400399557,0
2023-07-28 11:08:46,5597.85,327686,1,5584.57,48798,48312,1.6497185400399557,0
2023-07-28 11:08:46,5597.85,327686,1,5584.57,48798,48312,1.6497185400399557,0
2023-07-28 11:08:46,5597.85,327687,1,5584.57,48826,48310,1.6497185400399557,0
2023-07-28 11:08:48,5596.2,327689,1,5584.57,48825,48311,1.619756673324856,0
2023-07-28 11:08:48,5596.2,327689,1,5584.57,48825,48311,1.619756673324856,0
2023-07-28 11:08:48,5596.2,327689,1,5584.57,48826,48316,1.619756673324856,0
2023-07-28 11:08:48,5596.2,327689,1,5584.57,48122,48314,1.619756673324856,0
2023-07-28 11:08:48,5597.95,327689,1,5584.57,48122,48314,1.6515344107499512,0
2023-07-28 11:08:51,5597.95,327690,1,5584.57,48121,48310,1.6515344107499512,0
2023-07-28 11:08:51,5597.95,327690,1,5584.57,48121,48331,1.6515344107499512,0
2023-07-28 11:08:53,5597.85,327692,2,5584.57,48748,48330,1.6497185400399557,0
2023-07-28 11:08:53,5596.2,327692,1,5584.57,48748,48330,1.619756673324856,0
2023-07-28 11:08:55,5596.2,327699,6,5584.57,48781,48399,1.619756673324856,0
2023-07-28 11:08:55,5596.2,327699,6,5584.57,48781,48399,1.619756673324856,0
2023-07-28 11:08:55,5596.2,327699,6,5584.57,48799,48398,1.619756673324856,0
2023-07-28 11:08:55,5596.2,327699,6,5584.57,48798,48404,1.619756673324856,0
2023-07-28 11:08:55,5596.2,327699,6,5584.57,48725,48408,1.619756673324856,0
2023-07-28 11:08:55,5596.2,327699,9,5584.57,48726,48399,1.619756673324856,0
2023-07-28 11:08:55,5596.2,327699,4,5584.57,48726,48399,1.619756673324856,0
2023-07-28 11:09:00,5596.2,327796,4,5584.57,48651,48261,1.619756673324856,0
2023-07-28 11:09:00,5596.25,327796,13,5584.57,48651,48261,1.620664608679862,0
2023-07-28 11:09:00,5596.25,327809,13,5584.57,48634,48284,1.620664608679862,0
2023-07-28 11:09:00,5596.25,327809,13,5584.57,48634,48284,1.620664608679862,0
2023-07-28 11:09:04,5597.85,327810,1,5584.57,48634,48283,1.6497185400399557,0
2023-07-28 11:09:04,5597.85,327810,1,5584.57,48634,48283,1.6497185400399557,0
2023-07-28 11:09:05,5597.85,327811,1,5584.57,48633,48303,1.6497185400399557,0
2023-07-28 11:09:05,5597.85,327811,1,5584.57,48008,48303,1.6497185400399557,0
2023-07-28 11:09:05,5596.3,327811,1,5584.57,48633,48285,1.621572544034868,0
2023-07-28 11:09:09,5597.85,327814,2,5584.57,48625,48283,1.6497185400399557,0
2023-07-28 11:09:09,5597.85,327814,2,5584.57,48625,48283,1.6497185400399557,0
2023-07-28 11:09:10,5597.85,327817,2,5584.57,48623,48276,1.6497185400399557,0
2023-07-28 11:09:11,5597.85,327818,1,5584.57,48623,48264,1.6497185400399557,0
2023-07-28 11:09:11,5596.35,327818,1,5584.57,48623,48282,1.622480479389874,0
2023-07-28 11:09:13,5596.35,327819,1,5584.57,48622,48289,1.622480479389874,0
2023-07-28 11:09:13,5597.85,327819,1,5584.57,48622,48289,1.6497185400399557,0
2023-07-28 11:09:14,5597.85,327820,1,5584.57,47997,48347,1.6497185400399557,0
2023-07-28 11:09:14,5597.85,327820,1,5584.57,48622,48323,1.6497185400399557,0
2023-07-28 11:09:14,5596.2,327820,12,5584.57,48622,48323,1.619756673324856,0
2023-07-28 11:09:17,5596.2,327832,12,5584.57,48568,48340,1.619756673324856,0
2023-07-28 11:09:19,5597.1,327838,2,5584.57,48640,48309,1.636099509714915,0
2023-07-28 11:09:19,5596.0,327838,1,5584.57,48640,48309,1.6161249319048483,0
2023-07-28 11:09:20,5596.0,327842,1,5584.57,48644,48328,1.6161249319048483,0
2023-07-28 11:09:21,5596.0,327852,9,5584.57,48650,48328,1.6161249319048483,0
