2023-07-28 10:48:56,3353.55,74197,9,3346.14,52741,98851,0.7707563328225034,0
2023-07-28 10:48:56,3353.55,74197,9,3346.14,52696,99167,0.7707563328225034,0
2023-07-28 10:48:56,3353.95,74197,1,3346.14,52614,98956,0.7827759247573463,0
2023-07-28 10:49:38,3353.95,74198,1,3346.14,52607,99131,0.7827759247573463,0
2023-07-28 10:49:38,3353.95,74198,1,3346.14,52467,98945,0.7827759247573463,0
2023-07-28 10:49:38,3353.95,74198,9,3346.14,52467,98945,0.7827759247573463,0
2023-07-28 10:49:46,3353.95,74207,9,3346.14,52455,98907,0.7827759247573463,0
2023-07-28 10:49:46,3353.95,74207,3,3346.14,52455,98907,0.7827759247573463,0
2023-07-28 10:49:58,3353.95,74210,3,3346.14,52463,99099,0.7827759247573463,0
2023-07-28 10:49:58,3353.95,74210,3,3346.14,52474,98987,0.7827759247573463,0
2023-07-28 10:49:58,3353.95,74210,3,3346.14,52465,98864,0.7827759247573463,0
2023-07-28 10:49:58,3353.95,74210,25,3346.14,52465,98864,0.7827759247573463,0
2023-07-28 10:50:08,3353.95,74235,25,3346.14,52465,98839,0.7827759247573463,0
2023-07-28 10:50:08,3353.05,74235,1,3346.14,52465,98839,0.7557318429039361,0
2023-07-28 10:50:12,3353.05,74237,1,3346.14,52391,98935,0.7557318429039361,0
2023-07-28 10:50:12,3353.05,74237,1,3346.14,52573,98779,0.7557318429039361,0
2023-07-28 10:50:12,3353.05,74237,1,3346.14,52573,98779,0.7557318429039361,0
2023-07-28 10:50:12,3353.05,74237,1,3346.14,52573,98779,0.7557318429039361,0
2023-07-28 10:50:12,3353.05,74237,1,3346.14,52573,98779,0.7557318429039361,0
2023-07-28 10:50:12,3353.75,74237,4,3346.14,52573,98779,0.7767661287899248,0
2023-07-28 10:50:22,3353.75,74242,4,3346.14,52795,98950,0.7767661287899248,0
2023-07-28 10:50:22,3353.75,74242,4,3346.14,52795,98950,0.7767661287899248,0
2023-07-28 10:50:22,3353.75,74242,4,3346.14,52795,98950,0.7767661287899248,0
2023-07-28 10:50:22,3353.75,74242,4,3346.14,52795,98950,0.7767661287899248,0
2023-07-28 10:50:22,3353.75,74242,4,3346.14,53030,98960,0.7767661287899248,0
2023-07-28 10:50:22,3353.05,74242,22,3346.14,53030,98960,0.7557318429039361,0
2023-07-28 10:50:22,3353.0,74242,1,3346.14,53030,98960,0.7542293939120739,0
2023-07-28 10:50:31,3353.0,74362,46,3346.15,53102,98846,0.7542293939120739,0
2023-07-28 10:50:33,3353.95,74369,2,3346.16,52988,98751,0.7827759247573463,0
2023-07-28 10:50:33,3353.95,74369,2,3346.16,52992,98955,0.7827759247573463,0
2023-07-28 10:50:33,3353.95,74369,2,3346.16,52736,99016,0.7827759247573463,0
2023-07-28 10:50:33,3353.5,74369,4,3346.16,52736,99016,0.7692538838306412,0
2023-07-28 10:50:53,3353.5,74373,4,3346.16,52701,99059,0.7692538838306412,0
2023-07-28 10:50:53,3353.5,74373,4,3346.16,51824,99064,0.7692538838306412,0
2023-07-28 10:50:53,3352.25,74373,1,3346.16,51824,99064,0.731692659034223,0
2023-07-28 10:50:59,3352.25,74374,1,3346.16,51815,99112,0.731692659034223,0
2023-07-28 10:50:59,3352.25,74374,1,3346.16,52773,98871,0.731692659034223,0
2023-07-28 10:50:59,3352.25,74374,1,3346.16,52795,98796,0.731692659034223,0
2023-07-28 10:50:59,3352.25,74374,1,3346.16,52800,98806,0.731692659034223,0
2023-07-28 10:50:59,3352.25,74374,1,3346.16,52836,98717,0.731692659034223,0
2023-07-28 10:50:59,3352.25,74374,1,3346.16,52820,98741,0.731692659034223,0
2023-07-28 10:50:59,3352.25,74374,1,3346.16,52930,98350,0.731692659034223,0
2023-07-28 10:50:59,3352.25,74374,1,3346.16,53001,98750,0.731692659034223,0
2023-07-28 10:50:59,3352.25,74374,1,3346.16,53001,98750,0.731692659034223,0
2023-07-28 10:50:59,3352.25,74374,1,3346.16,53001,98575,0.731692659034223,0
2023-07-28 10:50:59,3352.25,74374,1,3346.16,53058,98705,0.731692659034223,0
2023-07-28 10:50:59,3352.25,74374,1,3346.16,53102,98661,0.731692659034223,0
2023-07-28 10:50:59,3352.25,74374,1,3346.16,53103,98486,0.731692659034223,0
2023-07-28 10:50:59,3352.25,74374,1,3346.16,53080,98660,0.731692659034223,0
2023-07-28 10:50:59,3352.25,74374,1,3346.16,53080,98660,0.731692659034223,0
2023-07-28 10:50:59,3352.25,74374,1,3346.16,53080,98588,0.731692659034223,0
2023-07-28 10:50:59,3352.25,74374,1,3346.16,53080,98660,0.731692659034223,0
2023-07-28 10:50:59,3352.25,74374,1,3346.16,53075,98690,0.731692659034223,0
2023-07-28 10:50:59,3352.25,74374,1,3346.16,53075,98758,0.731692659034223,0
2023-07-28 10:50:59,3352.25,74374,1,3346.16,53075,98758,0.731692659034223,0
2023-07-28 10:50:59,3352.25,74374,1,3346.16,53075,98758,0.731692659034223,0
2023-07-28 10:51:28,3353.0,74381,7,3346.16,53063,98576,0.7542293939120739,0
2023-07-28 10:51:28,3353.0,74381,7,3346.16,53074,98751,0.7542293939120739,0
2023-07-28 10:51:28,3353.5,74381,46,3346.16,53086,98811,0.7692538838306412,0
2023-07-28 10:51:30,3353.5,74427,46,3346.16,53195,98731,0.7692538838306412,0
2023-07-28 10:51:30,3353.95,74427,10,3346.16,53195,98731,0.7827759247573463,0
2023-07-28 10:51:32,3353.95,74440,10,3346.16,53137,98527,0.7827759247573463,0
2023-07-28 10:51:33,3354.0,74448,1,3346.16,53076,98744,0.7842783737492085,0
2023-07-28 10:51:33,3354.0,74448,8,3346.16,53076,98744,0.7842783737492085,0
2023-07-28 10:51:34,3354.0,74456,8,3346.16,52995,98784,0.7842783737492085,0
2023-07-28 10:51:34,3354.4,74456,4,3346.16,52995,98784,0.796297965684065,0
2023-07-28 10:51:35,3354.4,74460,4,3346.16,53024,98699,0.796297965684065,0
2023-07-28 10:51:35,3354.4,74460,4,3346.16,53021,98699,0.796297965684065,0
2023-07-28 10:51:35,3354.4,74460,4,3346.16,52913,98709,0.796297965684065,0
2023-07-28 10:51:35,3354.4,74460,4,3346.16,52870,98729,0.796297965684065,0
2023-07-28 10:51:35,3354.4,74460,100,3346.16,52870,98729,0.796297965684065,0
2023-07-28 10:51:41,3354.4,74560,100,3346.18,52897,98629,0.796297965684065,0
2023-07-28 10:51:41,3354.4,74560,100,3346.18,52874,98629,0.796297965684065,0
2023-07-28 10:51:43,3354.4,74563,3,3346.18,52874,98626,0.796297965684065,0
2023-07-28 10:51:43,3354.4,74563,3,3346.18,51999,98630,0.796297965684065,0
2023-07-28 10:51:43,3354.4,74563,3,3346.18,52895,98630,0.796297965684065,0
2023-07-28 10:51:43,3354.4,74563,3,3346.18,52911,98662,0.796297965684065,0
2023-07-28 10:51:43,3354.4,74563,3,3346.18,52895,98662,0.796297965684065,0
2023-07-28 10:51:48,3354.4,74566,3,3346.18,52895,98659,0.796297965684065,0
2023-07-28 10:51:48,3354.4,74566,3,3346.18,52895,98659,0.796297965684065,0
2023-07-28 10:51:48,3354.0,74566,10,3346.18,52895,98659,0.7842783737492085,0
2023-07-28 10:51:51,3354.0,74576,10,3346.18,52564,98513,0.7842783737492085,0
2023-07-28 10:51:52,3354.4,74666,90,3346.19,52711,98492,0.796297965684065,0
2023-07-28 10:51:53,3354.4,74716,50,3346.19,52625,98379,0.796297965684065,0
2023-07-28 10:51:53,3354.4,74716,50,3346.19,52604,98546,0.796297965684065,0
2023-07-28 10:51:53,3354.4,74716,50,3346.19,51752,98691,0.796297965684065,0
2023-07-28 10:51:53,3354.4,74716,50,3346.19,51955,98698,0.796297965684065,0
2023-07-28 10:51:53,3354.4,74716,50,3346.19,52734,98617,0.796297965684065,0
2023-07-28 10:51:53,3354.4,74716,50,3346.19,52770,98977,0.796297965684065,0
2023-07-28 10:51:53,3354.4,74716,50,3346.19,51894,98990,0.796297965684065,0
2023-07-28 10:51:53,3354.4,74716,50,3346.19,52767,98990,0.796297965684065,0
2023-07-28 10:51:53,3354.4,74716,50,3346.19,52533,98988,0.796297965684065,0
2023-07-28 10:51:53,3354.4,74716,2,3346.19,52424,98948,0.796297965684065,0
2023-07-28 10:52:02,3354.4,74719,2,3346.19,52474,98953,0.796297965684065,0
2023-07-28 10:52:04,3354.4,74749,30,3346.2,52456,98927,0.796297965684065,0
2023-07-28 10:52:04,3354.4,74749,30,3346.2,52480,98927,0.796297965684065,0
2023-07-28 10:52:04,3353.0,74749,5,3346.2,52480,98927,0.7542293939120739,0
2023-07-28 10:52:05,3353.0,74754,5,3346.2,52466,98943,0.7542293939120739,0
2023-07-28 10:52:05,3353.0,74754,5,3346.2,52467,98965,0.7542293939120739,0
2023-07-28 10:52:05,3353.0,74754,5,3346.2,52467,98783,0.7542293939120739,0
2023-07-28 10:52:05,3353.0,74754,5,3346.2,52467,98779,0.7542293939120739,0
2023-07-28 10:52:05,3353.0,74754,5,3346.2,52467,98954,0.7542293939120739,0
2023-07-28 10:52:05,3353.0,74754,5,3346.2,52465,98954,0.7542293939120739,0
2023-07-28 10:52:05,3353.0,74754,5,3346.2,52463,98959,0.7542293939120739,0
2023-07-28 10:52:05,3353.0,74754,5,3346.2,52463,98959,0.7542293939120739,0
2023-07-28 10:52:05,3353.0,74754,5,3346.2,52463,98959,0.7542293939120739,0
2023-07-28 10:52:05,3353.0,74754,5,3346.2,52463,98959,0.7542293939120739,0
2023-07-28 10:52:05,3353.0,74754,5,3346.2,52463,98959,0.7542293939120739,0
2023-07-28 10:52:05,3353.0,74754,5,3346.2,52476,98959,0.7542293939120739,0
2023-07-28 10:52:18,3352.95,74756,1,3346.2,52451,98958,0.7527269449202117,0
2023-07-28 10:52:18,3352.95,74756,1,3346.2,52416,98835,0.7527269449202117,0
2023-07-28 10:52:18,3352.95,74756,1,3346.2,51550,98839,0.7527269449202117,0
2023-07-28 10:52:18,3352.95,74756,1,3346.2,52442,99008,0.7527269449202117,0
2023-07-28 10:52:18,3352.95,74756,1,3346.2,50689,99010,0.7527269449202117,0
2023-07-28 10:52:18,3352.95,74756,1,3346.2,52479,99005,0.7527269449202117,0
2023-07-28 10:52:18,3352.95,74756,1,3346.2,51591,98980,0.7527269449202117,0
2023-07-28 10:52:18,3352.95,74756,1,3346.2,52466,98984,0.7527269449202117,0
2023-07-28 10:52:18,3352.95,74756,1,3346.2,52450,99002,0.7527269449202117,0
2023-07-28 10:52:18,3352.95,74756,1,3346.2,52450,99002,0.7527269449202117,0
2023-07-28 10:52:18,3352.95,74756,1,3346.2,52435,99002,0.7527269449202117,0
2023-07-28 10:52:18,3352.95,74756,1,3346.2,52454,99002,0.7527269449202117,0
2023-07-28 10:52:18,3352.95,74756,1,3346.2,51575,98827,0.7527269449202117,0
2023-07-28 10:52:18,3352.95,74756,1,3346.2,52460,99002,0.7527269449202117,0
2023-07-28 10:52:18,3352.95,74756,1,3346.2,52463,99002,0.7527269449202117,0
2023-07-28 10:52:18,3352.95,74756,1,3346.2,52458,99027,0.7527269449202117,0
2023-07-28 10:52:18,3352.95,74756,1,3346.2,52448,99027,0.7527269449202117,0
2023-07-28 10:52:18,3352.95,74756,1,3346.2,52464,99024,0.7527269449202117,0
2023-07-28 10:52:18,3352.95,74756,1,3346.2,51589,98849,0.7527269449202117,0
2023-07-28 10:52:18,3352.95,74756,1,3346.2,52446,99024,0.7527269449202117,0
2023-07-28 10:52:18,3352.95,74756,1,3346.2,52378,99110,0.7527269449202117,0
2023-07-28 10:52:18,3352.95,74756,1,3346.2,51502,99077,0.7527269449202117,0
2023-07-28 10:52:18,3352.95,74756,1,3346.2,52378,99033,0.7527269449202117,0
2023-07-28 10:52:18,3352.95,74756,1,3346.2,52378,99033,0.7527269449202117,0
2023-07-28 10:52:42,3352.95,74757,1,3346.2,51363,99032,0.7527269449202117,0
2023-07-28 10:52:42,3352.95,74757,1,3346.2,51363,99036,0.7527269449202117,0
2023-07-28 10:52:42,3352.95,74757,1,3346.2,52251,99085,0.7527269449202117,0
2023-07-28 10:52:46,3352.95,74758,1,3346.2,52281,99024,0.7527269449202117,0
2023-07-28 10:52:46,3352.95,74758,1,3346.2,51406,98807,0.7527269449202117,0
2023-07-28 10:52:46,3352.95,74758,1,3346.2,52269,98702,0.7527269449202117,0
2023-07-28 10:52:50,3352.95,74776,18,3346.2,52289,98491,0.7527269449202117,0
2023-07-28 10:52:50,3352.95,74776,18,3346.2,52292,98666,0.7527269449202117,0
2023-07-28 10:52:50,3352.95,74776,18,3346.2,52292,98658,0.7527269449202117,0
2023-07-28 10:52:50,3352.95,74776,18,3346.2,52292,98669,0.7527269449202117,0
2023-07-28 10:52:50,3352.95,74776,18,3346.2,52311,98550,0.7527269449202117,0
2023-07-28 10:52:50,3352.95,74776,18,3346.2,52462,98778,0.7527269449202117,0
2023-07-28 10:52:50,3352.95,74776,18,3346.2,52396,98788,0.7527269449202117,0
2023-07-28 10:52:50,3352.95,74776,18,3346.2,51404,98770,0.7527269449202117,0
2023-07-28 10:52:50,3352.95,74776,18,3346.2,52279,98770,0.7527269449202117,0
2023-07-28 10:52:50,3352.95,74776,18,3346.2,52262,98758,0.7527269449202117,0
2023-07-28 10:52:50,3352.95,74776,18,3346.2,51324,98961,0.7527269449202117,0
2023-07-28 10:52:50,3352.95,74776,18,3346.2,52249,98961,0.7527269449202117,0
2023-07-28 10:52:50,3352.95,74776,18,3346.2,52258,98961,0.7527269449202117,0
2023-07-28 10:52:50,3352.95,74776,18,3346.2,52250,98982,0.7527269449202117,0
2023-07-28 10:52:50,3352.95,74776,18,3346.2,52233,98807,0.7527269449202117,0
2023-07-28 10:52:50,3352.95,74776,18,3346.2,52198,98812,0.7527269449202117,0
2023-07-28 10:52:50,3352.95,74776,18,3346.2,52284,98512,0.7527269449202117,0
2023-07-28 10:52:50,3352.95,74776,18,3346.2,52284,98512,0.7527269449202117,0
2023-07-28 10:52:50,3352.95,74776,18,3346.2,50571,98512,0.7527269449202117,0
2023-07-28 10:52:50,3352.95,74776,18,3346.2,52321,98512,0.7527269449202117,0
2023-07-28 10:52:50,3352.95,74776,18,3346.2,52286,98512,0.7527269449202117,0
2023-07-28 10:52:50,3352.95,74776,18,3346.2,52291,98526,0.7527269449202117,0
2023-07-28 10:52:50,3352.95,74776,18,3346.2,52297,98528,0.7527269449202117,0
2023-07-28 10:52:50,3352.95,74776,18,3346.2,52297,98528,0.7527269449202117,0
2023-07-28 10:52:50,3352.05,74776,9,3346.2,52297,98528,0.7256828630668016,0
2023-07-28 10:53:19,3352.05,74786,9,3346.2,52367,98428,0.7256828630668016,0
2023-07-28 10:53:19,3352.05,74786,9,3346.2,52373,98428,0.7256828630668016,0
2023-07-28 10:53:19,3352.05,74786,9,3346.2,52365,98603,0.7256828630668016,0
2023-07-28 10:53:19,3352.05,74786,9,3346.2,52365,98603,0.7256828630668016,0
2023-07-28 10:53:19,3352.05,74786,9,3346.2,52365,98603,0.7256828630668016,0
2023-07-28 10:53:19,3352.05,74786,9,3346.2,52464,98556,0.7256828630668016,0
2023-07-28 10:53:19,3352.05,74786,9,3346.2,52464,98556,0.7256828630668016,0
2023-07-28 10:53:19,3352.05,74786,9,3346.2,52476,98357,0.7256828630668016,0
2023-07-28 10:53:19,3352.05,74786,9,3346.2,52467,98532,0.7256828630668016,0
2023-07-28 10:53:19,3352.05,74786,9,3346.2,52467,98532,0.7256828630668016,0
2023-07-28 10:53:19,3352.05,74786,9,3346.2,52467,98532,0.7256828630668016,0
2023-07-28 10:53:19,3352.05,74786,9,3346.2,52457,98532,0.7256828630668016,0
2023-07-28 10:53:19,3352.05,74786,9,3346.2,52457,98532,0.7256828630668016,0
2023-07-28 10:53:31,3352.05,74788,1,3346.2,52463,98554,0.7256828630668016,0
2023-07-28 10:53:31,3352.05,74788,1,3346.2,52463,98554,0.7256828630668016,0
2023-07-28 10:53:31,3352.05,74788,1,3346.2,52463,98554,0.7256828630668016,0
2023-07-28 10:53:31,3352.05,74788,1,3346.2,52463,98554,0.7256828630668016,0
2023-07-28 10:53:31,3352.05,74788,1,3346.2,52463,98554,0.7256828630668016,0
2023-07-28 10:53:31,3352.05,74788,1,3346.2,52430,98554,0.7256828630668016,0
2023-07-28 10:53:38,3352.05,74789,1,3346.2,51867,98326,0.7256828630668016,0
2023-07-28 10:53:38,3352.05,74789,1,3346.2,51859,98573,0.7256828630668016,0
2023-07-28 10:53:38,3352.05,74789,1,3346.2,52738,98551,0.7256828630668016,0
2023-07-28 10:53:38,3352.05,74789,1,3346.2,52702,98570,0.7256828630668016,0
2023-07-28 10:53:38,3352.05,74789,1,3346.2,52501,98602,0.7256828630668016,0
2023-07-28 10:53:38,3352.05,74789,1,3346.2,52493,98602,0.7256828630668016,0
2023-07-28 10:53:38,3352.05,74789,1,3346.2,52526,98607,0.7256828630668016,0
2023-07-28 10:53:38,3352.05,74789,1,3346.2,52542,98566,0.7256828630668016,0
2023-07-28 10:53:38,3352.05,74789,1,3346.2,52507,98566,0.7256828630668016,0
2023-07-28 10:53:38,3352.05,74789,1,3346.2,52503,98400,0.7256828630668016,0
2023-07-28 10:53:38,3352.05,74789,1,3346.2,52538,98201,0.7256828630668016,0
2023-07-28 10:53:38,3352.05,74789,1,3346.2,52542,98614,0.7256828630668016,0
2023-07-28 10:53:38,3352.05,74789,1,3346.2,52533,98089,0.7256828630668016,0
2023-07-28 10:53:38,3352.05,74789,1,3346.2,52492,98614,0.7256828630668016,0
2023-07-28 10:53:38,3352.05,74789,1,3346.2,52492,98439,0.7256828630668016,0
2023-07-28 10:53:55,3352.95,74791,2,3346.2,52527,98437,0.7527269449202117,0
2023-07-28 10:53:55,3352.95,74791,2,3346.2,52527,98437,0.7527269449202117,0
2023-07-28 10:53:55,3352.95,74791,2,3346.2,52527,98437,0.7527269449202117,0
2023-07-28 10:53:55,3352.95,74791,2,3346.2,52536,98612,0.7527269449202117,0
2023-07-28 10:53:55,3352.95,74791,2,3346.2,52539,98437,0.7527269449202117,0
2023-07-28 10:53:55,3352.95,74791,2,3346.2,52539,98603,0.7527269449202117,0
2023-07-28 10:53:55,3352.95,74791,2,3346.2,52505,98661,0.7527269449202117,0
2023-07-28 10:53:55,3352.95,74791,2,3346.2,52572,98664,0.7527269449202117,0
2023-07-28 10:53:55,3352.95,74791,2,3346.2,52572,98674,0.7527269449202117,0
2023-07-28 10:53:55,3352.1,74791,1,3346.2,52572,98674,0.7271853120586501,0
2023-07-28 10:53:55,3353.95,74791,48,3346.2,52572,98674,0.7827759247573463,0
2023-07-28 10:54:08,3353.95,74900,48,3346.21,52615,98587,0.7827759247573463,0
2023-07-28 10:54:08,3353.95,74900,48,3346.21,52436,98630,0.7827759247573463,0
2023-07-28 10:54:08,3352.9,74900,20,3346.21,52436,98630,0.7512244959283632,0
2023-07-28 10:54:17,3352.9,74920,20,3346.21,52498,98428,0.7512244959283632,0
2023-07-28 10:54:17,3352.9,74920,20,3346.21,52548,98362,0.7512244959283632,0
2023-07-28 10:54:17,3352.9,74920,2,3346.21,52548,98362,0.7512244959283632,0
2023-07-28 10:54:26,3352.9,74922,2,3346.21,52427,98416,0.7512244959283632,0
2023-07-28 10:54:26,3352.9,74922,2,3346.21,52445,98475,0.7512244959283632,0
2023-07-28 10:54:26,3352.9,74922,2,3346.21,52445,98781,0.7512244959283632,0
2023-07-28 10:54:26,3352.9,74922,2,3346.21,52445,98862,0.7512244959283632,0
2023-07-28 10:54:26,3352.9,74922,2,3346.21,52442,99161,0.7512244959283632,0
2023-07-28 10:54:26,3352.9,74922,2,3346.21,52442,99527,0.7512244959283632,0
2023-07-28 10:54:26,3352.9,74922,2,3346.21,52443,99736,0.7512244959283632,0
2023-07-28 10:54:26,3353.5,74922,19,3346.21,52443,99736,0.7692538838306412,0
2023-07-28 10:54:54,3353.5,74952,19,3346.21,52778,99883,0.7692538838306412,0
2023-07-28 10:54:54,3353.5,74952,19,3346.21,52665,99802,0.7692538838306412,0
2023-07-28 10:54:54,3353.5,74952,19,3346.21,52641,99599,0.7692538838306412,0
2023-07-28 10:55:06,3352.05,74957,2,3346.22,52665,99820,0.7256828630668016,0
2023-07-28 10:55:06,3352.05,74957,2,3346.22,52665,99820,0.7256828630668016,0
2023-07-28 10:55:06,3352.05,74957,2,3346.22,52640,99827,0.7256828630668016,0
2023-07-28 10:55:06,3352.05,74957,2,3346.22,52692,99833,0.7256828630668016,0
2023-07-28 10:55:06,3352.05,74957,2,3346.22,52692,99833,0.7256828630668016,0
2023-07-28 10:55:06,3352.05,74957,2,3346.22,52052,99843,0.7256828630668016,0
2023-07-28 10:55:06,3352.05,74957,2,3346.22,52052,99848,0.7256828630668016,0
2023-07-28 10:55:06,3352.05,74957,2,3346.22,52040,99848,0.7256828630668016,0
2023-07-28 10:55:06,3352.05,74957,2,3346.22,52068,99879,0.7256828630668016,0
2023-07-28 10:55:06,3352.05,74957,2,3346.22,52063,99734,0.7256828630668016,0
2023-07-28 10:55:06,3352.05,74957,2,3346.22,52063,99819,0.7256828630668016,0
2023-07-28 10:55:06,3352.05,74957,2,3346.22,52063,99819,0.7256828630668016,0
2023-07-28 10:55:06,3352.05,74957,2,3346.22,52190,99851,0.7256828630668016,0
2023-07-28 10:55:06,3352.05,74957,2,3346.22,52145,99945,0.7256828630668016,0
2023-07-28 10:55:21,3351.9,75285,3,3346.24,48777,100038,0.7211755160912287,0
2023-07-28 10:55:21,3351.95,75285,1,3346.24,48777,100038,0.7226779650830772,0
2023-07-28 10:55:22,3351.95,75286,1,3346.24,51747,99996,0.7226779650830772,0
2023-07-28 10:55:22,3351.95,75286,1,3346.24,51874,100008,0.7226779650830772,0
2023-07-28 10:55:22,3351.95,75286,1,3346.24,51900,100146,0.7226779650830772,0
2023-07-28 10:55:22,3351.95,75286,1,3346.24,51892,100186,0.7226779650830772,0
2023-07-28 10:55:26,3350.9,75437,39,3346.25,51688,100055,0.6911265362540941,0
2023-07-28 10:55:26,3350.9,75437,39,3346.25,51688,100044,0.6911265362540941,0
2023-07-28 10:55:29,3352.05,75440,3,3346.25,51724,100173,0.7256828630668016,0
2023-07-28 10:55:29,3352.05,75440,3,3346.25,51692,99998,0.7256828630668016,0
2023-07-28 10:55:29,3352.05,75440,3,3346.25,51692,100031,0.7256828630668016,0
2023-07-28 10:55:29,3352.05,75440,3,3346.25,51692,100206,0.7256828630668016,0
2023-07-28 10:55:29,3352.05,75440,3,3346.25,51697,100206,0.7256828630668016,0
2023-07-28 10:55:29,3352.05,75440,3,3346.25,51697,100206,0.7256828630668016,0
2023-07-28 10:55:29,3352.05,75440,3,3346.25,51696,100206,0.7256828630668016,0
2023-07-28 10:55:29,3352.05,75440,3,3346.25,51696,100031,0.7256828630668016,0
2023-07-28 10:55:29,3352.05,75440,3,3346.25,51728,100031,0.7256828630668016,0
2023-07-28 10:55:29,3352.05,75440,3,3346.25,51730,100173,0.7256828630668016,0
2023-07-28 10:55:29,3352.05,75440,3,3346.25,51727,100173,0.7256828630668016,0
2023-07-28 10:55:29,3352.05,75440,3,3346.25,51728,100173,0.7256828630668016,0
2023-07-28 10:55:29,3352.05,75440,3,3346.25,51728,100173,0.7256828630668016,0
2023-07-28 10:55:29,3352.05,75440,3,3346.25,51704,100173,0.7256828630668016,0
2023-07-28 10:55:29,3352.05,75440,3,3346.25,51704,100173,0.7256828630668016,0
2023-07-28 10:55:29,3352.05,75440,3,3346.25,51704,100173,0.7256828630668016,0
2023-07-28 10:55:29,3352.05,75440,3,3346.25,51748,100173,0.7256828630668016,0
2023-07-28 10:55:29,3352.05,75440,3,3346.25,51752,100242,0.7256828630668016,0
2023-07-28 10:55:29,3352.05,75440,3,3346.25,51752,100199,0.7256828630668016,0
2023-07-28 10:55:29,3352.05,75440,3,3346.25,51752,100195,0.7256828630668016,0
2023-07-28 10:55:29,3352.05,75440,3,3346.25,51752,100195,0.7256828630668016,0
2023-07-28 10:55:29,3352.05,75440,4,3346.25,51752,100195,0.7256828630668016,0
2023-07-28 10:55:54,3352.05,75576,4,3346.26,50884,100266,0.7256828630668016,0
2023-07-28 10:55:54,3352.05,75576,4,3346.26,51717,100266,0.7256828630668016,0
2023-07-28 10:55:54,3352.05,75576,4,3346.26,51714,100090,0.7256828630668016,0
2023-07-28 10:55:54,3352.05,75576,4,3346.26,51766,100265,0.7256828630668016,0
2023-07-28 10:55:54,3352.05,75576,4,3346.26,51766,100249,0.7256828630668016,0
2023-07-28 10:55:54,3352.05,75576,4,3346.26,51749,100263,0.7256828630668016,0
2023-07-28 10:55:54,3352.05,75576,4,3346.26,51789,100268,0.7256828630668016,0
2023-07-28 10:55:54,3352.05,75576,4,3346.26,51718,100272,0.7256828630668016,0
2023-07-28 10:55:54,3352.05,75576,4,3346.26,51822,100117,0.7256828630668016,0
2023-07-28 10:55:54,3352.05,75576,4,3346.26,51822,100292,0.7256828630668016,0
2023-07-28 10:55:54,3352.05,75576,4,3346.26,51838,100328,0.7256828630668016,0
2023-07-28 10:55:54,3352.0,75576,5,3346.26,51838,100328,0.7241804140749394,0
2023-07-28 10:56:12,3352.0,75581,5,3346.26,51838,100325,0.7241804140749394,0
2023-07-28 10:56:18,3351.9,75611,29,3346.26,52036,100204,0.7211755160912287,0
2023-07-28 10:56:18,3350.7,75611,4,3346.26,52036,100204,0.685116740286659,0
2023-07-28 10:56:18,3350.7,75611,1,3346.26,52036,100204,0.685116740286659,0
2023-07-28 10:56:18,3350.7,75611,1,3346.26,52036,100204,0.685116740286659,0
2023-07-28 10:56:21,3350.7,75622,1,3346.26,51888,100699,0.685116740286659,0
2023-07-28 10:56:21,3350.7,75622,1,3346.26,51888,100699,0.685116740286659,0
2023-07-28 10:56:21,3350.7,75622,1,3346.26,51888,100699,0.685116740286659,0
2023-07-28 10:56:21,3350.7,75622,1,3346.26,51888,100699,0.685116740286659,0
2023-07-28 10:56:21,3350.7,75622,1,3346.26,51888,100699,0.685116740286659,0
2023-07-28 10:56:21,3350.7,75622,1,3346.26,51888,100699,0.685116740286659,0
2023-07-28 10:56:21,3350.7,75622,1,3346.26,51888,100699,0.685116740286659,0
2023-07-28 10:56:24,3350.7,75624,1,3346.26,51886,100439,0.685116740286659,0
2023-07-28 10:56:24,3350.7,75624,1,3346.26,51865,100318,0.685116740286659,0
2023-07-28 10:56:24,3350.7,75624,1,3346.26,51780,100507,0.685116740286659,0
2023-07-28 10:56:24,3350.7,75624,13,3346.26,51780,100507,0.685116740286659,0
2023-07-28 10:56:24,3350.7,75624,46,3346.26,51780,100507,0.685116740286659,0
2023-07-28 10:56:24,3351.65,75624,3,3346.26,51780,100507,0.713663271131945,0
2023-07-28 10:56:44,3350.1,75721,33,3346.27,51683,100500,0.6670873523843811,0
2023-07-28 10:56:44,3350.1,75721,33,3346.27,51704,100596,0.6670873523843811,0
2023-07-28 10:56:44,3350.1,75721,33,3346.27,52954,100915,0.6670873523843811,0
2023-07-28 10:56:44,3350.7,75721,5,3346.27,52954,100915,0.685116740286659,0
2023-07-28 10:56:44,3350.7,75721,10,3346.27,52954,100915,0.685116740286659,0
2023-07-28 10:56:58,3350.7,75736,10,3346.27,52915,100916,0.685116740286659,0
2023-07-28 10:56:58,3350.1,75736,59,3346.27,52915,100916,0.6670873523843811,0
2023-07-28 10:57:02,3350.1,75804,59,3346.27,52878,100952,0.6670873523843811,0
2023-07-28 10:57:02,3350.1,75804,59,3346.27,52873,100902,0.6670873523843811,0
2023-07-28 10:57:10,3350.1,75825,21,3346.27,52835,100918,0.6670873523843811,0
2023-07-28 10:57:10,3350.0,75825,2,3346.27,52835,100918,0.6640824544006704,0
2023-07-28 10:57:14,3350.0,75940,2,3346.28,52856,101298,0.6640824544006704,0
2023-07-28 10:57:14,3350.0,75940,2,3346.28,52908,101235,0.6640824544006704,0
2023-07-28 10:57:14,3350.1,75940,10,3346.28,52908,101235,0.6670873523843811,0
2023-07-28 10:57:23,3350.1,75950,10,3346.28,52811,101270,0.6670873523843811,0
2023-07-28 10:57:23,3350.1,75950,10,3346.28,52839,101270,0.6670873523843811,0
2023-07-28 10:57:23,3350.1,75950,10,3346.28,52939,101239,0.6670873523843811,0
2023-07-28 10:57:23,3350.1,75950,10,3346.28,53028,101324,0.6670873523843811,0
2023-07-28 10:57:23,3350.6,75950,3,3346.28,53028,101324,0.6821118423029483,0
2023-07-28 10:57:40,3350.6,75953,3,3346.28,53085,101321,0.6821118423029483,0
2023-07-28 10:57:40,3350.6,75953,3,3346.28,53038,101343,0.6821118423029483,0
2023-07-28 10:57:40,3350.6,75953,3,3346.28,53034,101321,0.6821118423029483,0
2023-07-28 10:57:40,3350.6,75953,2,3346.28,53034,101321,0.6821118423029483,0
2023-07-28 10:57:40,3350.0,75953,10,3346.28,53034,101321,0.6640824544006704,0
2023-07-28 10:57:53,3350.0,75975,10,3346.28,52803,101424,0.6640824544006704,0
2023-07-28 10:57:53,3350.6,75975,1,3346.28,52976,101202,0.6821118423029483,0
2023-07-28 10:57:58,3350.6,75976,1,3346.28,53008,101387,0.6821118423029483,0
2023-07-28 10:58:06,3350.05,76026,50,3346.28,53006,101352,0.6655849033925325,0
2023-07-28 10:58:06,3350.6,76026,1,3346.28,53006,101352,0.6821118423029483,0
2023-07-28 10:58:10,3350.6,76080,2,3346.29,52960,101311,0.6821118423029483,0
2023-07-28 10:58:10,3350.6,76080,1,3346.29,52960,101311,0.6821118423029483,0
2023-07-28 10:58:10,3350.1,76080,50,3346.29,52960,101311,0.6670873523843811,0
2023-07-28 10:58:13,3350.1,76131,50,3346.29,52909,101257,0.6670873523843811,0
2023-07-28 10:58:13,3350.6,76131,1,3346.29,52909,101257,0.6821118423029483,0
2023-07-28 10:58:17,3350.6,76132,1,3346.29,52897,101117,0.6821118423029483,0
2023-07-28 10:58:17,3350.6,76132,1,3346.29,52493,101423,0.6821118423029483,0
2023-07-28 10:58:17,3350.6,76132,1,3346.29,52773,101244,0.6821118423029483,0
2023-07-28 10:58:17,3350.05,76132,5,3346.29,52773,101244,0.6655849033925325,0
2023-07-28 10:58:28,3350.05,76137,5,3346.29,52561,101295,0.6655849033925325,0
2023-07-28 10:58:28,3350.0,76137,1,3346.29,52561,101295,0.6640824544006704,0
2023-07-28 10:58:28,3350.0,76137,50,3346.29,52561,101295,0.6640824544006704,0
2023-07-28 10:58:32,3350.0,76188,50,3346.29,52567,101247,0.6640824544006704,0
2023-07-28 10:58:32,3350.0,76188,3,3346.29,52567,101247,0.6640824544006704,0
2023-07-28 10:58:36,3350.0,76343,3,3346.3,52633,101116,0.6640824544006704,0
2023-07-28 10:58:36,3350.6,76343,1,3346.3,52633,101116,0.6821118423029483,0
2023-07-28 10:58:42,3350.6,76344,1,3346.3,52771,101044,0.6821118423029483,0
2023-07-28 10:58:42,3350.6,76344,1,3346.3,52753,101080,0.6821118423029483,0
2023-07-28 10:58:42,3350.6,76344,1,3346.3,52753,101080,0.6821118423029483,0
2023-07-28 10:58:42,3350.6,76344,1,3346.3,52476,101317,0.6821118423029483,0
2023-07-28 10:58:42,3350.6,76344,8,3346.3,52476,101317,0.6821118423029483,0
2023-07-28 10:58:56,3350.6,76359,8,3346.3,52564,101272,0.6821118423029483,0
2023-07-28 10:58:56,3350.6,76359,8,3346.3,52581,101275,0.6821118423029483,0
2023-07-28 10:58:56,3350.05,76359,9,3346.3,52581,101275,0.6655849033925325,0
2023-07-28 10:59:05,3350.6,76368,43,3346.3,52739,101278,0.6821118423029483,0
2023-07-28 10:59:07,3350.1,76421,10,3346.3,52619,101077,0.6670873523843811,0
2023-07-28 10:59:07,3350.1,76421,10,3346.3,51755,101173,0.6670873523843811,0
2023-07-28 10:59:07,3350.1,76421,10,3346.3,52578,101173,0.6670873523843811,0
2023-07-28 10:59:07,3350.1,76421,10,3346.3,52566,101173,0.6670873523843811,0
2023-07-28 10:59:07,3350.1,76421,10,3346.3,52566,101152,0.6670873523843811,0
2023-07-28 10:59:07,3350.1,76421,10,3346.3,52556,101152,0.6670873523843811,0
2023-07-28 10:59:07,3350.1,76421,10,3346.3,52514,101183,0.6670873523843811,0
2023-07-28 10:59:07,3350.1,76421,10,3346.3,52509,101199,0.6670873523843811,0
2023-07-28 10:59:07,3350.1,76421,10,3346.3,52515,101199,0.6670873523843811,0
2023-07-28 10:59:07,3350.1,76421,10,3346.3,52515,101200,0.6670873523843811,0
2023-07-28 10:59:07,3350.1,76421,10,3346.3,52571,101404,0.6670873523843811,0
2023-07-28 10:59:07,3350.1,76421,10,3346.3,51696,101405,0.6670873523843811,0
2023-07-28 10:59:07,3350.1,76421,10,3346.3,51933,101389,0.6670873523843811,0
2023-07-28 10:59:07,3350.1,76421,10,3346.3,51933,101389,0.6670873523843811,0
2023-07-28 10:59:07,3350.1,76421,10,3346.3,52105,101311,0.6670873523843811,0
2023-07-28 10:59:07,3350.1,76421,10,3346.3,52105,101311,0.6670873523843811,0
2023-07-28 10:59:07,3350.1,76421,10,3346.3,52105,101311,0.6670873523843811,0
2023-07-28 10:59:07,3350.1,76421,10,3346.3,53005,101134,0.6670873523843811,0
2023-07-28 10:59:07,3350.1,76421,10,3346.3,53005,101134,0.6670873523843811,0
2023-07-28 10:59:07,3350.1,76421,10,3346.3,53005,101134,0.6670873523843811,0
2023-07-28 10:59:07,3350.1,76421,10,3346.3,53005,101134,0.6670873523843811,0
2023-07-28 10:59:07,3350.1,76421,10,3346.3,52993,101134,0.6670873523843811,0
2023-07-28 10:59:07,3350.1,76421,10,3346.3,52993,101134,0.6670873523843811,0
2023-07-28 10:59:07,3350.1,76421,10,3346.3,52999,101198,0.6670873523843811,0
2023-07-28 10:59:29,3350.5,76446,25,3346.31,52904,101023,0.6791069443192376,0
2023-07-28 10:59:29,3350.5,76446,25,3346.31,52865,101091,0.6791069443192376,0
2023-07-28 10:59:29,3350.5,76446,25,3346.31,52854,101106,0.6791069443192376,0
2023-07-28 10:59:29,3350.5,76446,25,3346.31,52873,101078,0.6791069443192376,0
2023-07-28 10:59:29,3350.5,76446,25,3346.31,52846,101111,0.6791069443192376,0
2023-07-28 10:59:29,3350.1,76446,2,3346.31,52846,101111,0.6670873523843811,0
2023-07-28 10:59:29,3350.2,76446,9,3346.31,52846,101111,0.6700922503680918,0
2023-07-28 10:59:34,3350.0,76463,11,3346.31,52853,101122,0.6640824544006704,0
2023-07-28 10:59:34,3350.0,76463,26,3346.31,52853,101122,0.6640824544006704,0
2023-07-28 10:59:35,3350.0,76533,26,3346.31,52748,101288,0.6640824544006704,0
2023-07-28 10:59:35,3350.0,76533,26,3346.31,52764,101336,0.6640824544006704,0
2023-07-28 10:59:35,3350.0,76533,26,3346.31,51889,101336,0.6640824544006704,0
2023-07-28 10:59:35,3350.0,76533,26,3346.31,52756,101336,0.6640824544006704,0
2023-07-28 10:59:35,3350.0,76533,26,3346.31,52769,101161,0.6640824544006704,0
2023-07-28 10:59:35,3350.0,76533,26,3346.31,52769,101336,0.6640824544006704,0
2023-07-28 10:59:35,3350.0,76533,26,3346.31,52769,101161,0.6640824544006704,0
2023-07-28 10:59:35,3350.0,76533,26,3346.31,51958,101336,0.6640824544006704,0
2023-07-28 10:59:35,3350.0,76533,26,3346.31,52825,101334,0.6640824544006704,0
2023-07-28 10:59:35,3350.0,76533,26,3346.31,52857,101350,0.6640824544006704,0
2023-07-28 10:59:35,3350.0,76533,1,3346.31,51936,101451,0.6640824544006704,0
2023-07-28 10:59:48,3350.0,76534,1,3346.31,52782,101653,0.6640824544006704,0
2023-07-28 10:59:48,3350.0,76534,1,3346.31,52782,101275,0.6640824544006704,0
2023-07-28 10:59:48,3350.0,76534,1,3346.31,52782,101625,0.6640824544006704,0
2023-07-28 10:59:48,3350.0,76534,1,3346.31,52782,101775,0.6640824544006704,0
2023-07-28 10:59:48,3350.0,76534,1,3346.31,52782,101775,0.6640824544006704,0
2023-07-28 10:59:48,3350.0,76534,1,3346.31,52782,101778,0.6640824544006704,0
2023-07-28 10:59:48,3350.0,76534,1,3346.31,52782,101828,0.6640824544006704,0
2023-07-28 10:59:48,3351.0,76534,1,3346.31,52782,101814,0.6941314342378049,0
2023-07-28 10:59:57,3351.0,76535,1,3346.31,52782,101820,0.6941314342378049,0
2023-07-28 10:59:57,3351.0,76535,1,3346.31,52783,101804,0.6941314342378049,0
2023-07-28 10:59:57,3351.0,76535,1,3346.31,52783,101839,0.6941314342378049,0
2023-07-28 10:59:57,3351.0,76535,1,3346.31,52783,101839,0.6941314342378049,0
2023-07-28 11:00:01,3351.0,76536,1,3346.31,51049,101783,0.6941314342378049,0
2023-07-28 11:00:01,3351.0,76536,1,3346.31,52799,101783,0.6941314342378049,0
2023-07-28 11:00:01,3351.0,76536,1,3346.31,52799,101783,0.6941314342378049,0
2023-07-28 11:00:01,3351.0,76536,1,3346.31,51924,101784,0.6941314342378049,0
2023-07-28 11:00:01,3350.0,76536,10,3346.31,52799,101784,0.6640824544006704,0
2023-07-28 11:00:07,3350.0,76546,10,3346.31,52758,101822,0.6640824544006704,0
2023-07-28 11:00:07,3351.0,76546,1,3346.31,52758,101822,0.6941314342378049,0
2023-07-28 11:00:07,3351.0,76547,1,3346.31,52758,101815,0.6941314342378049,0
2023-07-28 11:00:07,3351.0,76547,1,3346.31,52758,101835,0.6941314342378049,0
2023-07-28 11:00:07,3351.0,76547,1,3346.31,52960,101462,0.6941314342378049,0
2023-07-28 11:00:07,3351.0,76547,1,3346.31,52941,101462,0.6941314342378049,0
2023-07-28 11:00:07,3351.0,76547,1,3346.31,53079,101465,0.6941314342378049,0
2023-07-28 11:00:07,3351.0,76547,1,3346.31,53071,101465,0.6941314342378049,0
2023-07-28 11:00:14,3350.1,76552,5,3346.31,52976,101637,0.6670873523843811,0
2023-07-28 11:00:14,3350.1,76552,5,3346.31,53010,101637,0.6670873523843811,0
2023-07-28 11:00:14,3350.1,76552,5,3346.31,53059,101303,0.6670873523843811,0
2023-07-28 11:00:14,3350.85,76552,3,3346.31,53059,101303,0.689624087262232,0
2023-07-28 11:00:17,3350.85,76555,3,3346.31,53056,101653,0.689624087262232,0
2023-07-28 11:00:17,3350.85,76555,3,3346.31,53056,101653,0.689624087262232,0
2023-07-28 11:00:17,3350.85,76555,25,3346.31,53056,101653,0.689624087262232,0
2023-07-28 11:00:19,3351.0,76580,1,3346.31,52977,101639,0.6941314342378049,0
2023-07-28 11:00:21,3351.0,76582,1,3346.31,52998,101627,0.6941314342378049,0
2023-07-28 11:00:21,3351.0,76582,1,3346.31,52991,101477,0.6941314342378049,0
2023-07-28 11:00:21,3351.0,76582,1,3346.31,52983,101477,0.6941314342378049,0
2023-07-28 11:00:21,3351.0,76582,1,3346.31,52983,101477,0.6941314342378049,0
2023-07-28 11:00:21,3351.0,76582,1,3346.31,53065,101486,0.6941314342378049,0
2023-07-28 11:00:21,3351.0,76582,1,3346.31,52919,101523,0.6941314342378049,0
2023-07-28 11:00:21,3351.0,76582,1,3346.31,52962,101548,0.6941314342378049,0
2023-07-28 11:00:21,3351.0,76582,1,3346.31,52200,101377,0.6941314342378049,0
2023-07-28 11:00:21,3351.0,76582,1,3346.31,53208,101500,0.6941314342378049,0
2023-07-28 11:00:21,3351.0,76582,1,3346.31,53199,101343,0.6941314342378049,0
2023-07-28 11:00:21,3351.0,76582,1,3346.31,53145,101515,0.6941314342378049,0
2023-07-28 11:00:21,3351.0,76582,1,3346.31,53061,101225,0.6941314342378049,0
2023-07-28 11:00:21,3351.0,76582,1,3346.31,53061,101575,0.6941314342378049,0
2023-07-28 11:00:21,3351.0,76582,1,3346.31,53061,101400,0.6941314342378049,0
2023-07-28 11:00:21,3350.95,76582,10,3346.31,53061,101400,0.6926289852459426,0
2023-07-28 11:00:35,3350.95,76592,10,3346.31,53044,100481,0.6926289852459426,0
2023-07-28 11:00:35,3350.95,76592,1,3346.31,53044,100481,0.6926289852459426,0
2023-07-28 11:00:36,3350.95,76593,1,3346.31,53112,101530,0.6926289852459426,0
2023-07-28 11:00:36,3350.95,76593,1,3346.31,53063,101530,0.6926289852459426,0
2023-07-28 11:00:36,3351.0,76593,1,3346.31,53063,101530,0.6941314342378049,0
2023-07-28 11:00:38,3351.05,76706,2,3346.32,53339,101243,0.695633883229667,0
2023-07-28 11:00:39,3351.05,76714,2,3346.32,53333,101168,0.695633883229667,0
2023-07-28 11:00:39,3351.05,76714,2,3346.32,53206,101168,0.695633883229667,0
2023-07-28 11:00:39,3351.05,76714,2,3346.32,53173,101517,0.695633883229667,0
2023-07-28 11:00:39,3351.05,76714,2,3346.32,53240,101563,0.695633883229667,0
2023-07-28 11:00:43,3352.0,76856,1,3346.33,52260,101398,0.7241804140749394,0
2023-07-28 11:00:44,3352.0,76862,5,3346.33,53122,101377,0.7241804140749394,0
2023-07-28 11:00:44,3352.0,76862,5,3346.33,53310,101376,0.7241804140749394,0
2023-07-28 11:00:47,3352.0,76864,2,3346.33,53409,101390,0.7241804140749394,0
2023-07-28 11:00:48,3351.0,76876,12,3346.33,53455,101343,0.6941314342378049,0
2023-07-28 11:00:48,3352.0,76876,1,3346.33,53455,101343,0.7241804140749394,0
2023-07-28 11:00:49,3352.0,76877,1,3346.33,53435,101346,0.7241804140749394,0
2023-07-28 11:00:49,3352.0,76877,1,3346.33,53456,101336,0.7241804140749394,0
2023-07-28 11:00:49,3352.0,76877,1,3346.33,53470,101326,0.7241804140749394,0
2023-07-28 11:00:54,3352.5,78478,3,3346.45,53548,100758,0.7392049039935067,0
2023-07-28 11:00:54,3353.0,78478,30,3346.45,53548,100758,0.7542293939120739,0
2023-07-28 11:00:55,3353.55,78531,8,3346.45,53810,100692,0.7707563328225034,0
2023-07-28 11:00:55,3353.9,78531,20,3346.45,53810,100692,0.7812734757654978,0
2023-07-28 11:00:55,3353.9,78563,1,3346.45,53804,100688,0.7812734757654978,0
2023-07-28 11:00:57,3353.9,78564,5,3346.45,53825,100677,0.7812734757654978,0
2023-07-28 11:00:58,3353.9,78569,29,3346.45,53877,100672,0.7812734757654978,0
2023-07-28 11:00:59,3353.9,78598,29,3346.46,52942,100420,0.7812734757654978,0
2023-07-28 11:01:00,3353.95,78599,1,3346.46,53827,100690,0.7827759247573463,0
2023-07-28 11:01:00,3353.95,78599,1,3346.46,53836,100722,0.7827759247573463,0
2023-07-28 11:01:00,3353.95,78599,1,3346.46,53843,100739,0.7827759247573463,0
2023-07-28 11:01:00,3353.95,78599,1,3346.46,53846,100739,0.7827759247573463,0
2023-07-28 11:01:00,3353.95,78599,1,3346.46,53844,100739,0.7827759247573463,0
2023-07-28 11:01:00,3353.95,78599,1,3346.46,53165,100241,0.7827759247573463,0
2023-07-28 11:01:00,3353.95,78599,1,3346.46,52109,100109,0.7827759247573463,0
2023-07-28 11:01:00,3353.7,78599,1,3346.46,51930,100389,0.7752636797980627,0
2023-07-28 11:01:09,3353.7,78600,1,3346.46,52051,100282,0.7752636797980627,0
2023-07-28 11:01:09,3353.7,78600,1,3346.46,52886,100368,0.7752636797980627,0
2023-07-28 11:01:09,3353.7,78600,1,3346.46,52879,100227,0.7752636797980627,0
2023-07-28 11:01:09,3353.7,78600,1,3346.46,52071,100207,0.7752636797980627,0
2023-07-28 11:01:09,3353.75,78600,1,3346.46,52071,100207,0.7767661287899248,0
2023-07-28 11:01:14,3353.75,78601,1,3346.46,52798,100211,0.7767661287899248,0
2023-07-28 11:01:14,3353.75,78601,1,3346.46,52811,100211,0.7767661287899248,0
2023-07-28 11:01:14,3353.75,78601,1,3346.46,52806,100257,0.7767661287899248,0
2023-07-28 11:01:14,3352.05,78601,10,3346.46,52806,100257,0.7256828630668016,0
2023-07-28 11:01:18,3352.05,78611,10,3346.46,52756,100543,0.7256828630668016,0
2023-07-28 11:01:19,3352.1,78612,1,3346.46,52756,100440,0.7271853120586501,0
2023-07-28 11:01:19,3352.1,78612,1,3346.46,52768,100377,0.7271853120586501,0
2023-07-28 11:01:19,3352.1,78612,1,3346.46,52647,100349,0.7271853120586501,0
2023-07-28 11:01:22,3353.45,78613,1,3346.46,52688,100377,0.7677514348387791,0
2023-07-28 11:01:22,3353.45,78613,1,3346.46,52689,100198,0.7677514348387791,0
2023-07-28 11:01:22,3353.45,78613,1,3346.46,51910,100378,0.7677514348387791,0
2023-07-28 11:01:22,3353.45,78613,1,3346.46,52878,100206,0.7677514348387791,0
2023-07-28 11:01:22,3353.45,78613,1,3346.46,53170,100762,0.7677514348387791,0
2023-07-28 11:01:22,3353.45,78613,1,3346.46,53152,100701,0.7677514348387791,0
2023-07-28 11:01:22,3353.45,78613,1,3346.46,53310,100690,0.7677514348387791,0
2023-07-28 11:01:22,3353.45,78613,1,3346.46,53308,100830,0.7677514348387791,0
2023-07-28 11:01:22,3353.45,78613,1,3346.46,53249,100810,0.7677514348387791,0
2023-07-28 11:01:22,3353.45,78613,1,3346.46,53228,100819,0.7677514348387791,0
2023-07-28 11:01:22,3353.45,78613,1,3346.46,53199,100885,0.7677514348387791,0
2023-07-28 11:01:22,3353.45,78613,1,3346.46,53227,100854,0.7677514348387791,0
2023-07-28 11:01:22,3353.45,78613,1,3346.46,53165,100665,0.7677514348387791,0
2023-07-28 11:01:22,3353.45,78613,1,3346.46,53157,100857,0.7677514348387791,0
2023-07-28 11:01:22,3353.45,78613,1,3346.46,53055,100817,0.7677514348387791,0
2023-07-28 11:01:22,3353.45,78613,1,3346.46,53003,100887,0.7677514348387791,0
2023-07-28 11:01:22,3353.45,78613,1,3346.46,52025,100947,0.7677514348387791,0
2023-07-28 11:01:22,3353.45,78613,1,3346.46,52976,100778,0.7677514348387791,0
2023-07-28 11:01:22,3353.45,78613,1,3346.46,52129,100889,0.7677514348387791,0
2023-07-28 11:01:22,3353.45,78613,1,3346.46,53063,100746,0.7677514348387791,0
2023-07-28 11:01:22,3353.45,78613,1,3346.46,53071,100893,0.7677514348387791,0
2023-07-28 11:01:44,3352.2,78615,2,3346.46,53008,100922,0.7301902100423608,0
2023-07-28 11:01:44,3352.2,78615,2,3346.46,53008,100894,0.7301902100423608,0
2023-07-28 11:01:44,3352.2,78615,2,3346.46,53059,100719,0.7301902100423608,0
2023-07-28 11:01:44,3353.4,78615,9,3346.46,53059,100719,0.7662489858469305,0
2023-07-28 11:01:46,3353.4,78625,9,3346.46,53229,100856,0.7662489858469305,0
2023-07-28 11:01:46,3353.4,78625,9,3346.46,53231,100824,0.7662489858469305,0
2023-07-28 11:01:46,3351.9,78625,1,3346.46,53242,100824,0.7211755160912287,0
2023-07-28 11:01:49,3351.9,78626,1,3346.46,52154,100958,0.7211755160912287,0
2023-07-28 11:01:49,3351.9,78626,1,3346.46,52986,100961,0.7211755160912287,0
2023-07-28 11:01:49,3353.3,78626,4,3346.46,52986,100961,0.7632440878632197,0
2023-07-28 11:01:51,3353.3,78646,4,3346.46,52242,100853,0.7632440878632197,0
2023-07-28 11:01:51,3353.3,78646,4,3346.46,53080,100681,0.7632440878632197,0
2023-07-28 11:01:51,3353.3,78646,4,3346.46,52209,100877,0.7632440878632197,0
2023-07-28 11:01:51,3353.3,78646,4,3346.46,52857,100842,0.7632440878632197,0
2023-07-28 11:01:51,3353.3,78646,4,3346.46,52968,99836,0.7632440878632197,0
2023-07-28 11:01:51,3353.3,78646,4,3346.46,53055,100679,0.7632440878632197,0
2023-07-28 11:01:51,3351.4,78646,40,3346.46,53055,100679,0.7061510261726615,0
2023-07-28 11:01:59,3351.4,78686,40,3346.46,52944,100712,0.7061510261726615,0
2023-07-28 11:01:59,3351.4,78686,40,3346.46,52905,100740,0.7061510261726615,0
2023-07-28 11:01:59,3351.4,78686,40,3346.46,52910,100735,0.7061510261726615,0
2023-07-28 11:01:59,3351.4,78686,40,3346.46,52906,100560,0.7061510261726615,0
2023-07-28 11:01:59,3351.4,78686,40,3346.46,52906,100570,0.7061510261726615,0
2023-07-28 11:01:59,3351.4,78686,40,3346.46,52941,100745,0.7061510261726615,0
2023-07-28 11:01:59,3351.4,78686,40,3346.46,52946,100395,0.7061510261726615,0
2023-07-28 11:02:10,3353.1,78786,2,3346.47,52995,100509,0.7572342918957846,0
2023-07-28 11:02:10,3353.1,78786,2,3346.47,52995,100509,0.7572342918957846,0
2023-07-28 11:02:10,3353.1,78786,2,3346.47,53112,100541,0.7572342918957846,0
2023-07-28 11:02:10,3352.05,78786,1,3346.47,53136,100716,0.7256828630668016,0
2023-07-28 11:02:12,3352.05,78787,1,3346.47,52989,100659,0.7256828630668016,0
2023-07-28 11:02:12,3352.05,78787,1,3346.47,52989,100834,0.7256828630668016,0
2023-07-28 11:02:12,3352.05,78787,1,3346.47,52999,100809,0.7256828630668016,0
2023-07-28 11:02:12,3352.05,78787,1,3346.47,53012,100733,0.7256828630668016,0
2023-07-28 11:02:12,3352.05,78787,1,3346.47,52992,100733,0.7256828630668016,0
2023-07-28 11:02:12,3352.05,78787,1,3346.47,53012,100733,0.7256828630668016,0
2023-07-28 11:02:12,3352.05,78787,1,3346.47,52242,100729,0.7256828630668016,0
2023-07-28 11:02:12,3352.05,78787,1,3346.47,53050,101033,0.7256828630668016,0
2023-07-28 11:02:12,3352.05,78787,1,3346.47,53110,100716,0.7256828630668016,0
2023-07-28 11:02:12,3352.05,78787,1,3346.47,53110,100716,0.7256828630668016,0
2023-07-28 11:02:12,3352.05,78787,1,3346.47,52139,100734,0.7256828630668016,0
2023-07-28 11:02:12,3352.05,78787,1,3346.47,53122,100796,0.7256828630668016,0
2023-07-28 11:02:12,3352.05,78787,1,3346.47,53122,100796,0.7256828630668016,0
2023-07-28 11:02:12,3352.05,78787,1,3346.47,53097,100882,0.7256828630668016,0
2023-07-28 11:02:12,3352.05,78787,1,3346.47,53097,100882,0.7256828630668016,0
2023-07-28 11:02:12,3352.05,78787,1,3346.47,53097,100882,0.7256828630668016,0
2023-07-28 11:02:12,3352.05,78787,1,3346.47,53100,100901,0.7256828630668016,0
2023-07-28 11:02:12,3352.05,78787,1,3346.47,53183,100811,0.7256828630668016,0
2023-07-28 11:02:12,3352.05,78787,1,3346.47,53147,100641,0.7256828630668016,0
2023-07-28 11:02:29,3352.3,78827,3,3346.47,53048,100801,0.7331951080260852,0
2023-07-28 11:02:29,3352.3,78827,3,3346.47,52978,100830,0.7331951080260852,0
2023-07-28 11:02:29,3352.3,78827,3,3346.47,52980,100869,0.7331951080260852,0
2023-07-28 11:02:29,3352.3,78827,3,3346.47,53079,100660,0.7331951080260852,0
2023-07-28 11:02:29,3352.3,78827,3,3346.47,53126,100660,0.7331951080260852,0
2023-07-28 11:02:29,3352.3,78827,3,3346.47,53018,100630,0.7331951080260852,0
2023-07-28 11:02:29,3352.3,78827,3,3346.47,53054,100582,0.7331951080260852,0
2023-07-28 11:02:29,3352.3,78827,3,3346.47,53050,100630,0.7331951080260852,0
2023-07-28 11:02:29,3352.3,78827,3,3346.47,53027,100496,0.7331951080260852,0
2023-07-28 11:02:29,3352.3,78827,3,3346.47,52891,100538,0.7331951080260852,0
2023-07-28 11:02:29,3352.3,78827,3,3346.47,52232,100721,0.7331951080260852,0
2023-07-28 11:02:29,3352.3,78827,3,3346.47,52855,100554,0.7331951080260852,0
2023-07-28 11:02:45,3352.05,78837,10,3346.48,52825,100303,0.7256828630668016,0
2023-07-28 11:02:45,3352.05,78837,10,3346.48,53162,101330,0.7256828630668016,0
2023-07-28 11:02:45,3352.05,78837,10,3346.48,53168,101155,0.7256828630668016,0
2023-07-28 11:02:45,3352.05,78837,10,3346.48,53168,101330,0.7256828630668016,0
2023-07-28 11:02:45,3352.05,78837,10,3346.48,53181,101350,0.7256828630668016,0
2023-07-28 11:02:45,3352.05,78837,10,3346.48,52285,101061,0.7256828630668016,0
2023-07-28 11:02:53,3352.05,78838,1,3346.48,53138,101461,0.7256828630668016,0
2023-07-28 11:02:53,3352.05,78838,1,3346.48,53111,101285,0.7256828630668016,0
2023-07-28 11:02:53,3352.05,78838,1,3346.48,53089,101288,0.7256828630668016,0
2023-07-28 11:02:53,3352.05,78838,1,3346.48,53103,101460,0.7256828630668016,0
2023-07-28 11:02:53,3352.05,78838,1,3346.48,53102,101460,0.7256828630668016,0
2023-07-28 11:02:53,3352.05,78838,1,3346.48,53102,101134,0.7256828630668016,0
2023-07-28 11:02:53,3352.05,78838,1,3346.48,53107,101505,0.7256828630668016,0
2023-07-28 11:02:53,3352.05,78838,1,3346.48,53145,101109,0.7256828630668016,0
2023-07-28 11:02:53,3352.05,78838,1,3346.48,53179,101459,0.7256828630668016,0
2023-07-28 11:02:53,3352.05,78838,1,3346.48,53187,101284,0.7256828630668016,0
2023-07-28 11:02:53,3352.05,78838,1,3346.48,52926,101456,0.7256828630668016,0
2023-07-28 11:02:53,3352.05,78838,1,3346.48,52885,101106,0.7256828630668016,0
2023-07-28 11:02:53,3352.05,78838,1,3346.48,52921,101461,0.7256828630668016,0
2023-07-28 11:02:53,3352.05,78838,1,3346.48,52921,101457,0.7256828630668016,0
2023-07-28 11:02:53,3352.05,78838,1,3346.48,52921,101457,0.7256828630668016,0
2023-07-28 11:02:53,3352.05,78838,1,3346.48,52893,101457,0.7256828630668016,0
2023-07-28 11:02:53,3352.05,78838,1,3346.48,52896,101457,0.7256828630668016,0
2023-07-28 11:02:53,3352.05,78838,1,3346.48,52896,101457,0.7256828630668016,0
2023-07-28 11:02:53,3352.05,78838,1,3346.48,52896,101457,0.7256828630668016,0
2023-07-28 11:02:53,3352.05,78838,1,3346.48,52896,101457,0.7256828630668016,0
2023-07-28 11:02:53,3352.05,78838,1,3346.48,52896,101455,0.7256828630668016,0
2023-07-28 11:02:53,3352.05,78838,1,3346.48,52901,101455,0.7256828630668016,0
2023-07-28 11:02:53,3352.05,78838,1,3346.48,53088,101416,0.7256828630668016,0
2023-07-28 11:02:53,3352.05,78838,1,3346.48,53075,101431,0.7256828630668016,0
2023-07-28 11:03:24,3351.7,78839,1,3346.48,53086,101432,0.7151657201237935,0
2023-07-28 11:03:24,3351.7,78839,1,3346.48,53094,101390,0.7151657201237935,0
2023-07-28 11:03:24,3351.7,78839,1,3346.48,53126,101218,0.7151657201237935,0
2023-07-28 11:03:24,3351.7,78839,1,3346.48,53137,101378,0.7151657201237935,0
2023-07-28 11:03:24,3351.7,78839,1,3346.48,53138,101378,0.7151657201237935,0
2023-07-28 11:03:24,3351.7,78839,1,3346.48,53147,101419,0.7151657201237935,0
2023-07-28 11:03:24,3351.7,78839,1,3346.48,53132,101076,0.7151657201237935,0
2023-07-28 11:03:24,3351.7,78839,1,3346.48,53126,101103,0.7151657201237935,0
2023-07-28 11:03:24,3351.7,78839,1,3346.48,52190,101316,0.7151657201237935,0
2023-07-28 11:03:24,3351.7,78839,1,3346.48,53118,101475,0.7151657201237935,0
2023-07-28 11:03:24,3351.7,78839,1,3346.48,52864,100597,0.7151657201237935,0
2023-07-28 11:03:24,3351.7,78839,1,3346.48,52008,101325,0.7151657201237935,0
2023-07-28 11:03:24,3351.7,78839,1,3346.48,52885,101509,0.7151657201237935,0
2023-07-28 11:03:24,3351.7,78839,1,3346.48,52908,101509,0.7151657201237935,0
2023-07-28 11:03:24,3351.7,78839,1,3346.48,52889,101159,0.7151657201237935,0
2023-07-28 11:03:39,3351.0,78844,5,3346.48,52892,101339,0.6941314342378049,0
2023-07-28 11:03:39,3351.0,78844,5,3346.48,52917,101514,0.6941314342378049,0
2023-07-28 11:03:39,3351.0,78844,5,3346.48,52901,101328,0.6941314342378049,0
2023-07-28 11:03:39,3351.0,78844,5,3346.48,52907,101519,0.6941314342378049,0
2023-07-28 11:03:39,3352.05,78844,9,3346.48,52907,101519,0.7256828630668016,0
2023-07-28 11:03:44,3352.05,78854,9,3346.48,52907,101520,0.7256828630668016,0
2023-07-28 11:03:44,3352.05,78854,9,3346.48,53061,101325,0.7256828630668016,0
2023-07-28 11:03:44,3352.05,78854,9,3346.48,53108,101511,0.7256828630668016,0
2023-07-28 11:03:44,3352.05,78854,9,3346.48,53114,101521,0.7256828630668016,0
2023-07-28 11:03:44,3352.05,78854,9,3346.48,53123,101333,0.7256828630668016,0
2023-07-28 11:03:44,3352.05,78854,9,3346.48,53089,101512,0.7256828630668016,0
2023-07-28 11:03:44,3352.05,78854,9,3346.48,53069,101348,0.7256828630668016,0
2023-07-28 11:03:44,3352.05,78854,9,3346.48,52233,101303,0.7256828630668016,0
2023-07-28 11:03:44,3352.05,78854,9,3346.48,53104,101322,0.7256828630668016,0
2023-07-28 11:03:44,3352.05,78854,9,3346.48,53133,101492,0.7256828630668016,0
2023-07-28 11:03:44,3352.05,78854,9,3346.48,53134,101322,0.7256828630668016,0
2023-07-28 11:03:44,3352.05,78854,9,3346.48,53130,101502,0.7256828630668016,0
2023-07-28 11:03:58,3351.2,78855,1,3346.48,52282,101460,0.7001412302052263,0
2023-07-28 11:03:58,3351.2,78855,1,3346.48,53189,101521,0.7001412302052263,0
2023-07-28 11:03:58,3351.2,78855,1,3346.48,53182,101339,0.7001412302052263,0
2023-07-28 11:03:58,3351.2,78855,1,3346.48,53182,101164,0.7001412302052263,0
2023-07-28 11:03:58,3351.2,78855,1,3346.48,53168,101164,0.7001412302052263,0
2023-07-28 11:03:58,3351.2,78855,1,3346.48,53172,101542,0.7001412302052263,0
2023-07-28 11:03:58,3351.2,78855,1,3346.48,53140,101537,0.7001412302052263,0
2023-07-28 11:03:58,3351.2,78855,1,3346.48,53136,101537,0.7001412302052263,0
2023-07-28 11:03:58,3351.2,78855,1,3346.48,53180,101519,0.7001412302052263,0
2023-07-28 11:03:58,3351.2,78855,1,3346.48,53158,101155,0.7001412302052263,0
2023-07-28 11:03:58,3351.2,78855,1,3346.48,53131,101339,0.7001412302052263,0
2023-07-28 11:03:58,3351.2,78855,1,3346.48,53141,101518,0.7001412302052263,0
2023-07-28 11:03:58,3351.2,78855,1,3346.48,53127,101347,0.7001412302052263,0
2023-07-28 11:03:58,3351.2,78855,1,3346.48,53138,101487,0.7001412302052263,0
2023-07-28 11:03:58,3351.2,78855,1,3346.48,53162,101506,0.7001412302052263,0
2023-07-28 11:03:58,3351.2,78855,1,3346.48,53140,101643,0.7001412302052263,0
2023-07-28 11:03:58,3351.2,78855,1,3346.48,53186,101487,0.7001412302052263,0
2023-07-28 11:03:58,3351.2,78855,1,3346.48,53103,101606,0.7001412302052263,0
2023-07-28 11:03:58,3351.2,78855,1,3346.48,53104,101471,0.7001412302052263,0
2023-07-28 11:03:58,3351.2,78855,1,3346.48,53088,101626,0.7001412302052263,0
2023-07-28 11:03:58,3351.2,78855,1,3346.48,53112,101650,0.7001412302052263,0
2023-07-28 11:03:58,3351.2,78855,1,3346.48,53124,101455,0.7001412302052263,0
2023-07-28 11:03:58,3351.2,78855,1,3346.48,52935,101422,0.7001412302052263,0
2023-07-28 11:04:25,3352.75,78892,5,3346.48,52937,101568,0.7467171489527903,0
2023-07-28 11:04:25,3352.75,78892,5,3346.48,52937,101568,0.7467171489527903,0
2023-07-28 11:04:25,3352.75,78963,71,3346.48,52972,101322,0.7467171489527903,0
2023-07-28 11:04:25,3352.75,78963,71,3346.48,52972,101497,0.7467171489527903,0
2023-07-28 11:04:25,3352.75,78963,71,3346.48,53055,101400,0.7467171489527903,0
2023-07-28 11:04:25,3352.75,78963,71,3346.48,53104,101441,0.7467171489527903,0
2023-07-28 11:04:25,3353.4,78963,6,3346.48,53104,101441,0.7662489858469305,0
2023-07-28 11:04:30,3353.4,79039,6,3346.49,53255,100781,0.7662489858469305,0
2023-07-28 11:04:30,3353.4,79039,6,3346.49,53264,100853,0.7662489858469305,0
2023-07-28 11:04:30,3353.4,79039,6,3346.49,53260,100789,0.7662489858469305,0
2023-07-28 11:04:30,3353.4,79039,6,3346.49,53092,100853,0.7662489858469305,0
2023-07-28 11:04:30,3353.4,79039,6,3346.49,53192,100853,0.7662489858469305,0
2023-07-28 11:04:30,3353.4,79039,6,3346.49,53160,100854,0.7662489858469305,0
2023-07-28 11:04:30,3353.4,79039,6,3346.49,53088,101825,0.7662489858469305,0
2023-07-28 11:04:30,3353.4,79039,6,3346.49,53070,101562,0.7662489858469305,0
2023-07-28 11:04:30,3353.4,79039,6,3346.49,53068,101530,0.7662489858469305,0
2023-07-28 11:04:30,3353.4,79039,6,3346.49,53063,101510,0.7662489858469305,0
2023-07-28 11:04:30,3353.2,79039,9,3346.49,53071,101778,0.7602391898794953,0
2023-07-28 11:04:30,3353.45,79039,8,3346.49,53071,101778,0.7677514348387791,0
2023-07-28 11:04:44,3353.45,79058,8,3346.49,53292,101628,0.7677514348387791,0
2023-07-28 11:04:44,3353.45,79058,8,3346.49,53307,101618,0.7677514348387791,0
2023-07-28 11:04:44,3353.45,79058,8,3346.49,53310,101438,0.7677514348387791,0
2023-07-28 11:04:44,3353.45,79058,8,3346.49,53254,101309,0.7677514348387791,0
2023-07-28 11:04:44,3353.4,79058,1,3346.49,53117,101522,0.7662489858469305,0
2023-07-28 11:04:50,3353.4,79060,1,3346.49,53149,102108,0.7662489858469305,0
2023-07-28 11:04:50,3353.4,79060,1,3346.49,53131,102108,0.7662489858469305,0
2023-07-28 11:04:50,3353.4,79060,1,3346.49,53152,101795,0.7662489858469305,0
2023-07-28 11:04:50,3353.45,79060,3,3346.49,53150,102156,0.7677514348387791,0
2023-07-28 11:04:54,3352.0,79070,1,3346.49,53169,101604,0.7241804140749394,0
2023-07-28 11:04:54,3352.0,79070,1,3346.49,53235,102182,0.7241804140749394,0
2023-07-28 11:04:54,3353.5,79070,100,3346.49,53235,102182,0.7692538838306412,0
2023-07-28 11:04:57,3353.5,79170,100,3346.5,53116,102165,0.7692538838306412,0
2023-07-28 11:04:57,3353.5,79170,100,3346.5,51226,102139,0.7692538838306412,0
2023-07-28 11:04:57,3353.5,79170,100,3346.5,52996,102142,0.7692538838306412,0
2023-07-28 11:04:57,3353.5,79170,100,3346.5,52228,102047,0.7692538838306412,0
2023-07-28 11:04:57,3353.5,79170,100,3346.5,53188,101770,0.7692538838306412,0
2023-07-28 11:04:57,3353.5,79170,100,3346.5,53177,101751,0.7692538838306412,0
2023-07-28 11:04:57,3353.5,79170,100,3346.5,53224,101749,0.7692538838306412,0
2023-07-28 11:05:05,3353.95,79270,16,3346.51,53167,102064,0.7827759247573463,0
2023-07-28 11:05:05,3353.95,79270,16,3346.51,53144,102008,0.7827759247573463,0
2023-07-28 11:05:05,3353.95,79270,41,3346.51,53174,101835,0.7827759247573463,0
2023-07-28 11:05:07,3353.95,79311,41,3346.52,53142,101812,0.7827759247573463,0
2023-07-28 11:05:07,3353.95,79311,41,3346.52,52995,102118,0.7827759247573463,0
2023-07-28 11:05:07,3352.75,79311,4,3346.52,52116,102141,0.7467171489527903,0
2023-07-28 11:05:07,3353.9,79311,16,3346.52,52116,102141,0.7812734757654978,0
2023-07-28 11:05:07,3351.9,79311,3,3346.52,52116,102141,0.7211755160912287,0
2023-07-28 11:05:11,3351.9,79363,3,3346.52,53089,102195,0.7211755160912287,0
2023-07-28 11:05:11,3351.9,79363,3,3346.52,53071,102276,0.7211755160912287,0
2023-07-28 11:05:11,3351.9,79363,3,3346.52,52187,102268,0.7211755160912287,0
2023-07-28 11:05:14,3353.5,79364,1,3346.52,53070,102136,0.7692538838306412,0
2023-07-28 11:05:14,3353.5,79364,1,3346.52,52927,102182,0.7692538838306412,0
2023-07-28 11:05:14,3352.55,79364,1,3346.52,52924,102178,0.7407073529853688,0
2023-07-28 11:05:17,3352.55,79365,1,3346.52,53169,102001,0.7407073529853688,0
2023-07-28 11:05:18,3353.55,79367,1,3346.52,53190,102054,0.7707563328225034,0
2023-07-28 11:05:18,3353.55,79367,1,3346.52,53193,102034,0.7707563328225034,0
2023-07-28 11:05:18,3353.55,79367,1,3346.52,52400,101400,0.7707563328225034,0
2023-07-28 11:05:18,3353.55,79367,1,3346.52,53161,101551,0.7707563328225034,0
2023-07-28 11:05:18,3353.55,79367,1,3346.52,53161,101551,0.7707563328225034,0
2023-07-28 11:05:23,3352.35,79388,8,3346.52,53213,101537,0.7346975570179337,0
2023-07-28 11:05:23,3352.35,79388,8,3346.52,53213,102237,0.7346975570179337,0
2023-07-28 11:05:23,3352.35,79388,8,3346.52,52322,102088,0.7346975570179337,0
2023-07-28 11:05:23,3352.35,79388,8,3346.52,52322,102088,0.7346975570179337,0
2023-07-28 11:05:23,3352.35,79388,8,3346.52,53171,101565,0.7346975570179337,0
2023-07-28 11:05:23,3352.35,79388,8,3346.52,53171,101565,0.7346975570179337,0
2023-07-28 11:05:23,3352.35,79388,8,3346.52,53101,102312,0.7346975570179337,0
2023-07-28 11:05:23,3352.35,79388,8,3346.52,53101,102312,0.7346975570179337,0
2023-07-28 11:05:23,3352.35,79388,8,3346.52,53292,102098,0.7346975570179337,0
2023-07-28 11:05:23,3352.35,79388,8,3346.52,53239,102141,0.7346975570179337,0
2023-07-28 11:05:23,3352.35,79388,8,3346.52,53234,102141,0.7346975570179337,0
2023-07-28 11:05:32,3353.95,79389,1,3346.52,53213,102140,0.7827759247573463,0
2023-07-28 11:05:32,3353.95,79389,1,3346.52,53201,101965,0.7827759247573463,0
2023-07-28 11:05:32,3353.95,79389,1,3346.52,53269,101956,0.7827759247573463,0
2023-07-28 11:05:32,3353.95,79389,1,3346.52,53267,101956,0.7827759247573463,0
2023-07-28 11:05:32,3353.95,79389,1,3346.52,53313,101781,0.7827759247573463,0
2023-07-28 11:05:32,3353.95,79389,1,3346.52,53166,101781,0.7827759247573463,0
2023-07-28 11:05:32,3353.95,79389,1,3346.52,53203,101781,0.7827759247573463,0
2023-07-28 11:05:41,3354.0,79390,1,3346.52,53168,101944,0.7842783737492085,0
2023-07-28 11:05:41,3353.95,79390,1,3346.52,53183,102128,0.7827759247573463,0
2023-07-28 11:05:41,3353.85,79390,3,3346.52,53183,102128,0.7797710267736355,0
2023-07-28 11:05:44,3353.85,79394,3,3346.52,53097,102268,0.7797710267736355,0
2023-07-28 11:05:44,3353.85,79394,3,3346.52,53083,102136,0.7797710267736355,0
2023-07-28 11:05:44,3353.85,79394,3,3346.52,53043,102311,0.7797710267736355,0
2023-07-28 11:05:44,3353.85,79394,3,3346.52,53053,102137,0.7797710267736355,0
2023-07-28 11:05:44,3353.85,79394,3,3346.52,53053,102137,0.7797710267736355,0
2023-07-28 11:05:50,3353.95,79398,4,3346.52,52997,102310,0.7827759247573463,0
2023-07-28 11:05:50,3353.95,79398,4,3346.52,52866,102243,0.7827759247573463,0
2023-07-28 11:05:50,3353.95,79398,4,3346.52,52956,101449,0.7827759247573463,0
2023-07-28 11:05:50,3353.95,79398,4,3346.52,52944,102324,0.7827759247573463,0
2023-07-28 11:05:50,3353.95,79398,4,3346.52,52895,102324,0.7827759247573463,0
2023-07-28 11:05:55,3353.85,79418,20,3346.53,52872,102318,0.7797710267736355,0
2023-07-28 11:05:55,3353.85,79418,20,3346.53,52860,102283,0.7797710267736355,0
2023-07-28 11:05:55,3353.85,79418,20,3346.53,51975,102188,0.7797710267736355,0
2023-07-28 11:05:55,3353.9,79418,3,3346.53,52835,101753,0.7812734757654978,0
2023-07-28 11:05:58,3353.9,79438,3,3346.53,52893,101862,0.7812734757654978,0
2023-07-28 11:05:58,3353.9,79438,3,3346.53,52940,101226,0.7812734757654978,0
2023-07-28 11:05:58,3353.9,79438,3,3346.53,52945,101229,0.7812734757654978,0
2023-07-28 11:05:58,3353.9,79438,3,3346.53,52945,101975,0.7812734757654978,0
2023-07-28 11:05:58,3353.9,79438,3,3346.53,52946,101973,0.7812734757654978,0
2023-07-28 11:05:58,3353.9,79438,3,3346.53,52145,101852,0.7812734757654978,0
2023-07-28 11:05:58,3352.45,79438,4,3346.53,52145,101852,0.7377024550016444,0
2023-07-28 11:06:05,3352.45,79442,4,3346.53,53008,102023,0.7377024550016444,0
2023-07-28 11:06:05,3352.45,79442,4,3346.53,52951,101952,0.7377024550016444,0
2023-07-28 11:06:05,3352.45,79442,4,3346.53,52077,102118,0.7377024550016444,0
2023-07-28 11:06:05,3352.45,79442,4,3346.53,52936,102029,0.7377024550016444,0
2023-07-28 11:06:05,3352.45,79442,4,3346.53,52941,101826,0.7377024550016444,0
2023-07-28 11:06:05,3352.45,79442,4,3346.53,52971,102331,0.7377024550016444,0
2023-07-28 11:06:05,3352.45,79442,4,3346.53,53015,102322,0.7377024550016444,0
2023-07-28 11:06:05,3352.45,79442,4,3346.53,52986,102322,0.7377024550016444,0
2023-07-28 11:06:05,3352.45,79442,4,3346.53,53002,102491,0.7377024550016444,0
2023-07-28 11:06:05,3352.45,79442,4,3346.53,52950,102576,0.7377024550016444,0
2023-07-28 11:06:05,3352.45,79442,4,3346.53,52939,102498,0.7377024550016444,0
2023-07-28 11:06:05,3352.45,79442,4,3346.53,52912,102355,0.7377024550016444,0
2023-07-28 11:06:05,3352.45,79442,4,3346.53,52959,102351,0.7377024550016444,0
2023-07-28 11:06:05,3352.45,79442,4,3346.53,53012,102500,0.7377024550016444,0
2023-07-28 11:06:05,3352.45,79442,4,3346.53,53012,102500,0.7377024550016444,0
2023-07-28 11:06:05,3352.45,79442,4,3346.53,53032,102505,0.7377024550016444,0
2023-07-28 11:06:05,3352.45,79442,4,3346.53,53032,102498,0.7377024550016444,0
2023-07-28 11:06:05,3352.45,79442,4,3346.53,52975,102323,0.7377024550016444,0
2023-07-28 11:06:05,3352.45,79442,4,3346.53,53035,102323,0.7377024550016444,0
2023-07-28 11:06:05,3352.45,79442,4,3346.53,53022,102292,0.7377024550016444,0
2023-07-28 11:06:05,3352.45,79442,4,3346.53,52907,102559,0.7377024550016444,0
2023-07-28 11:06:05,3352.45,79442,4,3346.53,52912,102559,0.7377024550016444,0
2023-07-28 11:06:05,3352.45,79442,4,3346.53,52920,102559,0.7377024550016444,0
2023-07-28 11:06:05,3352.45,79442,4,3346.53,52920,102384,0.7377024550016444,0
2023-07-28 11:06:05,3352.45,79442,4,3346.53,52933,102384,0.7377024550016444,0
2023-07-28 11:06:05,3352.45,79442,4,3346.53,52947,102364,0.7377024550016444,0
2023-07-28 11:06:05,3352.45,79442,4,3346.53,52947,102364,0.7377024550016444,0
2023-07-28 11:06:05,3352.45,79442,4,3346.53,52939,102364,0.7377024550016444,0
2023-07-28 11:06:05,3352.45,79442,4,3346.53,52888,102536,0.7377024550016444,0
2023-07-28 11:06:05,3352.45,79442,4,3346.53,52919,102544,0.7377024550016444,0
2023-07-28 11:06:05,3352.45,79442,4,3346.53,52868,102366,0.7377024550016444,0
2023-07-28 11:06:05,3352.45,79442,4,3346.53,52835,103041,0.7377024550016444,0
2023-07-28 11:06:05,3352.45,79442,4,3346.53,52879,103041,0.7377024550016444,0
2023-07-28 11:06:05,3352.45,79442,4,3346.53,52879,103048,0.7377024550016444,0
2023-07-28 11:06:05,3354.0,79442,3,3346.53,52879,103048,0.7842783737492085,0
2023-07-28 11:06:45,3354.0,79465,3,3346.53,53018,103011,0.7842783737492085,0
2023-07-28 11:06:45,3354.0,79465,3,3346.53,52998,103011,0.7842783737492085,0
2023-07-28 11:06:45,3354.0,79465,3,3346.53,53010,103062,0.7842783737492085,0
2023-07-28 11:06:45,3354.0,79465,3,3346.53,52940,103078,0.7842783737492085,0
2023-07-28 11:06:50,3353.0,79466,1,3346.53,52911,103078,0.7542293939120739,0
2023-07-28 11:06:50,3353.0,79466,1,3346.53,53019,102864,0.7542293939120739,0
2023-07-28 11:06:50,3353.0,79466,1,3346.53,53027,103039,0.7542293939120739,0
2023-07-28 11:06:50,3353.0,79466,1,3346.53,52836,103027,0.7542293939120739,0
2023-07-28 11:06:50,3353.0,79466,1,3346.53,52836,103165,0.7542293939120739,0
2023-07-28 11:06:50,3353.0,79466,1,3346.53,52896,102990,0.7542293939120739,0
2023-07-28 11:06:50,3353.0,79466,1,3346.53,52948,102990,0.7542293939120739,0
2023-07-28 11:06:50,3353.0,79466,1,3346.53,52948,103163,0.7542293939120739,0
2023-07-28 11:06:50,3353.0,79466,1,3346.53,53007,102825,0.7542293939120739,0
2023-07-28 11:06:50,3353.0,79466,1,3346.53,53009,102826,0.7542293939120739,0
2023-07-28 11:06:50,3353.0,79466,1,3346.53,53021,102990,0.7542293939120739,0
2023-07-28 11:06:50,3353.0,79466,1,3346.53,53025,103010,0.7542293939120739,0
2023-07-28 11:06:50,3353.0,79466,1,3346.53,53025,103010,0.7542293939120739,0
2023-07-28 11:06:50,3353.0,79466,1,3346.53,53038,102966,0.7542293939120739,0
2023-07-28 11:07:06,3353.0,79471,4,3346.53,52961,102986,0.7542293939120739,0
2023-07-28 11:07:06,3353.0,79471,4,3346.53,52903,102941,0.7542293939120739,0
2023-07-28 11:07:06,3353.0,79471,4,3346.53,52959,102941,0.7542293939120739,0
2023-07-28 11:07:08,3353.0,79472,1,3346.53,53022,102935,0.7542293939120739,0
2023-07-28 11:07:08,3353.0,79472,1,3346.53,53022,102935,0.7542293939120739,0
2023-07-28 11:07:08,3353.0,79472,1,3346.53,53022,102935,0.7542293939120739,0
2023-07-28 11:07:08,3353.0,79472,1,3346.53,53022,102935,0.7542293939120739,0
2023-07-28 11:07:08,3353.0,79472,1,3346.53,51441,102459,0.7542293939120739,0
2023-07-28 11:07:08,3353.0,79472,1,3346.53,52267,102881,0.7542293939120739,0
2023-07-28 11:07:08,3353.0,79472,1,3346.53,53015,102745,0.7542293939120739,0
2023-07-28 11:07:08,3353.0,79472,1,3346.53,53069,102920,0.7542293939120739,0
2023-07-28 11:07:08,3353.0,79472,1,3346.53,53071,102920,0.7542293939120739,0
2023-07-28 11:07:08,3353.0,79472,1,3346.53,53071,102933,0.7542293939120739,0
2023-07-28 11:07:08,3353.0,79472,1,3346.53,53071,102937,0.7542293939120739,0
2023-07-28 11:07:08,3353.0,79472,1,3346.53,53115,102937,0.7542293939120739,0
2023-07-28 11:07:08,3353.0,79472,1,3346.53,53135,102958,0.7542293939120739,0
2023-07-28 11:07:08,3353.0,79472,1,3346.53,53137,102945,0.7542293939120739,0
2023-07-28 11:07:08,3353.0,79472,1,3346.53,53118,102945,0.7542293939120739,0
2023-07-28 11:07:08,3353.0,79472,1,3346.53,53117,102597,0.7542293939120739,0
2023-07-28 11:07:08,3353.0,79472,1,3346.53,53044,102602,0.7542293939120739,0
2023-07-28 11:07:08,3353.0,79472,10,3346.53,52045,102916,0.7542293939120739,0
2023-07-28 11:07:27,3353.0,79487,10,3346.53,52940,102875,0.7542293939120739,0
2023-07-28 11:07:27,3353.0,79487,10,3346.53,52932,102984,0.7542293939120739,0
2023-07-28 11:07:27,3353.0,79487,10,3346.53,52932,102991,0.7542293939120739,0
2023-07-28 11:07:27,3353.0,79487,10,3346.53,52073,102818,0.7542293939120739,0
2023-07-28 11:07:27,3353.0,79487,10,3346.53,52924,102993,0.7542293939120739,0
2023-07-28 11:07:27,3353.0,79487,10,3346.53,52924,102643,0.7542293939120739,0
2023-07-28 11:07:27,3353.0,79487,10,3346.53,52029,102927,0.7542293939120739,0
2023-07-28 11:07:27,3353.0,79487,10,3346.53,51993,102702,0.7542293939120739,0
2023-07-28 11:07:27,3353.0,79487,10,3346.53,52815,102843,0.7542293939120739,0
2023-07-28 11:07:27,3353.0,79487,10,3346.53,52777,102861,0.7542293939120739,0
2023-07-28 11:07:27,3353.0,79487,10,3346.53,52818,102861,0.7542293939120739,0
2023-07-28 11:07:27,3353.0,79487,10,3346.53,52820,102861,0.7542293939120739,0
2023-07-28 11:07:27,3353.0,79487,10,3346.53,52827,102889,0.7542293939120739,0
2023-07-28 11:07:27,3353.0,79487,10,3346.53,51952,102914,0.7542293939120739,0
2023-07-28 11:07:27,3353.0,79487,10,3346.53,52831,102886,0.7542293939120739,0
2023-07-28 11:07:27,3353.0,79487,10,3346.53,51077,102920,0.7542293939120739,0
2023-07-28 11:07:27,3353.0,79487,10,3346.53,52871,102911,0.7542293939120739,0
2023-07-28 11:07:27,3353.0,79487,10,3346.53,52873,102911,0.7542293939120739,0
2023-07-28 11:07:27,3353.0,79487,10,3346.53,52850,102911,0.7542293939120739,0
2023-07-28 11:07:27,3353.0,79487,10,3346.53,52850,102916,0.7542293939120739,0
2023-07-28 11:07:27,3353.0,79487,10,3346.53,52882,102916,0.7542293939120739,0
2023-07-28 11:07:27,3353.0,79487,1,3346.53,52882,102916,0.7542293939120739,0
2023-07-28 11:07:51,3353.0,79519,1,3346.53,53038,102688,0.7542293939120739,0
2023-07-28 11:07:51,3353.0,79519,1,3346.53,53042,102863,0.7542293939120739,0
2023-07-28 11:07:51,3353.95,79519,1,3346.53,53045,102877,0.7827759247573463,0
2023-07-28 11:07:54,3353.95,79520,1,3346.53,53309,102876,0.7827759247573463,0
2023-07-28 11:07:54,3353.95,79520,1,3346.53,53291,102834,0.7827759247573463,0
2023-07-28 11:07:54,3353.95,79520,1,3346.53,53319,102834,0.7827759247573463,0
2023-07-28 11:07:54,3353.95,79520,1,3346.53,53266,102668,0.7827759247573463,0
2023-07-28 11:07:54,3353.95,79520,1,3346.53,53334,102668,0.7827759247573463,0
2023-07-28 11:07:54,3353.95,79520,1,3346.53,53329,102668,0.7827759247573463,0
2023-07-28 11:07:54,3353.95,79520,1,3346.53,53329,102668,0.7827759247573463,0
2023-07-28 11:08:01,3353.4,79525,4,3346.53,53275,102690,0.7662489858469305,0
2023-07-28 11:08:01,3353.4,79525,4,3346.53,53298,102690,0.7662489858469305,0
2023-07-28 11:08:01,3353.4,79525,4,3346.53,53298,102690,0.7662489858469305,0
2023-07-28 11:08:01,3353.95,79525,1,3346.53,53298,102690,0.7827759247573463,0
2023-07-28 11:08:04,3353.95,79526,1,3346.53,51591,102884,0.7827759247573463,0
2023-07-28 11:08:04,3353.95,79526,1,3346.53,52380,102967,0.7827759247573463,0
2023-07-28 11:08:04,3353.95,79526,1,3346.53,52380,102944,0.7827759247573463,0
2023-07-28 11:08:07,3354.0,79527,1,3346.53,53444,102915,0.7842783737492085,0
2023-07-28 11:08:07,3354.0,79527,1,3346.53,51681,102512,0.7842783737492085,0
2023-07-28 11:08:10,3353.2,79528,1,3346.53,51626,102926,0.7602391898794953,0
2023-07-28 11:08:10,3353.2,79528,1,3346.53,51666,102932,0.7602391898794953,0
2023-07-28 11:08:10,3353.2,79528,1,3346.53,53416,102757,0.7602391898794953,0
2023-07-28 11:08:10,3353.2,79528,1,3346.53,53403,102936,0.7602391898794953,0
2023-07-28 11:08:10,3353.2,79528,1,3346.53,53363,102941,0.7602391898794953,0
2023-07-28 11:08:10,3353.2,79528,1,3346.53,53363,102963,0.7602391898794953,0
2023-07-28 11:08:10,3353.2,79528,1,3346.53,53363,102973,0.7602391898794953,0
2023-07-28 11:08:10,3353.2,79528,1,3346.53,53363,102973,0.7602391898794953,0
2023-07-28 11:08:10,3353.2,79528,1,3346.53,53363,102998,0.7602391898794953,0
2023-07-28 11:08:10,3353.05,79528,6,3346.53,53363,102998,0.7557318429039361,0
2023-07-28 11:08:21,3353.05,79562,6,3346.54,52356,102574,0.7557318429039361,0
2023-07-28 11:08:21,3353.05,79562,6,3346.54,52356,102574,0.7557318429039361,0
2023-07-28 11:08:21,3353.05,79562,6,3346.54,53266,102924,0.7557318429039361,0
2023-07-28 11:08:21,3353.05,79562,6,3346.54,53266,102924,0.7557318429039361,0
2023-07-28 11:08:21,3352.85,79562,6,3346.54,53328,102749,0.749722046936501,0
2023-07-28 11:08:21,3352.85,79562,6,3346.54,53328,102749,0.749722046936501,0
2023-07-28 11:08:25,3353.2,79618,50,3346.54,53256,102769,0.7602391898794953,0
2023-07-28 11:08:25,3353.2,79618,50,3346.54,53256,102769,0.7602391898794953,0
2023-07-28 11:08:25,3353.2,79618,50,3346.54,53256,102769,0.7602391898794953,0
2023-07-28 11:08:25,3353.2,79618,50,3346.54,53256,102769,0.7602391898794953,0
2023-07-28 11:08:25,3352.45,79618,88,3346.54,53207,102956,0.7377024550016444,0
2023-07-28 11:08:28,3352.45,79777,88,3346.55,53041,102946,0.7377024550016444,0
2023-07-28 11:08:28,3352.45,79777,88,3346.55,53133,102948,0.7377024550016444,0
2023-07-28 11:08:28,3352.45,79777,88,3346.55,53149,102928,0.7377024550016444,0
2023-07-28 11:08:28,3352.45,79777,88,3346.55,53149,102947,0.7377024550016444,0
2023-07-28 11:08:28,3352.8,79777,10,3346.55,53149,102947,0.7482195979446525,0
2023-07-28 11:08:33,3352.8,79787,10,3346.55,53111,102957,0.7482195979446525,0
2023-07-28 11:08:33,3352.8,79787,10,3346.55,53111,102987,0.7482195979446525,0
2023-07-28 11:08:33,3352.8,79787,10,3346.55,53139,102987,0.7482195979446525,0
2023-07-28 11:08:33,3352.8,79787,10,3346.55,53139,102987,0.7482195979446525,0
2023-07-28 11:08:38,3352.2,79857,5,3346.56,52884,103082,0.7301902100423608,0
2023-07-28 11:08:38,3352.2,79857,5,3346.56,52243,102827,0.7301902100423608,0
2023-07-28 11:08:38,3352.2,79857,5,3346.56,52948,103073,0.7301902100423608,0
2023-07-28 11:08:38,3352.2,79857,5,3346.56,53039,102848,0.7301902100423608,0
2023-07-28 11:08:38,3352.2,79857,5,3346.56,53056,103011,0.7301902100423608,0
2023-07-28 11:08:38,3353.6,79857,7,3346.56,53056,103011,0.7722587818143519,0
2023-07-28 11:08:44,3353.6,79864,7,3346.56,52088,103190,0.7722587818143519,0
2023-07-28 11:08:44,3353.6,79864,7,3346.56,53011,103216,0.7722587818143519,0
2023-07-28 11:08:44,3353.6,79864,7,3346.56,53075,103169,0.7722587818143519,0
2023-07-28 11:08:44,3353.6,79864,7,3346.56,52993,103145,0.7722587818143519,0
2023-07-28 11:08:44,3353.6,79864,7,3346.56,52125,103343,0.7722587818143519,0
2023-07-28 11:08:44,3353.6,79864,7,3346.56,53061,103120,0.7722587818143519,0
2023-07-28 11:08:44,3353.6,79864,7,3346.56,53049,103353,0.7722587818143519,0
2023-07-28 11:08:44,3353.6,79864,7,3346.56,53135,103311,0.7722587818143519,0
2023-07-28 11:08:44,3353.6,79864,7,3346.56,51310,103300,0.7722587818143519,0
2023-07-28 11:08:44,3353.75,79864,3,3346.56,51310,103300,0.7767661287899248,0
2023-07-28 11:08:55,3353.75,79867,3,3346.56,52971,103396,0.7767661287899248,0
2023-07-28 11:08:55,3353.75,79867,3,3346.56,52958,103313,0.7767661287899248,0
2023-07-28 11:08:55,3353.8,79867,3,3346.56,53009,103126,0.778268577781787,0
2023-07-28 11:08:58,3353.8,79870,3,3346.56,52998,103343,0.778268577781787,0
2023-07-28 11:08:58,3353.8,79870,3,3346.56,52930,103286,0.778268577781787,0
2023-07-28 11:08:58,3353.8,79870,3,3346.56,52947,103289,0.778268577781787,0
2023-07-28 11:08:58,3353.8,79870,3,3346.56,50296,103273,0.778268577781787,0
2023-07-28 11:08:58,3353.8,79870,3,3346.56,52925,103250,0.778268577781787,0
2023-07-28 11:08:58,3353.8,79870,3,3346.56,52932,103184,0.778268577781787,0
2023-07-28 11:08:58,3353.8,79870,3,3346.56,52956,103444,0.778268577781787,0
2023-07-28 11:08:58,3353.8,79870,3,3346.56,52970,103408,0.778268577781787,0
2023-07-28 11:08:58,3353.8,79870,3,3346.56,53020,103391,0.778268577781787,0
2023-07-28 11:08:58,3353.8,79870,3,3346.56,53007,103379,0.778268577781787,0
2023-07-28 11:08:58,3353.8,79870,3,3346.56,53020,103582,0.778268577781787,0
2023-07-28 11:08:58,3353.8,79870,3,3346.56,53007,103577,0.778268577781787,0
2023-07-28 11:09:11,3352.1,79872,1,3346.56,52333,103480,0.7271853120586501,0
2023-07-28 11:09:11,3352.1,79872,1,3346.56,53208,103595,0.7271853120586501,0
2023-07-28 11:09:11,3352.1,79872,2,3346.56,53220,103622,0.7271853120586501,0
2023-07-28 11:09:13,3352.1,79874,2,3346.56,53220,103602,0.7271853120586501,0
2023-07-28 11:09:13,3352.1,79874,2,3346.56,53200,103552,0.7271853120586501,0
2023-07-28 11:09:13,3352.1,79874,2,3346.56,53204,103570,0.7271853120586501,0
2023-07-28 11:09:13,3352.1,79874,2,3346.56,53135,103570,0.7271853120586501,0
2023-07-28 11:09:13,3352.1,79874,2,3346.56,53135,103570,0.7271853120586501,0
2023-07-28 11:09:13,3352.1,79874,2,3346.56,53133,103570,0.7271853120586501,0
2023-07-28 11:09:13,3352.1,79874,2,3346.56,53133,103570,0.7271853120586501,0
2023-07-28 11:09:13,3352.1,79874,2,3346.56,53144,103570,0.7271853120586501,0
2023-07-28 11:09:13,3352.1,79874,2,3346.56,53184,103620,0.7271853120586501,0
2023-07-28 11:09:13,3352.1,79874,2,3346.56,53184,103445,0.7271853120586501,0
2023-07-28 11:09:13,3352.1,79874,2,3346.56,53143,103460,0.7271853120586501,0
2023-07-28 11:09:13,3353.6,79874,2,3346.56,53134,103472,0.7722587818143519,0
2023-07-28 11:09:27,3353.6,79876,2,3346.56,53182,103425,0.7722587818143519,0
2023-07-28 11:09:27,3353.6,79876,2,3346.56,53143,103417,0.7722587818143519,0
2023-07-28 11:09:27,3353.5,79876,2,3346.56,53143,103417,0.7692538838306412,0
2023-07-28 11:09:30,3353.5,79878,2,3346.56,51364,103615,0.7692538838306412,0
2023-07-28 11:09:30,3353.5,79878,2,3346.56,53114,103570,0.7692538838306412,0
2023-07-28 11:09:30,3353.5,79878,2,3346.56,53211,102906,0.7692538838306412,0
2023-07-28 11:09:30,3353.5,79878,2,3346.56,52212,103689,0.7692538838306412,0
2023-07-28 11:09:30,3353.5,79878,2,3346.56,53036,103840,0.7692538838306412,0
2023-07-28 11:09:30,3353.5,79878,2,3346.56,53101,103326,0.7692538838306412,0
2023-07-28 11:09:30,3353.5,79878,2,3346.56,53128,103547,0.7692538838306412,0
2023-07-28 11:09:30,3353.5,79878,2,3346.56,53088,103558,0.7692538838306412,0
2023-07-28 11:09:30,3353.5,79878,2,3346.56,53110,102570,0.7692538838306412,0
2023-07-28 11:09:30,3353.5,79878,2,3346.56,53110,103299,0.7692538838306412,0
2023-07-28 11:09:30,3353.5,79878,2,3346.56,53112,103604,0.7692538838306412,0
2023-07-28 11:09:30,3353.5,79878,2,3346.56,53072,103702,0.7692538838306412,0
2023-07-28 11:09:30,3353.5,79878,2,3346.56,52259,103631,0.7692538838306412,0
2023-07-28 11:09:30,3353.5,79878,2,3346.56,53130,103813,0.7692538838306412,0
2023-07-28 11:09:30,3353.5,79878,2,3346.56,52173,103662,0.7692538838306412,0
2023-07-28 11:09:30,3353.5,79878,2,3346.56,53152,102970,0.7692538838306412,0
2023-07-28 11:09:30,3353.5,79878,2,3346.56,53111,103655,0.7692538838306412,0
2023-07-28 11:09:30,3353.5,79878,2,3346.56,53135,103671,0.7692538838306412,0
2023-07-28 11:09:30,3353.5,79878,2,3346.56,53157,103453,0.7692538838306412,0
2023-07-28 11:09:30,3353.5,79878,2,3346.56,51170,103776,0.7692538838306412,0
2023-07-28 11:09:30,3353.5,79878,2,3346.56,51993,103744,0.7692538838306412,0
2023-07-28 11:09:30,3353.5,79878,2,3346.56,52896,103629,0.7692538838306412,0
2023-07-28 11:09:30,3353.5,79878,2,3346.56,52029,103653,0.7692538838306412,0
2023-07-28 11:09:30,3352.1,79878,14,3346.56,52029,103653,0.7271853120586501,0
2023-07-28 11:09:59,3352.1,79893,14,3346.56,52031,102854,0.7271853120586501,0
2023-07-28 11:09:59,3352.1,79893,14,3346.56,51132,102819,0.7271853120586501,0
2023-07-28 11:09:59,3352.1,79893,14,3346.56,52043,103300,0.7271853120586501,0
2023-07-28 11:09:59,3352.1,79893,14,3346.56,52023,103305,0.7271853120586501,0
2023-07-28 11:09:59,3352.1,79893,14,3346.56,52006,103365,0.7271853120586501,0
2023-07-28 11:09:59,3352.1,79893,14,3346.56,51122,103791,0.7271853120586501,0
2023-07-28 11:09:59,3353.35,79893,1,3346.56,52910,103732,0.7647465368550683,0
2023-07-28 11:10:05,3353.35,79894,1,3346.56,53025,102607,0.7647465368550683,0
2023-07-28 11:10:05,3353.35,79894,1,3346.56,52769,103618,0.7647465368550683,0
2023-07-28 11:10:05,3353.35,79894,1,3346.56,52767,103484,0.7647465368550683,0
2023-07-28 11:10:05,3353.35,79894,1,3346.56,52751,103629,0.7647465368550683,0
2023-07-28 11:10:05,3353.35,79894,1,3346.56,52776,103532,0.7647465368550683,0
2023-07-28 11:10:05,3353.35,79894,1,3346.56,52785,103532,0.7647465368550683,0
2023-07-28 11:10:05,3353.35,79894,1,3346.56,52790,103532,0.7647465368550683,0
2023-07-28 11:10:05,3353.35,79894,1,3346.56,52790,103532,0.7647465368550683,0
2023-07-28 11:10:05,3353.35,79894,1,3346.56,52790,103532,0.7647465368550683,0
2023-07-28 11:10:05,3353.4,79894,1,3346.56,52790,103532,0.7662489858469305,0
2023-07-28 11:10:18,3353.4,79895,1,3346.56,52709,103253,0.7662489858469305,0
2023-07-28 11:10:18,3353.4,79895,1,3346.56,52821,103244,0.7662489858469305,0
2023-07-28 11:10:18,3353.4,79895,1,3346.56,52794,103594,0.7662489858469305,0
2023-07-28 11:10:18,3353.4,79895,1,3346.56,52842,103244,0.7662489858469305,0
2023-07-28 11:10:18,3353.4,79895,1,3346.56,52854,103244,0.7662489858469305,0
2023-07-28 11:10:18,3353.4,79895,1,3346.56,52854,103245,0.7662489858469305,0
2023-07-28 11:10:26,3353.45,79915,20,3346.56,52925,103313,0.7677514348387791,0
2023-07-28 11:10:26,3353.65,79915,1,3346.56,52925,103313,0.7737612308062141,0
2023-07-28 11:10:27,3353.65,79924,1,3346.57,52879,103334,0.7737612308062141,0
2023-07-28 11:10:27,3353.45,79924,3,3346.57,52879,103334,0.7677514348387791,0
2023-07-28 11:10:29,3353.45,79927,3,3346.57,52942,103159,0.7677514348387791,0
2023-07-28 11:10:29,3353.45,79927,3,3346.57,52944,103159,0.7677514348387791,0
2023-07-28 11:10:29,3353.45,79927,3,3346.57,52962,103334,0.7677514348387791,0
2023-07-28 11:10:32,3354.0,79977,49,3346.57,52964,103481,0.7842783737492085,0
2023-07-28 11:10:32,3353.95,79977,25,3346.57,52964,103481,0.7827759247573463,0
2023-07-28 11:10:32,3353.7,79977,2,3346.57,52964,103481,0.7752636797980627,0
2023-07-28 11:10:35,3353.7,80004,2,3346.57,52824,103404,0.7752636797980627,0
2023-07-28 11:10:35,3353.7,80004,2,3346.57,52867,103231,0.7752636797980627,0
2023-07-28 11:10:35,3353.7,80004,2,3346.57,52914,102373,0.7752636797980627,0
2023-07-28 11:10:35,3353.4,80004,11,3346.57,52914,102373,0.7662489858469305,0
2023-07-28 11:10:38,3353.4,80045,11,3346.58,52636,103617,0.7662489858469305,0
2023-07-28 11:10:41,3353.8,80070,12,3346.58,52721,103322,0.778268577781787,0
2023-07-28 11:10:41,3353.8,80070,12,3346.58,52749,103497,0.778268577781787,0
2023-07-28 11:10:41,3353.8,80070,12,3346.58,51844,103268,0.778268577781787,0
2023-07-28 11:10:41,3353.8,80070,12,3346.58,52764,103625,0.778268577781787,0
2023-07-28 11:10:41,3353.8,80070,12,3346.58,52769,103481,0.778268577781787,0
2023-07-28 11:10:41,3353.8,80070,12,3346.58,52770,103494,0.778268577781787,0
2023-07-28 11:10:41,3353.8,80070,12,3346.58,52757,103669,0.778268577781787,0
2023-07-28 11:10:50,3353.65,80077,7,3346.58,52756,103658,0.7737612308062141,0
2023-07-28 11:10:50,3353.65,80077,7,3346.58,52756,103637,0.7737612308062141,0
2023-07-28 11:10:50,3353.65,80077,7,3346.58,52677,102502,0.7737612308062141,0
2023-07-28 11:10:50,3353.65,80077,7,3346.58,52747,103185,0.7737612308062141,0
2023-07-28 11:10:50,3353.65,80077,7,3346.58,52766,103410,0.7737612308062141,0
2023-07-28 11:10:50,3353.65,80077,7,3346.58,52758,103460,0.7737612308062141,0
2023-07-28 11:10:57,3353.8,80099,5,3346.58,52691,103783,0.778268577781787,0
2023-07-28 11:10:57,3353.8,80099,5,3346.58,52703,103783,0.778268577781787,0
2023-07-28 11:10:57,3353.8,80099,5,3346.58,52705,103783,0.778268577781787,0
2023-07-28 11:10:57,3353.8,80099,5,3346.58,52641,103815,0.778268577781787,0
2023-07-28 11:10:57,3353.8,80099,5,3346.58,52641,103815,0.778268577781787,0
2023-07-28 11:10:57,3353.8,80099,5,3346.58,52597,103718,0.778268577781787,0
2023-07-28 11:10:57,3353.8,80099,5,3346.58,52652,103718,0.778268577781787,0
2023-07-28 11:10:57,3353.8,80099,5,3346.58,52652,103718,0.778268577781787,0
2023-07-28 11:10:57,3353.8,80099,5,3346.58,52345,103678,0.778268577781787,0
2023-07-28 11:10:57,3353.8,80099,5,3346.58,51454,103664,0.778268577781787,0
2023-07-28 11:10:57,3353.8,80099,5,3346.58,52329,103801,0.778268577781787,0
2023-07-28 11:10:57,3352.1,80099,45,3346.58,52329,103801,0.7271853120586501,0
2023-07-28 11:11:08,3352.1,80144,45,3346.58,52284,102886,0.7271853120586501,0
2023-07-28 11:11:08,3352.1,80144,45,3346.58,52284,103586,0.7271853120586501,0
2023-07-28 11:11:08,3352.1,80144,45,3346.58,52288,103770,0.7271853120586501,0
2023-07-28 11:11:08,3352.1,80144,45,3346.58,52288,103586,0.7271853120586501,0
2023-07-28 11:11:08,3352.1,80144,45,3346.58,52292,103787,0.7271853120586501,0
2023-07-28 11:11:08,3352.1,80144,45,3346.58,52292,103785,0.7271853120586501,0
2023-07-28 11:11:08,3352.1,80144,45,3346.58,52292,103766,0.7271853120586501,0
2023-07-28 11:11:08,3352.1,80144,45,3346.58,52295,103766,0.7271853120586501,0
2023-07-28 11:11:08,3352.1,80144,45,3346.58,52297,103766,0.7271853120586501,0
2023-07-28 11:11:08,3352.1,80144,45,3346.58,52297,103766,0.7271853120586501,0
2023-07-28 11:11:08,3352.1,80144,45,3346.58,52297,103591,0.7271853120586501,0
2023-07-28 11:11:08,3352.1,80144,45,3346.58,52297,103766,0.7271853120586501,0
2023-07-28 11:11:08,3352.1,80144,45,3346.58,52297,103766,0.7271853120586501,0
2023-07-28 11:11:08,3352.1,80144,45,3346.58,52307,103766,0.7271853120586501,0
2023-07-28 11:11:08,3352.1,80144,45,3346.58,52307,103766,0.7271853120586501,0
2023-07-28 11:11:08,3352.1,80144,45,3346.58,52307,103766,0.7271853120586501,0
2023-07-28 11:11:08,3352.1,80144,45,3346.58,52307,103766,0.7271853120586501,0
2023-07-28 11:11:08,3352.1,80144,45,3346.58,52388,103742,0.7271853120586501,0
2023-07-28 11:11:08,3352.1,80144,45,3346.58,51487,103799,0.7271853120586501,0
2023-07-28 11:11:08,3352.1,80144,45,3346.58,51487,103799,0.7271853120586501,0
2023-07-28 11:11:08,3352.1,80144,45,3346.58,52411,103761,0.7271853120586501,0
2023-07-28 11:11:08,3352.1,80144,45,3346.58,52411,103771,0.7271853120586501,0
2023-07-28 11:11:08,3352.1,80144,45,3346.58,52414,103766,0.7271853120586501,0
2023-07-28 11:11:08,3352.1,80144,45,3346.58,52686,103697,0.7271853120586501,0
2023-07-28 11:11:08,3352.1,80144,45,3346.58,52686,103697,0.7271853120586501,0
2023-07-28 11:11:08,3352.1,80144,45,3346.58,52686,103697,0.7271853120586501,0
2023-07-28 11:11:08,3352.1,80144,45,3346.58,52686,103697,0.7271853120586501,0
2023-07-28 11:11:36,3352.5,80145,1,3346.58,52642,103700,0.7392049039935067,0
2023-07-28 11:11:36,3352.5,80145,1,3346.58,52642,103700,0.7392049039935067,0
2023-07-28 11:11:36,3352.5,80145,1,3346.58,52642,103705,0.7392049039935067,0
2023-07-28 11:11:36,3352.5,80145,1,3346.58,52642,103672,0.7392049039935067,0
2023-07-28 11:11:36,3352.5,80145,1,3346.58,52642,103672,0.7392049039935067,0
2023-07-28 11:11:36,3352.5,80145,1,3346.58,52642,103672,0.7392049039935067,0
2023-07-28 11:11:36,3352.5,80145,1,3346.58,52642,103600,0.7392049039935067,0
2023-07-28 11:11:36,3352.55,80145,60,3346.58,52642,103600,0.7407073529853688,0
2023-07-28 11:11:44,3352.55,80205,60,3346.59,52569,103672,0.7407073529853688,0
2023-07-28 11:11:44,3352.55,80205,60,3346.59,52569,103673,0.7407073529853688,0
2023-07-28 11:11:44,3352.55,80205,60,3346.59,51667,103686,0.7407073529853688,0
2023-07-28 11:11:44,3353.7,80205,6,3346.59,52489,103545,0.7752636797980627,0
2023-07-28 11:11:48,3353.7,80212,6,3346.59,52529,103810,0.7752636797980627,0
2023-07-28 11:11:48,3353.7,80212,6,3346.59,52537,103741,0.7752636797980627,0
2023-07-28 11:11:48,3353.7,80212,6,3346.59,52534,103782,0.7752636797980627,0
2023-07-28 11:11:48,3353.7,80212,6,3346.59,52530,103726,0.7752636797980627,0
2023-07-28 11:11:48,3352.15,80212,1,3346.59,52530,103726,0.7286877610505124,0
2023-07-28 11:11:53,3352.15,80214,1,3346.59,52574,103751,0.7286877610505124,0
2023-07-28 11:11:53,3352.15,80214,1,3346.59,52554,103677,0.7286877610505124,0
2023-07-28 11:11:53,3352.15,80214,1,3346.59,52541,103517,0.7286877610505124,0
2023-07-28 11:11:53,3352.15,80214,1,3346.59,52554,103678,0.7286877610505124,0
2023-07-28 11:11:53,3353.6,80214,10,3346.59,52568,103807,0.7722587818143519,0
2023-07-28 11:11:58,3353.6,80224,10,3346.59,52579,103743,0.7722587818143519,0
2023-07-28 11:11:58,3353.6,80224,10,3346.59,52587,103742,0.7722587818143519,0
2023-07-28 11:11:58,3353.6,80224,10,3346.59,52542,103738,0.7722587818143519,0
2023-07-28 11:11:58,3353.6,80224,10,3346.59,52530,103741,0.7722587818143519,0
2023-07-28 11:11:58,3353.6,80224,10,3346.59,52530,103741,0.7722587818143519,0
2023-07-28 11:11:58,3353.6,80224,10,3346.59,52530,103741,0.7722587818143519,0
2023-07-28 11:11:58,3352.0,80224,23,3346.59,52540,103741,0.7241804140749394,0
2023-07-28 11:12:06,3352.0,80285,23,3346.59,52576,103567,0.7241804140749394,0
2023-07-28 11:12:06,3352.0,80285,23,3346.59,52616,103739,0.7241804140749394,0
2023-07-28 11:12:06,3352.0,80285,23,3346.59,52600,103733,0.7241804140749394,0
2023-07-28 11:12:06,3352.0,80285,23,3346.59,52600,103711,0.7241804140749394,0
2023-07-28 11:12:06,3352.0,80285,23,3346.59,52591,103648,0.7241804140749394,0
2023-07-28 11:12:06,3352.0,80285,23,3346.59,52651,103608,0.7241804140749394,0
2023-07-28 11:12:06,3352.0,80285,23,3346.59,52651,103558,0.7241804140749394,0
2023-07-28 11:12:06,3352.0,80285,23,3346.59,52651,103558,0.7241804140749394,0
2023-07-28 11:12:06,3352.0,80285,23,3346.59,52656,103558,0.7241804140749394,0
2023-07-28 11:12:06,3352.0,80285,23,3346.59,52656,103560,0.7241804140749394,0
2023-07-28 11:12:17,3352.1,80295,10,3346.6,52656,103552,0.7271853120586501,0
2023-07-28 11:12:18,3352.0,80335,28,3346.6,52556,103537,0.7241804140749394,0
2023-07-28 11:12:18,3352.0,80335,28,3346.6,52630,103597,0.7241804140749394,0
2023-07-28 11:12:18,3352.0,80335,28,3346.6,52630,103597,0.7241804140749394,0
2023-07-28 11:12:23,3352.1,80345,10,3346.6,52630,103523,0.7271853120586501,0
2023-07-28 11:12:23,3352.1,80345,10,3346.6,52630,103524,0.7271853120586501,0
2023-07-28 11:12:23,3352.1,80345,10,3346.6,52620,103524,0.7271853120586501,0
2023-07-28 11:12:23,3352.1,80345,10,3346.6,52620,103534,0.7271853120586501,0
2023-07-28 11:12:23,3352.1,80345,10,3346.6,52620,103531,0.7271853120586501,0
2023-07-28 11:12:23,3352.1,80345,10,3346.6,52620,103531,0.7271853120586501,0
2023-07-28 11:12:23,3352.1,80345,10,3346.6,52624,103539,0.7271853120586501,0
2023-07-28 11:12:23,3352.1,80345,10,3346.6,52598,103539,0.7271853120586501,0
2023-07-28 11:12:34,3352.0,80346,1,3346.6,52597,103539,0.7241804140749394,0
2023-07-28 11:12:35,3352.1,80377,1,3346.6,52599,103519,0.7271853120586501,0
2023-07-28 11:12:36,3352.3,80412,35,3346.6,51685,103532,0.7331951080260852,0
2023-07-28 11:12:36,3352.0,80412,1,3346.6,51685,103532,0.7241804140749394,0
2023-07-28 11:12:37,3352.2,81175,29,3346.65,51852,103272,0.7301902100423608,0
2023-07-28 11:12:37,3352.2,81175,29,3346.65,51875,103452,0.7301902100423608,0
2023-07-28 11:12:37,3352.2,81175,29,3346.65,51891,103461,0.7301902100423608,0
2023-07-28 11:12:37,3352.2,81175,29,3346.65,52029,103349,0.7301902100423608,0
2023-07-28 11:12:37,3352.8,81175,1,3346.65,52029,103349,0.7482195979446525,0
2023-07-28 11:12:42,3352.8,81176,1,3346.65,52027,103344,0.7482195979446525,0
2023-07-28 11:12:42,3352.5,81176,1,3346.65,51871,103344,0.7392049039935067,0
2023-07-28 11:12:43,3352.5,81184,1,3346.65,51940,103208,0.7392049039935067,0
2023-07-28 11:12:43,3353.15,81184,7,3346.65,51940,103208,0.7587367408876469,0
2023-07-28 11:12:45,3353.15,81193,7,3346.66,51840,103436,0.7587367408876469,0
2023-07-28 11:12:45,3353.15,81193,7,3346.66,51838,103423,0.7587367408876469,0
2023-07-28 11:12:45,3353.15,81193,7,3346.66,51867,103423,0.7587367408876469,0
2023-07-28 11:12:45,3353.15,81193,7,3346.66,51867,103423,0.7587367408876469,0
2023-07-28 11:12:45,3353.15,81193,7,3346.66,51871,103248,0.7587367408876469,0
2023-07-28 11:12:45,3353.15,81193,7,3346.66,51871,103424,0.7587367408876469,0
2023-07-28 11:12:45,3353.15,81193,7,3346.66,50978,103423,0.7587367408876469,0
2023-07-28 11:12:45,3353.1,81193,15,3346.66,50978,103423,0.7572342918957846,0
2023-07-28 11:12:52,3353.1,81208,15,3346.66,51857,103451,0.7572342918957846,0
2023-07-28 11:12:52,3353.1,81208,15,3346.66,51910,103275,0.7572342918957846,0
2023-07-28 11:12:52,3353.1,81208,15,3346.66,51915,103275,0.7572342918957846,0
2023-07-28 11:12:52,3353.1,81208,15,3346.66,51914,103287,0.7572342918957846,0
2023-07-28 11:12:52,3353.6,81208,1,3346.66,51914,103287,0.7722587818143519,0
2023-07-28 11:12:58,3353.6,81224,1,3346.66,51878,103577,0.7722587818143519,0
2023-07-28 11:12:58,3353.6,81224,1,3346.66,51012,103577,0.7722587818143519,0
2023-07-28 11:12:58,3353.6,81224,1,3346.66,51017,103600,0.7722587818143519,0
2023-07-28 11:12:58,3353.6,81224,1,3346.66,51017,103600,0.7722587818143519,0
2023-07-28 11:12:58,3353.6,81224,1,3346.66,50997,103535,0.7722587818143519,0
2023-07-28 11:12:58,3353.6,81224,1,3346.66,51019,103558,0.7722587818143519,0
2023-07-28 11:12:58,3353.6,81224,1,3346.66,51019,103558,0.7722587818143519,0
2023-07-28 11:12:58,3353.6,81224,1,3346.66,51019,103558,0.7722587818143519,0
2023-07-28 11:13:09,3353.55,81226,2,3346.66,51017,103545,0.7707563328225034,0
2023-07-28 11:13:09,3353.55,81226,2,3346.66,51842,103531,0.7707563328225034,0
2023-07-28 11:13:09,3353.55,81226,2,3346.66,51842,103476,0.7707563328225034,0
2023-07-28 11:13:09,3353.6,81226,1,3346.66,51907,103257,0.7722587818143519,0
2023-07-28 11:13:12,3353.6,81228,1,3346.66,51928,103382,0.7722587818143519,0
2023-07-28 11:13:12,3353.6,81228,1,3346.66,51928,103404,0.7722587818143519,0
2023-07-28 11:13:12,3353.6,81228,1,3346.66,51928,103404,0.7722587818143519,0
2023-07-28 11:13:12,3353.6,81228,1,3346.66,51914,103449,0.7722587818143519,0
2023-07-28 11:13:12,3353.6,81228,1,3346.66,51915,103449,0.7722587818143519,0
2023-07-28 11:13:12,3353.6,81228,1,3346.66,51915,103459,0.7722587818143519,0
2023-07-28 11:13:12,3353.6,81228,1,3346.66,51915,103459,0.7722587818143519,0
2023-07-28 11:13:12,3353.6,81228,1,3346.66,51915,102973,0.7722587818143519,0
2023-07-28 11:13:12,3353.6,81228,1,3346.66,51915,102976,0.7722587818143519,0
2023-07-28 11:13:12,3353.6,81228,1,3346.66,51915,102974,0.7722587818143519,0
2023-07-28 11:13:12,3353.6,81228,1,3346.66,51915,102984,0.7722587818143519,0
2023-07-28 11:13:12,3353.6,81228,1,3346.66,51895,103266,0.7722587818143519,0
2023-07-28 11:13:12,3353.6,81228,1,3346.66,51899,103272,0.7722587818143519,0
2023-07-28 11:13:31,3352.0,81240,11,3346.66,51887,103287,0.7241804140749394,0
2023-07-28 11:13:31,3352.95,81240,3,3346.66,51887,103287,0.7527269449202117,0
2023-07-28 11:13:32,3352.95,81243,3,3346.66,51838,103275,0.7527269449202117,0
2023-07-28 11:13:32,3352.95,81243,3,3346.66,51822,103294,0.7527269449202117,0
2023-07-28 11:13:32,3352.95,81243,3,3346.66,51834,102935,0.7527269449202117,0
2023-07-28 11:13:32,3352.95,81243,3,3346.66,51753,103196,0.7527269449202117,0
2023-07-28 11:13:32,3352.05,81243,1,3346.66,51753,103196,0.7256828630668016,0
2023-07-28 11:13:36,3352.05,81244,1,3346.66,51884,103200,0.7256828630668016,0
2023-07-28 11:13:36,3352.05,81244,1,3346.66,51884,103210,0.7256828630668016,0
2023-07-28 11:13:36,3352.05,81244,1,3346.66,51884,103260,0.7256828630668016,0
2023-07-28 11:13:36,3352.05,81244,1,3346.66,51873,103244,0.7256828630668016,0
2023-07-28 11:13:40,3352.95,81246,2,3346.66,51917,103349,0.7527269449202117,0
2023-07-28 11:13:40,3352.95,81246,2,3346.66,51923,103314,0.7527269449202117,0
2023-07-28 11:13:40,3352.95,81246,2,3346.66,51920,103314,0.7527269449202117,0
2023-07-28 11:13:40,3352.95,81246,2,3346.66,51884,103314,0.7527269449202117,0
2023-07-28 11:13:40,3352.95,81246,2,3346.66,51908,103116,0.7527269449202117,0
2023-07-28 11:13:40,3352.95,81246,2,3346.66,51860,103526,0.7527269449202117,0
2023-07-28 11:13:40,3352.95,81246,2,3346.66,51860,103526,0.7527269449202117,0
2023-07-28 11:13:48,3352.0,81251,5,3346.66,51875,103528,0.7241804140749394,0
2023-07-28 11:13:48,3352.0,81251,5,3346.66,51384,103528,0.7241804140749394,0
2023-07-28 11:13:48,3352.0,81251,5,3346.66,51384,103528,0.7241804140749394,0
2023-07-28 11:13:48,3352.0,81251,5,3346.66,51385,103528,0.7241804140749394,0
2023-07-28 11:13:48,3352.0,81251,5,3346.66,51404,103528,0.7241804140749394,0
2023-07-28 11:13:48,3352.0,81251,5,3346.66,51405,103528,0.7241804140749394,0
2023-07-28 11:13:54,3352.0,81252,1,3346.66,51384,103528,0.7241804140749394,0
2023-07-28 11:13:54,3352.0,81252,1,3346.66,51385,103528,0.7241804140749394,0
2023-07-28 11:13:54,3352.0,81252,1,3346.66,51390,103528,0.7241804140749394,0
2023-07-28 11:13:54,3352.9,81252,1,3346.66,51390,103528,0.7512244959283632,0
2023-07-28 11:13:59,3352.9,81253,1,3346.66,51428,103472,0.7512244959283632,0
2023-07-28 11:13:59,3352.9,81253,1,3346.66,51444,103467,0.7512244959283632,0
2023-07-28 11:13:59,3352.25,81253,5,3346.66,51444,103467,0.731692659034223,0
2023-07-28 11:14:01,3352.25,81258,5,3346.66,51449,103523,0.731692659034223,0
2023-07-28 11:14:01,3352.25,81258,5,3346.66,51484,103372,0.731692659034223,0
2023-07-28 11:14:01,3352.25,81258,5,3346.66,51479,103372,0.731692659034223,0
2023-07-28 11:14:05,3352.25,81262,3,3346.66,51479,103368,0.731692659034223,0
2023-07-28 11:14:05,3352.25,81262,3,3346.66,51479,103374,0.731692659034223,0
2023-07-28 11:14:07,3352.25,81268,6,3346.66,51479,103355,0.731692659034223,0
2023-07-28 11:14:07,3352.25,81268,6,3346.66,51456,103543,0.731692659034223,0
2023-07-28 11:14:07,3352.25,81268,6,3346.66,51451,103593,0.731692659034223,0
2023-07-28 11:14:07,3352.25,81268,6,3346.66,51461,103593,0.731692659034223,0
2023-07-28 11:14:07,3352.25,81268,6,3346.66,51461,103596,0.731692659034223,0
2023-07-28 11:14:07,3352.25,81268,6,3346.66,51461,103601,0.731692659034223,0
2023-07-28 11:14:07,3352.25,81268,6,3346.66,51698,103601,0.731692659034223,0
2023-07-28 11:14:07,3352.25,81268,6,3346.66,51698,103601,0.731692659034223,0
2023-07-28 11:14:07,3352.25,81268,6,3346.66,51705,103601,0.731692659034223,0
2023-07-28 11:14:07,3352.25,81268,6,3346.66,51671,103601,0.731692659034223,0
2023-07-28 11:14:07,3352.25,81268,6,3346.66,51676,103426,0.731692659034223,0
2023-07-28 11:14:07,3352.25,81268,6,3346.66,51676,103601,0.731692659034223,0
2023-07-28 11:14:07,3352.25,81268,6,3346.66,51676,103601,0.731692659034223,0
2023-07-28 11:14:07,3352.25,81268,6,3346.66,51676,103601,0.731692659034223,0
2023-07-28 11:14:07,3352.25,81268,6,3346.66,51676,103598,0.731692659034223,0
2023-07-28 11:14:07,3352.25,81268,6,3346.66,51680,103572,0.731692659034223,0
2023-07-28 11:14:23,3352.9,81269,1,3346.66,51678,103523,0.7512244959283632,0
2023-07-28 11:14:23,3352.9,81269,1,3346.66,51681,103553,0.7512244959283632,0
2023-07-28 11:14:23,3352.9,81269,1,3346.66,51681,103553,0.7512244959283632,0
2023-07-28 11:14:23,3352.25,81269,1,3346.66,51681,103553,0.731692659034223,0
2023-07-28 11:14:26,3352.0,81312,22,3346.66,51695,103390,0.7241804140749394,0
2023-07-28 11:14:26,3352.0,81312,22,3346.66,51725,103384,0.7241804140749394,0
2023-07-28 11:14:26,3352.0,81312,22,3346.66,51725,103384,0.7241804140749394,0
2023-07-28 11:14:26,3352.0,81312,22,3346.66,51683,103456,0.7241804140749394,0
2023-07-28 11:14:26,3352.0,81312,22,3346.66,51683,103456,0.7241804140749394,0
2023-07-28 11:14:26,3352.0,81312,22,3346.66,51708,103439,0.7241804140749394,0
2023-07-28 11:14:26,3352.0,81312,22,3346.66,51732,103439,0.7241804140749394,0
2023-07-28 11:14:31,3353.0,81335,4,3346.67,51725,103536,0.7542293939120739,0
2023-07-28 11:14:31,3353.0,81335,4,3346.67,51704,103536,0.7542293939120739,0
2023-07-28 11:14:31,3353.0,81335,4,3346.67,51704,103584,0.7542293939120739,0
2023-07-28 11:14:31,3353.0,81335,4,3346.67,51705,103584,0.7542293939120739,0
2023-07-28 11:14:31,3353.0,81335,4,3346.67,51705,103584,0.7542293939120739,0
2023-07-28 11:14:31,3353.0,81335,4,3346.67,51711,103589,0.7542293939120739,0
2023-07-28 11:14:31,3353.0,81335,4,3346.67,50836,103589,0.7542293939120739,0
2023-07-28 11:14:31,3353.0,81335,4,3346.67,51711,103591,0.7542293939120739,0
2023-07-28 11:14:31,3352.95,81335,3,3346.67,51711,103591,0.7527269449202117,0
2023-07-28 11:14:41,3352.95,81338,3,3346.67,51534,103372,0.7527269449202117,0
2023-07-28 11:14:41,3352.95,81338,3,3346.67,51589,103560,0.7527269449202117,0
2023-07-28 11:14:41,3352.95,81338,3,3346.67,51826,103592,0.7527269449202117,0
2023-07-28 11:14:41,3353.0,81338,3,3346.67,51826,103592,0.7542293939120739,0
2023-07-28 11:14:44,3353.0,81341,3,3346.67,51945,103398,0.7542293939120739,0
2023-07-28 11:14:44,3353.0,81341,3,3346.67,51945,103571,0.7542293939120739,0
2023-07-28 11:14:44,3353.0,81341,3,3346.67,51945,103571,0.7542293939120739,0
2023-07-28 11:14:44,3353.0,81341,3,3346.67,51945,103571,0.7542293939120739,0
2023-07-28 11:14:44,3353.0,81341,3,3346.67,51945,103571,0.7542293939120739,0
2023-07-28 11:14:44,3353.0,81341,3,3346.67,51945,103571,0.7542293939120739,0
2023-07-28 11:14:44,3353.0,81341,3,3346.67,51945,103599,0.7542293939120739,0
2023-07-28 11:14:44,3353.0,81341,3,3346.67,51945,103645,0.7542293939120739,0
2023-07-28 11:14:44,3353.0,81341,3,3346.67,51945,103645,0.7542293939120739,0
2023-07-28 11:14:44,3353.0,81341,3,3346.67,51945,103645,0.7542293939120739,0
2023-07-28 11:14:44,3353.0,81341,3,3346.67,51946,103646,0.7542293939120739,0
2023-07-28 11:14:56,3352.0,81516,173,3346.68,51727,103564,0.7241804140749394,0
2023-07-28 11:14:56,3352.0,81516,173,3346.68,51740,103468,0.7241804140749394,0
2023-07-28 11:14:56,3352.0,81516,173,3346.68,51729,103469,0.7241804140749394,0
2023-07-28 11:14:59,3353.0,81519,3,3346.68,51747,103238,0.7542293939120739,0
2023-07-28 11:15:00,3353.0,81530,10,3346.68,51742,103372,0.7542293939120739,0
2023-07-28 11:15:00,3353.0,81530,10,3346.68,51733,103385,0.7542293939120739,0
2023-07-28 11:15:00,3353.0,81530,10,3346.68,51748,103389,0.7542293939120739,0
2023-07-28 11:15:00,3353.0,81530,10,3346.68,51752,103403,0.7542293939120739,0
2023-07-28 11:15:00,3353.0,81530,10,3346.68,51752,103383,0.7542293939120739,0
2023-07-28 11:15:00,3353.0,81530,10,3346.68,51749,103383,0.7542293939120739,0
2023-07-28 11:15:06,3352.0,81540,10,3346.68,51739,103383,0.7241804140749394,0
2023-07-28 11:15:06,3352.0,81540,10,3346.68,51739,103383,0.7241804140749394,0
2023-07-28 11:15:06,3352.0,81540,10,3346.68,51742,103389,0.7241804140749394,0
2023-07-28 11:15:06,3352.0,81540,10,3346.68,51742,104090,0.7241804140749394,0
2023-07-28 11:15:06,3352.0,81540,10,3346.68,50827,104124,0.7241804140749394,0
2023-07-28 11:15:06,3352.0,81540,10,3346.68,51735,104159,0.7241804140749394,0
2023-07-28 11:15:06,3352.0,81540,1,3346.68,51735,104145,0.7241804140749394,0
2023-07-28 11:15:13,3352.0,81541,1,3346.68,51734,104160,0.7241804140749394,0
2023-07-28 11:15:13,3352.0,81541,1,3346.68,51734,104397,0.7241804140749394,0
2023-07-28 11:15:13,3352.0,81541,1,3346.68,51699,104382,0.7241804140749394,0
2023-07-28 11:15:13,3352.0,81541,1,3346.68,51759,104396,0.7241804140749394,0
