2023-07-28 10:49:26,117.55,4552114,616,116.93,1901080,2046698,0.8147512864494021,0
2023-07-28 10:49:28,117.55,4554125,616,116.93,1891156,2059339,0.8147512864494021,0
2023-07-28 10:49:28,117.5,4554125,441,116.93,1891156,2059339,0.771869639794173,0
2023-07-28 10:49:28,117.55,4554125,500,116.93,1891156,2059339,0.8147512864494021,0
2023-07-28 10:49:33,117.55,4560549,4397,116.93,1894636,2065974,0.8147512864494021,0
2023-07-28 10:49:33,117.6,4560549,349,116.93,1894636,2065974,0.8576329331046313,0
2023-07-28 10:49:38,117.5,4571904,1636,116.93,1902633,2052693,0.771869639794173,0
2023-07-28 10:49:38,117.6,4571904,9,116.93,1902633,2052693,0.8576329331046313,0
2023-07-28 10:49:38,117.6,4571904,100,116.93,1902633,2052693,0.8576329331046313,0
2023-07-28 10:49:42,117.6,4572322,54,116.93,1914592,2055669,0.8576329331046313,0
2023-07-28 10:49:42,117.6,4572322,54,116.93,1914592,2055669,0.8576329331046313,0
2023-07-28 10:49:42,117.6,4572322,10,116.93,1914592,2055669,0.8576329331046313,0
2023-07-28 10:49:46,117.6,4572612,24,116.93,1938980,2043593,0.8576329331046313,0
2023-07-28 10:49:46,117.55,4572612,50,116.93,1938980,2043593,0.8147512864494021,0
2023-07-28 10:49:46,117.6,4572612,24,116.93,1938980,2043593,0.8576329331046313,0
2023-07-28 10:49:50,117.6,4572969,82,116.93,1938447,2048870,0.8576329331046313,0
2023-07-28 10:49:50,117.6,4572969,50,116.93,1938447,2048870,0.8576329331046313,0
2023-07-28 10:49:50,117.65,4572969,50,116.93,1938447,2048870,0.9005145797598726,0
2023-07-28 10:49:55,117.65,4574117,160,116.93,1975338,2048048,0.9005145797598726,0
2023-07-28 10:49:55,117.6,4574117,25,116.93,1975338,2048048,0.8576329331046313,0
2023-07-28 10:49:55,117.7,4574117,30,116.93,1975338,2048048,0.9433962264151017,0
2023-07-28 10:49:55,117.65,4574117,100,116.93,1975338,2048048,0.9005145797598726,0
2023-07-28 10:49:59,117.75,4582311,1,116.93,2015945,2039255,0.9862778730703308,0
2023-07-28 10:49:59,117.75,4582311,200,116.93,2015945,2039255,0.9862778730703308,0
2023-07-28 10:49:59,117.7,4582311,38,116.93,2015945,2039255,0.9433962264151017,0
2023-07-28 10:50:03,117.75,4582777,203,116.93,1986302,2048782,0.9862778730703308,0
2023-07-28 10:50:03,117.7,4582777,1,116.93,1986302,2048782,0.9433962264151017,0
2023-07-28 10:50:06,117.8,4607452,1,116.94,1997889,2026080,1.0291595197255599,0
2023-07-28 10:50:06,117.8,4607452,1,116.94,1997889,2026080,1.0291595197255599,0
2023-07-28 10:50:07,117.8,4611184,2347,116.94,1996036,2052232,1.0291595197255599,0
2023-07-28 10:50:08,117.75,4611892,700,116.94,2005902,2050718,0.9862778730703308,0
2023-07-28 10:50:09,117.8,4614305,1500,116.94,2007039,2050016,1.0291595197255599,0
2023-07-28 10:50:10,117.85,4615256,70,116.94,2015531,2050565,1.0720411663807892,0
2023-07-28 10:50:12,117.8,4670153,100,116.95,2019436,2012335,1.0291595197255599,0
2023-07-28 10:50:12,117.9,4674828,4675,116.95,2019434,2007810,1.1149228130360305,0
2023-07-28 10:50:13,117.9,4675529,701,116.95,2010955,2009100,1.1149228130360305,0
2023-07-28 10:50:14,117.9,4684784,9150,116.95,2001188,2000785,1.1149228130360305,0
2023-07-28 10:50:14,117.9,4684784,9150,116.95,2001188,2001775,1.1149228130360305,0
2023-07-28 10:50:16,117.9,4687172,1000,116.95,2003539,1996815,1.1149228130360305,0
2023-07-28 10:50:16,117.8,4687546,15,116.95,2003524,1996423,1.0291595197255599,0
2023-07-28 10:50:16,117.9,4687546,10000,116.95,2003524,1996423,1.1149228130360305,0
2023-07-28 10:50:18,117.85,4697632,30,116.95,1996641,1988124,1.0720411663807892,0
2023-07-28 10:50:19,117.85,4699561,5,116.96,1997690,1984516,1.0720411663807892,0
2023-07-28 10:50:20,117.9,4699893,43,116.96,1997690,1983872,1.1149228130360305,0
2023-07-28 10:50:20,117.9,4699893,43,116.96,1997690,1983872,1.1149228130360305,0
2023-07-28 10:50:20,117.9,4699893,43,116.96,1997690,1983872,1.1149228130360305,0
2023-07-28 10:50:21,117.8,4700332,1,116.96,1986556,1990397,1.0291595197255599,0
2023-07-28 10:50:22,117.9,4700342,10,116.96,1993011,1990332,1.1149228130360305,0
2023-07-28 10:50:23,117.9,4700732,52,116.96,1992728,1988339,1.1149228130360305,0
2023-07-28 10:50:23,117.9,4700732,52,116.96,1992728,1988339,1.1149228130360305,0
2023-07-28 10:50:24,117.9,4700855,23,116.96,1990728,1988216,1.1149228130360305,0
2023-07-28 10:50:24,117.9,4700855,23,116.96,1990728,1988216,1.1149228130360305,0
2023-07-28 10:50:25,117.9,4701319,63,116.96,1990744,1988092,1.1149228130360305,0
2023-07-28 10:50:25,117.9,4701319,63,116.96,1990744,1988092,1.1149228130360305,0
2023-07-28 10:50:26,117.9,4701904,85,116.96,1998828,1987137,1.1149228130360305,0
2023-07-28 10:50:27,117.9,4701916,12,116.96,2000070,1987769,1.1149228130360305,0
2023-07-28 10:50:27,117.9,4701916,12,116.96,2000070,1987769,1.1149228130360305,0
2023-07-28 10:50:28,117.85,4703892,30,116.96,2000346,1988501,1.0720411663807892,0
2023-07-28 10:50:29,117.9,4704202,74,116.96,1980406,1998483,1.1149228130360305,0
2023-07-28 10:50:30,117.9,4704213,11,116.96,1981695,1995259,1.1149228130360305,0
2023-07-28 10:50:31,117.9,4704215,2,116.96,1981219,1995438,1.1149228130360305,0
2023-07-28 10:50:31,117.9,4704215,242,116.96,1981219,1995438,1.1149228130360305,0
2023-07-28 10:50:33,117.9,4710654,188,116.96,1986825,1985299,1.1149228130360305,0
2023-07-28 10:50:34,117.9,4712982,203,116.96,1985024,1990476,1.1149228130360305,0
2023-07-28 10:50:35,117.9,4713331,349,116.96,1983538,1991944,1.1149228130360305,0
2023-07-28 10:50:35,117.9,4713331,53,116.96,1983538,1991944,1.1149228130360305,0
2023-07-28 10:50:37,117.9,4713634,50,116.96,1984636,1992531,1.1149228130360305,0
2023-07-28 10:50:38,117.85,4714379,700,116.96,1959167,1997105,1.0720411663807892,0
2023-07-28 10:50:38,117.85,4714379,700,116.96,1959167,1997105,1.0720411663807892,0
2023-07-28 10:50:39,117.85,4714508,17,116.96,1959098,1997596,1.0720411663807892,0
2023-07-28 10:50:40,117.85,4720308,10,116.96,1958128,1997755,1.0720411663807892,0
2023-07-28 10:50:41,117.85,4720441,117,116.96,1958112,1997624,1.0720411663807892,0
2023-07-28 10:50:41,117.85,4720441,117,116.96,1958112,1997624,1.0720411663807892,0
2023-07-28 10:50:42,117.85,4720459,18,116.96,1958112,1997111,1.0720411663807892,0
2023-07-28 10:50:42,117.85,4720459,18,116.96,1958112,1997111,1.0720411663807892,0
2023-07-28 10:50:43,117.85,4720462,3,116.96,1958212,1996769,1.0720411663807892,0
2023-07-28 10:50:44,117.85,4720474,2,116.96,1958212,1996757,1.0720411663807892,0
2023-07-28 10:50:45,117.85,4724598,73,116.96,1940651,1996721,1.0720411663807892,0
2023-07-28 10:50:47,117.85,4725190,500,116.96,1940651,1998429,1.0720411663807892,0
2023-07-28 10:50:47,117.85,4725190,500,116.96,1940649,1998429,1.0720411663807892,0
2023-07-28 10:50:48,117.85,4725378,100,116.96,1943151,1996834,1.0720411663807892,0
2023-07-28 10:50:49,117.85,4727173,38,116.96,1940978,1999260,1.0720411663807892,0
2023-07-28 10:50:50,117.85,4727182,6,116.96,1941091,1999137,1.0720411663807892,0
2023-07-28 10:50:51,117.85,4727184,1,116.96,1942974,2000825,1.0720411663807892,0
2023-07-28 10:50:51,117.85,4727184,1,116.96,1943274,2000769,1.0720411663807892,0
2023-07-28 10:50:51,117.75,4727184,2,116.96,1943274,2000769,0.9862778730703308,0
2023-07-28 10:50:53,117.85,4728337,151,116.96,1943685,2002774,1.0720411663807892,0
2023-07-28 10:50:54,118.0,4888543,111,116.99,2015766,1891072,1.2006861063464886,0
2023-07-28 10:50:54,117.95,4888543,100,116.99,2015766,1891072,1.1578044596912596,0
2023-07-28 10:50:55,117.95,4888661,18,116.99,2011771,1892812,1.1578044596912596,0
2023-07-28 10:50:56,117.95,4888764,100,116.99,2009410,1911362,1.1578044596912596,0
2023-07-28 10:50:58,118.0,4888782,2,116.99,2009462,1911966,1.2006861063464886,0
2023-07-28 10:50:59,118.0,4888903,16,116.99,2000512,1912914,1.2006861063464886,0
2023-07-28 10:50:59,118.0,4888903,16,116.99,2000512,1912914,1.2006861063464886,0
2023-07-28 10:51:00,118.0,4888905,2,116.99,1999294,1914665,1.2006861063464886,0
2023-07-28 10:51:00,118.0,4888905,2,116.99,1999294,1914665,1.2006861063464886,0
2023-07-28 10:51:02,118.0,4890408,155,116.99,1999188,1914940,1.2006861063464886,0
2023-07-28 10:51:03,118.0,4891663,339,116.99,1994842,1920612,1.2006861063464886,0
2023-07-28 10:51:03,118.0,4891663,339,116.99,1994842,1920612,1.2006861063464886,0
2023-07-28 10:51:04,118.0,4894250,218,117.0,1991593,1925857,1.2006861063464886,0
2023-07-28 10:51:05,117.9,4900337,100,117.0,1994991,1921594,1.1149228130360305,0
2023-07-28 10:51:06,118.0,4901352,152,117.0,1995275,1921772,1.2006861063464886,0
2023-07-28 10:51:07,118.0,4901782,56,117.0,1949525,1921267,1.2006861063464886,0
2023-07-28 10:51:07,117.95,4901782,8,117.0,1949525,1921267,1.1578044596912596,0
2023-07-28 10:51:09,117.95,4901793,2,117.0,1995775,1922577,1.1578044596912596,0
2023-07-28 10:51:10,118.0,4905797,96,117.0,1996575,1921915,1.2006861063464886,0
2023-07-28 10:51:11,117.9,4906498,100,117.0,2007345,1922145,1.1149228130360305,0
2023-07-28 10:51:12,118.0,4906603,13,117.0,2008308,1921956,1.2006861063464886,0
2023-07-28 10:51:12,117.95,4906603,70,117.0,2008308,1921956,1.1578044596912596,0
2023-07-28 10:51:13,118.05,4909842,194,117.0,2017861,1916771,1.2435677530017177,0
2023-07-28 10:51:14,118.05,4909907,65,117.0,2018212,1917045,1.2435677530017177,0
2023-07-28 10:51:15,118.05,4909925,300,117.0,2017714,1918426,1.2435677530017177,0
2023-07-28 10:51:16,118.0,4910426,100,117.0,2020293,1918326,1.2006861063464886,0
2023-07-28 10:51:17,118.0,4910501,5,117.0,2023249,1919361,1.2006861063464886,0
2023-07-28 10:51:18,118.05,4910536,14,117.0,2023226,1919347,1.2435677530017177,0
2023-07-28 10:51:19,118.05,4910592,9,117.0,2024206,1919813,1.2435677530017177,0
2023-07-28 10:51:20,118.05,4912094,152,117.0,2024788,1920918,1.2435677530017177,0
2023-07-28 10:51:21,118.05,4912664,249,117.0,2022239,1921591,1.2435677530017177,0
2023-07-28 10:51:22,118.1,4913774,160,117.0,2026868,1921035,1.2864493996569468,0
2023-07-28 10:51:23,118.0,4913807,200,117.0,2026878,1921655,1.2006861063464886,0
2023-07-28 10:51:24,118.1,4914042,34,117.0,2024332,1921354,1.2864493996569468,0
2023-07-28 10:51:25,118.1,4914047,5,117.0,2024352,1921574,1.2864493996569468,0
2023-07-28 10:51:26,118.0,4914097,50,117.0,2024300,1921535,1.2006861063464886,0
2023-07-28 10:51:26,118.1,4914097,9,117.0,2024300,1921535,1.2864493996569468,0
2023-07-28 10:51:27,118.1,4914107,1,117.0,2024323,1921525,1.2864493996569468,0
2023-07-28 10:51:27,118.1,4914107,1,117.0,2024325,1922618,1.2864493996569468,0
2023-07-28 10:51:27,118.0,4914107,45,117.0,2024325,1922618,1.2006861063464886,0
2023-07-28 10:51:29,118.1,4914166,8,117.0,2024295,1922736,1.2864493996569468,0
2023-07-28 10:51:31,118.0,4914946,50,117.0,2024248,1922718,1.2006861063464886,0
2023-07-28 10:51:31,118.1,4914981,3,117.0,2024250,1923158,1.2864493996569468,0
2023-07-28 10:51:32,118.1,4916713,300,117.0,2020073,1926967,1.2864493996569468,0
2023-07-28 10:51:34,118.1,4918514,143,117.0,2019034,1927363,1.2864493996569468,0
2023-07-28 10:51:34,118.1,4918514,143,117.0,2019034,1927363,1.2864493996569468,0
2023-07-28 10:51:34,118.1,4918514,143,117.0,2019455,1927663,1.2864493996569468,0
2023-07-28 10:51:34,118.1,4918514,29,117.0,2019455,1927663,1.2864493996569468,0
2023-07-28 10:51:36,118.1,4918547,527,117.0,2028418,1923568,1.2864493996569468,0
2023-07-28 10:51:37,118.15,4930414,503,117.0,2041049,1912579,1.3293310463121881,0
2023-07-28 10:51:37,118.1,4930414,36,117.0,2041049,1912579,1.2864493996569468,0
2023-07-28 10:51:38,118.1,4930700,13,117.0,2038805,1915732,1.2864493996569468,0
2023-07-28 10:51:39,118.15,4931901,188,117.0,2040163,1915094,1.3293310463121881,0
2023-07-28 10:51:40,118.1,4931929,25,117.0,2041893,1916066,1.2864493996569468,0
2023-07-28 10:51:41,118.1,4932357,50,117.0,2038271,1918372,1.2864493996569468,0
2023-07-28 10:51:42,118.15,4932396,19,117.0,2041094,1916793,1.3293310463121881,0
2023-07-28 10:51:43,118.15,4932457,10,117.0,2042094,1916362,1.3293310463121881,0
2023-07-28 10:51:44,118.15,4932869,26,117.0,2039499,1924861,1.3293310463121881,0
2023-07-28 10:51:46,118.15,4935397,69,117.0,2039895,1925897,1.3293310463121881,0
2023-07-28 10:51:46,118.15,4935397,1526,117.0,2039895,1925897,1.3293310463121881,0
2023-07-28 10:51:47,118.15,4941145,90,117.01,2047494,1919792,1.3293310463121881,0
2023-07-28 10:51:48,118.2,4942235,10,117.01,2048010,1921599,1.3722126929674174,0
2023-07-28 10:51:48,118.15,4942235,4,117.01,2048010,1921599,1.3293310463121881,0
2023-07-28 10:51:49,118.2,4942277,38,117.01,2047942,1922871,1.3722126929674174,0
2023-07-28 10:51:49,118.2,4942277,2,117.01,2047942,1922871,1.3722126929674174,0
2023-07-28 10:51:50,118.15,4942335,1,117.01,1998753,1923497,1.3293310463121881,0
2023-07-28 10:51:50,118.15,4942336,1,117.01,2044504,1924249,1.3293310463121881,0
2023-07-28 10:51:50,118.2,4942336,8,117.01,2044504,1924249,1.3722126929674174,0
2023-07-28 10:51:51,118.2,4942344,8,117.01,1971652,1924752,1.3722126929674174,0
2023-07-28 10:51:52,118.15,4942846,455,117.01,1972102,1924850,1.3293310463121881,0
2023-07-28 10:51:53,118.2,4942921,75,117.01,1972104,1924905,1.3722126929674174,0
2023-07-28 10:51:53,118.2,4942921,11,117.01,1972104,1924905,1.3722126929674174,0
2023-07-28 10:51:55,118.2,4949559,527,117.01,2053580,1925671,1.3722126929674174,0
2023-07-28 10:51:55,118.2,4949559,669,117.01,2053580,1925671,1.3722126929674174,0
2023-07-28 10:51:55,118.2,4950555,149,117.01,2054360,1923783,1.3722126929674174,0
2023-07-28 10:51:57,118.15,4950831,46,117.01,2058731,1924665,1.3293310463121881,0
2023-07-28 10:51:57,118.2,4950831,15,117.01,2058731,1924665,1.3722126929674174,0
2023-07-28 10:51:59,118.2,4951071,20,117.01,2059733,1926349,1.3722126929674174,0
2023-07-28 10:52:00,118.2,4951154,12,117.01,2058858,1927054,1.3722126929674174,0
2023-07-28 10:52:01,118.15,4951549,382,117.01,2049883,1931349,1.3293310463121881,0
2023-07-28 10:52:01,118.15,4951549,59,117.01,2049883,1931349,1.3293310463121881,0
2023-07-28 10:52:02,118.2,4951613,10,117.01,2055282,1932010,1.3722126929674174,0
2023-07-28 10:52:02,118.2,4951623,10,117.01,2056923,1930847,1.3722126929674174,0
2023-07-28 10:52:02,118.2,4951623,1,117.01,2056923,1930847,1.3722126929674174,0
2023-07-28 10:52:05,118.2,4951717,12,117.01,2058237,1933709,1.3722126929674174,0
2023-07-28 10:52:05,118.2,4951717,12,117.01,2058237,1933709,1.3722126929674174,0
2023-07-28 10:52:05,118.2,4951717,2,117.01,2058237,1933709,1.3722126929674174,0
2023-07-28 10:52:05,118.15,4951717,60,117.01,2058237,1933709,1.3293310463121881,0
2023-07-28 10:52:09,118.15,4951949,30,117.01,2051275,1938393,1.3293310463121881,0
2023-07-28 10:52:09,118.15,4951949,30,117.01,2051275,1938393,1.3293310463121881,0
2023-07-28 10:52:09,118.15,4951949,100,117.01,2051275,1938393,1.3293310463121881,0
2023-07-28 10:52:09,118.15,4951949,500,117.01,2051275,1938393,1.3293310463121881,0
2023-07-28 10:52:13,118.15,4953531,20,117.01,2035297,1944486,1.3293310463121881,0
2023-07-28 10:52:13,118.1,4953531,80,117.01,2035297,1944486,1.2864493996569468,0
2023-07-28 10:52:13,118.1,4953531,50,117.01,2035297,1944486,1.2864493996569468,0
2023-07-28 10:52:13,118.1,4953531,20,117.01,2035297,1944486,1.2864493996569468,0
2023-07-28 10:52:17,118.1,4961306,25,117.01,2038718,1944523,1.2864493996569468,0
2023-07-28 10:52:17,118.1,4961306,50,117.01,2038718,1944523,1.2864493996569468,0
2023-07-28 10:52:17,118.05,4961306,5,117.01,2038718,1944523,1.2435677530017177,0
2023-07-28 10:52:21,118.05,4961554,50,117.01,2038742,1946828,1.2435677530017177,0
2023-07-28 10:52:21,118.1,4961554,10,117.01,2038742,1946828,1.2864493996569468,0
2023-07-28 10:52:21,118.1,4961554,13,117.01,2038742,1946828,1.2864493996569468,0
2023-07-28 10:52:21,118.05,4961554,150,117.01,2038742,1946828,1.2435677530017177,0
2023-07-28 10:52:21,118.15,4961554,64,117.01,2038742,1946828,1.3293310463121881,0
2023-07-28 10:52:21,118.1,4961554,130,117.01,2038742,1946828,1.2864493996569468,0
2023-07-28 10:52:21,118.1,4961554,101,117.01,2038742,1946828,1.2864493996569468,0
2023-07-28 10:52:30,118.1,4966591,197,117.01,2039074,1956455,1.2864493996569468,0
2023-07-28 10:52:30,118.1,4966591,10,117.01,2039074,1956455,1.2864493996569468,0
2023-07-28 10:52:30,118.05,4966591,80,117.01,2039074,1956455,1.2435677530017177,0
2023-07-28 10:52:30,118.05,4966591,50,117.01,2039074,1956455,1.2435677530017177,0
2023-07-28 10:52:34,118.05,4967435,52,117.01,2037311,1963171,1.2435677530017177,0
2023-07-28 10:52:34,118.05,4967435,194,117.01,2037311,1963171,1.2435677530017177,0
2023-07-28 10:52:34,118.1,4967435,10,117.01,2037311,1963171,1.2864493996569468,0
2023-07-28 10:52:34,118.1,4967435,4,117.01,2037311,1963171,1.2864493996569468,0
2023-07-28 10:52:39,118.05,4969894,401,117.01,2043401,1970759,1.2435677530017177,0
2023-07-28 10:52:39,118.05,4969894,938,117.01,2043401,1970759,1.2435677530017177,0
2023-07-28 10:52:39,117.9,4969894,100,117.01,2043401,1970759,1.1149228130360305,0
2023-07-28 10:52:39,118.0,4969894,200,117.01,2043401,1970759,1.2006861063464886,0
2023-07-28 10:52:39,118.0,4969894,178,117.01,2043401,1970759,1.2006861063464886,0
2023-07-28 10:52:39,117.9,4969894,4,117.01,2043401,1970759,1.1149228130360305,0
2023-07-28 10:52:39,117.85,4969894,1,117.01,2043401,1970759,1.0720411663807892,0
2023-07-28 10:52:47,117.95,5006353,617,117.02,2024595,1997931,1.1578044596912596,0
2023-07-28 10:52:47,117.9,5006353,122,117.02,2024595,1997931,1.1149228130360305,0
2023-07-28 10:52:47,118.0,5006353,6,117.02,2024595,1997931,1.2006861063464886,0
2023-07-28 10:52:47,118.0,5006353,14,117.02,2024595,1997931,1.2006861063464886,0
2023-07-28 10:52:51,118.0,5007220,480,117.02,2021991,2001496,1.2006861063464886,0
2023-07-28 10:52:51,117.9,5007220,1,117.02,2021991,2001496,1.1149228130360305,0
2023-07-28 10:52:56,118.0,5007294,72,117.02,2032520,2002205,1.2006861063464886,0
2023-07-28 10:52:56,117.95,5007294,476,117.02,2032520,2002205,1.1578044596912596,0
2023-07-28 10:53:00,118.0,5008053,109,117.02,2044846,1995331,1.2006861063464886,0
2023-07-28 10:53:00,118.0,5008053,2971,117.02,2044846,1995331,1.2006861063464886,0
2023-07-28 10:53:00,118.05,5008053,30,117.02,2044846,1995331,1.2435677530017177,0
2023-07-28 10:53:00,118.05,5008053,100,117.02,2044846,1995331,1.2435677530017177,0
2023-07-28 10:53:04,118.05,5028529,2685,117.02,2037226,1991702,1.2435677530017177,0
2023-07-28 10:53:04,118.05,5028529,2,117.02,2037226,1991702,1.2435677530017177,0
2023-07-28 10:53:04,118.05,5028531,403,117.02,2037460,1993888,1.2435677530017177,0
2023-07-28 10:53:04,117.95,5028531,6,117.02,2037460,1993888,1.1578044596912596,0
2023-07-28 10:53:06,117.95,5028940,6,117.02,2037452,1994120,1.1578044596912596,0
2023-07-28 10:53:06,118.05,5028940,61,117.02,2037452,1994120,1.2435677530017177,0
2023-07-28 10:53:08,117.95,5029001,178,117.02,2037751,1998347,1.1578044596912596,0
2023-07-28 10:53:09,118.05,5031696,35,117.02,2038775,1996248,1.2435677530017177,0
2023-07-28 10:53:10,117.95,5032154,249,117.02,2038525,1997009,1.1578044596912596,0
2023-07-28 10:53:11,118.0,5032867,640,117.02,2034585,1999890,1.2006861063464886,0
2023-07-28 10:53:12,118.0,5033024,50,117.02,2038458,1997632,1.2006861063464886,0
2023-07-28 10:53:12,118.0,5033024,50,117.02,2038458,1997632,1.2006861063464886,0
2023-07-28 10:53:13,118.05,5033048,24,117.02,2038990,1999563,1.2435677530017177,0
2023-07-28 10:53:14,118.05,5036410,565,117.02,2064177,1958526,1.2435677530017177,0
2023-07-28 10:53:16,118.1,5037462,138,117.02,2064537,1979282,1.2864493996569468,0
2023-07-28 10:53:16,118.1,5037462,138,117.02,2078631,1982554,1.2864493996569468,0
2023-07-28 10:53:17,118.15,5042606,351,117.03,2069789,1987955,1.3293310463121881,0
2023-07-28 10:53:18,118.2,5046678,102,117.03,2088006,1984968,1.3722126929674174,0
2023-07-28 10:53:20,118.1,5046833,250,117.03,2023157,1989661,1.2864493996569468,0
2023-07-28 10:53:21,118.15,5047238,55,117.03,2069566,1990862,1.3293310463121881,0
2023-07-28 10:53:21,118.15,5047238,55,117.03,2069566,1990862,1.3293310463121881,0
2023-07-28 10:53:21,118.15,5047238,55,117.03,2069566,1990862,1.3293310463121881,0
2023-07-28 10:53:22,118.15,5047362,24,117.03,2069791,1989885,1.3293310463121881,0
2023-07-28 10:53:23,118.15,5047595,13,117.03,2067980,1993323,1.3293310463121881,0
2023-07-28 10:53:23,118.15,5047595,13,117.03,2067980,1993323,1.3293310463121881,0
2023-07-28 10:53:24,118.15,5047600,5,117.03,2069961,1992136,1.3293310463121881,0
2023-07-28 10:53:24,118.15,5047600,5,117.03,2069961,1992136,1.3293310463121881,0
2023-07-28 10:53:24,118.15,5047600,1,117.03,2069961,1991712,1.3293310463121881,0
2023-07-28 10:53:26,118.15,5049206,133,117.03,2068100,1993198,1.3293310463121881,0
2023-07-28 10:53:27,118.1,5052948,1,117.03,2071222,1991482,1.2864493996569468,0
2023-07-28 10:53:28,118.1,5053569,10,117.03,2021511,1992912,1.2864493996569468,0
2023-07-28 10:53:28,118.15,5053569,93,117.03,2021511,1992912,1.3293310463121881,0
2023-07-28 10:53:28,118.15,5053662,14,117.03,2067241,1993707,1.3293310463121881,0
2023-07-28 10:53:30,118.1,5053701,25,117.03,2068789,1993192,1.2864493996569468,0
2023-07-28 10:53:31,118.15,5055567,284,117.03,2020321,1994713,1.3293310463121881,0
2023-07-28 10:53:33,118.15,5055941,50,117.03,2083665,1989809,1.3293310463121881,0
2023-07-28 10:53:33,118.15,5056497,140,117.03,2081075,1992134,1.3293310463121881,0
2023-07-28 10:53:34,118.1,5056599,18,117.03,2082463,1989949,1.2864493996569468,0
2023-07-28 10:53:34,118.1,5056599,18,117.03,2082463,1989949,1.2864493996569468,0
2023-07-28 10:53:35,118.15,5056614,15,117.03,2081062,1995741,1.3293310463121881,0
2023-07-28 10:53:37,118.1,5056916,300,117.03,2080762,1996693,1.2864493996569468,0
2023-07-28 10:53:37,118.15,5056916,37,117.03,2080762,1996693,1.3293310463121881,0
2023-07-28 10:53:38,118.1,5062396,683,117.03,2060069,1999644,1.2864493996569468,0
2023-07-28 10:53:38,118.1,5062396,1,117.03,2060069,1999644,1.2864493996569468,0
2023-07-28 10:53:40,118.1,5062509,10,117.03,2051011,1999838,1.2864493996569468,0
2023-07-28 10:53:41,118.05,5062601,10,117.03,2051000,1999512,1.2435677530017177,0
2023-07-28 10:53:42,118.1,5066578,2292,117.03,2055975,1992888,1.2864493996569468,0
2023-07-28 10:53:42,118.15,5066578,110,117.03,2055975,1992888,1.3293310463121881,0
2023-07-28 10:53:43,118.15,5067384,105,117.03,2057999,2002799,1.3293310463121881,0
2023-07-28 10:53:43,118.15,5067384,105,117.03,2057999,2002799,1.3293310463121881,0
2023-07-28 10:53:44,118.15,5068550,166,117.03,2056272,2005053,1.3293310463121881,0
2023-07-28 10:53:45,118.2,5068632,22,117.03,2068233,1996484,1.3722126929674174,0
2023-07-28 10:53:46,118.1,5069037,20,117.03,2068191,1997359,1.2864493996569468,0
2023-07-28 10:53:46,118.2,5069037,66,117.03,2068191,1997359,1.3722126929674174,0
2023-07-28 10:53:48,118.2,5069112,9,117.03,2072077,1998182,1.3722126929674174,0
2023-07-28 10:53:49,118.2,5069574,60,117.03,2070533,1998190,1.3722126929674174,0
2023-07-28 10:53:50,118.2,5069583,9,117.03,2072225,1999700,1.3722126929674174,0
2023-07-28 10:53:50,118.2,5069583,9,117.03,2080517,2000462,1.3722126929674174,0
2023-07-28 10:53:52,118.1,5069594,10,117.03,2081116,2002703,1.2864493996569468,0
2023-07-28 10:53:52,118.1,5069594,10,117.03,2081116,2002703,1.2864493996569468,0
2023-07-28 10:53:53,118.15,5069596,2,117.03,2064697,2011563,1.3293310463121881,0
2023-07-28 10:53:54,118.2,5069616,20,117.03,2077865,2013456,1.3722126929674174,0
2023-07-28 10:53:56,118.1,5069671,22,117.03,2079159,2012620,1.2864493996569468,0
2023-07-28 10:53:56,118.2,5069671,34,117.03,2079159,2012620,1.3722126929674174,0
2023-07-28 10:53:57,118.2,5070891,166,117.03,2076049,2007520,1.3722126929674174,0
2023-07-28 10:53:57,118.2,5070891,166,117.03,2076049,2007520,1.3722126929674174,0
2023-07-28 10:53:58,118.2,5071861,346,117.03,2096015,2002864,1.3722126929674174,0
2023-07-28 10:53:59,118.15,5072016,10,117.03,2086662,2003289,1.3293310463121881,0
2023-07-28 10:53:59,118.2,5072016,83,117.03,2086662,2003289,1.3722126929674174,0
2023-07-28 10:54:01,118.2,5072697,20,117.03,2095685,2004799,1.3722126929674174,0
2023-07-28 10:54:02,118.15,5073341,300,117.03,2097185,2004305,1.3293310463121881,0
2023-07-28 10:54:02,118.2,5073341,72,117.03,2097185,2004305,1.3722126929674174,0
2023-07-28 10:54:04,118.2,5073891,1,117.03,2098337,2005129,1.3722126929674174,0
2023-07-28 10:54:04,118.2,5073891,1000,117.03,2098337,2005129,1.3722126929674174,0
2023-07-28 10:54:04,118.2,5075182,193,117.03,2096359,2007002,1.3722126929674174,0
2023-07-28 10:54:04,118.2,5075182,26,117.03,2096359,2007002,1.3722126929674174,0
2023-07-28 10:54:06,118.2,5085955,26,117.04,2078282,1996178,1.3722126929674174,0
2023-07-28 10:54:06,118.2,5085955,211,117.04,2080603,1998824,1.3722126929674174,0
2023-07-28 10:54:08,118.25,5107576,676,117.04,2067483,1992473,1.4150943396226465,0
2023-07-28 10:54:08,118.25,5114822,676,117.04,2076652,1989944,1.4150943396226465,0
2023-07-28 10:54:08,118.25,5114822,12,117.04,2076652,1989944,1.4150943396226465,0
2023-07-28 10:54:10,118.2,5116221,300,117.04,2077836,1986782,1.3722126929674174,0
2023-07-28 10:54:10,118.25,5116221,126,117.04,2077836,1986782,1.4150943396226465,0
2023-07-28 10:54:11,118.25,5117021,19,117.04,2068518,1990912,1.4150943396226465,0
2023-07-28 10:54:12,118.25,5127756,633,117.04,2063449,2000953,1.4150943396226465,0
2023-07-28 10:54:12,118.25,5127756,633,117.04,2063449,2000953,1.4150943396226465,0
2023-07-28 10:54:13,118.15,5127976,50,117.04,2058237,1999715,1.3293310463121881,0
2023-07-28 10:54:14,118.2,5128067,40,117.04,2059105,1999540,1.3722126929674174,0
2023-07-28 10:54:15,118.2,5128074,6,117.04,2059106,2000533,1.3722126929674174,0
2023-07-28 10:54:15,118.2,5128074,6,117.04,2059106,2000533,1.3722126929674174,0
2023-07-28 10:54:16,118.2,5128075,1,117.04,2058991,2000298,1.3722126929674174,0
2023-07-28 10:54:17,118.25,5133445,318,117.05,2056531,2002938,1.4150943396226465,0
2023-07-28 10:54:18,118.2,5135412,10,117.05,2065453,1993569,1.3722126929674174,0
2023-07-28 10:54:19,118.25,5135557,70,117.05,2064359,1993763,1.4150943396226465,0
2023-07-28 10:54:19,118.25,5135557,70,117.05,2064359,1993763,1.4150943396226465,0
2023-07-28 10:54:21,118.2,5135787,114,117.05,2060751,1998692,1.3722126929674174,0
2023-07-28 10:54:21,118.2,5136202,25,117.05,2060914,1998917,1.3722126929674174,0
2023-07-28 10:54:22,118.2,5136269,25,117.05,2060871,1998900,1.3722126929674174,0
2023-07-28 10:54:23,118.2,5136301,20,117.05,2060847,1999251,1.3722126929674174,0
2023-07-28 10:54:24,118.25,5136426,17,117.05,2061805,2004177,1.4150943396226465,0
2023-07-28 10:54:25,118.25,5136716,40,117.05,2061555,2003434,1.4150943396226465,0
2023-07-28 10:54:27,118.2,5137512,100,117.05,2060100,2003487,1.3722126929674174,0
2023-07-28 10:54:27,118.25,5137512,110,117.05,2060100,2003487,1.4150943396226465,0
2023-07-28 10:54:28,118.2,5138648,676,117.05,2055788,2003056,1.3722126929674174,0
2023-07-28 10:54:28,118.25,5138648,155,117.05,2055788,2003056,1.4150943396226465,0
2023-07-28 10:54:29,118.25,5138803,23,117.05,2056901,2001711,1.4150943396226465,0
2023-07-28 10:54:30,118.25,5147986,10,117.05,2066776,2006064,1.4150943396226465,0
2023-07-28 10:54:30,118.25,5147986,414,117.05,2066776,2006064,1.4150943396226465,0
2023-07-28 10:54:31,118.25,5152483,45,117.05,2077832,2005250,1.4150943396226465,0
2023-07-28 10:54:31,118.25,5152483,464,117.05,2077832,2005250,1.4150943396226465,0
2023-07-28 10:54:32,118.25,5155457,11,117.05,2074749,2006117,1.4150943396226465,0
2023-07-28 10:54:33,118.25,5156554,98,117.05,2070861,2010500,1.4150943396226465,0
2023-07-28 10:54:33,118.25,5156718,25,117.05,2072117,2006942,1.4150943396226465,0
2023-07-28 10:54:33,118.25,5156718,78,117.05,2072117,2006942,1.4150943396226465,0
2023-07-28 10:54:36,118.15,5167200,336,117.05,2060102,2012961,1.3293310463121881,0
2023-07-28 10:54:37,118.25,5171287,100,117.05,2063014,2008566,1.4150943396226465,0
2023-07-28 10:54:37,118.25,5171287,558,117.05,2063014,2008566,1.4150943396226465,0
2023-07-28 10:54:37,118.2,5171900,42,117.05,2061548,2012262,1.3722126929674174,0
2023-07-28 10:54:39,118.15,5178401,55,117.06,2025658,2026445,1.3293310463121881,0
2023-07-28 10:54:40,118.15,5179376,146,117.06,2040239,2017044,1.3293310463121881,0
2023-07-28 10:54:40,118.15,5179522,146,117.06,2045081,2007859,1.3293310463121881,0
2023-07-28 10:54:42,118.15,5179969,3,117.06,2046859,2011491,1.3293310463121881,0
2023-07-28 10:54:42,118.15,5179969,44,117.06,2046859,2011491,1.3293310463121881,0
2023-07-28 10:54:42,118.15,5180013,44,117.06,2047128,2011547,1.3293310463121881,0
2023-07-28 10:54:42,118.15,5180013,7,117.06,2047128,2011547,1.3293310463121881,0
2023-07-28 10:54:43,118.15,5180020,64,117.06,2001378,2011841,1.3293310463121881,0
2023-07-28 10:54:45,118.1,5184540,181,117.06,2036252,2020806,1.2864493996569468,0
2023-07-28 10:54:45,118.15,5184540,165,117.06,2036252,2020806,1.3293310463121881,0
2023-07-28 10:54:45,118.15,5185259,165,117.06,2036250,2027062,1.3293310463121881,0
2023-07-28 10:54:45,118.15,5185259,264,117.06,2036250,2027062,1.3293310463121881,0
2023-07-28 10:54:47,118.2,5189853,2850,117.06,2060796,2010846,1.3722126929674174,0
2023-07-28 10:54:47,118.2,5189853,689,117.06,2060796,2010846,1.3722126929674174,0
2023-07-28 10:54:47,118.2,5189853,106,117.06,2060796,2010846,1.3722126929674174,0
2023-07-28 10:54:49,118.2,5191868,200,117.06,2057429,2018612,1.3722126929674174,0
2023-07-28 10:54:49,118.2,5191868,93,117.06,2057429,2018612,1.3722126929674174,0
2023-07-28 10:54:49,118.1,5191868,5,117.06,2057429,2018612,1.2864493996569468,0
2023-07-28 10:54:51,118.2,5192104,5,117.06,2051651,2021529,1.3722126929674174,0
2023-07-28 10:54:52,118.1,5195737,803,117.06,2050342,2023143,1.2864493996569468,0
2023-07-28 10:54:53,118.2,5196737,102,117.06,2050684,2026337,1.3722126929674174,0
2023-07-28 10:54:54,118.2,5197690,100,117.06,2051538,2026236,1.3722126929674174,0
2023-07-28 10:54:55,118.2,5198034,51,117.06,2054168,2028882,1.3722126929674174,0
2023-07-28 10:54:56,118.2,5198436,60,117.06,2041245,2031724,1.3722126929674174,0
2023-07-28 10:54:57,118.1,5198555,50,117.06,2037534,2037170,1.2864493996569468,0
2023-07-28 10:54:57,118.15,5198555,1,117.06,2037534,2037170,1.3293310463121881,0
2023-07-28 10:54:58,118.15,5198565,9,117.06,2037935,2037931,1.3293310463121881,0
2023-07-28 10:54:58,118.15,5198565,275,117.06,2037935,2037931,1.3293310463121881,0
2023-07-28 10:54:59,118.15,5198886,5,117.06,2037333,2039180,1.3293310463121881,0
2023-07-28 10:55:00,118.15,5202050,437,117.06,2041309,2043189,1.3293310463121881,0
2023-07-28 10:55:01,118.15,5202995,79,117.06,2038099,2048165,1.3293310463121881,0
2023-07-28 10:55:01,118.15,5202995,79,117.06,2038099,2048165,1.3293310463121881,0
2023-07-28 10:55:01,118.15,5202995,79,117.06,2038099,2048265,1.3293310463121881,0
2023-07-28 10:55:02,118.15,5203055,60,117.06,2036268,2050030,1.3293310463121881,0
2023-07-28 10:55:02,118.15,5203055,9,117.06,2036268,2050030,1.3293310463121881,0
2023-07-28 10:55:04,118.15,5203139,13,117.06,2036621,2050981,1.3293310463121881,0
2023-07-28 10:55:04,118.15,5203152,9,117.06,2036567,2049216,1.3293310463121881,0
2023-07-28 10:55:06,118.1,5204823,100,117.06,2036886,2050088,1.2864493996569468,0
2023-07-28 10:55:06,118.1,5205053,100,117.06,2038113,2053404,1.2864493996569468,0
2023-07-28 10:55:06,118.15,5205053,35,117.06,2038113,2053404,1.3293310463121881,0
2023-07-28 10:55:08,118.1,5207333,342,117.06,2036384,2060400,1.2864493996569468,0
2023-07-28 10:55:08,118.1,5207675,342,117.06,2036298,2059174,1.2864493996569468,0
2023-07-28 10:55:08,118.1,5207675,5,117.06,2036298,2059174,1.2864493996569468,0
2023-07-28 10:55:10,118.1,5208511,100,117.06,2034122,2058057,1.2864493996569468,0
2023-07-28 10:55:10,118.1,5208511,100,117.06,2034122,2058057,1.2864493996569468,0
2023-07-28 10:55:11,118.1,5209696,185,117.06,2034038,2056612,1.2864493996569468,0
2023-07-28 10:55:12,118.05,5209731,30,117.06,2033042,2057492,1.2435677530017177,0
2023-07-28 10:55:14,118.1,5209919,150,117.06,2034001,2057849,1.2864493996569468,0
2023-07-28 10:55:14,118.1,5209919,13,117.06,2034001,2057849,1.2864493996569468,0
2023-07-28 10:55:15,118.1,5210244,62,117.06,2033302,2063071,1.2864493996569468,0
2023-07-28 10:55:15,118.1,5211349,3,117.06,2013969,2063435,1.2864493996569468,0
2023-07-28 10:55:17,118.15,5212030,89,117.06,2031971,2074677,1.3293310463121881,0
2023-07-28 10:55:17,118.15,5212030,14,117.06,2031971,2074677,1.3293310463121881,0
2023-07-28 10:55:17,118.15,5212044,14,117.06,2032408,2073960,1.3293310463121881,0
2023-07-28 10:55:17,118.05,5212044,50,117.06,2032408,2073960,1.2435677530017177,0
2023-07-28 10:55:19,118.15,5217853,72,117.06,2032956,2068727,1.3293310463121881,0
2023-07-28 10:55:19,118.15,5217853,114,117.06,2032956,2068727,1.3293310463121881,0
2023-07-28 10:55:20,118.15,5217985,17,117.06,2035966,2065306,1.3293310463121881,0
2023-07-28 10:55:21,118.15,5217988,3,117.06,2034297,2066967,1.3293310463121881,0
2023-07-28 10:55:22,118.1,5217993,5,117.06,2040213,2068908,1.2864493996569468,0
2023-07-28 10:55:22,118.15,5217993,1,117.06,2040213,2068908,1.3293310463121881,0
2023-07-28 10:55:23,118.15,5218229,31,117.06,2040236,2071375,1.3293310463121881,0
2023-07-28 10:55:24,118.15,5218235,4,117.06,2038082,2072290,1.3293310463121881,0
2023-07-28 10:55:25,118.05,5219240,309,117.06,2038074,2073060,1.2435677530017177,0
2023-07-28 10:55:26,118.15,5219392,152,117.06,2041456,2071533,1.3293310463121881,0
2023-07-28 10:55:27,118.15,5219419,3,117.06,2041454,2072940,1.3293310463121881,0
2023-07-28 10:55:28,118.1,5221919,2500,117.07,2040956,2072022,1.2864493996569468,0
2023-07-28 10:55:30,118.1,5222395,100,117.07,2040956,2072969,1.2864493996569468,0
2023-07-28 10:55:30,118.1,5222466,71,117.07,2041054,2073603,1.2864493996569468,0
2023-07-28 10:55:30,118.1,5222577,17,117.07,2041751,2073822,1.2864493996569468,0
2023-07-28 10:55:32,118.05,5222794,200,117.07,2039463,2074343,1.2435677530017177,0
2023-07-28 10:55:33,118.1,5222826,32,117.07,2039453,2075517,1.2864493996569468,0
2023-07-28 10:55:34,118.05,5223931,381,117.07,2032935,2079680,1.2435677530017177,0
2023-07-28 10:55:35,118.1,5224097,166,117.07,2033857,2083975,1.2864493996569468,0
2023-07-28 10:55:36,118.1,5224240,18,117.07,2035324,2082720,1.2864493996569468,0
2023-07-28 10:55:36,118.1,5224240,41,117.07,2035324,2082720,1.2864493996569468,0
2023-07-28 10:55:38,118.05,5224538,6,117.07,2015266,2081198,1.2435677530017177,0
2023-07-28 10:55:39,118.05,5224539,1,117.07,2015671,2081926,1.2435677530017177,0
2023-07-28 10:55:39,118.05,5224539,100,117.07,2015564,2083518,1.2435677530017177,0
2023-07-28 10:55:41,118.05,5224639,100,117.07,2014159,2085271,1.2435677530017177,0
2023-07-28 10:55:41,118.05,5224639,15,117.07,2014159,2085271,1.2435677530017177,0
2023-07-28 10:55:42,118.05,5224654,2,117.07,2019531,2090042,1.2435677530017177,0
2023-07-28 10:55:43,118.05,5224656,2,117.07,2019533,2093647,1.2435677530017177,0
2023-07-28 10:55:43,118.0,5224656,12,117.07,2018566,2091147,1.2006861063464886,0
2023-07-28 10:55:43,118.0,5224656,462,117.07,2018566,2091147,1.2006861063464886,0
2023-07-28 10:55:45,118.0,5228193,462,117.07,2010370,2094315,1.2006861063464886,0
2023-07-28 10:55:45,118.0,5228193,10,117.07,2010370,2094315,1.2006861063464886,0
2023-07-28 10:55:47,118.0,5228273,69,117.07,2016180,2088313,1.2006861063464886,0
2023-07-28 10:55:47,118.0,5228861,69,117.07,2015679,2089164,1.2006861063464886,0
2023-07-28 10:55:47,118.0,5228861,13,117.07,2015679,2089164,1.2006861063464886,0
2023-07-28 10:55:49,117.9,5229124,250,117.07,1972967,2099956,1.1149228130360305,0
2023-07-28 10:55:51,118.0,5229570,380,117.07,2018350,2085822,1.2006861063464886,0
2023-07-28 10:55:51,118.0,5229570,100,117.07,2018350,2085822,1.2006861063464886,0
2023-07-28 10:55:51,118.0,5229831,100,117.07,2017632,2086765,1.2006861063464886,0
2023-07-28 10:55:51,118.0,5229831,56,117.07,2017632,2086765,1.2006861063464886,0
2023-07-28 10:55:53,117.95,5232429,837,117.07,2020955,2093189,1.1578044596912596,0
2023-07-28 10:55:53,118.0,5232429,270,117.07,2020955,2093189,1.2006861063464886,0
2023-07-28 10:55:54,118.05,5240296,296,117.07,2032430,2081946,1.2435677530017177,0
2023-07-28 10:55:55,118.05,5241910,364,117.07,2030429,2079990,1.2435677530017177,0
2023-07-28 10:55:56,118.1,5243863,302,117.07,2041368,2075057,1.2864493996569468,0
2023-07-28 10:55:57,118.1,5244081,68,117.07,2041318,2076061,1.2864493996569468,0
2023-07-28 10:55:58,118.0,5244950,5,117.07,2031664,2085480,1.2006861063464886,0
2023-07-28 10:55:58,118.1,5244950,163,117.07,2031664,2085480,1.2864493996569468,0
2023-07-28 10:55:59,118.05,5245310,47,117.07,2033302,2086138,1.2435677530017177,0
2023-07-28 10:56:00,118.05,5245592,10,117.07,2035499,2084529,1.2435677530017177,0
2023-07-28 10:56:01,118.1,5245646,43,117.07,2036058,2085714,1.2864493996569468,0
2023-07-28 10:56:01,118.1,5245646,43,117.07,2036058,2085714,1.2864493996569468,0
2023-07-28 10:56:02,118.1,5246100,424,117.07,2036039,2086170,1.2864493996569468,0
2023-07-28 10:56:02,118.1,5246100,65,117.07,2036039,2086170,1.2864493996569468,0
2023-07-28 10:56:03,118.1,5246758,361,117.07,2038014,2081334,1.2864493996569468,0
2023-07-28 10:56:04,118.05,5247586,35,117.07,2035038,2062608,1.2435677530017177,0
2023-07-28 10:56:04,118.05,5247586,35,117.07,2035038,2062608,1.2435677530017177,0
2023-07-28 10:56:05,118.1,5248947,1007,117.07,2034104,2083335,1.2864493996569468,0
2023-07-28 10:56:07,118.1,5249715,50,117.07,2033937,2082978,1.2864493996569468,0
2023-07-28 10:56:07,118.1,5249748,23,117.07,2029887,2084136,1.2864493996569468,0
2023-07-28 10:56:08,118.05,5254141,576,117.07,2017308,2091645,1.2435677530017177,0
2023-07-28 10:56:08,118.05,5254141,86,117.07,2017308,2091645,1.2435677530017177,0
2023-07-28 10:56:09,118.05,5254227,86,117.07,2017907,2092646,1.2435677530017177,0
2023-07-28 10:56:11,118.0,5258140,25,117.07,2018460,2088342,1.2006861063464886,0
2023-07-28 10:56:11,118.05,5258140,212,117.07,2018460,2088342,1.2435677530017177,0
2023-07-28 10:56:12,118.05,5258384,32,117.07,2014366,2090274,1.2435677530017177,0
2023-07-28 10:56:13,118.1,5265125,883,117.07,2040171,2070302,1.2864493996569468,0
2023-07-28 10:56:13,118.1,5265125,133,117.07,2040171,2070302,1.2864493996569468,0
2023-07-28 10:56:15,118.05,5265840,580,117.07,2049746,2067006,1.2435677530017177,0
2023-07-28 10:56:15,118.1,5265840,61,117.07,2049746,2067006,1.2864493996569468,0
2023-07-28 10:56:15,118.1,5265947,61,117.07,2050415,2067133,1.2864493996569468,0
2023-07-28 10:56:15,118.1,5265947,16,117.07,2050415,2067133,1.2864493996569468,0
2023-07-28 10:56:16,118.1,5265963,2,117.07,2048871,2072111,1.2864493996569468,0
2023-07-28 10:56:18,118.05,5266165,200,117.07,2038859,2077189,1.2435677530017177,0
2023-07-28 10:56:18,118.1,5266165,31,117.07,2038859,2077189,1.2864493996569468,0
2023-07-28 10:56:19,118.05,5266219,22,117.07,2037522,2079286,1.2435677530017177,0
2023-07-28 10:56:19,118.1,5266219,8,117.07,2037522,2079286,1.2864493996569468,0
2023-07-28 10:56:20,118.05,5266305,13,117.07,1991009,2081713,1.2435677530017177,0
2023-07-28 10:56:21,118.0,5266368,50,117.07,2037070,2079808,1.2006861063464886,0
2023-07-28 10:56:21,118.0,5266368,50,117.07,2037070,2079808,1.2006861063464886,0
2023-07-28 10:56:22,118.1,5266477,10,117.07,2037506,2084671,1.2864493996569468,0
2023-07-28 10:56:22,118.1,5266477,10,117.07,2037506,2084671,1.2864493996569468,0
2023-07-28 10:56:22,118.1,5266477,10,117.07,2037506,2084671,1.2864493996569468,0
2023-07-28 10:56:23,118.1,5266494,17,117.07,2037506,2084962,1.2864493996569468,0
2023-07-28 10:56:24,118.0,5267096,600,117.07,1992948,2085652,1.2006861063464886,0
2023-07-28 10:56:24,118.0,5267096,600,117.07,1992948,2085652,1.2006861063464886,0
2023-07-28 10:56:25,118.05,5267200,14,117.07,2036817,2083756,1.2435677530017177,0
2023-07-28 10:56:26,118.05,5267346,21,117.07,2038754,2081980,1.2435677530017177,0
2023-07-28 10:56:27,118.0,5267347,1,117.07,2037199,2082251,1.2006861063464886,0
2023-07-28 10:56:27,118.05,5267347,3,117.07,2037199,2082251,1.2435677530017177,0
2023-07-28 10:56:27,118.05,5267350,1,117.07,2037002,2086186,1.2435677530017177,0
2023-07-28 10:56:29,118.05,5267351,1,117.07,2039364,2085195,1.2435677530017177,0
2023-07-28 10:56:29,118.05,5267351,100,117.07,2039364,2085195,1.2435677530017177,0
2023-07-28 10:56:31,118.05,5268755,183,117.07,2033428,2089823,1.2435677530017177,0
2023-07-28 10:56:32,118.05,5268782,27,117.07,2033295,2090437,1.2435677530017177,0
2023-07-28 10:56:32,118.05,5268782,85,117.07,2033295,2090437,1.2435677530017177,0
2023-07-28 10:56:33,118.0,5269486,496,117.07,2032794,2091289,1.2006861063464886,0
2023-07-28 10:56:34,118.0,5269693,100,117.07,2032697,2091192,1.2006861063464886,0
2023-07-28 10:56:34,118.05,5269724,31,117.07,2028520,2091221,1.2435677530017177,0
2023-07-28 10:56:36,118.05,5269789,60,117.07,2028520,2091156,1.2435677530017177,0
2023-07-28 10:56:36,118.05,5270373,84,117.07,2032772,2086725,1.2435677530017177,0
2023-07-28 10:56:38,118.0,5271044,60,117.07,2028356,2089402,1.2006861063464886,0
2023-07-28 10:56:38,118.0,5271044,452,117.07,2028356,2089402,1.2006861063464886,0
2023-07-28 10:56:39,118.0,5274555,2,117.07,2046133,2089467,1.2006861063464886,0
2023-07-28 10:56:39,118.0,5274555,91,117.07,2046133,2089467,1.2006861063464886,0
2023-07-28 10:56:40,118.0,5274657,91,117.07,2046123,2089916,1.2006861063464886,0
2023-07-28 10:56:40,118.0,5274657,14,117.07,2046123,2089916,1.2006861063464886,0
2023-07-28 10:56:41,118.0,5274671,14,117.07,2046121,2089902,1.2006861063464886,0
2023-07-28 10:56:41,118.0,5274671,2,117.07,2046121,2089902,1.2006861063464886,0
2023-07-28 10:56:42,118.0,5274673,8,117.07,2046123,2090760,1.2006861063464886,0
2023-07-28 10:56:43,118.0,5275382,1,117.07,2046784,2087393,1.2006861063464886,0
2023-07-28 10:56:43,118.0,5275382,1,117.07,2046784,2087393,1.2006861063464886,0
2023-07-28 10:56:44,118.0,5275489,100,117.07,2046784,2088335,1.2006861063464886,0
2023-07-28 10:56:46,118.0,5280274,2,117.08,2027311,2098389,1.2006861063464886,0
2023-07-28 10:56:46,118.05,5280744,468,117.08,2027337,2096959,1.2435677530017177,0
2023-07-28 10:56:47,118.05,5280866,21,117.08,2027312,2096887,1.2435677530017177,0
2023-07-28 10:56:47,118.05,5280866,21,117.08,2027312,2096887,1.2435677530017177,0
2023-07-28 10:56:48,118.05,5280887,3,117.08,2028706,2096942,1.2435677530017177,0
2023-07-28 10:56:49,118.05,5280892,5,117.08,2029204,2097427,1.2435677530017177,0
2023-07-28 10:56:50,118.0,5281093,100,117.08,2054457,2091406,1.2006861063464886,0
2023-07-28 10:56:50,118.1,5281093,117,117.08,2054457,2091406,1.2864493996569468,0
2023-07-28 10:56:52,118.15,5303990,263,117.08,2047739,2071893,1.3293310463121881,0
2023-07-28 10:56:52,118.05,5303990,50,117.08,2047739,2071893,1.2435677530017177,0
2023-07-28 10:56:53,118.15,5307001,281,117.08,2055389,2073924,1.3293310463121881,0
2023-07-28 10:56:54,118.15,5307059,58,117.08,2055391,2074939,1.3293310463121881,0
2023-07-28 10:56:55,118.15,5308227,9,117.08,2050938,2074915,1.3293310463121881,0
2023-07-28 10:56:55,118.15,5308227,9,117.08,2050938,2074915,1.3293310463121881,0
2023-07-28 10:56:55,118.05,5308227,27,117.08,2050938,2074915,1.2435677530017177,0
2023-07-28 10:56:56,118.05,5310337,27,117.08,2043622,2083569,1.2435677530017177,0
2023-07-28 10:56:56,118.15,5310337,5,117.08,2043622,2083569,1.3293310463121881,0
2023-07-28 10:56:58,118.15,5310830,100,117.08,2044509,2083025,1.3293310463121881,0
2023-07-28 10:56:58,118.1,5310830,50,117.08,2044509,2083025,1.2864493996569468,0
2023-07-28 10:56:59,118.15,5310910,30,117.08,2043725,2084236,1.3293310463121881,0
2023-07-28 10:56:59,118.15,5310915,5,117.08,2063591,2077786,1.3293310463121881,0
2023-07-28 10:56:59,118.15,5310915,5,117.08,2063591,2082791,1.3293310463121881,0
2023-07-28 10:56:59,118.15,5310915,100,117.08,2063591,2082791,1.3293310463121881,0
2023-07-28 10:57:03,118.15,5311259,45,117.08,2063404,2083202,1.3293310463121881,0
2023-07-28 10:57:03,118.15,5311297,20,117.08,2063846,2083302,1.3293310463121881,0
2023-07-28 10:57:04,118.15,5311447,80,117.08,2062307,2083177,1.3293310463121881,0
2023-07-28 10:57:05,118.15,5311462,15,117.08,2057508,2091793,1.3293310463121881,0
2023-07-28 10:57:05,118.15,5311462,398,117.08,2057508,2091793,1.3293310463121881,0
2023-07-28 10:57:05,118.15,5311462,100,117.08,2057508,2091793,1.3293310463121881,0
2023-07-28 10:57:05,118.1,5311462,40,117.08,2057508,2091793,1.2864493996569468,0
2023-07-28 10:57:10,118.15,5322417,49,117.08,2047102,2093706,1.3293310463121881,0
2023-07-28 10:57:10,118.15,5322417,2,117.08,2047102,2093706,1.3293310463121881,0
2023-07-28 10:57:10,118.05,5322417,297,117.08,2047102,2093706,1.2435677530017177,0
2023-07-28 10:57:10,118.05,5322417,3,117.08,2047102,2093706,1.2435677530017177,0
2023-07-28 10:57:13,118.15,5322995,262,117.08,2047639,2096981,1.3293310463121881,0
2023-07-28 10:57:13,118.15,5322995,262,117.08,2047639,2096981,1.3293310463121881,0
2023-07-28 10:57:13,118.05,5322995,5,117.08,2047639,2096981,1.2435677530017177,0
2023-07-28 10:57:18,118.15,5323040,1,117.08,2047769,2098349,1.3293310463121881,0
2023-07-28 10:57:18,118.1,5323040,10,117.08,2047769,2098349,1.2864493996569468,0
2023-07-28 10:57:18,118.1,5323040,9,117.08,2047769,2098349,1.2864493996569468,0
2023-07-28 10:57:18,118.05,5323040,79,117.08,2047769,2098349,1.2435677530017177,0
2023-07-28 10:57:22,118.15,5323278,36,117.08,2046824,2098820,1.3293310463121881,0
2023-07-28 10:57:22,118.05,5323278,50,117.08,2046824,2098820,1.2435677530017177,0
2023-07-28 10:57:22,118.1,5323278,1,117.08,2046824,2098820,1.2864493996569468,0
2023-07-28 10:57:26,118.0,5330068,168,117.09,1935168,2105204,1.2006861063464886,0
2023-07-28 10:57:26,118.0,5330068,168,117.09,1935168,2105204,1.2006861063464886,0
2023-07-28 10:57:26,118.05,5330068,100,117.09,1935168,2105204,1.2435677530017177,0
2023-07-28 10:57:30,118.05,5331194,9,117.09,2001480,2102217,1.2435677530017177,0
2023-07-28 10:57:30,118.05,5331194,770,117.09,2001480,2102217,1.2435677530017177,0
2023-07-28 10:57:34,118.0,5334218,69,117.09,2019731,2094815,1.2006861063464886,0
2023-07-28 10:57:34,118.0,5334218,69,117.09,2019731,2094815,1.2006861063464886,0
2023-07-28 10:57:34,118.05,5334218,50,117.09,2019731,2094815,1.2435677530017177,0
2023-07-28 10:57:34,118.0,5334218,259,117.09,2019731,2094815,1.2006861063464886,0
2023-07-28 10:57:34,118.05,5334218,160,117.09,2019731,2094815,1.2435677530017177,0
2023-07-28 10:57:38,118.15,5343287,262,117.09,2027759,2094118,1.3293310463121881,0
2023-07-28 10:57:38,118.05,5343287,15,117.09,2027759,2094118,1.2435677530017177,0
2023-07-28 10:57:38,118.05,5343287,3,117.09,2027759,2094118,1.2435677530017177,0
2023-07-28 10:57:38,118.05,5343287,332,117.09,2027759,2094118,1.2435677530017177,0
2023-07-28 10:57:43,118.15,5344647,34,117.09,2023965,2100603,1.3293310463121881,0
2023-07-28 10:57:43,118.1,5344647,5,117.09,2023965,2100603,1.2864493996569468,0
2023-07-28 10:57:43,118.15,5344647,80,117.09,2023965,2100603,1.3293310463121881,0
2023-07-28 10:57:43,118.1,5344647,95,117.09,2023965,2100603,1.2864493996569468,0
2023-07-28 10:57:47,118.1,5346076,231,117.09,2015006,2108789,1.2864493996569468,0
2023-07-28 10:57:47,118.1,5346076,630,117.09,2015006,2108789,1.2864493996569468,0
2023-07-28 10:57:47,118.1,5346076,100,117.09,2015006,2108789,1.2864493996569468,0
2023-07-28 10:57:47,118.0,5346076,285,117.09,2015006,2108789,1.2006861063464886,0
2023-07-28 10:57:51,118.1,5349716,275,117.09,2026558,2110235,1.2864493996569468,0
2023-07-28 10:57:51,118.0,5349716,10,117.09,2026558,2110235,1.2006861063464886,0
2023-07-28 10:57:51,118.1,5349716,42,117.09,2026558,2110235,1.2864493996569468,0
2023-07-28 10:57:51,118.0,5349716,100,117.09,2026558,2110235,1.2006861063464886,0
2023-07-28 10:57:55,118.05,5350480,165,117.09,2010490,2118777,1.2435677530017177,0
2023-07-28 10:57:55,118.05,5350480,165,117.09,2010490,2118777,1.2435677530017177,0
2023-07-28 10:57:55,118.1,5350480,122,117.09,2010490,2118777,1.2864493996569468,0
2023-07-28 10:57:59,118.05,5355105,23,117.09,2025055,2112633,1.2435677530017177,0
2023-07-28 10:57:59,118.0,5355105,11,117.09,2025055,2112633,1.2006861063464886,0
2023-07-28 10:57:59,118.0,5355105,1,117.09,2025055,2112633,1.2006861063464886,0
2023-07-28 10:57:59,118.0,5355105,38,117.09,2025055,2112633,1.2006861063464886,0
2023-07-28 10:57:59,118.05,5355105,225,117.09,2025055,2112633,1.2435677530017177,0
2023-07-28 10:58:03,118.05,5358517,58,117.09,2018294,2118107,1.2435677530017177,0
2023-07-28 10:58:03,118.05,5358517,58,117.09,2018294,2118107,1.2435677530017177,0
2023-07-28 10:58:03,118.05,5358517,325,117.09,2018294,2118107,1.2435677530017177,0
2023-07-28 10:58:03,118.05,5358517,658,117.09,2018294,2118107,1.2435677530017177,0
2023-07-28 10:58:07,118.05,5361192,41,117.09,2018432,2117855,1.2435677530017177,0
2023-07-28 10:58:07,118.05,5361192,41,117.09,2018432,2117855,1.2435677530017177,0
2023-07-28 10:58:07,118.0,5361192,189,117.09,2018432,2117855,1.2006861063464886,0
2023-07-28 10:58:07,118.0,5361192,1,117.09,2018432,2117855,1.2006861063464886,0
2023-07-28 10:58:11,118.0,5362654,252,117.09,2023127,2115147,1.2006861063464886,0
2023-07-28 10:58:11,118.0,5362654,250,117.09,2023127,2115147,1.2006861063464886,0
2023-07-28 10:58:11,117.95,5362654,10,117.09,2023127,2115147,1.1578044596912596,0
2023-07-28 10:58:11,118.0,5362654,1,117.09,2023127,2115147,1.2006861063464886,0
2023-07-28 10:58:14,117.95,5362937,20,117.09,2020761,2118114,1.1578044596912596,0
2023-07-28 10:58:14,117.95,5362937,100,117.09,2020761,2118114,1.1578044596912596,0
2023-07-28 10:58:14,117.95,5362937,1000,117.09,2020761,2118114,1.1578044596912596,0
2023-07-28 10:58:14,117.9,5362937,150,117.09,2020761,2118114,1.1149228130360305,0
2023-07-28 10:58:18,117.95,5368920,395,117.09,2043322,2122027,1.1578044596912596,0
2023-07-28 10:58:18,118.0,5368920,440,117.09,2043322,2122027,1.2006861063464886,0
2023-07-28 10:58:18,118.0,5368920,50,117.09,2043322,2122027,1.2006861063464886,0
2023-07-28 10:58:23,118.0,5370414,224,117.09,2011061,2122146,1.2006861063464886,0
2023-07-28 10:58:23,117.95,5370414,24,117.09,2011061,2122146,1.1578044596912596,0
2023-07-28 10:58:26,117.95,5370663,24,117.09,1970422,2129582,1.1578044596912596,0
2023-07-28 10:58:26,117.95,5370663,20,117.09,1970422,2129582,1.1578044596912596,0
2023-07-28 10:58:26,117.95,5370663,20,117.09,1970422,2129582,1.1578044596912596,0
2023-07-28 10:58:31,117.9,5371845,200,117.09,2012362,2126928,1.1149228130360305,0
2023-07-28 10:58:31,117.95,5371845,178,117.09,2012362,2126928,1.1578044596912596,0
2023-07-28 10:58:31,117.9,5371845,1,117.09,2012362,2126928,1.1149228130360305,0
2023-07-28 10:58:31,117.9,5371845,16,117.09,2012362,2126928,1.1149228130360305,0
2023-07-28 10:58:35,117.95,5372040,29,117.09,2016596,2119788,1.1578044596912596,0
2023-07-28 10:58:35,117.95,5372040,40,117.09,2016596,2119788,1.1578044596912596,0
2023-07-28 10:58:35,117.9,5372040,2,117.09,2016596,2119788,1.1149228130360305,0
2023-07-28 10:58:35,117.9,5372040,80,117.09,2016596,2119788,1.1149228130360305,0
2023-07-28 10:58:40,117.9,5372359,42,117.09,2009537,2124672,1.1149228130360305,0
2023-07-28 10:58:40,117.9,5372359,42,117.09,2009537,2124672,1.1149228130360305,0
2023-07-28 10:58:40,117.9,5372359,7,117.09,2009537,2124672,1.1149228130360305,0
2023-07-28 10:58:43,117.85,5372708,100,117.09,2010818,2125752,1.0720411663807892,0
2023-07-28 10:58:43,117.9,5372708,1,117.09,2010818,2125752,1.1149228130360305,0
2023-07-28 10:58:43,117.8,5372708,200,117.09,2010818,2125752,1.0291595197255599,0
2023-07-28 10:58:43,117.85,5372708,600,117.09,2010818,2125752,1.0720411663807892,0
2023-07-28 10:58:46,117.8,5395668,141,117.1,1966523,2133685,1.0291595197255599,0
2023-07-28 10:58:46,117.85,5395668,2000,117.1,1966523,2133685,1.0720411663807892,0
2023-07-28 10:58:46,117.85,5395668,408,117.1,1966523,2133685,1.0720411663807892,0
2023-07-28 10:58:51,117.85,5402272,741,117.1,1970605,2130918,1.0720411663807892,0
2023-07-28 10:58:51,117.8,5402272,578,117.1,1970605,2130918,1.0291595197255599,0
2023-07-28 10:58:51,117.8,5402272,200,117.1,1970605,2130918,1.0291595197255599,0
2023-07-28 10:58:56,117.85,5404813,30,117.1,1957948,2135642,1.0720411663807892,0
2023-07-28 10:58:56,117.8,5404813,50,117.1,1957948,2135642,1.0291595197255599,0
2023-07-28 10:58:56,117.8,5404813,50,117.1,1957948,2135642,1.0291595197255599,0
2023-07-28 10:58:56,117.75,5404813,30,117.1,1957948,2135642,0.9862778730703308,0
2023-07-28 10:58:59,117.85,5406197,224,117.1,1972408,2136442,1.0720411663807892,0
2023-07-28 10:58:59,117.85,5406197,125,117.1,1972408,2136442,1.0720411663807892,0
2023-07-28 10:59:01,117.85,5406322,125,117.1,1985986,2135237,1.0720411663807892,0
2023-07-28 10:59:01,117.85,5406322,52,117.1,1985986,2135237,1.0720411663807892,0
2023-07-28 10:59:01,117.8,5406322,50,117.1,1985986,2135237,1.0291595197255599,0
2023-07-28 10:59:01,117.75,5406322,14,117.1,1985986,2135237,0.9862778730703308,0
2023-07-28 10:59:01,117.75,5406322,409,117.1,1985986,2135237,0.9862778730703308,0
2023-07-28 10:59:06,117.75,5408507,409,117.1,1975774,2125484,0.9862778730703308,0
2023-07-28 10:59:06,117.8,5408507,174,117.1,1975774,2125484,1.0291595197255599,0
2023-07-28 10:59:06,117.75,5408507,698,117.1,1975774,2125484,0.9862778730703308,0
2023-07-28 10:59:06,117.7,5408507,150,117.1,1975774,2125484,0.9433962264151017,0
2023-07-28 10:59:11,117.7,5417639,24,117.1,1970860,2133391,0.9433962264151017,0
2023-07-28 10:59:11,117.7,5417639,91,117.1,1970860,2133391,0.9433962264151017,0
2023-07-28 10:59:11,117.7,5417639,535,117.1,1970860,2133391,0.9433962264151017,0
2023-07-28 10:59:11,117.8,5417639,2,117.1,1970860,2133391,1.0291595197255599,0
2023-07-28 10:59:16,117.7,5420422,14,117.1,1969755,2131022,0.9433962264151017,0
2023-07-28 10:59:16,117.8,5420422,200,117.1,1969755,2131022,1.0291595197255599,0
2023-07-28 10:59:16,117.7,5420422,140,117.1,1969755,2131022,0.9433962264151017,0
2023-07-28 10:59:16,117.8,5420422,10,117.1,1969755,2131022,1.0291595197255599,0
2023-07-28 10:59:20,117.8,5421664,10,117.1,1970733,2131046,1.0291595197255599,0
2023-07-28 10:59:20,117.8,5421664,1,117.1,1970733,2131046,1.0291595197255599,0
2023-07-28 10:59:20,117.7,5421664,264,117.1,1970733,2131046,0.9433962264151017,0
2023-07-28 10:59:20,117.7,5421664,264,117.1,1970733,2131046,0.9433962264151017,0
2023-07-28 10:59:20,117.7,5421664,777,117.1,1970733,2131046,0.9433962264151017,0
2023-07-28 10:59:20,117.7,5421664,777,117.1,1970733,2131046,0.9433962264151017,0
2023-07-28 10:59:23,117.75,5426120,62,117.1,1969752,2127792,0.9862778730703308,0
2023-07-28 10:59:23,117.75,5426120,60,117.1,1969752,2127792,0.9862778730703308,0
2023-07-28 10:59:23,117.75,5426120,60,117.1,1969752,2127792,0.9862778730703308,0
2023-07-28 10:59:23,117.8,5426120,200,117.1,1969752,2127792,1.0291595197255599,0
2023-07-28 10:59:23,117.8,5426120,200,117.1,1969752,2127792,1.0291595197255599,0
2023-07-28 10:59:23,117.75,5426120,15,117.1,1969752,2127792,0.9862778730703308,0
2023-07-28 10:59:23,117.8,5426120,339,117.1,1969752,2127792,1.0291595197255599,0
2023-07-28 10:59:23,117.8,5426120,10,117.1,1969752,2127792,1.0291595197255599,0
2023-07-28 10:59:23,117.75,5426120,13,117.1,1969752,2127792,0.9862778730703308,0
2023-07-28 10:59:32,117.8,5428747,55,117.1,1966888,2129436,1.0291595197255599,0
2023-07-28 10:59:32,117.75,5428747,50,117.1,1966888,2129436,0.9862778730703308,0
2023-07-28 10:59:32,117.75,5428747,2,117.1,1966888,2129436,0.9862778730703308,0
2023-07-28 10:59:36,117.75,5428870,26,117.1,1972065,2129383,0.9862778730703308,0
2023-07-28 10:59:36,117.75,5428870,4379,117.1,1972065,2129383,0.9862778730703308,0
2023-07-28 10:59:36,117.7,5428870,628,117.1,1972065,2129383,0.9433962264151017,0
2023-07-28 10:59:40,117.8,5446385,799,117.1,1972907,2130650,1.0291595197255599,0
2023-07-28 10:59:40,117.8,5446385,113,117.1,1972907,2130650,1.0291595197255599,0
2023-07-28 10:59:40,117.75,5446385,100,117.1,1972907,2130650,0.9862778730703308,0
2023-07-28 10:59:40,117.75,5446385,10,117.1,1972907,2130650,0.9862778730703308,0
2023-07-28 10:59:44,117.85,5447038,211,117.1,1969188,2126710,1.0720411663807892,0
2023-07-28 10:59:44,117.85,5447038,15,117.1,1969188,2126710,1.0720411663807892,0
2023-07-28 10:59:48,117.85,5447120,61,117.1,1982297,2114438,1.0720411663807892,0
2023-07-28 10:59:48,117.85,5447120,61,117.1,1982297,2114438,1.0720411663807892,0
2023-07-28 10:59:48,117.85,5447120,30,117.1,1982297,2114438,1.0720411663807892,0
2023-07-28 10:59:48,117.85,5447120,100,117.1,1982297,2114438,1.0720411663807892,0
2023-07-28 10:59:48,117.8,5447120,10,117.1,1982297,2114438,1.0291595197255599,0
2023-07-28 10:59:52,117.85,5447290,30,117.1,1984453,2120342,1.0720411663807892,0
2023-07-28 10:59:52,117.8,5447290,5,117.1,1984453,2120342,1.0291595197255599,0
2023-07-28 10:59:52,117.8,5447290,50,117.1,1984453,2120342,1.0291595197255599,0
2023-07-28 10:59:52,117.8,5447290,7,117.1,1984453,2120342,1.0291595197255599,0
2023-07-28 10:59:56,117.85,5447477,28,117.1,1984544,2122744,1.0720411663807892,0
2023-07-28 10:59:56,117.8,5447477,2,117.1,1984544,2122744,1.0291595197255599,0
2023-07-28 10:59:56,117.8,5447477,4,117.1,1984544,2122744,1.0291595197255599,0
2023-07-28 11:00:00,117.85,5447488,5,117.1,2038377,2116083,1.0720411663807892,0
2023-07-28 11:00:00,117.85,5447488,1,117.1,2038377,2116083,1.0720411663807892,0
2023-07-28 11:00:00,117.9,5447488,1,117.1,2038377,2116083,1.1149228130360305,0
2023-07-28 11:00:00,117.9,5447488,500,117.1,2038377,2116083,1.1149228130360305,0
2023-07-28 11:00:00,117.9,5447488,475,117.1,2038377,2116083,1.1149228130360305,0
2023-07-28 11:00:04,117.85,5458657,417,117.1,2060369,2113826,1.0720411663807892,0
2023-07-28 11:00:04,117.85,5458657,10,117.1,2060369,2113826,1.0720411663807892,0
2023-07-28 11:00:04,117.95,5458657,1,117.1,2060369,2113826,1.1578044596912596,0
2023-07-28 11:00:09,117.95,5462426,77,117.1,2050858,2115815,1.1578044596912596,0
2023-07-28 11:00:09,117.95,5462426,168,117.1,2050858,2115815,1.1578044596912596,0
2023-07-28 11:00:09,117.9,5462426,79,117.1,2050858,2115815,1.1149228130360305,0
2023-07-28 11:00:09,117.95,5462426,160,117.1,2050858,2115815,1.1578044596912596,0
2023-07-28 11:00:13,117.95,5462976,160,117.1,2046946,2116303,1.1578044596912596,0
2023-07-28 11:00:13,117.95,5462976,2,117.1,2046946,2116303,1.1578044596912596,0
2023-07-28 11:00:13,117.9,5462976,10,117.1,2046946,2116303,1.1149228130360305,0
2023-07-28 11:00:17,118.0,5466985,141,117.1,2049583,2114355,1.2006861063464886,0
2023-07-28 11:00:17,117.9,5466985,12,117.1,2049583,2114355,1.1149228130360305,0
2023-07-28 11:00:17,117.9,5466985,100,117.1,2049583,2114355,1.1149228130360305,0
2023-07-28 11:00:21,117.95,5468323,57,117.1,2047017,2119261,1.1578044596912596,0
2023-07-28 11:00:25,118.0,5468707,184,117.1,2052373,2117294,1.2006861063464886,0
2023-07-28 11:00:25,118.0,5468707,20,117.1,2052373,2117294,1.2006861063464886,0
2023-07-28 11:00:25,118.0,5468707,80,117.1,2052373,2117294,1.2006861063464886,0
2023-07-28 11:00:25,118.0,5468707,51,117.1,2052373,2117294,1.2006861063464886,0
2023-07-28 11:00:28,118.0,5469208,51,117.1,2048778,2105039,1.2006861063464886,0
2023-07-28 11:00:28,118.0,5469208,107,117.1,2048778,2105039,1.2006861063464886,0
2023-07-28 11:00:28,118.0,5469208,44,117.1,2048778,2105039,1.2006861063464886,0
2023-07-28 11:00:28,117.95,5469208,417,117.1,2048778,2105039,1.1578044596912596,0
2023-07-28 11:00:33,118.0,5470598,16,117.11,2065416,2114496,1.2006861063464886,0
2023-07-28 11:00:33,117.95,5470598,1,117.11,2065416,2114496,1.1578044596912596,0
2023-07-28 11:00:33,118.0,5470598,2,117.11,2065416,2114496,1.2006861063464886,0
2023-07-28 11:00:33,117.95,5470598,10,117.11,2065416,2114496,1.1578044596912596,0
2023-07-28 11:00:37,117.95,5471880,68,117.11,2074970,2111111,1.1578044596912596,0
2023-07-28 11:00:37,118.0,5471880,51,117.11,2074970,2111111,1.2006861063464886,0
2023-07-28 11:00:37,117.95,5471880,321,117.11,2074970,2111111,1.1578044596912596,0
2023-07-28 11:00:38,117.95,5472601,25,117.11,2042490,2129934,1.1578044596912596,0
2023-07-28 11:00:38,117.9,5472601,6,117.11,2042490,2129934,1.1149228130360305,0
2023-07-28 11:00:45,117.95,5479483,872,117.11,2051060,2120613,1.1578044596912596,0
2023-07-28 11:00:45,118.0,5479483,827,117.11,2051060,2120613,1.2006861063464886,0
2023-07-28 11:00:45,117.95,5479483,100,117.11,2051060,2120613,1.1578044596912596,0
2023-07-28 11:00:49,117.95,5480630,15,117.11,2044232,2120749,1.1578044596912596,0
2023-07-28 11:00:49,118.0,5480630,109,117.11,2044232,2120749,1.2006861063464886,0
2023-07-28 11:00:49,117.95,5480630,1,117.11,2044232,2120749,1.1578044596912596,0
2023-07-28 11:00:49,117.95,5480630,9,117.11,2044232,2120749,1.1578044596912596,0
2023-07-28 11:00:52,117.95,5480825,9,117.11,2043382,2121567,1.1578044596912596,0
2023-07-28 11:00:52,118.0,5480825,28,117.11,2043382,2121567,1.2006861063464886,0
2023-07-28 11:00:52,118.0,5480825,200,117.11,2043382,2121567,1.2006861063464886,0
2023-07-28 11:00:52,117.95,5480825,326,117.11,2043382,2121567,1.1578044596912596,0
2023-07-28 11:00:52,117.95,5480825,1,117.11,2043382,2121567,1.1578044596912596,0
2023-07-28 11:00:58,118.0,5482719,114,117.11,2035984,2124271,1.2006861063464886,0
2023-07-28 11:00:58,118.0,5482719,10,117.11,2035984,2124271,1.2006861063464886,0
2023-07-28 11:00:58,117.95,5482719,1,117.11,2035984,2124271,1.1578044596912596,0
2023-07-28 11:01:02,118.0,5482769,19,117.11,2028657,2127304,1.2006861063464886,0
2023-07-28 11:01:02,117.95,5482769,10,117.11,2028657,2127304,1.1578044596912596,0
2023-07-28 11:01:06,117.95,5482786,134,117.11,2028869,2127163,1.1578044596912596,0
2023-07-28 11:01:06,117.95,5482786,10,117.11,2028869,2127163,1.1578044596912596,0
2023-07-28 11:01:06,117.95,5482786,2000,117.11,2028869,2127163,1.1578044596912596,0
2023-07-28 11:01:10,117.95,5486745,517,117.11,2046375,2128102,1.1578044596912596,0
2023-07-28 11:01:10,117.95,5486745,517,117.11,2046375,2128102,1.1578044596912596,0
2023-07-28 11:01:10,117.9,5486745,270,117.11,2046375,2128102,1.1149228130360305,0
2023-07-28 11:01:10,117.95,5486745,42,117.11,2046375,2128102,1.1578044596912596,0
2023-07-28 11:01:14,117.95,5487182,50,117.11,2051395,2131861,1.1578044596912596,0
2023-07-28 11:01:14,117.9,5487182,385,117.11,2051395,2131861,1.1149228130360305,0
2023-07-28 11:01:14,117.95,5487182,3,117.11,2051395,2131861,1.1578044596912596,0
2023-07-28 11:01:19,118.0,5492293,62,117.11,2050176,2136678,1.2006861063464886,0
2023-07-28 11:01:19,118.0,5492293,100,117.11,2050176,2136678,1.2006861063464886,0
2023-07-28 11:01:19,117.9,5492293,22,117.11,2050176,2136678,1.1149228130360305,0
2023-07-28 11:01:19,117.95,5492293,14,117.11,2050176,2136678,1.1578044596912596,0
2023-07-28 11:01:23,117.95,5492643,17,117.11,2072450,2142742,1.1578044596912596,0
2023-07-28 11:01:23,117.9,5492643,97,117.11,2072450,2142742,1.1149228130360305,0
2023-07-28 11:01:27,117.9,5493050,20,117.11,2064409,2145338,1.1149228130360305,0
2023-07-28 11:01:27,117.9,5493050,20,117.11,2064409,2145338,1.1149228130360305,0
2023-07-28 11:01:31,118.0,5493064,14,117.11,2064465,2148850,1.2006861063464886,0
2023-07-28 11:01:31,118.0,5493064,20,117.11,2064465,2148850,1.2006861063464886,0
2023-07-28 11:01:31,117.95,5493064,40,117.11,2064465,2148850,1.1578044596912596,0
2023-07-28 11:01:31,118.0,5493064,18,117.11,2064465,2148850,1.2006861063464886,0
2023-07-28 11:01:31,117.95,5493064,8,117.11,2064465,2148850,1.1578044596912596,0
2023-07-28 11:01:35,117.95,5493991,19,117.11,2049929,2152074,1.1578044596912596,0
2023-07-28 11:01:35,118.0,5493991,684,117.11,2049929,2152074,1.2006861063464886,0
2023-07-28 11:01:35,118.0,5493991,1,117.11,2049929,2152074,1.2006861063464886,0
2023-07-28 11:01:35,117.95,5493991,50,117.11,2049929,2152074,1.1578044596912596,0
2023-07-28 11:01:39,117.95,5495899,265,117.11,2067899,2151372,1.1578044596912596,0
2023-07-28 11:01:39,117.95,5495899,265,117.11,2067899,2151372,1.1578044596912596,0
2023-07-28 11:01:39,117.95,5495899,500,117.11,2067899,2151372,1.1578044596912596,0
2023-07-28 11:01:43,117.95,5496514,115,117.11,2069654,2154449,1.1578044596912596,0
2023-07-28 11:01:43,117.95,5496514,10,117.11,2069654,2154449,1.1578044596912596,0
2023-07-28 11:01:43,117.9,5496514,365,117.11,2069654,2154449,1.1149228130360305,0
2023-07-28 11:01:47,117.95,5503132,530,117.11,2025267,2169722,1.1578044596912596,0
2023-07-28 11:01:47,117.85,5503132,10,117.11,2025267,2169722,1.0720411663807892,0
2023-07-28 11:01:47,117.9,5503132,25,117.11,2025267,2169722,1.1149228130360305,0
2023-07-28 11:01:47,117.95,5503132,5,117.11,2025267,2169722,1.1578044596912596,0
2023-07-28 11:01:47,117.9,5503132,25,117.11,2025267,2169722,1.1149228130360305,0
2023-07-28 11:01:51,117.95,5504567,36,117.11,2025003,2166745,1.1578044596912596,0
2023-07-28 11:01:51,117.95,5504567,36,117.11,2025003,2166745,1.1578044596912596,0
2023-07-28 11:01:51,117.9,5504567,16,117.11,2025003,2166745,1.1149228130360305,0
2023-07-28 11:01:51,117.95,5504567,6,117.11,2025003,2166745,1.1578044596912596,0
2023-07-28 11:01:55,117.9,5505057,197,117.11,2030130,2172356,1.1149228130360305,0
2023-07-28 11:01:55,117.9,5505057,15,117.11,2030130,2172356,1.1149228130360305,0
2023-07-28 11:01:55,117.95,5505057,1120,117.11,2030130,2172356,1.1578044596912596,0
2023-07-28 11:01:55,117.95,5505057,8,117.11,2030130,2172356,1.1578044596912596,0
2023-07-28 11:02:00,118.0,5511548,860,117.11,2057575,2143190,1.2006861063464886,0
2023-07-28 11:02:00,118.0,5511548,153,117.11,2057575,2143190,1.2006861063464886,0
2023-07-28 11:02:00,118.0,5511548,130,117.11,2057575,2143190,1.2006861063464886,0
2023-07-28 11:02:00,118.0,5511548,10,117.11,2057575,2143190,1.2006861063464886,0
2023-07-28 11:02:00,117.9,5511548,148,117.11,2057575,2143190,1.1149228130360305,0
2023-07-28 11:02:04,118.0,5515461,86,117.11,2044117,2156093,1.2006861063464886,0
2023-07-28 11:02:04,118.0,5515461,86,117.11,2044117,2156093,1.2006861063464886,0
2023-07-28 11:02:04,117.9,5515461,17,117.11,2044117,2156093,1.1149228130360305,0
2023-07-28 11:02:04,117.9,5515461,93,117.11,2044117,2156093,1.1149228130360305,0
2023-07-28 11:02:04,117.95,5515461,4,117.11,2044117,2156093,1.1578044596912596,0
2023-07-28 11:02:08,117.95,5516266,186,117.11,2036398,2157611,1.1578044596912596,0
2023-07-28 11:02:08,117.95,5516266,50,117.11,2036398,2157611,1.1578044596912596,0
2023-07-28 11:02:13,118.0,5540501,553,117.12,2057069,2137788,1.2006861063464886,0
2023-07-28 11:02:13,117.85,5540501,1210,117.12,2057069,2137788,1.0720411663807892,0
2023-07-28 11:02:17,117.95,5556278,25,117.12,2017368,2152582,1.1578044596912596,0
2023-07-28 11:02:17,117.85,5556278,450,117.12,2017368,2152582,1.0720411663807892,0
2023-07-28 11:02:17,117.8,5556278,688,117.12,2017368,2152582,1.0291595197255599,0
2023-07-28 11:02:20,117.8,5564024,688,117.12,1981709,2163663,1.0291595197255599,0
2023-07-28 11:02:20,117.85,5564024,88,117.12,1981709,2163663,1.0720411663807892,0
2023-07-28 11:02:20,117.75,5564024,205,117.12,1981709,2163663,0.9862778730703308,0
2023-07-28 11:02:20,117.85,5564024,1,117.12,1981709,2163663,1.0720411663807892,0
2023-07-28 11:02:20,117.85,5564024,1,117.12,1981709,2163663,1.0720411663807892,0
2023-07-28 11:02:20,117.85,5564024,1,117.12,1981709,2163663,1.0720411663807892,0
2023-07-28 11:02:20,117.85,5564024,1,117.12,1981709,2163663,1.0720411663807892,0
2023-07-28 11:02:26,117.8,5566113,100,117.12,1991359,2167190,1.0291595197255599,0
2023-07-28 11:02:26,117.8,5566113,100,117.12,1991359,2167190,1.0291595197255599,0
2023-07-28 11:02:26,117.85,5566113,129,117.12,1991359,2167190,1.0720411663807892,0
2023-07-28 11:02:26,117.75,5566113,237,117.12,1991359,2167190,0.9862778730703308,0
2023-07-28 11:02:26,117.8,5566113,99,117.12,1991359,2167190,1.0291595197255599,0
2023-07-28 11:02:30,117.8,5567426,130,117.12,1996283,2165261,1.0291595197255599,0
2023-07-28 11:02:30,117.8,5567426,92,117.12,1996283,2165261,1.0291595197255599,0
2023-07-28 11:02:30,117.8,5567426,107,117.12,1996283,2165261,1.0291595197255599,0
2023-07-28 11:02:30,117.8,5567426,771,117.12,1996283,2165261,1.0291595197255599,0
2023-07-28 11:02:38,117.85,5590465,445,117.12,1999827,2160098,1.0720411663807892,0
2023-07-28 11:02:38,117.75,5590465,248,117.12,1999827,2160098,0.9862778730703308,0
2023-07-28 11:02:38,117.75,5590465,15,117.12,1999827,2160098,0.9862778730703308,0
2023-07-28 11:02:38,117.85,5590465,280,117.12,1999827,2160098,1.0720411663807892,0
2023-07-28 11:02:38,117.75,5590465,114,117.12,1999827,2160098,0.9862778730703308,0
2023-07-28 11:02:38,117.85,5590465,200,117.12,1999827,2160098,1.0720411663807892,0
2023-07-28 11:02:47,117.85,5598319,10,117.12,2022747,2154895,1.0720411663807892,0
2023-07-28 11:02:47,117.85,5598319,100,117.12,2022747,2154895,1.0720411663807892,0
2023-07-28 11:02:47,117.9,5598319,160,117.12,2022747,2154895,1.1149228130360305,0
2023-07-28 11:02:47,117.8,5598319,111,117.12,2022747,2154895,1.0291595197255599,0
2023-07-28 11:02:49,117.9,5599608,193,117.12,2021365,2150690,1.1149228130360305,0
2023-07-28 11:02:49,117.8,5599608,200,117.12,2021365,2150690,1.0291595197255599,0
2023-07-28 11:02:49,117.8,5599608,25,117.12,2021365,2150690,1.0291595197255599,0
2023-07-28 11:02:55,117.85,5600035,5,117.12,2030785,2118474,1.0720411663807892,0
2023-07-28 11:02:55,117.95,5600035,19,117.12,2030785,2118474,1.1578044596912596,0
2023-07-28 11:02:59,117.85,5602099,847,117.12,2032130,2140272,1.0720411663807892,0
2023-07-28 11:02:59,117.95,5602099,1,117.12,2032130,2140272,1.1578044596912596,0
2023-07-28 11:03:01,117.95,5602410,1,117.12,2032712,2143363,1.1578044596912596,0
2023-07-28 11:03:01,117.95,5602410,47,117.12,2032712,2143363,1.1578044596912596,0
2023-07-28 11:03:01,117.95,5602410,75,117.12,2032712,2143363,1.1578044596912596,0
2023-07-28 11:03:01,117.95,5602410,3,117.12,2032712,2143363,1.1578044596912596,0
2023-07-28 11:03:01,117.95,5602410,200,117.12,2032712,2143363,1.1578044596912596,0
2023-07-28 11:03:07,117.95,5602839,10,117.12,2033519,2143912,1.1578044596912596,0
2023-07-28 11:03:07,117.95,5603395,410,117.12,2038219,2143566,1.1578044596912596,0
2023-07-28 11:03:07,117.9,5603395,77,117.12,2038219,2143566,1.1149228130360305,0
2023-07-28 11:03:08,117.9,5603472,77,117.12,2037396,2145105,1.1149228130360305,0
2023-07-28 11:03:09,117.9,5603484,12,117.12,2036428,2146401,1.1149228130360305,0
2023-07-28 11:03:09,117.9,5603484,12,117.12,2036426,2152051,1.1149228130360305,0
2023-07-28 11:03:09,117.9,5603484,2,117.12,2036426,2152051,1.1149228130360305,0
2023-07-28 11:03:11,117.85,5603487,1,117.12,2036528,2152623,1.0720411663807892,0
2023-07-28 11:03:12,117.9,5603602,15,117.12,2036431,2153813,1.1149228130360305,0
2023-07-28 11:03:13,117.9,5603604,2,117.12,2033376,2155964,1.1149228130360305,0
2023-07-28 11:03:13,117.9,5603604,1,117.12,2033376,2155964,1.1149228130360305,0
2023-07-28 11:03:14,117.9,5603605,1,117.12,2037459,2161292,1.1149228130360305,0
2023-07-28 11:03:16,117.9,5610397,295,117.12,2029943,2162248,1.1149228130360305,0
2023-07-28 11:03:17,117.9,5611568,147,117.12,2038052,2160105,1.1149228130360305,0
2023-07-28 11:03:17,117.9,5611568,147,117.12,2038052,2160105,1.1149228130360305,0
2023-07-28 11:03:18,117.9,5611591,17,117.12,2026782,2164766,1.1149228130360305,0
2023-07-28 11:03:18,117.95,5611591,37,117.12,2026782,2164766,1.1578044596912596,0
2023-07-28 11:03:19,117.95,5612657,6,117.12,2025933,2163173,1.1578044596912596,0
2023-07-28 11:03:20,117.95,5612868,27,117.12,2025450,2163456,1.1578044596912596,0
2023-07-28 11:03:21,117.95,5612872,4,117.12,2025450,2164609,1.1578044596912596,0
2023-07-28 11:03:22,117.9,5612942,20,117.12,2025243,2166073,1.1149228130360305,0
2023-07-28 11:03:22,117.95,5612942,11,117.12,2025243,2166073,1.1578044596912596,0
2023-07-28 11:03:23,117.9,5613023,70,117.13,2025671,2166178,1.1149228130360305,0
2023-07-28 11:03:23,117.9,5613023,2,117.13,2025671,2166178,1.1149228130360305,0
2023-07-28 11:03:24,117.9,5613062,25,117.13,2025656,2166266,1.1149228130360305,0
2023-07-28 11:03:25,117.95,5613071,3,117.13,2024572,2166348,1.1578044596912596,0
2023-07-28 11:03:25,117.95,5613073,2,117.13,2024572,2166346,1.1578044596912596,0
2023-07-28 11:03:26,118.0,5618481,248,117.13,2049079,2159078,1.2006861063464886,0
2023-07-28 11:03:27,118.0,5618679,17,117.13,2055579,2158824,1.2006861063464886,0
2023-07-28 11:03:30,118.0,5619700,881,117.13,2054077,2160565,1.2006861063464886,0
2023-07-28 11:03:30,117.95,5619962,112,117.13,2052285,2162110,1.1578044596912596,0
2023-07-28 11:03:32,117.95,5620191,2,117.13,2049554,2162110,1.1578044596912596,0
2023-07-28 11:03:32,118.0,5620276,11,117.13,2050056,2162025,1.2006861063464886,0
2023-07-28 11:03:34,118.0,5620387,10,117.13,2059644,2156449,1.2006861063464886,0
2023-07-28 11:03:34,118.0,5620387,7,117.13,2059644,2156449,1.2006861063464886,0
2023-07-28 11:03:34,118.0,5620404,38,117.13,2059312,2159778,1.2006861063464886,0
2023-07-28 11:03:35,118.0,5620445,6,117.13,2058857,2161986,1.2006861063464886,0
2023-07-28 11:03:37,118.0,5620452,1,117.13,2058665,2161979,1.2006861063464886,0
2023-07-28 11:03:37,117.95,5620452,58,117.13,2058665,2161979,1.1578044596912596,0
2023-07-28 11:03:37,117.95,5620511,274,117.13,2057428,2177288,1.1578044596912596,0
2023-07-28 11:03:39,117.95,5628918,162,117.13,2039693,2181164,1.1578044596912596,0
2023-07-28 11:03:39,117.95,5628918,162,117.13,2039693,2181164,1.1578044596912596,0
2023-07-28 11:03:40,117.95,5628963,20,117.13,2039793,2180361,1.1578044596912596,0
2023-07-28 11:03:41,117.95,5628981,8,117.13,2042782,2178099,1.1578044596912596,0
2023-07-28 11:03:42,117.95,5629040,9,117.13,2016597,2174580,1.1578044596912596,0
2023-07-28 11:03:44,117.9,5629143,85,117.13,2017464,2174146,1.1149228130360305,0
2023-07-28 11:03:45,118.0,5634843,23,117.13,2025816,2161898,1.2006861063464886,0
2023-07-28 11:03:46,118.0,5635086,14,117.13,2028035,2161554,1.2006861063464886,0
2023-07-28 11:03:46,118.0,5635123,1,117.13,2028033,2161567,1.2006861063464886,0
2023-07-28 11:03:47,118.0,5635128,5,117.13,2029136,2162693,1.2006861063464886,0
2023-07-28 11:03:47,118.0,5635128,1,117.13,2029136,2162693,1.2006861063464886,0
2023-07-28 11:03:48,118.0,5635129,1,117.13,2028675,2163300,1.2006861063464886,0
2023-07-28 11:03:50,117.95,5635139,127,117.13,2027207,2164040,1.1578044596912596,0
2023-07-28 11:03:51,118.0,5635290,3,117.13,2028047,2164930,1.2006861063464886,0
2023-07-28 11:03:51,118.0,5635290,3,117.13,2028047,2164930,1.2006861063464886,0
2023-07-28 11:03:52,118.0,5635291,1,117.13,2028046,2165169,1.2006861063464886,0
2023-07-28 11:03:52,117.95,5635291,100,117.13,2030049,2165169,1.1578044596912596,0
2023-07-28 11:03:52,117.95,5635291,100,117.13,2030049,2165169,1.1578044596912596,0
2023-07-28 11:03:55,117.9,5643939,116,117.13,2005400,2177856,1.1149228130360305,0
2023-07-28 11:03:55,117.9,5643939,235,117.13,2005400,2177856,1.1149228130360305,0
2023-07-28 11:03:56,117.9,5644664,235,117.13,2006758,2178399,1.1149228130360305,0
2023-07-28 11:03:58,117.9,5644900,86,117.13,2007400,2178345,1.1149228130360305,0
2023-07-28 11:03:58,117.9,5644900,35,117.13,2007400,2178345,1.1149228130360305,0
2023-07-28 11:03:59,117.95,5648448,124,117.13,2020762,2168283,1.1578044596912596,0
2023-07-28 11:04:00,117.95,5648517,69,117.13,2023729,2170554,1.1578044596912596,0
2023-07-28 11:04:00,117.95,5648517,25,117.13,2023729,2170554,1.1578044596912596,0
2023-07-28 11:04:03,117.7,5732849,9150,117.14,1867076,2201563,0.9433962264151017,0
2023-07-28 11:04:04,117.7,5735527,10,117.14,1948517,2201839,0.9433962264151017,0
2023-07-28 11:04:04,117.7,5735538,10,117.14,1948339,2202218,0.9433962264151017,0
2023-07-28 11:04:05,117.75,5735641,100,117.14,1950770,2203607,0.9862778730703308,0
2023-07-28 11:04:06,117.75,5735659,2,117.14,1950720,2203736,0.9862778730703308,0
2023-07-28 11:04:08,117.75,5735674,3,117.14,1950806,2204338,0.9862778730703308,0
2023-07-28 11:04:08,117.7,5735674,204,117.14,1950806,2204338,0.9433962264151017,0
2023-07-28 11:04:08,117.7,5737234,204,117.14,1957727,2207933,0.9433962264151017,0
2023-07-28 11:04:09,117.7,5737265,31,117.14,1957729,2207953,0.9433962264151017,0
2023-07-28 11:04:10,117.7,5737270,5,117.14,1957729,2208050,0.9433962264151017,0
2023-07-28 11:04:10,117.75,5737270,386,117.14,1957729,2208050,0.9862778730703308,0
2023-07-28 11:04:11,117.75,5742264,386,117.14,1960702,2204497,0.9862778730703308,0
2023-07-28 11:04:12,117.75,5742361,97,117.14,1961752,2202680,0.9862778730703308,0
2023-07-28 11:04:12,117.75,5742361,53,117.14,1961752,2202680,0.9862778730703308,0
2023-07-28 11:04:12,117.75,5742361,9,117.14,1961752,2202680,0.9862778730703308,0
2023-07-28 11:04:14,117.75,5742686,9,117.14,1960744,2202882,0.9862778730703308,0
2023-07-28 11:04:14,117.75,5742686,530,117.14,1960744,2202882,0.9862778730703308,0
2023-07-28 11:04:16,117.75,5743839,150,117.14,1958688,2203447,0.9862778730703308,0
2023-07-28 11:04:16,117.75,5743839,150,117.14,1958688,2203447,0.9862778730703308,0
2023-07-28 11:04:17,117.75,5743862,23,117.14,1968812,2203424,0.9862778730703308,0
2023-07-28 11:04:17,117.75,5743862,8,117.14,1968812,2203424,0.9862778730703308,0
2023-07-28 11:04:17,117.75,5743862,518,117.14,1968812,2203424,0.9862778730703308,0
2023-07-28 11:04:20,117.8,5752685,207,117.14,1988316,2198508,1.0291595197255599,0
2023-07-28 11:04:20,117.8,5752785,100,117.14,1988316,2203867,1.0291595197255599,0
2023-07-28 11:04:22,117.8,5752849,50,117.14,1999005,2196885,1.0291595197255599,0
2023-07-28 11:04:23,117.8,5752856,7,117.14,1999004,2198052,1.0291595197255599,0
2023-07-28 11:04:23,117.8,5752856,1,117.14,1999002,2201156,1.0291595197255599,0
2023-07-28 11:04:24,117.8,5752857,12,117.14,2007495,2195721,1.0291595197255599,0
2023-07-28 11:04:25,117.85,5760397,181,117.14,1986172,2206228,1.0720411663807892,0
2023-07-28 11:04:26,117.85,5762088,232,117.14,1996963,2194432,1.0720411663807892,0
2023-07-28 11:04:27,117.85,5762520,24,117.14,1997935,2196062,1.0720411663807892,0
2023-07-28 11:04:28,117.85,5762555,5,117.14,1998402,2198501,1.0720411663807892,0
2023-07-28 11:04:29,117.8,5763897,200,117.14,1997653,2198837,1.0291595197255599,0
2023-07-28 11:04:29,117.85,5763897,200,117.14,1997653,2198837,1.0720411663807892,0
2023-07-28 11:04:31,117.85,5764128,30,117.14,1997852,2200448,1.0720411663807892,0
2023-07-28 11:04:31,117.85,5764128,455,117.14,1997852,2200448,1.0720411663807892,0
2023-07-28 11:04:33,117.85,5767651,68,117.14,2010963,2197155,1.0720411663807892,0
2023-07-28 11:04:34,117.85,5767661,10,117.14,2010973,2197295,1.0720411663807892,0
2023-07-28 11:04:36,117.8,5767670,7,117.14,2010971,2197293,1.0291595197255599,0
2023-07-28 11:04:36,117.8,5767670,7,117.14,2010969,2197296,1.0291595197255599,0
2023-07-28 11:04:36,117.85,5767670,1,117.14,2010969,2197296,1.0720411663807892,0
2023-07-28 11:04:37,117.8,5767673,334,117.14,2010970,2197295,1.0291595197255599,0
2023-07-28 11:04:38,117.8,5770797,60,117.14,2006965,2199518,1.0291595197255599,0
2023-07-28 11:04:39,117.8,5770806,9,117.14,2006970,2199509,1.0291595197255599,0
2023-07-28 11:04:40,117.75,5771628,50,117.14,2006806,2199350,0.9862778730703308,0
2023-07-28 11:04:41,117.8,5771677,49,117.14,2008999,2199094,1.0291595197255599,0
2023-07-28 11:04:42,117.8,5771684,7,117.14,2007042,2201535,1.0291595197255599,0
2023-07-28 11:04:43,117.8,5771685,1,117.14,2008835,2201760,1.0291595197255599,0
2023-07-28 11:04:44,117.8,5771744,1,117.14,2008339,2208701,1.0291595197255599,0
2023-07-28 11:04:44,117.85,5771744,234,117.14,2008339,2208701,1.0720411663807892,0
2023-07-28 11:04:45,117.85,5773529,234,117.14,2008681,2209434,1.0720411663807892,0
2023-07-28 11:04:46,117.8,5773700,61,117.14,2008079,2211313,1.0291595197255599,0
2023-07-28 11:04:48,117.8,5773770,9,117.14,2009242,2209992,1.0291595197255599,0
2023-07-28 11:04:48,117.8,5773771,1,117.14,2009240,2210069,1.0291595197255599,0
2023-07-28 11:04:50,117.8,5773773,2,117.14,2011242,2211343,1.0291595197255599,0
2023-07-28 11:04:51,117.85,5773909,5,117.14,2011790,2217711,1.0720411663807892,0
2023-07-28 11:04:51,117.8,5773909,50,117.14,2011790,2217711,1.0291595197255599,0
2023-07-28 11:04:52,117.85,5774731,107,117.14,2007217,2218181,1.0720411663807892,0
2023-07-28 11:04:53,117.85,5774747,16,117.14,2006354,2220610,1.0720411663807892,0
2023-07-28 11:04:53,117.85,5774747,3,117.14,2006354,2220610,1.0720411663807892,0
2023-07-28 11:04:54,117.85,5774750,3,117.14,2006305,2221460,1.0720411663807892,0
2023-07-28 11:04:56,117.8,5774950,200,117.14,2006255,2221710,1.0291595197255599,0
2023-07-28 11:04:56,117.85,5774950,30,117.14,2006255,2221710,1.0720411663807892,0
2023-07-28 11:04:57,117.85,5774980,5,117.14,2006253,2221680,1.0720411663807892,0
2023-07-28 11:04:58,117.85,5774988,5,117.14,2006355,2221672,1.0720411663807892,0
2023-07-28 11:04:58,117.85,5774988,1,117.14,2006355,2221672,1.0720411663807892,0
2023-07-28 11:04:59,117.85,5774989,1,117.14,2006440,2221721,1.0720411663807892,0
2023-07-28 11:04:59,117.85,5775162,23,117.14,2006340,2223379,1.0720411663807892,0
2023-07-28 11:04:59,117.85,5775162,3,117.14,2006340,2223379,1.0720411663807892,0
2023-07-28 11:05:01,117.85,5775265,100,117.14,2006205,2225239,1.0720411663807892,0
2023-07-28 11:05:02,117.75,5776895,42,117.14,2006970,2225438,0.9862778730703308,0
2023-07-28 11:05:02,117.85,5776934,39,117.14,2006971,2225418,1.0720411663807892,0
2023-07-28 11:05:02,117.85,5776934,6,117.14,2006971,2225418,1.0720411663807892,0
2023-07-28 11:05:03,117.85,5776940,6,117.14,2007066,2225412,1.0720411663807892,0
2023-07-28 11:05:03,117.85,5776940,1,117.14,2007066,2225412,1.0720411663807892,0
2023-07-28 11:05:05,117.85,5776941,1,117.14,2007567,2225416,1.0720411663807892,0
2023-07-28 11:05:05,117.85,5776941,15,117.14,2007567,2225416,1.0720411663807892,0
2023-07-28 11:05:05,117.8,5776941,153,117.14,2007567,2225416,1.0291595197255599,0
2023-07-28 11:05:08,117.8,5777556,153,117.14,2007697,2226592,1.0291595197255599,0
2023-07-28 11:05:08,117.8,5777556,315,117.14,2007697,2226592,1.0291595197255599,0
2023-07-28 11:05:08,117.8,5777556,66,117.14,2007697,2226592,1.0291595197255599,0
2023-07-28 11:05:12,117.8,5779577,57,117.14,2006387,2227259,1.0291595197255599,0
2023-07-28 11:05:12,117.75,5779577,94,117.14,2006387,2227259,0.9862778730703308,0
2023-07-28 11:05:12,117.8,5779577,137,117.14,2006387,2227259,1.0291595197255599,0
2023-07-28 11:05:15,117.8,5787279,137,117.15,2009890,2226063,1.0291595197255599,0
2023-07-28 11:05:15,117.85,5787279,709,117.15,2009890,2226063,1.0720411663807892,0
2023-07-28 11:05:15,117.8,5787279,445,117.15,2009890,2226063,1.0291595197255599,0
2023-07-28 11:05:20,117.8,5789189,445,117.15,2019235,2215024,1.0291595197255599,0
2023-07-28 11:05:20,117.8,5789189,286,117.15,2019235,2215024,1.0291595197255599,0
2023-07-28 11:05:20,117.85,5789189,100,117.15,2019235,2215024,1.0720411663807892,0
2023-07-28 11:05:20,117.85,5789189,10,117.15,2019235,2215024,1.0720411663807892,0
2023-07-28 11:05:20,117.85,5789189,10,117.15,2019235,2215024,1.0720411663807892,0
2023-07-28 11:05:20,117.75,5789189,865,117.15,2019235,2215024,0.9862778730703308,0
2023-07-28 11:05:20,117.75,5789189,865,117.15,2019235,2215024,0.9862778730703308,0
2023-07-28 11:05:25,117.75,5794646,58,117.15,2001269,2237030,0.9862778730703308,0
2023-07-28 11:05:25,117.7,5794646,100,117.15,2001269,2237030,0.9433962264151017,0
2023-07-28 11:05:25,117.75,5794646,58,117.15,2001269,2237030,0.9862778730703308,0
2023-07-28 11:05:25,117.75,5794646,58,117.15,2001269,2237030,0.9862778730703308,0
2023-07-28 11:05:25,117.75,5794646,43,117.15,2001269,2237030,0.9862778730703308,0
2023-07-28 11:05:28,117.75,5795145,179,117.15,2001989,2240662,0.9862778730703308,0
2023-07-28 11:05:28,117.75,5795145,120,117.15,2001989,2240662,0.9862778730703308,0
2023-07-28 11:05:28,117.75,5795145,100,117.15,2001989,2240662,0.9862778730703308,0
2023-07-28 11:05:33,117.75,5795607,8,117.15,1990688,2243437,0.9862778730703308,0
2023-07-28 11:05:33,117.75,5795607,15,117.15,1990688,2243437,0.9862778730703308,0
2023-07-28 11:05:37,117.75,5795691,19,117.15,1991854,2244050,0.9862778730703308,0
2023-07-28 11:05:37,117.75,5795691,19,117.15,1991854,2244050,0.9862778730703308,0
2023-07-28 11:05:37,117.7,5795691,865,117.15,1991854,2244050,0.9433962264151017,0
2023-07-28 11:05:37,117.7,5795691,500,117.15,1991854,2244050,0.9433962264151017,0
2023-07-28 11:05:37,117.7,5795691,8,117.15,1991854,2244050,0.9433962264151017,0
2023-07-28 11:05:41,117.7,5802299,579,117.15,1973126,2246853,0.9433962264151017,0
2023-07-28 11:05:41,117.7,5802299,100,117.15,1973126,2246853,0.9433962264151017,0
2023-07-28 11:05:45,117.7,5802545,145,117.15,1973126,2249309,0.9433962264151017,0
2023-07-28 11:05:45,117.65,5802545,75,117.15,1973126,2249309,0.9005145797598726,0
2023-07-28 11:05:45,117.65,5802545,3,117.15,1973126,2249309,0.9005145797598726,0
2023-07-28 11:05:45,117.7,5802545,566,117.15,1973126,2249309,0.9433962264151017,0
2023-07-28 11:05:45,117.7,5802545,10,117.15,1973126,2249309,0.9433962264151017,0
2023-07-28 11:05:49,117.7,5807894,301,117.15,1973382,2247537,0.9433962264151017,0
2023-07-28 11:05:49,117.7,5807894,301,117.15,1973382,2247537,0.9433962264151017,0
2023-07-28 11:05:53,117.75,5808002,108,117.15,1976691,2245515,0.9862778730703308,0
2023-07-28 11:05:53,117.7,5808002,5,117.15,1976691,2245515,0.9433962264151017,0
2023-07-28 11:05:53,117.7,5808002,5,117.15,1976691,2245515,0.9433962264151017,0
2023-07-28 11:05:53,117.65,5808002,68,117.15,1976691,2245515,0.9005145797598726,0
2023-07-28 11:05:58,117.7,5809381,4,117.15,1971447,2257117,0.9433962264151017,0
2023-07-28 11:05:58,117.7,5809381,248,117.15,1971447,2257117,0.9433962264151017,0
2023-07-28 11:05:58,117.7,5809381,2,117.15,1971447,2257117,0.9433962264151017,0
2023-07-28 11:05:58,117.7,5809381,150,117.15,1971447,2257117,0.9433962264151017,0
2023-07-28 11:06:02,117.7,5809897,13,117.15,1971895,2260748,0.9433962264151017,0
2023-07-28 11:06:02,117.7,5809897,13,117.15,1971895,2260748,0.9433962264151017,0
2023-07-28 11:06:02,117.7,5809897,316,117.15,1971895,2260748,0.9433962264151017,0
2023-07-28 11:06:02,117.6,5809897,200,117.15,1971895,2260748,0.8576329331046313,0
2023-07-28 11:06:06,117.45,5924930,171,117.15,1870612,2279289,0.7289879931389439,0
2023-07-28 11:06:06,117.45,5924930,115,117.15,1870612,2279289,0.7289879931389439,0
2023-07-28 11:06:06,117.45,5924930,300,117.15,1870612,2279289,0.7289879931389439,0
2023-07-28 11:06:06,117.5,5924930,350,117.15,1870612,2279289,0.771869639794173,0
2023-07-28 11:06:10,117.5,5957559,1178,117.16,1898105,2263573,0.771869639794173,0
2023-07-28 11:06:10,117.5,5957559,1,117.16,1898105,2263573,0.771869639794173,0
2023-07-28 11:06:14,117.5,5996163,5,117.16,1922689,2259235,0.771869639794173,0
2023-07-28 11:06:14,117.5,5996163,10,117.16,1922689,2259235,0.771869639794173,0
2023-07-28 11:06:14,117.45,5996163,300,117.16,1922689,2259235,0.7289879931389439,0
2023-07-28 11:06:14,117.5,5996163,11,117.16,1922689,2259235,0.771869639794173,0
2023-07-28 11:06:19,117.5,6000735,1358,117.16,1903483,2269651,0.771869639794173,0
2023-07-28 11:06:19,117.5,6000735,1655,117.16,1903483,2269651,0.771869639794173,0
2023-07-28 11:06:19,117.5,6000735,500,117.16,1903483,2269651,0.771869639794173,0
2023-07-28 11:06:19,117.45,6000735,1,117.16,1903483,2269651,0.7289879931389439,0
2023-07-28 11:06:19,117.5,6000735,759,117.16,1903483,2269651,0.771869639794173,0
2023-07-28 11:06:23,117.5,6005205,5,117.16,1906518,2257248,0.771869639794173,0
2023-07-28 11:06:23,117.5,6005205,5,117.16,1906518,2257248,0.771869639794173,0
2023-07-28 11:06:23,117.5,6005205,1368,117.16,1906518,2257248,0.771869639794173,0
2023-07-28 11:06:23,117.5,6005205,50,117.16,1906518,2257248,0.771869639794173,0
2023-07-28 11:06:27,117.45,6012177,254,117.16,1936959,2268071,0.7289879931389439,0
2023-07-28 11:06:27,117.45,6012177,310,117.16,1936959,2268071,0.7289879931389439,0
2023-07-28 11:06:27,117.45,6012177,309,117.16,1936959,2268071,0.7289879931389439,0
2023-07-28 11:06:27,117.5,6012177,170,117.16,1936959,2268071,0.771869639794173,0
2023-07-28 11:06:27,117.45,6012177,15,117.16,1936959,2268071,0.7289879931389439,0
2023-07-28 11:06:31,117.45,6022828,100,117.16,1939117,2262573,0.7289879931389439,0
2023-07-28 11:06:31,117.45,6022828,242,117.16,1939117,2262573,0.7289879931389439,0
2023-07-28 11:06:35,117.5,6024648,1105,117.16,1939417,2261554,0.771869639794173,0
2023-07-28 11:06:35,117.5,6024648,1105,117.16,1939417,2261554,0.771869639794173,0
2023-07-28 11:06:35,117.45,6024648,305,117.16,1939417,2261554,0.7289879931389439,0
2023-07-28 11:06:38,117.5,6031548,1084,117.16,1934064,2260335,0.771869639794173,0
2023-07-28 11:06:38,117.5,6031548,987,117.16,1934064,2260335,0.771869639794173,0
2023-07-28 11:06:38,117.45,6031548,50,117.16,1934064,2260335,0.7289879931389439,0
2023-07-28 11:06:38,117.5,6031548,1000,117.16,1934064,2260335,0.771869639794173,0
2023-07-28 11:06:42,117.45,6034203,5,117.16,1933631,2258009,0.7289879931389439,0
2023-07-28 11:06:42,117.45,6034203,39,117.16,1933631,2258009,0.7289879931389439,0
2023-07-28 11:06:42,117.5,6034203,3973,117.16,1933631,2258009,0.771869639794173,0
2023-07-28 11:06:42,117.5,6034203,58,117.16,1933631,2258009,0.771869639794173,0
2023-07-28 11:06:46,117.5,6047556,58,117.16,1918610,2256106,0.771869639794173,0
2023-07-28 11:06:46,117.55,6047556,389,117.16,1918610,2256106,0.8147512864494021,0
2023-07-28 11:06:50,117.55,6048514,369,117.16,1918018,2253615,0.8147512864494021,0
2023-07-28 11:06:50,117.5,6048514,200,117.16,1918018,2253615,0.771869639794173,0
2023-07-28 11:06:50,117.55,6048514,1,117.16,1918018,2253615,0.8147512864494021,0
2023-07-28 11:06:54,117.55,6049375,160,117.16,1918206,2256011,0.8147512864494021,0
2023-07-28 11:06:54,117.55,6049375,130,117.16,1918206,2256011,0.8147512864494021,0
2023-07-28 11:06:54,117.5,6049375,25,117.16,1918206,2256011,0.771869639794173,0
2023-07-28 11:06:59,117.55,6050589,1000,117.16,1918705,2258882,0.8147512864494021,0
2023-07-28 11:06:59,117.55,6050589,1,117.16,1918705,2258882,0.8147512864494021,0
2023-07-28 11:06:59,117.5,6050589,62,117.16,1918705,2258882,0.771869639794173,0
2023-07-28 11:06:59,117.5,6050589,9,117.16,1918705,2258882,0.771869639794173,0
2023-07-28 11:07:03,117.55,6051892,100,117.16,1933929,2260658,0.8147512864494021,0
2023-07-28 11:07:03,117.5,6051892,1,117.16,1933929,2260658,0.771869639794173,0
2023-07-28 11:07:03,117.5,6051892,10,117.16,1933929,2260658,0.771869639794173,0
2023-07-28 11:07:03,117.55,6051892,106,117.16,1933929,2260658,0.8147512864494021,0
2023-07-28 11:07:03,117.55,6051892,5,117.16,1933929,2260658,0.8147512864494021,0
2023-07-28 11:07:07,117.55,6052546,137,117.16,1943436,2255396,0.8147512864494021,0
2023-07-28 11:07:07,117.5,6052546,3922,117.16,1943436,2255396,0.771869639794173,0
2023-07-28 11:07:07,117.55,6052546,1,117.16,1943436,2255396,0.8147512864494021,0
2023-07-28 11:07:07,117.5,6052546,150,117.16,1943436,2255396,0.771869639794173,0
2023-07-28 11:07:11,117.55,6060152,901,117.16,1935753,2260294,0.8147512864494021,0
2023-07-28 11:07:11,117.45,6060152,774,117.16,1935753,2260294,0.7289879931389439,0
2023-07-28 11:07:11,117.5,6060152,203,117.16,1935753,2260294,0.771869639794173,0
2023-07-28 11:07:11,117.5,6060152,9,117.16,1935753,2260294,0.771869639794173,0
2023-07-28 11:07:11,117.4,6060152,20,117.16,1935753,2260294,0.6861063464837147,0
2023-07-28 11:07:11,117.45,6060152,100,117.16,1935753,2260294,0.7289879931389439,0
2023-07-28 11:07:11,117.4,6060152,100,117.16,1935753,2260294,0.6861063464837147,0
2023-07-28 11:07:19,117.5,6082622,68,117.16,1915045,2269344,0.771869639794173,0
2023-07-28 11:07:19,117.45,6082622,272,117.16,1915045,2269344,0.7289879931389439,0
2023-07-28 11:07:19,117.5,6082622,956,117.16,1915045,2269344,0.771869639794173,0
2023-07-28 11:07:19,117.4,6082622,6,117.16,1915045,2269344,0.6861063464837147,0
2023-07-28 11:07:23,117.5,6087057,657,117.16,1914037,2266851,0.771869639794173,0
2023-07-28 11:07:23,117.5,6087057,657,117.16,1914037,2266851,0.771869639794173,0
2023-07-28 11:07:23,117.4,6087057,20,117.16,1914037,2266851,0.6861063464837147,0
2023-07-28 11:07:23,117.4,6087057,5,117.16,1914037,2266851,0.6861063464837147,0
2023-07-28 11:07:27,117.5,6087300,118,117.16,1915391,2264894,0.771869639794173,0
2023-07-28 11:07:27,117.4,6087300,200,117.16,1915391,2264894,0.6861063464837147,0
2023-07-28 11:07:31,117.45,6090111,257,117.16,1912244,2267426,0.7289879931389439,0
2023-07-28 11:07:31,117.4,6090111,16,117.16,1912244,2267426,0.6861063464837147,0
2023-07-28 11:07:31,117.55,6090111,3765,117.16,1912244,2267426,0.8147512864494021,0
2023-07-28 11:07:35,117.6,6116930,274,117.17,1949138,2237009,0.8576329331046313,0
2023-07-28 11:07:35,117.5,6116930,1,117.17,1949138,2237009,0.771869639794173,0
2023-07-28 11:07:35,117.6,6116930,3139,117.17,1949138,2237009,0.8576329331046313,0
2023-07-28 11:07:35,117.6,6116930,85,117.17,1949138,2237009,0.8576329331046313,0
2023-07-28 11:07:39,117.55,6146994,518,117.17,1950691,2237232,0.8147512864494021,0
2023-07-28 11:07:39,117.45,6146994,23,117.17,1950691,2237232,0.7289879931389439,0
2023-07-28 11:07:39,117.55,6146994,2,117.17,1950691,2237232,0.8147512864494021,0
2023-07-28 11:07:44,117.5,6168766,560,117.17,1933369,2244727,0.771869639794173,0
2023-07-28 11:07:44,117.55,6168766,2,117.17,1933369,2244727,0.8147512864494021,0
2023-07-28 11:07:46,117.55,6175467,85,117.17,1928438,2249769,0.8147512864494021,0
2023-07-28 11:07:46,117.55,6175467,1,117.17,1928438,2249769,0.8147512864494021,0
2023-07-28 11:07:46,117.5,6175467,1000,117.17,1928438,2249769,0.771869639794173,0
2023-07-28 11:07:50,117.5,6180785,798,117.17,1941415,2252187,0.771869639794173,0
2023-07-28 11:07:50,117.5,6180785,250,117.17,1941415,2252187,0.771869639794173,0
2023-07-28 11:07:50,117.45,6180785,1,117.17,1941415,2252187,0.7289879931389439,0
2023-07-28 11:07:55,117.5,6182174,154,117.17,1949565,2242077,0.771869639794173,0
2023-07-28 11:07:55,117.45,6182174,143,117.17,1949565,2242077,0.7289879931389439,0
2023-07-28 11:07:55,117.5,6182174,9,117.17,1949565,2242077,0.771869639794173,0
2023-07-28 11:07:55,117.55,6182174,10,117.17,1949565,2242077,0.8147512864494021,0
2023-07-28 11:08:00,117.5,6189819,20,117.17,1958324,2247297,0.771869639794173,0
2023-07-28 11:08:00,117.45,6189819,5,117.17,1958324,2247297,0.7289879931389439,0
2023-07-28 11:08:00,117.55,6189819,45,117.17,1958324,2247297,0.8147512864494021,0
2023-07-28 11:08:00,117.45,6189819,54,117.17,1958324,2247297,0.7289879931389439,0
2023-07-28 11:08:00,117.45,6189819,1,117.17,1958324,2247297,0.7289879931389439,0
2023-07-28 11:08:03,117.45,6192925,1,117.17,1953364,2252793,0.7289879931389439,0
2023-07-28 11:08:03,117.45,6192925,58,117.17,1953364,2252793,0.7289879931389439,0
2023-07-28 11:08:05,117.5,6193515,50,117.17,1954068,2252750,0.771869639794173,0
2023-07-28 11:08:06,117.5,6194753,238,117.17,1952149,2253611,0.771869639794173,0
2023-07-28 11:08:07,117.5,6194927,19,117.17,1953169,2253592,0.771869639794173,0
2023-07-28 11:08:08,117.45,6195727,724,117.17,1943065,2252793,0.7289879931389439,0
2023-07-28 11:08:08,117.55,6195727,120,117.17,1943065,2252793,0.8147512864494021,0
2023-07-28 11:08:09,117.55,6195847,120,117.17,1938495,2252694,0.8147512864494021,0
2023-07-28 11:08:09,117.55,6195847,18,117.17,1938495,2252694,0.8147512864494021,0
2023-07-28 11:08:10,117.55,6195865,18,117.17,1881833,2262236,0.8147512864494021,0
2023-07-28 11:08:12,117.45,6195888,20,117.17,1899329,2262387,0.7289879931389439,0
2023-07-28 11:08:12,117.45,6195888,37,117.17,1899329,2262387,0.7289879931389439,0
2023-07-28 11:08:12,117.45,6196166,37,117.17,1926559,2260140,0.7289879931389439,0
2023-07-28 11:08:12,117.4,6196166,10,117.17,1926559,2260140,0.6861063464837147,0
2023-07-28 11:08:14,117.4,6196181,10,117.17,1888061,2257858,0.6861063464837147,0
2023-07-28 11:08:14,117.45,6196181,160,117.17,1888061,2257858,0.7289879931389439,0
2023-07-28 11:08:15,117.45,6196367,26,117.17,1904455,2255906,0.7289879931389439,0
2023-07-28 11:08:16,117.45,6196429,12,117.17,1904455,2255844,0.7289879931389439,0
2023-07-28 11:08:16,117.45,6196429,2,117.17,1904455,2255844,0.7289879931389439,0
2023-07-28 11:08:17,117.45,6196531,100,117.17,1925544,2256732,0.7289879931389439,0
2023-07-28 11:08:17,117.45,6196531,15,117.17,1925544,2256732,0.7289879931389439,0
2023-07-28 11:08:18,117.4,6197432,68,117.17,1926070,2252231,0.6861063464837147,0
2023-07-28 11:08:19,117.5,6197567,135,117.17,1935470,2252949,0.771869639794173,0
2023-07-28 11:08:19,117.5,6197567,20,117.17,1935470,2252949,0.771869639794173,0
2023-07-28 11:08:20,117.5,6197587,20,117.17,1927807,2258398,0.771869639794173,0
2023-07-28 11:08:21,117.5,6197590,3,117.17,1928807,2258580,0.771869639794173,0
2023-07-28 11:08:22,117.5,6197606,15,117.17,1929192,2258718,0.771869639794173,0
2023-07-28 11:08:22,117.5,6197606,15,117.17,1929192,2258718,0.771869639794173,0
2023-07-28 11:08:23,117.45,6197823,215,117.17,1928977,2258462,0.7289879931389439,0
2023-07-28 11:08:23,117.5,6197823,33,117.17,1928977,2258462,0.771869639794173,0
2023-07-28 11:08:24,117.45,6198141,285,117.17,1932051,2255906,0.7289879931389439,0
2023-07-28 11:08:24,117.45,6198141,47,117.17,1932051,2255906,0.7289879931389439,0
2023-07-28 11:08:26,117.45,6198195,7,117.17,1920759,2257104,0.7289879931389439,0
2023-07-28 11:08:26,117.45,6198195,7,117.17,1920759,2257104,0.7289879931389439,0
2023-07-28 11:08:26,117.45,6199567,180,117.17,1918162,2251498,0.7289879931389439,0
2023-07-28 11:08:28,117.45,6200094,187,117.17,1924119,2247642,0.7289879931389439,0
2023-07-28 11:08:28,117.45,6200094,187,117.17,1924119,2247642,0.7289879931389439,0
2023-07-28 11:08:28,117.45,6200094,3,117.17,1924119,2247642,0.7289879931389439,0
2023-07-28 11:08:29,117.45,6200243,20,117.17,1920396,2254654,0.7289879931389439,0
2023-07-28 11:08:29,117.45,6200243,16,117.17,1920396,2254654,0.7289879931389439,0
2023-07-28 11:08:30,117.45,6200259,16,117.17,1921706,2250853,0.7289879931389439,0
2023-07-28 11:08:30,117.45,6200259,2,117.17,1921706,2250853,0.7289879931389439,0
2023-07-28 11:08:31,117.45,6200271,10,117.17,1922779,2250869,0.7289879931389439,0
2023-07-28 11:08:31,117.45,6200271,2,117.17,1922779,2250869,0.7289879931389439,0
2023-07-28 11:08:35,117.45,6202727,3,117.17,1918577,2254556,0.7289879931389439,0
2023-07-28 11:08:35,117.45,6202776,1,117.17,1921155,2253538,0.7289879931389439,0
2023-07-28 11:08:36,117.45,6202812,11,117.17,1921157,2253508,0.7289879931389439,0
2023-07-28 11:08:36,117.4,6202812,200,117.17,1921157,2253508,0.6861063464837147,0
2023-07-28 11:08:38,117.4,6204648,200,117.17,1930668,2254309,0.6861063464837147,0
2023-07-28 11:08:38,117.4,6204648,230,117.17,1930668,2254309,0.6861063464837147,0
2023-07-28 11:08:40,117.4,6204923,10,117.17,1934646,2250798,0.6861063464837147,0
2023-07-28 11:08:40,117.4,6204923,10,117.17,1934646,2250798,0.6861063464837147,0
2023-07-28 11:08:41,117.4,6204930,7,117.17,1934644,2250793,0.6861063464837147,0
2023-07-28 11:08:41,117.4,6204930,7,117.17,1934644,2250793,0.6861063464837147,0
2023-07-28 11:08:42,117.4,6210102,100,117.17,1951037,2243633,0.6861063464837147,0
2023-07-28 11:08:43,117.4,6212864,100,117.17,1944872,2245257,0.6861063464837147,0
2023-07-28 11:08:44,117.5,6213278,109,117.17,1949406,2247608,0.771869639794173,0
2023-07-28 11:08:45,117.45,6215340,500,117.17,1932930,2249921,0.7289879931389439,0
2023-07-28 11:08:45,117.45,6215340,500,117.17,1932930,2249921,0.7289879931389439,0
2023-07-28 11:08:46,117.5,6215649,29,117.17,1949423,2250307,0.771869639794173,0
2023-07-28 11:08:48,117.45,6215703,7,117.17,1949423,2250353,0.7289879931389439,0
2023-07-28 11:08:49,117.45,6216567,13,117.17,1947562,2251488,0.7289879931389439,0
2023-07-28 11:08:49,117.4,6216567,25,117.17,1947562,2251488,0.6861063464837147,0
2023-07-28 11:08:50,117.4,6216805,25,117.17,1947577,2251345,0.6861063464837147,0
2023-07-28 11:08:51,117.4,6217257,71,117.17,1948651,2250460,0.6861063464837147,0
2023-07-28 11:08:51,117.4,6217257,20,117.17,1948651,2250460,0.6861063464837147,0
2023-07-28 11:08:52,117.45,6218462,184,117.17,1947094,2251503,0.7289879931389439,0
2023-07-28 11:08:52,117.4,6219607,255,117.17,1945000,2253644,0.6861063464837147,0
