2023-07-28 10:49:26,1035.25,408525,29,1034.99,106415,136079,0.5145880868003256,0
2023-07-28 10:49:26,1035.25,408525,74,1034.99,106415,136079,0.5145880868003256,0
2023-07-28 10:49:26,1035.3,408525,3,1034.99,106415,136079,0.5194426913927772,0
2023-07-28 10:49:30,1035.25,408605,9,1034.99,106389,136064,0.5145880868003256,0
2023-07-28 10:49:30,1035.25,408605,5,1034.99,106389,136064,0.5145880868003256,0
2023-07-28 10:49:30,1035.3,408605,1,1034.99,106389,136064,0.5194426913927772,0
2023-07-28 10:49:33,1035.3,408621,1,1034.99,106392,136110,0.5194426913927772,0
2023-07-28 10:49:33,1035.3,408621,1,1034.99,106443,136088,0.5194426913927772,0
2023-07-28 10:49:33,1035.1,408621,27,1034.99,106443,136088,0.500024273022949,0
2023-07-28 10:49:33,1035.05,408621,5,1034.99,106443,136088,0.4951696684304975,0
2023-07-28 10:49:42,1035.05,408654,5,1034.99,106317,136106,0.4951696684304975,0
2023-07-28 10:49:42,1035.3,408654,22,1034.99,106317,136106,0.5194426913927772,0
2023-07-28 10:49:47,1035.05,408787,43,1034.99,106303,136159,0.4951696684304975,0
2023-07-28 10:49:47,1035.25,408787,34,1034.99,106303,136159,0.5145880868003256,0
2023-07-28 10:49:47,1035.25,408787,2,1034.99,106303,136159,0.5145880868003256,0
2023-07-28 10:49:47,1035.05,408787,28,1034.99,106303,136159,0.4951696684304975,0
2023-07-28 10:49:49,1035.05,408883,28,1034.99,106295,136461,0.4951696684304975,0
2023-07-28 10:49:49,1034.65,408883,8,1034.99,106295,136461,0.4563328316908632,0
2023-07-28 10:49:55,1034.65,408903,8,1034.99,106318,136360,0.4563328316908632,0
2023-07-28 10:50:00,1034.65,408942,5,1034.99,106140,136395,0.4563328316908632,0
2023-07-28 10:50:00,1034.75,408942,3,1034.99,106140,136395,0.46604204087576623,0
2023-07-28 10:50:02,1034.75,408949,1,1034.99,106311,136351,0.46604204087576623,0
2023-07-28 10:50:02,1034.7,408949,1,1034.99,106311,136351,0.4611874362833147,0
2023-07-28 10:50:07,1034.7,408952,1,1034.99,106285,136342,0.4611874362833147,0
2023-07-28 10:50:07,1034.75,408952,72,1034.99,106285,136342,0.46604204087576623,0
2023-07-28 10:50:07,1034.75,408952,1,1034.99,106285,136342,0.46604204087576623,0
2023-07-28 10:50:07,1034.75,408952,40,1034.99,106285,136342,0.46604204087576623,0
2023-07-28 10:50:10,1034.75,409085,40,1034.99,106402,136231,0.46604204087576623,0
2023-07-28 10:50:10,1034.9,409085,3,1034.99,106402,136231,0.48060585465314287,0
2023-07-28 10:50:10,1034.9,409085,2,1034.99,106402,136231,0.48060585465314287,0
2023-07-28 10:50:15,1034.9,409090,2,1034.99,106352,136300,0.48060585465314287,0
2023-07-28 10:50:15,1034.75,409090,2,1034.99,106352,136300,0.46604204087576623,0
2023-07-28 10:50:20,1034.75,409110,2,1034.99,106166,136252,0.46604204087576623,0
2023-07-28 10:50:20,1034.75,409110,2,1034.99,106166,136252,0.46604204087576623,0
2023-07-28 10:50:20,1034.75,409110,2,1034.99,106166,136252,0.46604204087576623,0
2023-07-28 10:50:20,1034.75,409110,2,1034.99,106166,136252,0.46604204087576623,0
2023-07-28 10:50:20,1034.75,409110,2,1034.99,106166,136252,0.46604204087576623,0
2023-07-28 10:50:20,1034.9,409110,1,1034.99,106166,136252,0.48060585465314287,0
2023-07-28 10:50:20,1034.9,409110,1,1034.99,106166,136252,0.48060585465314287,0
2023-07-28 10:50:23,1034.9,409111,1,1034.99,106412,136236,0.48060585465314287,0
2023-07-28 10:50:23,1034.9,409111,1,1034.99,106412,136236,0.48060585465314287,0
2023-07-28 10:50:23,1034.9,409111,1,1034.99,106412,136236,0.48060585465314287,0
2023-07-28 10:50:28,1034.75,409117,5,1034.99,106445,136192,0.46604204087576623,0
2023-07-28 10:50:28,1034.75,409117,3,1034.99,106445,136192,0.46604204087576623,0
2023-07-28 10:50:28,1034.75,409117,3,1034.99,106445,136192,0.46604204087576623,0
2023-07-28 10:50:28,1034.75,409117,9,1034.99,106445,136192,0.46604204087576623,0
2023-07-28 10:50:28,1034.75,409117,2,1034.99,106445,136192,0.46604204087576623,0
2023-07-28 10:50:32,1034.75,409144,2,1034.99,106364,136388,0.46604204087576623,0
2023-07-28 10:50:32,1034.75,409144,2,1034.99,106395,136341,0.46604204087576623,0
2023-07-28 10:50:32,1034.85,409144,3,1034.99,106395,136341,0.4757512500606693,0
2023-07-28 10:50:32,1034.85,409144,47,1034.99,106395,136341,0.4757512500606693,0
2023-07-28 10:50:41,1034.85,409195,47,1034.99,106440,136380,0.4757512500606693,0
2023-07-28 10:50:41,1034.9,409195,1,1034.99,106440,136380,0.48060585465314287,0
2023-07-28 10:50:41,1034.9,409195,12,1034.99,106440,136380,0.48060585465314287,0
2023-07-28 10:50:41,1034.95,409195,59,1034.99,106440,136380,0.48546045924559444,0
2023-07-28 10:50:47,1034.95,409305,59,1034.99,106951,136051,0.48546045924559444,0
2023-07-28 10:50:47,1035.0,409305,4,1034.99,106951,136051,0.49031506383804596,0
2023-07-28 10:50:47,1035.0,409305,3,1034.99,106951,136051,0.49031506383804596,0
2023-07-28 10:50:49,1035.0,409314,3,1034.99,106870,136042,0.49031506383804596,0
2023-07-28 10:50:49,1035.0,409314,1,1034.99,106870,136042,0.49031506383804596,0
2023-07-28 10:50:49,1034.95,409314,15,1034.99,106870,136042,0.48546045924559444,0
2023-07-28 10:50:54,1034.95,409330,15,1034.99,106056,136237,0.48546045924559444,0
2023-07-28 10:51:00,1034.95,409360,26,1034.99,106348,136264,0.48546045924559444,0
2023-07-28 10:51:00,1035.0,409360,4,1034.99,106348,136264,0.49031506383804596,0
2023-07-28 10:51:00,1035.0,409360,1,1034.99,106348,136264,0.49031506383804596,0
2023-07-28 10:51:00,1034.95,409360,4,1034.99,106348,136264,0.48546045924559444,0
2023-07-28 10:51:04,1035.0,409370,1,1034.99,106256,136215,0.49031506383804596,0
2023-07-28 10:51:05,1035.0,409371,1,1034.99,106322,136240,0.49031506383804596,0
2023-07-28 10:51:05,1035.0,409371,1,1034.99,106302,136289,0.49031506383804596,0
2023-07-28 10:51:05,1035.0,409371,1,1034.99,106321,136242,0.49031506383804596,0
2023-07-28 10:51:05,1035.0,409371,1,1034.99,106325,136242,0.49031506383804596,0
2023-07-28 10:51:05,1035.0,409371,1,1034.99,106325,136114,0.49031506383804596,0
2023-07-28 10:51:05,1035.0,409371,1,1034.99,106282,136187,0.49031506383804596,0
2023-07-28 10:51:05,1035.0,409371,1,1034.99,106304,136202,0.49031506383804596,0
2023-07-28 10:51:05,1034.95,409371,1,1034.99,106304,136202,0.48546045924559444,0
2023-07-28 10:51:14,1034.95,409372,1,1034.99,106295,136288,0.48546045924559444,0
2023-07-28 10:51:14,1034.95,409372,1,1034.99,106325,136288,0.48546045924559444,0
2023-07-28 10:51:14,1034.95,409372,1,1034.99,106325,136288,0.48546045924559444,0
2023-07-28 10:51:14,1034.95,409372,1,1034.99,106299,136288,0.48546045924559444,0
2023-07-28 10:51:14,1034.95,409372,1,1034.99,106299,136288,0.48546045924559444,0
2023-07-28 10:51:14,1034.95,409372,1,1034.99,106378,136173,0.48546045924559444,0
2023-07-28 10:51:14,1034.95,409372,1,1034.99,106385,136173,0.48546045924559444,0
2023-07-28 10:51:14,1034.95,409372,1,1034.99,106385,136173,0.48546045924559444,0
2023-07-28 10:51:14,1034.95,409372,1,1034.99,106385,136173,0.48546045924559444,0
2023-07-28 10:51:14,1034.95,409372,1,1034.99,106406,136188,0.48546045924559444,0
2023-07-28 10:51:14,1034.95,409372,1,1034.99,106406,136188,0.48546045924559444,0
2023-07-28 10:51:14,1034.95,409372,1,1034.99,106372,136188,0.48546045924559444,0
2023-07-28 10:51:14,1034.95,409372,1,1034.99,106372,136188,0.48546045924559444,0
2023-07-28 10:51:14,1034.95,409372,1,1034.99,106372,136188,0.48546045924559444,0
2023-07-28 10:51:14,1035.25,409372,3,1034.99,106372,136188,0.5145880868003256,0
2023-07-28 10:51:28,1035.25,409434,3,1034.99,106314,136329,0.5145880868003256,0
2023-07-28 10:51:28,1035.25,409434,3,1034.99,105981,136305,0.5145880868003256,0
2023-07-28 10:51:28,1035.05,409434,5,1034.99,105981,136290,0.4951696684304975,0
2023-07-28 10:51:32,1035.05,409439,5,1034.99,106040,136290,0.4951696684304975,0
2023-07-28 10:51:32,1035.05,409439,5,1034.99,107382,136297,0.4951696684304975,0
2023-07-28 10:51:32,1034.95,409439,12,1034.99,107382,136297,0.48546045924559444,0
2023-07-28 10:51:34,1035.0,409451,1,1034.99,107318,136409,0.49031506383804596,0
2023-07-28 10:51:34,1035.0,409451,3,1034.99,107318,136409,0.49031506383804596,0
2023-07-28 10:51:36,1035.0,409456,3,1034.99,107490,136308,0.49031506383804596,0
2023-07-28 10:51:36,1035.0,409456,3,1034.99,107490,136309,0.49031506383804596,0
2023-07-28 10:51:38,1035.0,409488,8,1034.99,107490,136277,0.49031506383804596,0
2023-07-28 10:51:38,1035.0,409488,11,1034.99,107490,136277,0.49031506383804596,0
2023-07-28 10:51:38,1035.0,409507,11,1034.99,107086,136344,0.49031506383804596,0
2023-07-28 10:51:38,1035.05,409507,1,1034.99,107061,136344,0.4951696684304975,0
2023-07-28 10:51:40,1035.05,409508,1,1034.99,107143,136343,0.4951696684304975,0
2023-07-28 10:51:40,1035.05,409508,1,1034.99,107143,136343,0.4951696684304975,0
2023-07-28 10:51:40,1035.05,409508,1,1034.99,107107,136311,0.4951696684304975,0
2023-07-28 10:51:40,1035.0,409508,1,1034.99,107107,136311,0.49031506383804596,0
2023-07-28 10:51:44,1035.0,409515,1,1034.99,106966,136367,0.49031506383804596,0
2023-07-28 10:51:44,1035.0,409515,1,1034.99,106997,136368,0.49031506383804596,0
2023-07-28 10:51:44,1035.0,409515,1,1034.99,107020,136301,0.49031506383804596,0
2023-07-28 10:51:44,1035.0,409515,1,1034.99,107099,136319,0.49031506383804596,0
2023-07-28 10:51:44,1035.0,409515,1,1034.99,107099,136319,0.49031506383804596,0
2023-07-28 10:51:48,1035.0,409516,1,1034.99,107025,136334,0.49031506383804596,0
2023-07-28 10:51:50,1034.95,409539,11,1034.99,106944,136331,0.48546045924559444,0
2023-07-28 10:51:50,1034.95,409539,11,1034.99,106944,136331,0.48546045924559444,0
2023-07-28 10:51:50,1035.0,409539,2,1034.99,107062,136336,0.49031506383804596,0
2023-07-28 10:51:51,1035.0,409542,2,1034.99,107570,136334,0.49031506383804596,0
2023-07-28 10:51:51,1035.0,409542,2,1034.99,107570,136335,0.49031506383804596,0
2023-07-28 10:51:54,1034.95,409546,4,1034.99,107219,136329,0.48546045924559444,0
2023-07-28 10:51:54,1035.0,409546,1,1034.99,107219,136329,0.49031506383804596,0
2023-07-28 10:51:55,1035.0,409547,1,1034.99,107219,136328,0.49031506383804596,0
2023-07-28 10:52:00,1035.0,409574,3,1034.99,107204,136328,0.49031506383804596,0
2023-07-28 10:52:00,1035.0,409577,3,1034.99,107313,136253,0.49031506383804596,0
2023-07-28 10:52:02,1035.0,409582,5,1034.99,107317,136249,0.49031506383804596,0
2023-07-28 10:52:02,1035.0,409583,1,1034.99,107343,136249,0.49031506383804596,0
2023-07-28 10:52:02,1034.95,409583,7,1034.99,107343,136249,0.48546045924559444,0
2023-07-28 10:52:04,1035.0,409590,1,1034.99,107332,136250,0.49031506383804596,0
2023-07-28 10:52:04,1035.0,409591,1,1034.99,107333,136248,0.49031506383804596,0
2023-07-28 10:52:04,1035.0,409591,1,1034.99,107335,136248,0.49031506383804596,0
2023-07-28 10:52:04,1035.0,409591,1,1034.99,107311,136248,0.49031506383804596,0
2023-07-28 10:52:04,1035.0,409591,1,1034.99,107308,136248,0.49031506383804596,0
2023-07-28 10:52:04,1035.0,409591,1,1034.99,107378,136268,0.49031506383804596,0
2023-07-28 10:52:04,1035.05,409591,2,1034.99,107378,136268,0.4951696684304975,0
2023-07-28 10:52:23,1035.05,409622,2,1034.99,107400,136266,0.4951696684304975,0
2023-07-28 10:52:23,1035.05,409622,2,1034.99,107412,136268,0.4951696684304975,0
2023-07-28 10:52:23,1035.05,409622,2,1034.99,107439,136268,0.4951696684304975,0
2023-07-28 10:52:23,1035.0,409622,1,1034.99,107439,136603,0.49031506383804596,0
2023-07-28 10:52:29,1034.95,409624,15,1034.99,107439,136603,0.48546045924559444,0
2023-07-28 10:52:30,1034.95,409655,15,1034.99,107358,136606,0.48546045924559444,0
2023-07-28 10:52:30,1035.0,409655,5,1034.99,107358,136606,0.49031506383804596,0
2023-07-28 10:52:31,1035.0,409660,5,1034.99,107362,136597,0.49031506383804596,0
2023-07-28 10:52:32,1035.0,409665,5,1034.99,107362,136593,0.49031506383804596,0
2023-07-28 10:52:32,1035.0,409665,5,1034.99,107358,136594,0.49031506383804596,0
2023-07-28 10:52:34,1035.0,409671,1,1034.99,107352,136594,0.49031506383804596,0
2023-07-28 10:52:37,1035.0,409731,8,1034.99,107352,136534,0.49031506383804596,0
2023-07-28 10:52:37,1035.0,409739,8,1034.99,107352,136528,0.49031506383804596,0
2023-07-28 10:52:37,1035.0,409739,8,1034.99,107352,136529,0.49031506383804596,0
2023-07-28 10:52:37,1035.0,409739,8,1034.99,107393,136437,0.49031506383804596,0
2023-07-28 10:52:37,1035.0,409739,8,1034.99,107478,136438,0.49031506383804596,0
2023-07-28 10:52:37,1034.95,409739,12,1034.99,108696,136422,0.48546045924559444,0
2023-07-28 10:52:44,1035.05,409853,35,1034.99,108690,136219,0.4951696684304975,0
2023-07-28 10:52:44,1035.05,409853,35,1034.99,108711,136326,0.4951696684304975,0
2023-07-28 10:52:44,1035.05,409853,35,1034.99,108623,136388,0.4951696684304975,0
2023-07-28 10:52:48,1035.25,409858,2,1034.99,108749,136364,0.5145880868003256,0
2023-07-28 10:52:48,1035.25,409858,2,1034.99,108247,136364,0.5145880868003256,0
2023-07-28 10:52:51,1035.25,409875,17,1034.99,108247,136347,0.5145880868003256,0
2023-07-28 10:52:51,1035.25,409875,17,1034.99,108235,136348,0.5145880868003256,0
2023-07-28 10:52:51,1035.25,409875,17,1034.99,108287,136348,0.5145880868003256,0
2023-07-28 10:52:51,1035.25,409875,17,1034.99,108376,136385,0.5145880868003256,0
2023-07-28 10:52:51,1035.25,409875,17,1034.99,108465,136365,0.5145880868003256,0
2023-07-28 10:52:57,1035.0,409926,3,1034.99,108245,136499,0.49031506383804596,0
2023-07-28 10:52:57,1035.0,409929,1,1034.99,109222,136614,0.49031506383804596,0
2023-07-28 10:52:58,1035.0,409930,1,1034.99,109226,136613,0.49031506383804596,0
2023-07-28 10:52:58,1034.95,409930,22,1034.99,109226,136613,0.48546045924559444,0
2023-07-28 10:52:58,1034.95,409930,20,1034.99,109226,136613,0.48546045924559444,0
2023-07-28 10:52:58,1035.0,409930,6,1034.99,109226,136613,0.49031506383804596,0
2023-07-28 10:53:03,1035.0,409990,1,1034.99,108940,136609,0.49031506383804596,0
2023-07-28 10:53:03,1035.0,409990,1,1034.99,108940,136609,0.49031506383804596,0
2023-07-28 10:53:04,1034.95,410006,16,1034.99,107878,136657,0.48546045924559444,0
2023-07-28 10:53:05,1035.0,410079,19,1034.99,107852,136567,0.49031506383804596,0
2023-07-28 10:53:05,1035.0,410079,13,1034.99,107852,136567,0.49031506383804596,0
2023-07-28 10:53:05,1035.0,410079,43,1034.99,107852,136567,0.49031506383804596,0
2023-07-28 10:53:08,1035.0,411052,2,1034.99,107868,136522,0.49031506383804596,0
2023-07-28 10:53:08,1035.0,411052,19,1034.99,107868,136522,0.49031506383804596,0
2023-07-28 10:53:11,1035.0,411492,19,1034.99,108014,136424,0.49031506383804596,0
2023-07-28 10:53:11,1035.0,411492,41,1034.99,108014,136424,0.49031506383804596,0
2023-07-28 10:53:13,1035.0,411534,41,1034.99,107948,136444,0.49031506383804596,0
2023-07-28 10:53:13,1034.95,411534,9,1034.99,107948,136444,0.48546045924559444,0
2023-07-28 10:53:13,1034.95,411534,4,1034.99,107948,136444,0.48546045924559444,0
2023-07-28 10:53:13,1034.95,411534,4,1034.99,107948,136444,0.48546045924559444,0
2023-07-28 10:53:13,1035.0,411534,14,1034.99,107948,136444,0.49031506383804596,0
2023-07-28 10:53:21,1035.0,411816,14,1034.99,108197,136550,0.49031506383804596,0
2023-07-28 10:53:21,1035.0,411816,6,1034.99,108197,136550,0.49031506383804596,0
2023-07-28 10:53:21,1035.0,411816,6,1034.99,108197,136550,0.49031506383804596,0
2023-07-28 10:53:21,1035.0,411816,6,1034.99,108197,136550,0.49031506383804596,0
2023-07-28 10:53:21,1035.0,411816,6,1034.99,108197,136550,0.49031506383804596,0
2023-07-28 10:53:21,1035.0,411816,6,1034.99,108197,136550,0.49031506383804596,0
2023-07-28 10:53:21,1035.0,411816,6,1034.99,108197,136550,0.49031506383804596,0
2023-07-28 10:53:23,1035.0,411822,6,1034.99,108205,136532,0.49031506383804596,0
2023-07-28 10:53:23,1034.95,411822,38,1034.99,108205,136532,0.48546045924559444,0
2023-07-28 10:53:23,1034.85,411822,8,1034.99,108205,136532,0.4757512500606693,0
2023-07-28 10:53:30,1034.85,411896,8,1034.99,108166,136556,0.4757512500606693,0
2023-07-28 10:53:30,1034.95,411896,1,1034.99,108166,136556,0.48546045924559444,0
2023-07-28 10:53:32,1034.95,411903,6,1034.99,108250,136561,0.48546045924559444,0
2023-07-28 10:53:32,1034.85,411903,12,1034.99,108250,136561,0.4757512500606693,0
2023-07-28 10:53:43,1034.9,411917,1,1034.99,108294,136520,0.48060585465314287,0
2023-07-28 10:53:43,1034.8,411917,1,1034.99,108294,136520,0.47089664546821774,0
2023-07-28 10:53:43,1034.9,411917,45,1034.99,108294,136520,0.48060585465314287,0
2023-07-28 10:53:47,1034.9,412115,45,1034.99,108471,136463,0.48060585465314287,0
2023-07-28 10:53:47,1034.9,412115,2,1034.99,108471,136463,0.48060585465314287,0
2023-07-28 10:53:47,1034.95,412115,3,1034.99,108471,136463,0.48546045924559444,0
2023-07-28 10:53:51,1034.95,412121,1,1034.99,108288,136478,0.48546045924559444,0
2023-07-28 10:53:51,1035.0,412121,6,1034.99,108288,136478,0.49031506383804596,0
2023-07-28 10:53:51,1034.9,412121,30,1034.99,108288,136478,0.48060585465314287,0
2023-07-28 10:53:54,1034.9,412452,30,1034.99,108471,136272,0.48060585465314287,0
2023-07-28 10:53:54,1034.9,412452,38,1034.99,108471,136272,0.48060585465314287,0
2023-07-28 10:53:54,1034.9,412452,31,1034.99,108471,136272,0.48060585465314287,0
2023-07-28 10:53:54,1035.0,412452,7,1034.99,108471,136272,0.49031506383804596,0
2023-07-28 10:53:54,1035.05,412452,4,1034.99,108471,136272,0.4951696684304975,0
2023-07-28 10:53:54,1035.0,412452,7,1034.99,108471,136272,0.49031506383804596,0
2023-07-28 10:53:54,1035.0,412452,10,1034.99,108471,136272,0.49031506383804596,0
2023-07-28 10:54:04,1035.0,412995,10,1034.99,108030,136408,0.49031506383804596,0
2023-07-28 10:54:04,1034.9,412995,33,1034.99,108030,136408,0.48060585465314287,0
2023-07-28 10:54:04,1034.9,412995,60,1034.99,108030,136408,0.48060585465314287,0
2023-07-28 10:54:10,1034.9,413118,60,1034.99,108213,136422,0.48060585465314287,0
2023-07-28 10:54:10,1034.9,413118,3,1034.99,108213,136422,0.48060585465314287,0
2023-07-28 10:54:10,1034.85,413118,2,1034.99,108213,136422,0.4757512500606693,0
2023-07-28 10:54:10,1034.85,413118,9,1034.99,108213,136422,0.4757512500606693,0
2023-07-28 10:54:16,1034.85,413142,9,1034.99,108161,136360,0.4757512500606693,0
2023-07-28 10:54:16,1034.95,413142,10,1034.99,108161,136360,0.48546045924559444,0
2023-07-28 10:54:16,1035.0,413142,1,1034.99,108161,136360,0.49031506383804596,0
2023-07-28 10:54:17,1035.0,413153,1,1034.99,108138,136334,0.49031506383804596,0
2023-07-28 10:54:17,1035.0,413153,3,1034.99,108138,136334,0.49031506383804596,0
2023-07-28 10:54:17,1035.0,413153,1,1034.99,108138,136334,0.49031506383804596,0
2023-07-28 10:54:17,1034.95,413153,2,1034.99,108138,136334,0.48546045924559444,0
2023-07-28 10:54:24,1034.95,413159,2,1034.99,108051,136393,0.48546045924559444,0
2023-07-28 10:54:24,1034.95,413159,2,1034.99,108065,136432,0.48546045924559444,0
2023-07-28 10:54:24,1034.85,413159,1,1034.99,108065,136432,0.4757512500606693,0
2023-07-28 10:54:24,1034.85,413159,26,1034.99,108065,136432,0.4757512500606693,0
2023-07-28 10:54:24,1034.95,413159,5,1034.99,108065,136432,0.48546045924559444,0
2023-07-28 10:54:32,1034.95,413191,5,1034.99,108047,136445,0.48546045924559444,0
2023-07-28 10:54:32,1035.0,413191,60,1034.99,108047,136445,0.49031506383804596,0
2023-07-28 10:54:35,1035.0,413364,18,1034.99,106539,134393,0.49031506383804596,0
2023-07-28 10:54:35,1035.05,413364,44,1034.99,106539,134393,0.4951696684304975,0
2023-07-28 10:54:41,1035.3,414423,63,1034.99,105037,135364,0.5194426913927772,0
2023-07-28 10:54:41,1035.25,414423,21,1034.99,105037,135364,0.5145880868003256,0
2023-07-28 10:54:43,1035.25,414444,21,1034.99,106454,135583,0.5145880868003256,0
2023-07-28 10:54:43,1035.25,414444,3,1034.99,106454,135583,0.5145880868003256,0
2023-07-28 10:54:47,1035.0,414447,12,1034.99,106453,135580,0.49031506383804596,0
2023-07-28 10:54:47,1035.0,414447,1,1034.99,106453,135580,0.49031506383804596,0
2023-07-28 10:54:47,1035.0,414447,40,1034.99,106453,135580,0.49031506383804596,0
2023-07-28 10:54:53,1035.0,415689,31,1034.99,106405,135881,0.49031506383804596,0
2023-07-28 10:54:53,1034.95,415689,2,1034.99,106405,135881,0.48546045924559444,0
2023-07-28 10:54:53,1034.95,415689,52,1034.99,106405,135881,0.48546045924559444,0
2023-07-28 10:54:53,1034.85,415689,18,1034.99,106405,135881,0.4757512500606693,0
2023-07-28 10:54:56,1034.85,415949,18,1034.99,106711,135885,0.4757512500606693,0
2023-07-28 10:54:56,1035.0,415949,6,1034.99,106711,135885,0.49031506383804596,0
2023-07-28 10:54:56,1034.95,415949,27,1034.99,106711,135885,0.48546045924559444,0
2023-07-28 10:55:00,1035.0,415982,21,1034.99,106714,135863,0.49031506383804596,0
2023-07-28 10:55:00,1035.0,415982,22,1034.99,106714,135863,0.49031506383804596,0
2023-07-28 10:55:00,1035.0,415982,21,1034.99,106714,135863,0.49031506383804596,0
2023-07-28 10:55:04,1035.0,416251,21,1034.99,106831,135827,0.49031506383804596,0
2023-07-28 10:55:04,1035.0,416251,39,1034.99,106831,135827,0.49031506383804596,0
2023-07-28 10:55:09,1035.0,416506,39,1034.99,106791,135644,0.49031506383804596,0
2023-07-28 10:55:09,1035.0,416506,5,1034.99,106791,135644,0.49031506383804596,0
2023-07-28 10:55:09,1035.3,416506,8,1034.99,106791,135644,0.5194426913927772,0
2023-07-28 10:55:12,1035.3,416522,8,1034.99,107177,136030,0.5194426913927772,0
2023-07-28 10:55:12,1035.3,416522,8,1034.99,107100,136339,0.5194426913927772,0
2023-07-28 10:55:12,1035.0,416522,25,1034.99,107100,136339,0.49031506383804596,0
2023-07-28 10:55:12,1035.0,416522,14,1034.99,107100,136339,0.49031506383804596,0
2023-07-28 10:55:21,1034.95,416685,15,1034.99,106752,136636,0.48546045924559444,0
2023-07-28 10:55:24,1035.0,416719,2,1034.99,106767,136778,0.49031506383804596,0
2023-07-28 10:55:24,1035.0,416719,4,1034.99,106767,136778,0.49031506383804596,0
2023-07-28 10:55:24,1035.0,416719,2,1034.99,106767,136778,0.49031506383804596,0
2023-07-28 10:55:32,1035.0,416756,2,1034.99,106793,136996,0.49031506383804596,0
2023-07-28 10:55:32,1035.0,416756,86,1034.99,106793,136996,0.49031506383804596,0
2023-07-28 10:55:32,1035.0,416756,1,1034.99,106793,136996,0.49031506383804596,0
2023-07-28 10:55:34,1035.0,416893,1,1034.99,106760,136848,0.49031506383804596,0
2023-07-28 10:55:37,1035.0,416894,1,1034.99,106785,136602,0.49031506383804596,0
2023-07-28 10:55:37,1035.0,416894,2,1034.99,106785,136602,0.49031506383804596,0
2023-07-28 10:55:44,1035.0,416918,17,1034.99,106795,136826,0.49031506383804596,0
2023-07-28 10:55:46,1035.0,416952,17,1034.99,106889,136900,0.49031506383804596,0
2023-07-28 10:55:46,1035.0,416952,1,1034.99,106889,136900,0.49031506383804596,0
2023-07-28 10:55:46,1034.95,416952,7,1034.99,106889,136900,0.48546045924559444,0
2023-07-28 10:55:54,1035.0,416965,1,1034.99,106731,137038,0.49031506383804596,0
2023-07-28 10:55:59,1034.95,416967,1,1034.99,106850,136923,0.48546045924559444,0
2023-07-28 10:55:59,1034.95,416967,13,1034.99,106850,136923,0.48546045924559444,0
2023-07-28 10:55:59,1035.0,416967,4,1034.99,106850,136923,0.49031506383804596,0
2023-07-28 10:56:02,1035.0,416998,4,1034.99,106888,136919,0.49031506383804596,0
2023-07-28 10:56:02,1034.95,416998,4,1034.99,106888,136919,0.48546045924559444,0
2023-07-28 10:56:04,1035.0,417009,1,1034.99,106898,136865,0.49031506383804596,0
2023-07-28 10:56:07,1035.0,417010,1,1034.99,106903,136864,0.49031506383804596,0
2023-07-28 10:56:07,1035.0,417010,1,1034.99,106903,136881,0.49031506383804596,0
2023-07-28 10:56:07,1035.0,417010,1,1034.99,107029,136891,0.49031506383804596,0
2023-07-28 10:56:07,1035.0,417010,42,1034.99,107029,136891,0.49031506383804596,0
2023-07-28 10:56:07,1035.0,417010,42,1034.99,107029,136891,0.49031506383804596,0
2023-07-28 10:56:07,1035.0,417010,42,1034.99,107029,136891,0.49031506383804596,0
2023-07-28 10:56:07,1035.0,417010,42,1034.99,107029,136891,0.49031506383804596,0
2023-07-28 10:56:07,1035.0,417010,42,1034.99,107029,136891,0.49031506383804596,0
2023-07-28 10:56:22,1035.0,417190,25,1034.99,106954,137183,0.49031506383804596,0
2023-07-28 10:56:22,1035.0,417190,25,1034.99,106954,137183,0.49031506383804596,0
2023-07-28 10:56:22,1035.0,417190,25,1034.99,106954,137183,0.49031506383804596,0
2023-07-28 10:56:22,1035.0,417190,25,1034.99,106954,137183,0.49031506383804596,0
2023-07-28 10:56:22,1035.0,417190,4,1034.99,106954,137183,0.49031506383804596,0
2023-07-28 10:56:22,1035.3,417190,75,1034.99,106954,137183,0.5194426913927772,0
2023-07-28 10:56:29,1035.3,418219,75,1034.99,106533,136786,0.5194426913927772,0
2023-07-28 10:56:29,1035.1,418219,21,1034.99,106533,136786,0.500024273022949,0
2023-07-28 10:56:29,1035.25,418219,1,1034.99,106533,136786,0.5145880868003256,0
2023-07-28 10:56:32,1035.25,418246,1,1034.99,106667,136991,0.5145880868003256,0
2023-07-28 10:56:32,1035.25,418246,1,1034.99,106628,137033,0.5145880868003256,0
2023-07-28 10:56:32,1035.0,418246,82,1034.99,106628,137033,0.49031506383804596,0
2023-07-28 10:56:40,1035.0,418374,14,1034.99,106449,137221,0.49031506383804596,0
2023-07-28 10:56:40,1034.95,418374,15,1034.99,106449,137221,0.48546045924559444,0
2023-07-28 10:56:40,1035.0,418374,3,1034.99,106449,137221,0.49031506383804596,0
2023-07-28 10:56:40,1034.95,418374,9,1034.99,106449,137221,0.48546045924559444,0
2023-07-28 10:56:46,1034.95,418480,9,1034.99,106453,137077,0.48546045924559444,0
2023-07-28 10:56:46,1035.0,418492,2,1034.99,106490,137117,0.49031506383804596,0
2023-07-28 10:56:46,1035.0,418492,2,1034.99,106490,137117,0.49031506383804596,0
2023-07-28 10:56:46,1034.95,418492,1,1034.99,106490,137117,0.48546045924559444,0
2023-07-28 10:56:53,1035.0,418498,1,1034.99,106475,137119,0.49031506383804596,0
2023-07-28 10:56:53,1035.0,418498,1,1034.99,106475,137119,0.49031506383804596,0
2023-07-28 10:56:53,1035.05,418498,27,1034.99,106475,137119,0.4951696684304975,0
2023-07-28 10:56:53,1035.35,418498,50,1034.99,106475,137119,0.5242972959852288,0
2023-07-28 10:56:57,1035.35,419047,50,1034.99,106745,135057,0.5242972959852288,0
2023-07-28 10:56:57,1035.3,419047,11,1034.99,106745,135057,0.5194426913927772,0
2023-07-28 10:56:57,1035.2,419047,3,1034.99,106745,135057,0.5097334822078742,0
2023-07-28 10:56:57,1035.2,419047,3,1034.99,106745,135057,0.5097334822078742,0
2023-07-28 10:56:57,1035.2,419047,4,1034.99,106745,135057,0.5097334822078742,0
2023-07-28 10:57:02,1035.2,419068,4,1034.99,106477,135047,0.5097334822078742,0
2023-07-28 10:57:02,1035.15,419068,3,1034.99,106477,135047,0.5048788776154226,0
2023-07-28 10:57:02,1035.3,419068,43,1034.99,106477,135047,0.5194426913927772,0
2023-07-28 10:57:06,1035.3,419139,8,1034.99,106748,135122,0.5194426913927772,0
2023-07-28 10:57:06,1035.3,419139,8,1034.99,106748,135122,0.5194426913927772,0
2023-07-28 10:57:07,1035.0,419332,31,1034.99,106130,135136,0.49031506383804596,0
2023-07-28 10:57:07,1035.0,419332,26,1034.99,106130,135136,0.49031506383804596,0
2023-07-28 10:57:08,1035.0,419363,1,1034.99,106521,135536,0.49031506383804596,0
2023-07-28 10:57:09,1035.0,419390,1,1034.99,105568,135248,0.49031506383804596,0
2023-07-28 10:57:10,1035.0,419394,4,1034.99,106343,135239,0.49031506383804596,0
2023-07-28 10:57:10,1035.0,419394,1,1034.99,106281,135345,0.49031506383804596,0
2023-07-28 10:57:12,1035.0,419395,1,1034.99,106007,135453,0.49031506383804596,0
2023-07-28 10:57:12,1035.0,419395,1,1034.99,106282,135341,0.49031506383804596,0
2023-07-28 10:57:12,1035.0,419395,1,1034.99,106035,135467,0.49031506383804596,0
2023-07-28 10:57:12,1035.0,419395,1,1034.99,106089,135700,0.49031506383804596,0
2023-07-28 10:57:12,1035.0,419395,1,1034.99,106523,135681,0.49031506383804596,0
2023-07-28 10:57:12,1035.0,419395,1,1034.99,106467,135699,0.49031506383804596,0
2023-07-28 10:57:12,1035.0,419395,1,1034.99,106108,135686,0.49031506383804596,0
2023-07-28 10:57:12,1035.0,419395,1,1034.99,106347,135649,0.49031506383804596,0
2023-07-28 10:57:12,1035.0,419395,1,1034.99,106264,135721,0.49031506383804596,0
2023-07-28 10:57:22,1034.95,419397,2,1034.99,106030,135707,0.48546045924559444,0
2023-07-28 10:57:22,1034.95,419397,2,1034.99,106030,135744,0.48546045924559444,0
2023-07-28 10:57:22,1034.95,419397,2,1034.99,106084,135683,0.48546045924559444,0
2023-07-28 10:57:22,1034.95,419397,2,1034.99,106105,135685,0.48546045924559444,0
2023-07-28 10:57:27,1035.0,419427,4,1034.99,106609,135639,0.49031506383804596,0
2023-07-28 10:57:27,1035.0,419431,4,1034.99,106609,135670,0.49031506383804596,0
2023-07-28 10:57:27,1034.95,419431,26,1034.99,106556,135678,0.48546045924559444,0
2023-07-28 10:57:30,1035.0,419457,4,1034.99,106044,135704,0.49031506383804596,0
2023-07-28 10:57:30,1035.0,419461,4,1034.99,106700,135478,0.49031506383804596,0
2023-07-28 10:57:32,1035.0,419466,5,1034.99,106410,135470,0.49031506383804596,0
2023-07-28 10:57:32,1035.0,419466,5,1034.99,106553,135513,0.49031506383804596,0
2023-07-28 10:57:32,1035.0,419466,5,1034.99,106530,135546,0.49031506383804596,0
2023-07-28 10:57:32,1035.0,419466,1,1034.99,106531,135527,0.49031506383804596,0
2023-07-28 10:57:37,1035.0,419469,1,1034.99,106564,135537,0.49031506383804596,0
2023-07-28 10:57:37,1035.0,419469,1,1034.99,106510,135571,0.49031506383804596,0
2023-07-28 10:57:37,1035.0,419469,1,1034.99,106663,135558,0.49031506383804596,0
2023-07-28 10:57:37,1035.0,419469,1,1034.99,106602,135566,0.49031506383804596,0
2023-07-28 10:57:37,1035.0,419469,1,1034.99,106602,135572,0.49031506383804596,0
2023-07-28 10:57:42,1035.0,419471,2,1034.99,106602,135634,0.49031506383804596,0
2023-07-28 10:57:43,1035.0,419481,3,1034.99,106602,135631,0.49031506383804596,0
2023-07-28 10:57:44,1035.0,419482,1,1034.99,106656,135655,0.49031506383804596,0
2023-07-28 10:57:44,1035.0,419482,1,1034.99,106552,135665,0.49031506383804596,0
2023-07-28 10:57:44,1035.0,419482,1,1034.99,106552,135715,0.49031506383804596,0
2023-07-28 10:57:48,1035.0,419795,8,1034.99,106041,135662,0.49031506383804596,0
2023-07-28 10:57:48,1035.0,419795,8,1034.99,106041,135662,0.49031506383804596,0
2023-07-28 10:57:48,1035.0,419795,8,1034.99,106524,135271,0.49031506383804596,0
2023-07-28 10:57:48,1035.0,419795,8,1034.99,106583,135378,0.49031506383804596,0
2023-07-28 10:57:48,1035.0,419795,8,1034.99,106588,135378,0.49031506383804596,0
2023-07-28 10:57:48,1035.0,419795,8,1034.99,106560,135455,0.49031506383804596,0
2023-07-28 10:57:53,1035.2,419802,1,1034.99,106550,135454,0.5097334822078742,0
2023-07-28 10:57:53,1035.2,419802,1,1034.99,106550,135412,0.5097334822078742,0
2023-07-28 10:57:53,1035.2,419802,1,1034.99,106410,135870,0.5097334822078742,0
2023-07-28 10:57:53,1035.2,419802,1,1034.99,106533,135676,0.5097334822078742,0
2023-07-28 10:57:53,1035.2,419802,1,1034.99,105814,135968,0.5097334822078742,0
2023-07-28 10:57:53,1035.05,419802,3,1034.99,105814,135968,0.4951696684304975,0
2023-07-28 10:58:00,1034.95,419939,4,1034.99,105124,213981,0.48546045924559444,0
2023-07-28 10:58:02,1034.95,497394,5,1034.98,105428,136542,0.48546045924559444,0
2023-07-28 10:58:02,1034.95,497520,126,1034.98,107064,136235,0.48546045924559444,0
2023-07-28 10:58:02,1035.1,497520,5,1034.98,107083,136365,0.500024273022949,0
2023-07-28 10:58:03,1035.1,497525,5,1034.98,107164,136425,0.500024273022949,0
2023-07-28 10:58:03,1035.1,497525,5,1034.98,107164,136425,0.500024273022949,0
2023-07-28 10:58:07,1035.0,497526,1,1034.98,107108,136399,0.49031506383804596,0
2023-07-28 10:58:07,1035.05,497526,1,1034.98,107108,136399,0.4951696684304975,0
2023-07-28 10:58:07,1035.0,497527,49,1034.98,107201,136393,0.49031506383804596,0
2023-07-28 10:58:08,1035.0,497576,49,1034.98,106611,136683,0.49031506383804596,0
2023-07-28 10:58:08,1035.0,497576,49,1034.98,106605,136670,0.49031506383804596,0
2023-07-28 10:58:08,1035.0,497576,49,1034.98,106716,136670,0.49031506383804596,0
2023-07-28 10:58:08,1035.0,497576,49,1034.98,106716,136670,0.49031506383804596,0
2023-07-28 10:58:08,1035.0,497576,49,1034.98,106716,136690,0.49031506383804596,0
2023-07-28 10:58:08,1035.0,497576,49,1034.98,106661,136690,0.49031506383804596,0
2023-07-28 10:58:08,1035.0,497576,49,1034.98,106706,136640,0.49031506383804596,0
2023-07-28 10:58:08,1035.0,497576,49,1034.98,107080,136712,0.49031506383804596,0
2023-07-28 10:58:08,1035.0,497576,49,1034.98,107080,136725,0.49031506383804596,0
2023-07-28 10:58:08,1035.0,497576,49,1034.98,106320,136645,0.49031506383804596,0
2023-07-28 10:58:23,1035.1,497850,68,1034.98,108160,135644,0.500024273022949,0
2023-07-28 10:58:23,1035.1,497918,68,1034.98,108566,135886,0.500024273022949,0
2023-07-28 10:58:23,1035.15,497918,3,1034.98,108566,135886,0.5048788776154226,0
2023-07-28 10:58:26,1035.1,497926,2,1034.98,108520,135674,0.500024273022949,0
2023-07-28 10:58:27,1035.1,497928,2,1034.98,108492,135678,0.500024273022949,0
2023-07-28 10:58:30,1035.1,497954,7,1034.98,108466,135678,0.500024273022949,0
2023-07-28 10:58:30,1035.1,497961,7,1034.98,108459,135696,0.500024273022949,0
2023-07-28 10:58:32,1035.15,497966,53,1034.98,108463,135688,0.5048788776154226,0
2023-07-28 10:58:32,1035.15,498020,53,1034.98,108725,135196,0.5048788776154226,0
2023-07-28 10:58:32,1035.15,498020,53,1034.98,108725,135213,0.5048788776154226,0
2023-07-28 10:58:32,1035.2,498020,40,1034.98,108725,135213,0.5097334822078742,0
2023-07-28 10:58:36,1035.2,498097,40,1034.98,108514,135266,0.5097334822078742,0
2023-07-28 10:58:37,1035.2,498125,12,1034.98,108541,135081,0.5097334822078742,0
2023-07-28 10:58:37,1035.2,498125,12,1034.98,108539,135093,0.5097334822078742,0
2023-07-28 10:58:37,1035.2,498125,12,1034.98,108602,135205,0.5097334822078742,0
2023-07-28 10:58:39,1035.15,498129,4,1034.98,108170,135251,0.5048788776154226,0
2023-07-28 10:58:40,1035.15,498138,4,1034.98,108276,135259,0.5048788776154226,0
2023-07-28 10:58:41,1035.15,498148,4,1034.98,108104,135323,0.5048788776154226,0
2023-07-28 10:58:42,1035.15,498165,4,1034.98,108072,135329,0.5048788776154226,0
2023-07-28 10:58:43,1035.15,498173,4,1034.98,108062,135374,0.5048788776154226,0
2023-07-28 10:58:43,1035.15,498173,4,1034.98,108062,135374,0.5048788776154226,0
2023-07-28 10:58:45,1035.15,498191,4,1034.98,108044,135358,0.5048788776154226,0
2023-07-28 10:58:46,1035.15,498207,4,1034.98,108010,135400,0.5048788776154226,0
2023-07-28 10:58:47,1035.15,498228,4,1034.98,108021,135402,0.5048788776154226,0
2023-07-28 10:58:47,1035.15,498232,4,1034.98,108017,135400,0.5048788776154226,0
2023-07-28 10:58:47,1035.15,498232,4,1034.98,108017,135400,0.5048788776154226,0
2023-07-28 10:58:48,1035.15,498248,4,1034.98,107948,135400,0.5048788776154226,0
2023-07-28 10:58:50,1035.15,498279,4,1034.98,107917,135576,0.5048788776154226,0
2023-07-28 10:58:52,1035.15,498298,4,1034.98,107898,135576,0.5048788776154226,0
2023-07-28 10:58:53,1035.15,498314,4,1034.98,106360,135339,0.5048788776154226,0
2023-07-28 10:58:53,1035.15,498321,4,1034.98,107635,135565,0.5048788776154226,0
2023-07-28 10:58:53,1035.15,498321,4,1034.98,107635,135565,0.5048788776154226,0
2023-07-28 10:58:54,1035.15,498337,5,1034.98,107490,135565,0.5048788776154226,0
2023-07-28 10:58:55,1035.15,498350,2,1034.98,107477,135565,0.5048788776154226,0
2023-07-28 10:58:57,1035.15,498364,4,1034.98,107461,135589,0.5048788776154226,0
2023-07-28 10:58:58,1035.15,498379,2,1034.98,108446,135565,0.5048788776154226,0
2023-07-28 10:58:58,1035.15,498379,42,1034.98,108446,135565,0.5048788776154226,0
2023-07-28 10:58:59,1035.15,498490,4,1034.98,107441,135611,0.5048788776154226,0
2023-07-28 10:58:59,1035.15,498523,2,1034.98,107336,135650,0.5048788776154226,0
2023-07-28 10:58:59,1035.1,498523,1,1034.98,107336,135650,0.500024273022949,0
2023-07-28 10:59:00,1035.1,498553,1,1034.98,107230,135801,0.500024273022949,0
2023-07-28 10:59:00,1035.0,498553,4,1034.98,107230,135801,0.49031506383804596,0
2023-07-28 10:59:02,1035.0,498621,1,1034.98,107249,135835,0.49031506383804596,0
2023-07-28 10:59:04,1035.0,498626,3,1034.98,107171,135856,0.49031506383804596,0
2023-07-28 10:59:05,1035.0,498638,4,1034.98,108251,135874,0.49031506383804596,0
2023-07-28 10:59:05,1035.0,498680,4,1034.98,108310,135888,0.49031506383804596,0
2023-07-28 10:59:07,1035.0,498702,4,1034.98,107844,135947,0.49031506383804596,0
2023-07-28 10:59:08,1035.0,498717,4,1034.98,107701,136036,0.49031506383804596,0
2023-07-28 10:59:09,1035.0,498732,2,1034.98,107687,136136,0.49031506383804596,0
2023-07-28 10:59:09,1035.0,498747,4,1034.98,107672,136136,0.49031506383804596,0
2023-07-28 10:59:10,1035.0,498762,4,1034.98,107611,136140,0.49031506383804596,0
2023-07-28 10:59:11,1035.0,498793,4,1034.98,107600,136315,0.49031506383804596,0
2023-07-28 10:59:13,1035.0,498809,4,1034.98,107616,136316,0.49031506383804596,0
2023-07-28 10:59:14,1035.0,498825,4,1034.98,107641,136316,0.49031506383804596,0
2023-07-28 10:59:14,1035.0,498825,4,1034.98,107641,136316,0.49031506383804596,0
2023-07-28 10:59:15,1035.0,498840,4,1034.98,107626,136316,0.49031506383804596,0
2023-07-28 10:59:16,1035.2,499078,4,1034.98,109354,136102,0.5097334822078742,0
2023-07-28 10:59:16,1035.2,499078,4,1034.98,109354,136102,0.5097334822078742,0
2023-07-28 10:59:17,1035.2,499243,4,1034.98,109289,136230,0.5097334822078742,0
2023-07-28 10:59:18,1035.2,499283,4,1034.98,109239,136272,0.5097334822078742,0
2023-07-28 10:59:19,1035.2,499322,4,1034.98,109218,136342,0.5097334822078742,0
2023-07-28 10:59:20,1035.2,499347,4,1034.98,109367,136342,0.5097334822078742,0
2023-07-28 10:59:20,1035.2,499347,4,1034.98,109367,136342,0.5097334822078742,0
2023-07-28 10:59:21,1035.2,499427,4,1034.98,107639,136895,0.5097334822078742,0
2023-07-28 10:59:21,1035.2,499427,4,1034.98,107639,136895,0.5097334822078742,0
2023-07-28 10:59:22,1035.2,499547,1,1034.98,107579,136887,0.5097334822078742,0
2023-07-28 10:59:22,1035.2,499547,1,1034.98,107579,136887,0.5097334822078742,0
2023-07-28 10:59:22,1035.05,499547,4,1034.98,107579,136887,0.4951696684304975,0
2023-07-28 10:59:22,1035.05,499547,4,1034.98,107579,136887,0.4951696684304975,0
2023-07-28 10:59:24,1035.05,499571,4,1034.98,107591,136870,0.4951696684304975,0
2023-07-28 10:59:25,1035.05,499597,18,1034.98,107589,136893,0.4951696684304975,0
2023-07-28 10:59:25,1035.0,499597,6,1034.98,107589,136893,0.49031506383804596,0
2023-07-28 10:59:25,1035.0,499597,6,1034.98,107589,136893,0.49031506383804596,0
2023-07-28 10:59:25,1035.0,499597,4,1034.98,107589,136893,0.49031506383804596,0
2023-07-28 10:59:28,1035.0,499635,4,1034.98,107622,136905,0.49031506383804596,0
2023-07-28 10:59:28,1035.0,499635,4,1034.98,107622,136905,0.49031506383804596,0
2023-07-28 10:59:29,1035.0,499658,4,1034.98,107489,136902,0.49031506383804596,0
2023-07-28 10:59:29,1035.0,499658,4,1034.98,107489,136902,0.49031506383804596,0
2023-07-28 10:59:30,1035.0,499701,10,1034.98,107567,136889,0.49031506383804596,0
2023-07-28 10:59:31,1035.0,499831,4,1034.98,107447,136999,0.49031506383804596,0
2023-07-28 10:59:32,1035.0,499908,6,1034.98,107345,136653,0.49031506383804596,0
2023-07-28 10:59:34,1035.0,499932,4,1034.98,107335,136762,0.49031506383804596,0
2023-07-28 10:59:35,1035.0,499948,4,1034.98,107317,136725,0.49031506383804596,0
2023-07-28 10:59:36,1035.0,500727,4,1034.98,107704,137352,0.49031506383804596,0
2023-07-28 10:59:37,1035.0,500937,4,1034.98,107443,137433,0.49031506383804596,0
2023-07-28 10:59:38,1035.0,500953,4,1034.98,107494,137394,0.49031506383804596,0
2023-07-28 10:59:38,1035.0,500953,4,1034.98,107494,137394,0.49031506383804596,0
2023-07-28 10:59:39,1035.0,500968,4,1034.98,106702,137554,0.49031506383804596,0
2023-07-28 10:59:39,1035.0,500968,4,1034.98,106702,137554,0.49031506383804596,0
2023-07-28 10:59:40,1035.0,500995,4,1034.98,107648,137501,0.49031506383804596,0
2023-07-28 10:59:40,1035.0,500995,4,1034.98,107648,137501,0.49031506383804596,0
2023-07-28 10:59:41,1035.0,501008,4,1034.98,107603,137501,0.49031506383804596,0
2023-07-28 10:59:42,1035.3,501249,38,1034.98,107872,136623,0.5194426913927772,0
2023-07-28 10:59:43,1035.3,501349,38,1034.98,107784,136775,0.5194426913927772,0
2023-07-28 10:59:43,1035.35,501349,51,1034.98,107784,136775,0.5242972959852288,0
2023-07-28 10:59:44,1035.0,501559,36,1034.98,108005,136737,0.49031506383804596,0
2023-07-28 10:59:45,1035.0,501872,69,1034.98,107657,137015,0.49031506383804596,0
2023-07-28 10:59:45,1035.0,501941,69,1034.98,107426,137080,0.49031506383804596,0
2023-07-28 10:59:45,1035.0,501941,69,1034.98,107448,137111,0.49031506383804596,0
2023-07-28 10:59:45,1035.0,501941,69,1034.98,107448,137097,0.49031506383804596,0
2023-07-28 10:59:45,1035.0,501941,69,1034.98,107453,137112,0.49031506383804596,0
2023-07-28 10:59:45,1035.0,501941,69,1034.98,107434,137257,0.49031506383804596,0
2023-07-28 10:59:45,1035.0,501941,69,1034.98,107474,137317,0.49031506383804596,0
2023-07-28 10:59:55,1035.0,501960,5,1034.98,107413,137279,0.49031506383804596,0
2023-07-28 10:59:55,1035.0,501965,5,1034.98,107419,137257,0.49031506383804596,0
2023-07-28 10:59:55,1035.0,501965,2,1034.98,107419,137257,0.49031506383804596,0
2023-07-28 10:59:58,1035.0,501974,2,1034.98,107410,137261,0.49031506383804596,0
2023-07-28 10:59:58,1035.0,501974,2,1034.98,107410,137261,0.49031506383804596,0
2023-07-28 10:59:59,1035.0,501981,2,1034.98,107403,137261,0.49031506383804596,0
2023-07-28 10:59:59,1035.0,501981,2,1034.98,107403,137261,0.49031506383804596,0
2023-07-28 11:00:00,1035.05,502014,1,1034.98,107442,137210,0.4951696684304975,0
2023-07-28 11:00:00,1035.35,502014,50,1034.98,107442,137210,0.5242972959852288,0
2023-07-28 11:00:03,1035.05,502300,2,1034.98,107777,136598,0.4951696684304975,0
2023-07-28 11:00:03,1035.05,502300,2,1034.98,107777,136598,0.4951696684304975,0
2023-07-28 11:00:04,1035.0,503313,362,1034.98,107357,136972,0.49031506383804596,0
2023-07-28 11:00:04,1035.05,503313,2,1034.98,107357,136972,0.4951696684304975,0
2023-07-28 11:00:04,1035.05,503313,2,1034.98,107357,136972,0.4951696684304975,0
2023-07-28 11:00:05,1035.05,503345,2,1034.98,107338,136994,0.4951696684304975,0
2023-07-28 11:00:07,1035.0,503351,2,1034.98,107318,136998,0.49031506383804596,0
2023-07-28 11:00:08,1035.0,503360,2,1034.98,107309,136994,0.49031506383804596,0
2023-07-28 11:00:08,1035.0,503360,2,1034.98,107309,136994,0.49031506383804596,0
2023-07-28 11:00:09,1035.0,505376,2,1034.98,107261,137045,0.49031506383804596,0
2023-07-28 11:00:10,1035.0,506001,2,1034.98,107895,136736,0.49031506383804596,0
2023-07-28 11:00:11,1035.0,506146,37,1034.98,107686,136734,0.49031506383804596,0
2023-07-28 11:00:11,1035.0,506146,2,1034.98,107686,136734,0.49031506383804596,0
2023-07-28 11:00:12,1035.0,506213,2,1034.98,107770,136718,0.49031506383804596,0
2023-07-28 11:00:13,1035.0,506270,2,1034.98,107751,136837,0.49031506383804596,0
2023-07-28 11:00:14,1035.0,506276,2,1034.98,107746,136839,0.49031506383804596,0
2023-07-28 11:00:14,1035.0,506276,2,1034.98,107746,136839,0.49031506383804596,0
2023-07-28 11:00:15,1035.0,506289,1,1034.98,107424,136954,0.49031506383804596,0
2023-07-28 11:00:16,1035.0,506295,2,1034.98,107468,136969,0.49031506383804596,0
2023-07-28 11:00:17,1035.0,511753,120,1034.98,106573,137143,0.49031506383804596,0
2023-07-28 11:00:17,1034.95,511753,31,1034.98,106573,137143,0.48546045924559444,0
2023-07-28 11:00:18,1034.75,512288,2,1034.98,106188,136881,0.46604204087576623,0
2023-07-28 11:00:19,1034.7,512292,1,1034.98,106151,136900,0.4611874362833147,0
2023-07-28 11:00:20,1034.7,512296,2,1034.98,106121,137248,0.4611874362833147,0
2023-07-28 11:00:21,1034.7,512348,8,1034.98,106121,137090,0.4611874362833147,0
2023-07-28 11:00:23,1034.65,512368,2,1034.98,106087,137146,0.4563328316908632,0
2023-07-28 11:00:24,1034.65,512375,2,1034.98,106083,137123,0.4563328316908632,0
2023-07-28 11:00:24,1034.65,512375,2,1034.98,106083,137123,0.4563328316908632,0
2023-07-28 11:00:25,1034.65,512431,28,1034.98,106110,137458,0.4563328316908632,0
2023-07-28 11:00:26,1034.3,512533,15,1034.98,106082,137478,0.42235059954365833,0
2023-07-28 11:00:26,1034.3,512533,15,1034.98,106082,137478,0.42235059954365833,0
2023-07-28 11:00:27,1035.0,512900,14,1034.98,107036,136839,0.49031506383804596,0
2023-07-28 11:00:28,1034.5,512908,2,1034.98,107539,137025,0.4417690179134865,0
2023-07-28 11:00:29,1034.5,512914,2,1034.98,107603,137027,0.4417690179134865,0
2023-07-28 11:00:29,1034.5,512914,2,1034.98,107603,137027,0.4417690179134865,0
2023-07-28 11:00:30,1034.5,512920,2,1034.98,107653,137069,0.4417690179134865,0
2023-07-28 11:00:30,1034.5,512920,1,1034.98,107653,137069,0.4417690179134865,0
2023-07-28 11:00:31,1034.5,512928,2,1034.98,107368,137118,0.4417690179134865,0
2023-07-28 11:00:31,1034.6,512928,2,1034.98,107368,137118,0.4514782270983896,0
2023-07-28 11:00:31,1034.75,512928,2,1034.98,107368,137118,0.46604204087576623,0
2023-07-28 11:00:33,1034.75,512968,1,1034.98,107513,137062,0.46604204087576623,0
2023-07-28 11:00:33,1034.75,512969,1,1034.98,107513,137074,0.46604204087576623,0
2023-07-28 11:00:35,1034.6,512978,2,1034.98,107372,137247,0.4514782270983896,0
2023-07-28 11:00:35,1034.6,512980,1,1034.98,107176,137246,0.4514782270983896,0
2023-07-28 11:00:36,1034.45,512985,1,1034.98,107262,137322,0.436914413321035,0
2023-07-28 11:00:37,1034.45,512993,2,1034.98,107262,137322,0.436914413321035,0
2023-07-28 11:00:38,1034.45,512999,2,1034.98,107212,137312,0.436914413321035,0
2023-07-28 11:00:40,1034.45,513009,2,1034.98,107219,137332,0.436914413321035,0
2023-07-28 11:00:41,1034.5,513277,253,1034.98,107228,137572,0.4417690179134865,0
2023-07-28 11:00:42,1034.55,513285,2,1034.98,107267,137572,0.44662362250593807,0
2023-07-28 11:00:43,1034.55,513295,1,1034.98,107234,137576,0.44662362250593807,0
2023-07-28 11:00:44,1034.45,513372,4,1034.98,105528,138436,0.436914413321035,0
2023-07-28 11:00:44,1034.35,513372,2,1034.98,105528,138436,0.42720520413610985,0
2023-07-28 11:00:45,1034.4,513411,2,1034.98,106450,137886,0.43205980872858346,0
2023-07-28 11:00:46,1034.35,513417,1,1034.98,106229,137937,0.42720520413610985,0
2023-07-28 11:00:46,1034.35,513417,1,1034.98,106229,137937,0.42720520413610985,0
2023-07-28 11:00:47,1034.3,513426,2,1034.98,106267,138054,0.42235059954365833,0
2023-07-28 11:00:47,1034.3,513426,2,1034.98,106267,138054,0.42235059954365833,0
2023-07-28 11:00:48,1034.3,513430,2,1034.98,106294,137768,0.42235059954365833,0
2023-07-28 11:00:49,1034.2,513431,1,1034.98,105598,137808,0.41264139035875524,0
2023-07-28 11:00:51,1034.15,513432,1,1034.98,106268,137982,0.4077867857663037,0
2023-07-28 11:00:51,1034.15,513439,7,1034.98,106134,137979,0.4077867857663037,0
2023-07-28 11:00:52,1034.05,513445,1,1034.98,105944,138010,0.3980775765813786,0
2023-07-28 11:00:54,1034.05,513453,2,1034.98,105527,137992,0.3980775765813786,0
2023-07-28 11:00:55,1033.85,513465,2,1034.98,105963,138109,0.3786591582115504,0
2023-07-28 11:00:56,1033.9,513475,2,1034.98,105939,138137,0.383513762804024,0
2023-07-28 11:00:57,1033.9,513537,12,1034.98,105276,137879,0.383513762804024,0
2023-07-28 11:00:57,1033.9,513537,12,1034.98,105373,137818,0.383513762804024,0
2023-07-28 11:00:58,1033.85,513552,2,1034.98,105501,137783,0.3786591582115504,0
2023-07-28 11:00:58,1033.85,513552,1,1034.98,105501,137783,0.3786591582115504,0
2023-07-28 11:00:59,1033.6,513656,8,1034.98,105606,137921,0.3543861352492707,0
2023-07-28 11:01:00,1033.6,513660,2,1034.98,105491,137877,0.3543861352492707,0
2023-07-28 11:01:00,1033.6,513660,2,1034.98,105491,137877,0.3543861352492707,0
2023-07-28 11:01:02,1033.65,513738,2,1034.98,105771,137711,0.3592407398417443,0
2023-07-28 11:01:02,1033.65,513738,22,1034.98,105771,137711,0.3592407398417443,0
2023-07-28 11:01:04,1033.65,513766,22,1034.98,105835,137624,0.3592407398417443,0
2023-07-28 11:01:04,1033.55,513766,2,1034.98,105835,137624,0.34953153065681913,0
2023-07-28 11:01:05,1033.6,513811,1,1034.98,105658,137569,0.3543861352492707,0
2023-07-28 11:01:06,1033.6,513816,1,1034.98,105490,137657,0.3543861352492707,0
2023-07-28 11:01:06,1033.6,513816,2,1034.98,105488,138089,0.3543861352492707,0
2023-07-28 11:01:08,1033.55,513885,2,1034.98,105629,138035,0.34953153065681913,0
2023-07-28 11:01:08,1033.55,513885,2,1034.98,105629,138035,0.34953153065681913,0
2023-07-28 11:01:09,1033.55,513909,2,1034.98,105537,138145,0.34953153065681913,0
2023-07-28 11:01:10,1033.55,513922,2,1034.98,105635,138128,0.34953153065681913,0
2023-07-28 11:01:10,1034.05,513922,26,1034.98,105635,138128,0.3980775765813786,0
2023-07-28 11:01:11,1033.55,514080,2,1034.98,106441,137986,0.34953153065681913,0
2023-07-28 11:01:12,1033.6,514086,2,1034.98,106610,137967,0.3543861352492707,0
2023-07-28 11:01:13,1033.6,514094,2,1034.98,106364,138059,0.3543861352492707,0
2023-07-28 11:01:15,1033.6,514101,1,1034.98,106205,138513,0.3543861352492707,0
2023-07-28 11:01:16,1033.4,514113,2,1034.98,105932,138638,0.3349677168794646,0
2023-07-28 11:01:17,1033.4,514121,2,1034.98,106641,138593,0.3349677168794646,0
2023-07-28 11:01:17,1033.3,514121,1,1034.98,106641,138593,0.32525850769453946,0
2023-07-28 11:01:18,1033.3,514122,1,1034.98,106896,138244,0.32525850769453946,0
2023-07-28 11:01:19,1033.25,514126,2,1034.98,106892,138198,0.3204039031020879,0
2023-07-28 11:01:20,1033.25,514132,2,1034.98,106876,138198,0.3204039031020879,0
2023-07-28 11:01:20,1033.25,514132,2,1034.98,106876,138198,0.3204039031020879,0
2023-07-28 11:01:21,1033.25,514169,24,1034.98,106709,138127,0.3204039031020879,0
2023-07-28 11:01:21,1033.2,514169,2,1034.98,106710,138127,0.31554929850963637,0
2023-07-28 11:01:22,1033.2,514173,2,1034.98,106710,138127,0.31554929850963637,0
2023-07-28 11:01:24,1033.4,514193,2,1034.98,106785,137841,0.3349677168794646,0
2023-07-28 11:01:24,1033.4,514193,2,1034.98,106759,138356,0.3349677168794646,0
2023-07-28 11:01:24,1033.4,514193,2,1034.98,106698,138393,0.3349677168794646,0
2023-07-28 11:01:24,1033.55,514193,1,1034.98,106698,138393,0.34953153065681913,0
2023-07-28 11:01:27,1033.6,514215,5,1034.98,105657,138334,0.3543861352492707,0
2023-07-28 11:01:27,1033.6,514215,5,1034.98,105764,138352,0.3543861352492707,0
2023-07-28 11:01:27,1033.6,514215,5,1034.98,106000,138206,0.3543861352492707,0
2023-07-28 11:01:27,1033.6,514215,5,1034.98,105603,138208,0.3543861352492707,0
2023-07-28 11:01:27,1033.7,514215,3,1034.98,105879,138216,0.36409534443419583,0
2023-07-28 11:01:33,1033.7,514223,3,1034.98,105828,138168,0.36409534443419583,0
2023-07-28 11:01:33,1033.7,514223,3,1034.98,105772,138151,0.36409534443419583,0
2023-07-28 11:01:34,1033.7,514226,3,1034.98,105450,138178,0.36409534443419583,0
2023-07-28 11:01:36,1033.2,514230,2,1034.98,105600,138172,0.31554929850963637,0
2023-07-28 11:01:36,1033.2,514230,2,1034.98,105601,138172,0.31554929850963637,0
2023-07-28 11:01:36,1033.3,514230,1,1034.98,105021,138430,0.32525850769453946,0
2023-07-28 11:01:38,1033.3,514231,1,1034.98,105137,138450,0.32525850769453946,0
2023-07-28 11:01:40,1033.3,514247,1,1034.98,105146,138449,0.32525850769453946,0
2023-07-28 11:01:41,1033.25,514253,4,1034.98,104957,138408,0.3204039031020879,0
2023-07-28 11:01:41,1033.25,514253,4,1034.98,104963,138636,0.3204039031020879,0
2023-07-28 11:01:41,1033.1,514253,2,1034.98,104963,138636,0.30584008932471124,0
2023-07-28 11:01:43,1033.1,514278,2,1034.98,105131,138775,0.30584008932471124,0
2023-07-28 11:01:43,1033.1,514278,2,1034.98,105131,138775,0.30584008932471124,0
2023-07-28 11:01:44,1033.1,514284,2,1034.98,105126,138773,0.30584008932471124,0
2023-07-28 11:01:45,1033.1,514292,2,1034.98,105075,138544,0.30584008932471124,0
2023-07-28 11:01:45,1033.1,514292,2,1034.98,104983,138383,0.30584008932471124,0
2023-07-28 11:01:45,1033.1,514292,2,1034.98,104981,138383,0.30584008932471124,0
2023-07-28 11:01:45,1033.1,514292,2,1034.98,104591,138555,0.30584008932471124,0
2023-07-28 11:01:45,1033.25,514292,3,1034.98,104591,138555,0.3204039031020879,0
2023-07-28 11:01:48,1033.25,514295,3,1034.98,105084,138225,0.3204039031020879,0
2023-07-28 11:01:48,1033.25,514295,1,1034.98,105084,138225,0.3204039031020879,0
2023-07-28 11:01:49,1033.25,514296,1,1034.98,105083,138270,0.3204039031020879,0
2023-07-28 11:01:51,1033.25,514298,1,1034.98,105082,138218,0.3204039031020879,0
2023-07-28 11:01:51,1033.2,514299,1,1034.98,105049,138457,0.31554929850963637,0
2023-07-28 11:01:51,1033.2,514299,1,1034.98,105035,138552,0.31554929850963637,0
2023-07-28 11:01:51,1033.2,514299,1,1034.98,105023,138285,0.31554929850963637,0
2023-07-28 11:01:51,1033.2,514299,1,1034.98,105134,138150,0.31554929850963637,0
2023-07-28 11:01:51,1033.1,514299,4,1034.98,105134,138150,0.30584008932471124,0
2023-07-28 11:01:57,1033.1,514303,4,1034.98,105019,138294,0.30584008932471124,0
2023-07-28 11:01:57,1033.1,514303,4,1034.98,105020,138312,0.30584008932471124,0
2023-07-28 11:01:57,1033.1,514303,4,1034.98,104922,138453,0.30584008932471124,0
2023-07-28 11:02:00,1033.1,514329,26,1034.98,105055,138474,0.30584008932471124,0
2023-07-28 11:02:01,1033.1,514330,1,1034.98,104983,138605,0.30584008932471124,0
2023-07-28 11:02:01,1033.15,514330,4,1034.98,104983,138605,0.31069469391718485,0
2023-07-28 11:02:02,1033.15,514334,4,1034.98,105003,138557,0.31069469391718485,0
2023-07-28 11:02:04,1033.15,514335,1,1034.98,104893,138556,0.31069469391718485,0
2023-07-28 11:02:04,1033.1,514335,6,1034.98,104893,138556,0.30584008932471124,0
2023-07-28 11:02:05,1033.1,514341,6,1034.98,104867,138556,0.30584008932471124,0
2023-07-28 11:02:05,1033.1,514341,6,1034.98,104833,138556,0.30584008932471124,0
2023-07-28 11:02:05,1033.1,514341,6,1034.98,104860,138556,0.30584008932471124,0
2023-07-28 11:02:08,1033.3,514527,1,1034.98,105505,137742,0.32525850769453946,0
2023-07-28 11:02:08,1033.3,514527,1,1034.98,105502,138186,0.32525850769453946,0
2023-07-28 11:02:08,1033.3,514527,1,1034.98,105269,138221,0.32525850769453946,0
2023-07-28 11:02:08,1033.3,514527,1,1034.98,105253,138221,0.32525850769453946,0
2023-07-28 11:02:13,1033.55,514535,6,1034.98,105621,138196,0.34953153065681913,0
2023-07-28 11:02:13,1033.55,514535,6,1034.98,105621,138196,0.34953153065681913,0
2023-07-28 11:02:14,1033.7,514560,1,1034.98,105400,138131,0.36409534443419583,0
2023-07-28 11:02:15,1033.65,514565,4,1034.98,105392,138134,0.3592407398417443,0
2023-07-28 11:02:15,1033.65,514568,3,1034.98,105362,138153,0.3592407398417443,0
2023-07-28 11:02:15,1033.9,514568,93,1034.98,105362,138153,0.383513762804024,0
2023-07-28 11:02:18,1034.0,515348,1,1034.98,105315,136688,0.3932229719889271,0
2023-07-28 11:02:18,1034.0,515348,1,1034.98,106169,136779,0.3932229719889271,0
2023-07-28 11:02:18,1034.0,515348,10,1034.98,106292,136987,0.3932229719889271,0
2023-07-28 11:02:21,1034.0,515358,1,1034.98,106133,137569,0.3932229719889271,0
2023-07-28 11:02:22,1034.0,515363,4,1034.98,106681,137905,0.3932229719889271,0
2023-07-28 11:02:22,1034.0,515363,1,1034.98,106681,137905,0.3932229719889271,0
2023-07-28 11:02:22,1034.0,515363,104,1034.98,106681,137905,0.3932229719889271,0
2023-07-28 11:02:23,1034.0,515484,104,1034.98,106277,137935,0.3932229719889271,0
2023-07-28 11:02:23,1034.0,515484,104,1034.98,106147,137997,0.3932229719889271,0
2023-07-28 11:02:23,1034.0,515484,104,1034.98,106147,137997,0.3932229719889271,0
2023-07-28 11:02:23,1034.0,515484,104,1034.98,106117,138000,0.3932229719889271,0
2023-07-28 11:02:26,1034.15,515493,5,1034.98,106375,138029,0.4077867857663037,0
2023-07-28 11:02:26,1034.15,515493,5,1034.98,106375,138029,0.4077867857663037,0
2023-07-28 11:02:26,1034.15,515493,5,1034.98,106326,138041,0.4077867857663037,0
2023-07-28 11:02:26,1034.15,515493,5,1034.98,106326,138041,0.4077867857663037,0
2023-07-28 11:02:28,1034.15,515500,2,1034.98,106342,137984,0.4077867857663037,0
2023-07-28 11:02:29,1034.15,515502,2,1034.98,106497,137846,0.4077867857663037,0
2023-07-28 11:02:30,1034.1,515505,1,1034.98,105876,138043,0.4029321811738301,0
2023-07-28 11:02:30,1034.1,515505,2,1034.98,105876,138043,0.4029321811738301,0
2023-07-28 11:02:32,1034.1,515513,5,1034.98,106619,138038,0.4029321811738301,0
2023-07-28 11:02:33,1034.1,515527,2,1034.98,106538,137977,0.4029321811738301,0
2023-07-28 11:02:34,1034.1,515544,1,1034.98,106671,137983,0.4029321811738301,0
2023-07-28 11:02:35,1034.05,515551,2,1034.98,106143,138011,0.3980775765813786,0
2023-07-28 11:02:35,1034.05,515551,2,1034.98,106193,138009,0.3980775765813786,0
2023-07-28 11:02:35,1034.1,515551,12,1034.98,106193,138009,0.4029321811738301,0
2023-07-28 11:02:37,1034.0,515671,65,1034.98,106140,138034,0.3932229719889271,0
2023-07-28 11:02:37,1034.0,515671,65,1034.98,106101,138082,0.3932229719889271,0
2023-07-28 11:02:37,1034.05,515671,15,1034.98,106101,138082,0.3980775765813786,0
2023-07-28 11:02:37,1034.1,515671,34,1034.98,106101,138082,0.4029321811738301,0
2023-07-28 11:02:41,1034.1,515720,34,1034.98,106575,137752,0.4029321811738301,0
2023-07-28 11:02:41,1034.1,515720,34,1034.98,106575,137725,0.4029321811738301,0
2023-07-28 11:02:41,1034.2,515720,2,1034.98,106575,137725,0.41264139035875524,0
2023-07-28 11:02:43,1034.2,515722,2,1034.98,106663,137781,0.41264139035875524,0
2023-07-28 11:02:45,1034.15,515736,9,1034.98,106242,137723,0.4077867857663037,0
2023-07-28 11:02:45,1034.2,515736,2,1034.98,106242,137723,0.41264139035875524,0
2023-07-28 11:02:46,1034.2,515742,4,1034.98,106388,137782,0.41264139035875524,0
2023-07-28 11:02:46,1034.2,515742,4,1034.98,106681,137782,0.41264139035875524,0
2023-07-28 11:02:46,1034.2,515742,4,1034.98,106592,137835,0.41264139035875524,0
2023-07-28 11:02:46,1034.2,515742,4,1034.98,106650,137830,0.41264139035875524,0
2023-07-28 11:02:46,1034.2,515742,4,1034.98,106574,137808,0.41264139035875524,0
2023-07-28 11:02:46,1034.2,515742,4,1034.98,106574,137813,0.41264139035875524,0
2023-07-28 11:02:46,1034.2,515742,4,1034.98,106574,137847,0.41264139035875524,0
2023-07-28 11:02:46,1034.15,515742,2,1034.98,106574,137847,0.4077867857663037,0
2023-07-28 11:02:55,1034.2,515744,1,1034.98,106162,137847,0.41264139035875524,0
2023-07-28 11:02:56,1034.2,515745,1,1034.98,106430,137846,0.41264139035875524,0
2023-07-28 11:02:58,1034.25,515868,1,1034.98,106737,137178,0.4174959949512068,0
2023-07-28 11:02:58,1034.2,515906,11,1034.98,106722,137303,0.41264139035875524,0
2023-07-28 11:03:00,1034.25,516074,26,1034.98,106587,137289,0.4174959949512068,0
2023-07-28 11:03:01,1034.3,516080,3,1034.98,106949,137288,0.42235059954365833,0
2023-07-28 11:03:02,1034.55,516085,1,1034.98,107489,136983,0.44662362250593807,0
2023-07-28 11:03:03,1034.55,516089,2,1034.98,107585,137011,0.44662362250593807,0
2023-07-28 11:03:04,1034.6,516090,1,1034.98,107797,136877,0.4514782270983896,0
2023-07-28 11:03:05,1034.55,516118,7,1034.98,107016,137061,0.44662362250593807,0
2023-07-28 11:03:06,1034.55,516119,1,1034.98,107080,137074,0.44662362250593807,0
2023-07-28 11:03:06,1034.55,516119,1,1034.98,107220,137044,0.44662362250593807,0
2023-07-28 11:03:06,1034.55,516119,6,1034.98,107299,137087,0.44662362250593807,0
2023-07-28 11:03:10,1034.55,516191,19,1034.98,108361,137035,0.44662362250593807,0
2023-07-28 11:03:11,1034.75,516242,2,1034.98,107588,136150,0.46604204087576623,0
2023-07-28 11:03:11,1034.75,516242,2,1034.98,107554,136783,0.46604204087576623,0
2023-07-28 11:03:11,1034.75,516242,2,1034.98,107556,136783,0.46604204087576623,0
2023-07-28 11:03:11,1034.75,516242,2,1034.98,107980,136808,0.46604204087576623,0
2023-07-28 11:03:11,1034.75,516242,2,1034.98,107995,136810,0.46604204087576623,0
2023-07-28 11:03:11,1035.0,516242,11,1034.98,107995,136810,0.49031506383804596,0
2023-07-28 11:03:15,1035.0,516283,6,1034.98,108460,136323,0.49031506383804596,0
2023-07-28 11:03:17,1035.0,516291,2,1034.98,109410,136491,0.49031506383804596,0
2023-07-28 11:03:18,1035.0,516325,1,1034.98,109398,136472,0.49031506383804596,0
2023-07-28 11:03:18,1035.0,516330,5,1034.98,109402,136467,0.49031506383804596,0
2023-07-28 11:03:18,1035.0,516330,5,1034.98,109398,136467,0.49031506383804596,0
2023-07-28 11:03:18,1034.95,516330,4,1034.98,109398,136467,0.48546045924559444,0
2023-07-28 11:03:20,1034.95,517558,4,1034.98,105821,136818,0.48546045924559444,0
2023-07-28 11:03:20,1034.95,517558,4,1034.98,105955,136835,0.48546045924559444,0
2023-07-28 11:03:20,1034.95,517558,4,1034.98,105955,136739,0.48546045924559444,0
2023-07-28 11:03:24,1034.55,517791,8,1034.98,105194,137563,0.44662362250593807,0
2023-07-28 11:03:24,1034.35,517791,9,1034.98,105484,137517,0.42720520413610985,0
2023-07-28 11:03:25,1034.35,517800,9,1034.98,104978,138228,0.42720520413610985,0
2023-07-28 11:03:25,1034.35,517800,9,1034.98,105570,137850,0.42720520413610985,0
2023-07-28 11:03:25,1034.35,517800,9,1034.98,105543,138039,0.42720520413610985,0
2023-07-28 11:03:25,1034.35,517800,9,1034.98,105547,138092,0.42720520413610985,0
2023-07-28 11:03:30,1034.35,517806,3,1034.98,106439,137650,0.42720520413610985,0
2023-07-28 11:03:31,1034.25,517955,148,1034.98,106189,137884,0.4174959949512068,0
2023-07-28 11:03:31,1034.25,517955,8,1034.98,106189,137884,0.4174959949512068,0
2023-07-28 11:03:32,1034.25,518067,10,1034.98,106634,137685,0.4174959949512068,0
2023-07-28 11:03:33,1034.25,518077,10,1034.98,105677,137739,0.4174959949512068,0
2023-07-28 11:03:33,1034.25,518077,10,1034.98,105355,138053,0.4174959949512068,0
2023-07-28 11:03:33,1034.3,518077,1,1034.98,105355,138053,0.42235059954365833,0
2023-07-28 11:03:36,1034.3,518078,1,1034.98,106369,138113,0.42235059954365833,0
2023-07-28 11:03:36,1034.3,518078,36,1034.98,106369,138149,0.42235059954365833,0
2023-07-28 11:03:36,1034.3,518078,1,1034.98,106369,138149,0.42235059954365833,0
2023-07-28 11:03:39,1034.3,518173,4,1034.98,105112,137764,0.42235059954365833,0
2023-07-28 11:03:40,1034.3,518177,4,1034.98,106534,138279,0.42235059954365833,0
2023-07-28 11:03:40,1034.3,518177,4,1034.98,106597,137817,0.42235059954365833,0
2023-07-28 11:03:40,1034.3,518177,4,1034.98,106521,137925,0.42235059954365833,0
2023-07-28 11:03:40,1034.3,518177,4,1034.98,106521,137911,0.42235059954365833,0
2023-07-28 11:03:45,1034.25,518178,1,1034.98,106459,138038,0.4174959949512068,0
2023-07-28 11:03:45,1034.25,518178,1,1034.98,106459,137950,0.4174959949512068,0
2023-07-28 11:03:45,1034.25,518178,1,1034.98,106422,138042,0.4174959949512068,0
2023-07-28 11:03:45,1034.25,518178,1,1034.98,106368,138042,0.4174959949512068,0
2023-07-28 11:03:45,1034.25,518178,1,1034.98,104939,138495,0.4174959949512068,0
2023-07-28 11:03:45,1034.2,518178,11,1034.98,104939,138495,0.41264139035875524,0
2023-07-28 11:03:50,1034.25,518190,1,1034.97,104722,138568,0.4174959949512068,0
2023-07-28 11:03:51,1034.95,518206,20,1034.97,105880,138505,0.48546045924559444,0
2023-07-28 11:03:52,1034.25,518264,36,1034.97,106546,137303,0.4174959949512068,0
2023-07-28 11:03:52,1034.25,518264,36,1034.97,106552,137250,0.4174959949512068,0
2023-07-28 11:03:52,1034.25,518264,36,1034.97,106422,137108,0.4174959949512068,0
2023-07-28 11:03:56,1034.35,518332,12,1034.97,106468,137108,0.42720520413610985,0
2023-07-28 11:03:56,1034.35,518332,12,1034.97,106474,137410,0.42720520413610985,0
2023-07-28 11:03:56,1034.35,518332,12,1034.97,106548,137368,0.42720520413610985,0
2023-07-28 11:03:56,1034.35,518332,12,1034.97,106605,137114,0.42720520413610985,0
2023-07-28 11:03:56,1034.65,518332,8,1034.97,106605,137114,0.4563328316908632,0
2023-07-28 11:04:01,1034.65,518340,8,1034.97,106141,137066,0.4563328316908632,0
2023-07-28 11:04:01,1034.7,518340,1,1034.97,106141,137066,0.4611874362833147,0
2023-07-28 11:04:02,1034.7,518345,1,1034.97,106224,137141,0.4611874362833147,0
2023-07-28 11:04:02,1034.7,518345,1,1034.97,106370,137278,0.4611874362833147,0
2023-07-28 11:04:05,1034.75,518348,3,1034.97,107582,137240,0.46604204087576623,0
2023-07-28 11:04:05,1034.75,518348,3,1034.97,106553,137388,0.46604204087576623,0
2023-07-28 11:04:05,1034.7,518348,9,1034.97,106553,137388,0.4611874362833147,0
2023-07-28 11:04:07,1034.7,518357,1,1034.97,106511,137349,0.4611874362833147,0
2023-07-28 11:04:08,1034.7,518358,1,1034.97,106447,137388,0.4611874362833147,0
2023-07-28 11:04:08,1034.7,518358,1,1034.97,106481,137455,0.4611874362833147,0
2023-07-28 11:04:08,1034.4,518358,11,1034.97,106481,137455,0.43205980872858346,0
2023-07-28 11:04:11,1034.4,518369,11,1034.97,106297,137490,0.43205980872858346,0
2023-07-28 11:04:11,1034.4,518369,11,1034.97,106393,137863,0.43205980872858346,0
2023-07-28 11:04:11,1034.4,518369,11,1034.97,106494,137513,0.43205980872858346,0
2023-07-28 11:04:11,1034.7,518369,17,1034.97,106494,137513,0.4611874362833147,0
2023-07-28 11:04:15,1034.7,518409,17,1034.97,106276,137581,0.4611874362833147,0
2023-07-28 11:04:15,1034.7,518409,17,1034.97,106408,137409,0.4611874362833147,0
2023-07-28 11:04:15,1034.5,518409,10,1034.97,106309,137357,0.4417690179134865,0
2023-07-28 11:04:18,1034.5,518419,2,1034.97,106309,137349,0.4417690179134865,0
2023-07-28 11:04:19,1034.5,518421,2,1034.97,106400,137317,0.4417690179134865,0
2023-07-28 11:04:19,1034.5,518421,5,1034.97,106454,137317,0.4417690179134865,0
2023-07-28 11:04:21,1034.5,518426,5,1034.97,106453,137361,0.4417690179134865,0
2023-07-28 11:04:21,1034.5,518426,5,1034.97,106507,137561,0.4417690179134865,0
2023-07-28 11:04:21,1033.6,518426,5,1034.97,106507,137561,0.3543861352492707,0
2023-07-28 11:04:25,1033.6,520322,48,1034.97,101847,138856,0.3543861352492707,0
2023-07-28 11:04:25,1033.6,520322,48,1034.97,102069,138709,0.3543861352492707,0
2023-07-28 11:04:26,1033.55,520347,25,1034.97,102190,138518,0.34953153065681913,0
2023-07-28 11:04:28,1033.6,520710,33,1034.97,103399,137448,0.3543861352492707,0
2023-07-28 11:04:28,1033.6,520710,33,1034.97,103723,137585,0.3543861352492707,0
2023-07-28 11:04:30,1034.05,520737,27,1034.97,103828,137115,0.3980775765813786,0
2023-07-28 11:04:30,1034.05,520737,27,1034.97,104179,137279,0.3980775765813786,0
2023-07-28 11:04:30,1034.05,520737,27,1034.97,104327,137164,0.3980775765813786,0
2023-07-28 11:04:32,1034.4,520742,5,1034.97,104197,137165,0.43205980872858346,0
2023-07-28 11:04:32,1034.25,520742,1,1034.97,104197,137165,0.4174959949512068,0
2023-07-28 11:04:33,1034.25,520743,1,1034.97,103914,137286,0.4174959949512068,0
2023-07-28 11:04:35,1034.35,520783,11,1034.97,104681,136991,0.42720520413610985,0
2023-07-28 11:04:35,1034.35,520783,11,1034.97,104858,137092,0.42720520413610985,0
2023-07-28 11:04:35,1034.35,520783,1,1034.97,104858,137092,0.42720520413610985,0
2023-07-28 11:04:37,1034.35,520815,5,1034.97,103548,137772,0.42720520413610985,0
2023-07-28 11:04:37,1034.35,520815,5,1034.97,103548,137772,0.42720520413610985,0
2023-07-28 11:04:38,1034.35,520830,1,1034.97,103226,138618,0.42720520413610985,0
2023-07-28 11:04:38,1034.35,520830,1,1034.97,103370,138356,0.42720520413610985,0
2023-07-28 11:04:38,1034.35,520830,1,1034.97,103304,138401,0.42720520413610985,0
2023-07-28 11:04:38,1034.35,520830,1,1034.97,103341,138417,0.42720520413610985,0
2023-07-28 11:04:38,1034.35,520830,1,1034.97,103288,138391,0.42720520413610985,0
2023-07-28 11:04:38,1034.35,520830,1,1034.97,103350,138343,0.42720520413610985,0
2023-07-28 11:04:38,1034.35,520830,1,1034.97,103732,138082,0.42720520413610985,0
2023-07-28 11:04:38,1034.35,520830,1,1034.97,103740,138107,0.42720520413610985,0
2023-07-28 11:04:38,1034.35,520830,1,1034.97,103742,138072,0.42720520413610985,0
2023-07-28 11:04:38,1034.35,520830,1,1034.97,103698,138070,0.42720520413610985,0
2023-07-28 11:04:38,1034.35,520830,1,1034.97,103697,138317,0.42720520413610985,0
2023-07-28 11:04:51,1033.65,520844,14,1034.97,103671,138226,0.3592407398417443,0
2023-07-28 11:04:51,1033.65,520844,14,1034.97,103684,138226,0.3592407398417443,0
2023-07-28 11:04:51,1033.65,520844,14,1034.97,103684,138226,0.3592407398417443,0
2023-07-28 11:04:51,1033.65,520844,14,1034.97,103727,138226,0.3592407398417443,0
2023-07-28 11:04:55,1034.2,520854,10,1034.97,103638,138335,0.41264139035875524,0
2023-07-28 11:04:55,1034.25,520854,5,1034.97,103638,138335,0.4174959949512068,0
2023-07-28 11:04:56,1034.25,520886,5,1034.97,103345,138023,0.4174959949512068,0
2023-07-28 11:04:56,1034.25,520886,5,1034.97,103345,138023,0.4174959949512068,0
2023-07-28 11:04:56,1034.25,520886,5,1034.97,103346,138023,0.4174959949512068,0
2023-07-28 11:04:56,1034.25,520886,5,1034.97,103346,138023,0.4174959949512068,0
2023-07-28 11:05:00,1034.1,520887,1,1034.97,103318,138057,0.4029321811738301,0
2023-07-28 11:05:01,1034.1,520894,5,1034.97,103525,138058,0.4029321811738301,0
2023-07-28 11:05:01,1034.1,520894,4,1034.97,103525,138058,0.4029321811738301,0
2023-07-28 11:05:02,1034.1,520898,4,1034.97,103605,138134,0.4029321811738301,0
2023-07-28 11:05:02,1034.1,520898,4,1034.97,103525,138159,0.4029321811738301,0
2023-07-28 11:05:02,1034.1,520898,4,1034.97,103531,138163,0.4029321811738301,0
2023-07-28 11:05:02,1034.05,520898,2,1034.97,103531,138234,0.3980775765813786,0
2023-07-28 11:05:02,1033.95,520898,8,1034.97,103531,138234,0.38836836739647557,0
2023-07-28 11:05:11,1033.95,520923,8,1034.97,103532,138245,0.38836836739647557,0
2023-07-28 11:05:11,1033.95,520923,8,1034.97,103623,138223,0.38836836739647557,0
2023-07-28 11:05:13,1034.05,520924,1,1034.97,103623,138169,0.3980775765813786,0
2023-07-28 11:05:13,1034.05,520924,1,1034.97,103623,138169,0.3980775765813786,0
2023-07-28 11:05:13,1034.05,520925,1,1034.97,103918,138021,0.3980775765813786,0
2023-07-28 11:05:13,1034.0,520925,3,1034.97,103918,138021,0.3932229719889271,0
2023-07-28 11:05:15,1034.0,520929,3,1034.97,103847,138021,0.3932229719889271,0
2023-07-28 11:05:15,1034.0,520929,3,1034.97,103719,138144,0.3932229719889271,0
2023-07-28 11:05:15,1034.0,520929,3,1034.97,103733,138106,0.3932229719889271,0
2023-07-28 11:05:15,1034.0,520929,3,1034.97,103733,138106,0.3932229719889271,0
2023-07-28 11:05:15,1034.0,520929,3,1034.97,103752,138149,0.3932229719889271,0
2023-07-28 11:05:15,1034.0,520929,3,1034.97,103662,138106,0.3932229719889271,0
2023-07-28 11:05:15,1034.0,520929,3,1034.97,103648,138106,0.3932229719889271,0
2023-07-28 11:05:15,1034.0,520929,3,1034.97,103648,138106,0.3932229719889271,0
2023-07-28 11:05:15,1034.0,520929,3,1034.97,103705,138106,0.3932229719889271,0
2023-07-28 11:05:15,1034.0,520929,3,1034.97,103705,138106,0.3932229719889271,0
2023-07-28 11:05:15,1034.0,520929,3,1034.97,103706,138111,0.3932229719889271,0
2023-07-28 11:05:15,1034.0,520929,3,1034.97,103706,138111,0.3932229719889271,0
2023-07-28 11:05:15,1034.0,520929,3,1034.97,103818,138111,0.3932229719889271,0
2023-07-28 11:05:15,1034.05,520929,2,1034.97,103818,138111,0.3980775765813786,0
2023-07-28 11:05:26,1034.05,520931,2,1034.97,103705,138120,0.3980775765813786,0
2023-07-28 11:05:26,1034.05,520931,2,1034.97,103705,138120,0.3980775765813786,0
2023-07-28 11:05:26,1034.05,520931,2,1034.97,103879,138083,0.3980775765813786,0
2023-07-28 11:05:26,1034.05,520931,2,1034.97,103879,138070,0.3980775765813786,0
2023-07-28 11:05:30,1034.05,520962,4,1034.97,103824,138066,0.3980775765813786,0
2023-07-28 11:05:32,1034.05,520968,6,1034.97,103824,138060,0.3980775765813786,0
2023-07-28 11:05:32,1034.05,520968,6,1034.97,103818,138194,0.3980775765813786,0
2023-07-28 11:05:34,1034.05,521002,34,1034.97,104035,138026,0.3980775765813786,0
2023-07-28 11:05:34,1034.05,521002,5,1034.97,104035,138026,0.3980775765813786,0
2023-07-28 11:05:35,1034.05,521007,5,1034.97,103926,138031,0.3980775765813786,0
2023-07-28 11:05:35,1034.05,521007,5,1034.97,103972,138031,0.3980775765813786,0
2023-07-28 11:05:35,1034.05,521007,5,1034.97,103921,138031,0.3980775765813786,0
2023-07-28 11:05:35,1034.05,521007,5,1034.97,103871,138031,0.3980775765813786,0
2023-07-28 11:05:35,1034.05,521007,1,1034.97,103871,138121,0.3980775765813786,0
2023-07-28 11:05:40,1034.05,521008,1,1034.97,103919,138120,0.3980775765813786,0
2023-07-28 11:05:40,1034.0,521008,5,1034.97,103919,138120,0.3932229719889271,0
2023-07-28 11:05:41,1034.05,521014,1,1034.97,103906,138122,0.3980775765813786,0
2023-07-28 11:05:42,1034.05,521015,1,1034.97,103771,138121,0.3980775765813786,0
2023-07-28 11:05:44,1034.0,521019,4,1034.97,103707,138259,0.3932229719889271,0
2023-07-28 11:05:44,1034.0,521019,1,1034.97,103707,138259,0.3932229719889271,0
2023-07-28 11:05:45,1034.0,521021,1,1034.97,103590,138160,0.3932229719889271,0
2023-07-28 11:05:45,1034.0,521021,1,1034.97,103590,138160,0.3932229719889271,0
2023-07-28 11:05:45,1034.0,521021,1,1034.97,103734,138135,0.3932229719889271,0
2023-07-28 11:05:45,1034.05,521021,42,1034.97,103734,138135,0.3980775765813786,0
2023-07-28 11:05:49,1034.05,521063,5,1034.97,103756,138081,0.3980775765813786,0
2023-07-28 11:05:50,1034.05,521068,5,1034.97,103758,138076,0.3980775765813786,0
2023-07-28 11:05:50,1034.05,521068,5,1034.97,103756,138099,0.3980775765813786,0
2023-07-28 11:05:50,1034.0,521068,9,1034.97,103756,138099,0.3932229719889271,0
2023-07-28 11:05:55,1034.05,521077,2,1034.97,103722,138099,0.3980775765813786,0
2023-07-28 11:05:55,1034.05,521079,2,1034.97,103724,138097,0.3980775765813786,0
2023-07-28 11:05:58,1034.05,521107,28,1034.97,103723,138069,0.3980775765813786,0
2023-07-28 11:05:58,1034.05,521107,4,1034.97,103723,138069,0.3980775765813786,0
2023-07-28 11:05:58,1034.0,521111,14,1034.97,103737,138065,0.3932229719889271,0
2023-07-28 11:06:00,1034.05,521140,4,1034.97,103832,138000,0.3980775765813786,0
2023-07-28 11:06:01,1034.05,521144,4,1034.97,103896,138027,0.3980775765813786,0
2023-07-28 11:06:01,1034.1,521144,4,1034.97,103896,138027,0.4029321811738301,0
2023-07-28 11:06:02,1034.1,521182,34,1034.97,104794,137341,0.4029321811738301,0
2023-07-28 11:06:02,1034.1,521182,34,1034.97,104795,137299,0.4029321811738301,0
2023-07-28 11:06:05,1034.2,521184,2,1034.97,104323,137149,0.41264139035875524,0
2023-07-28 11:06:05,1034.2,521184,2,1034.97,104348,137220,0.41264139035875524,0
2023-07-28 11:06:07,1034.2,521186,3,1034.97,104331,137236,0.41264139035875524,0
2023-07-28 11:06:08,1034.2,521191,3,1034.97,104277,137255,0.41264139035875524,0
2023-07-28 11:06:08,1034.2,521191,3,1034.97,104358,137342,0.41264139035875524,0
2023-07-28 11:06:10,1034.2,521192,1,1034.97,104370,137331,0.41264139035875524,0
2023-07-28 11:06:10,1034.2,521192,1,1034.97,104370,137331,0.41264139035875524,0
2023-07-28 11:06:11,1034.1,521204,12,1034.97,104358,137439,0.4029321811738301,0
2023-07-28 11:06:11,1034.1,521204,12,1034.97,104429,137419,0.4029321811738301,0
2023-07-28 11:06:11,1034.1,521204,12,1034.97,104394,137304,0.4029321811738301,0
2023-07-28 11:06:11,1034.1,521204,12,1034.97,104393,137423,0.4029321811738301,0
2023-07-28 11:06:11,1034.1,521204,12,1034.97,104295,137439,0.4029321811738301,0
2023-07-28 11:06:11,1034.1,521204,12,1034.97,104189,137314,0.4029321811738301,0
2023-07-28 11:06:11,1034.1,521204,12,1034.97,104189,137314,0.4029321811738301,0
2023-07-28 11:06:11,1034.1,521204,12,1034.97,104162,137436,0.4029321811738301,0
2023-07-28 11:06:11,1034.1,521204,12,1034.97,104072,137445,0.4029321811738301,0
2023-07-28 11:06:11,1034.1,521204,1,1034.97,104072,137445,0.4029321811738301,0
2023-07-28 11:06:21,1034.1,521205,1,1034.97,104121,137511,0.4029321811738301,0
2023-07-28 11:06:21,1034.1,521205,1,1034.97,104121,137511,0.4029321811738301,0
2023-07-28 11:06:21,1034.1,521205,1,1034.97,104098,137562,0.4029321811738301,0
2023-07-28 11:06:21,1034.1,521205,1,1034.97,104176,137458,0.4029321811738301,0
2023-07-28 11:06:25,1034.25,521346,31,1034.97,105310,136893,0.4174959949512068,0
2023-07-28 11:06:25,1034.25,521346,31,1034.97,105536,137079,0.4174959949512068,0
2023-07-28 11:06:26,1034.75,521348,2,1034.97,105818,137034,0.46604204087576623,0
2023-07-28 11:06:26,1034.75,521348,2,1034.97,105732,136338,0.46604204087576623,0
2023-07-28 11:06:30,1034.8,521409,19,1034.97,104861,136897,0.47089664546821774,0
2023-07-28 11:06:30,1034.8,521409,19,1034.97,105104,136747,0.47089664546821774,0
2023-07-28 11:06:32,1034.55,521414,5,1034.97,105110,136897,0.44662362250593807,0
2023-07-28 11:06:32,1034.55,521414,5,1034.97,104692,137056,0.44662362250593807,0
2023-07-28 11:06:32,1034.55,521414,5,1034.97,105036,136900,0.44662362250593807,0
2023-07-28 11:06:32,1034.55,521414,9,1034.97,105036,136900,0.44662362250593807,0
2023-07-28 11:06:36,1034.5,521442,19,1034.97,105093,136849,0.4417690179134865,0
2023-07-28 11:06:36,1034.5,521442,19,1034.97,105094,136849,0.4417690179134865,0
2023-07-28 11:06:41,1033.55,521636,24,1034.97,102920,139090,0.34953153065681913,0
2023-07-28 11:06:41,1033.55,521636,24,1034.97,103239,138629,0.34953153065681913,0
2023-07-28 11:06:41,1033.55,521636,24,1034.97,103155,138579,0.34953153065681913,0
2023-07-28 11:06:41,1033.55,521636,24,1034.97,103459,138722,0.34953153065681913,0
2023-07-28 11:06:41,1033.55,521636,24,1034.97,103245,138788,0.34953153065681913,0
2023-07-28 11:06:41,1033.55,521636,24,1034.97,103426,138551,0.34953153065681913,0
2023-07-28 11:06:41,1033.55,521636,24,1034.97,103514,138565,0.34953153065681913,0
2023-07-28 11:06:41,1033.55,521636,24,1034.97,103439,138431,0.34953153065681913,0
2023-07-28 11:06:41,1033.55,521636,24,1034.97,103527,138488,0.34953153065681913,0
2023-07-28 11:06:41,1033.55,521636,24,1034.97,103566,138600,0.34953153065681913,0
2023-07-28 11:06:41,1033.6,521636,7,1034.97,103566,138600,0.3543861352492707,0
2023-07-28 11:06:51,1033.6,521668,7,1034.97,103502,138734,0.3543861352492707,0
2023-07-28 11:06:51,1033.6,521668,7,1034.97,103448,138731,0.3543861352492707,0
2023-07-28 11:06:51,1033.6,521668,7,1034.97,103448,138700,0.3543861352492707,0
2023-07-28 11:06:51,1033.6,521668,7,1034.97,103448,138742,0.3543861352492707,0
2023-07-28 11:06:51,1033.6,521668,7,1034.97,103448,138754,0.3543861352492707,0
2023-07-28 11:06:51,1033.8,521668,1,1034.97,103448,138754,0.37380455361909887,0
2023-07-28 11:06:56,1033.8,521669,1,1034.97,103486,138634,0.37380455361909887,0
2023-07-28 11:06:56,1033.8,521669,1,1034.97,103486,138634,0.37380455361909887,0
2023-07-28 11:06:56,1033.8,521669,1,1034.97,103442,138702,0.37380455361909887,0
2023-07-28 11:06:56,1033.7,521669,4,1034.97,103442,138702,0.36409534443419583,0
2023-07-28 11:07:00,1033.7,521697,23,1034.97,103649,138541,0.36409534443419583,0
2023-07-28 11:07:02,1033.8,521705,5,1034.97,103706,138532,0.37380455361909887,0
2023-07-28 11:07:03,1033.75,521716,10,1034.97,103727,138620,0.36894994902664735,0
2023-07-28 11:07:03,1033.8,521716,1,1034.97,103727,138620,0.37380455361909887,0
2023-07-28 11:07:03,1033.8,521718,1,1034.97,103727,138542,0.37380455361909887,0
2023-07-28 11:07:03,1033.75,521718,9,1034.97,103727,138542,0.36894994902664735,0
2023-07-28 11:07:05,1033.75,521727,9,1034.97,103663,138545,0.36894994902664735,0
2023-07-28 11:07:05,1033.8,521727,2,1034.97,103663,138545,0.37380455361909887,0
2023-07-28 11:07:06,1033.8,521729,2,1034.97,103663,138499,0.37380455361909887,0
2023-07-28 11:07:06,1033.8,521729,2,1034.97,103703,138478,0.37380455361909887,0
2023-07-28 11:07:06,1033.8,521729,2,1034.97,103685,138458,0.37380455361909887,0
2023-07-28 11:07:06,1033.8,521729,2,1034.97,103656,138458,0.37380455361909887,0
2023-07-28 11:07:06,1033.8,521729,2,1034.97,103655,138458,0.37380455361909887,0
2023-07-28 11:07:06,1033.8,521729,31,1034.97,103655,138458,0.37380455361909887,0
2023-07-28 11:07:10,1033.8,521760,31,1034.97,104459,137896,0.37380455361909887,0
2023-07-28 11:07:10,1034.45,521760,3,1034.97,104459,137896,0.436914413321035,0
2023-07-28 11:07:11,1034.45,521763,3,1034.97,104536,138029,0.436914413321035,0
2023-07-28 11:07:11,1034.45,521763,3,1034.97,104630,137976,0.436914413321035,0
2023-07-28 11:07:11,1034.45,521763,3,1034.97,104009,138302,0.436914413321035,0
2023-07-28 11:07:11,1034.45,521763,3,1034.97,104034,138198,0.436914413321035,0
2023-07-28 11:07:11,1034.3,521763,1,1034.97,104105,137702,0.42235059954365833,0
2023-07-28 11:07:17,1034.3,521764,1,1034.97,104171,137686,0.42235059954365833,0
2023-07-28 11:07:17,1034.3,521764,1,1034.97,104171,137686,0.42235059954365833,0
2023-07-28 11:07:17,1034.3,521764,1,1034.97,104299,137667,0.42235059954365833,0
2023-07-28 11:07:17,1034.1,521764,4,1034.97,104299,137667,0.4029321811738301,0
2023-07-28 11:07:21,1034.1,521768,4,1034.97,104403,138016,0.4029321811738301,0
2023-07-28 11:07:21,1034.1,521768,4,1034.97,103963,138078,0.4029321811738301,0
2023-07-28 11:07:21,1034.1,521768,4,1034.97,103963,138130,0.4029321811738301,0
2023-07-28 11:07:21,1034.1,521768,4,1034.97,104062,137879,0.4029321811738301,0
2023-07-28 11:07:21,1034.1,521768,4,1034.97,104062,137879,0.4029321811738301,0
2023-07-28 11:07:21,1033.75,521768,1,1034.97,104018,138208,0.36894994902664735,0
2023-07-28 11:07:27,1033.75,521769,1,1034.97,103957,138199,0.36894994902664735,0
2023-07-28 11:07:27,1033.75,521769,1,1034.97,104134,138232,0.36894994902664735,0
2023-07-28 11:07:27,1033.75,521769,1,1034.97,104188,138110,0.36894994902664735,0
2023-07-28 11:07:27,1033.75,521769,1,1034.97,104134,138212,0.36894994902664735,0
2023-07-28 11:07:32,1033.9,521774,5,1034.97,104121,138281,0.383513762804024,0
2023-07-28 11:07:33,1033.9,521775,1,1034.97,104132,138237,0.383513762804024,0
2023-07-28 11:07:33,1033.9,521775,1,1034.97,104031,138229,0.383513762804024,0
2023-07-28 11:07:33,1033.85,521775,1,1034.97,104031,138229,0.3786591582115504,0
2023-07-28 11:07:35,1033.85,521777,1,1034.97,104094,138191,0.3786591582115504,0
2023-07-28 11:07:35,1033.9,521777,18,1034.97,104094,138191,0.383513762804024,0
2023-07-28 11:07:36,1033.9,521914,18,1034.97,104134,138007,0.383513762804024,0
2023-07-28 11:07:37,1034.1,521916,2,1034.97,104138,138028,0.4029321811738301,0
2023-07-28 11:07:37,1034.1,521916,2,1034.97,104088,138031,0.4029321811738301,0
2023-07-28 11:07:40,1034.1,521976,60,1034.97,103963,137958,0.4029321811738301,0
2023-07-28 11:07:40,1034.1,521976,38,1034.97,104404,137909,0.4029321811738301,0
2023-07-28 11:07:41,1034.1,522014,38,1034.97,104876,137481,0.4029321811738301,0
2023-07-28 11:07:41,1034.1,522014,38,1034.97,104743,137387,0.4029321811738301,0
2023-07-28 11:07:41,1034.1,522014,38,1034.97,104748,137328,0.4029321811738301,0
2023-07-28 11:07:41,1034.5,522014,1,1034.97,104754,137149,0.4417690179134865,0
2023-07-28 11:07:47,1034.5,522033,18,1034.97,104790,137311,0.4417690179134865,0
2023-07-28 11:07:47,1034.5,522033,1,1034.97,104790,137311,0.4417690179134865,0
2023-07-28 11:07:47,1034.45,522033,8,1034.97,104790,137311,0.436914413321035,0
2023-07-28 11:07:51,1034.45,522047,8,1034.97,104286,137669,0.436914413321035,0
2023-07-28 11:07:51,1034.45,522047,8,1034.97,104829,137558,0.436914413321035,0
2023-07-28 11:07:54,1034.7,522079,7,1034.97,105641,137170,0.4611874362833147,0
2023-07-28 11:07:54,1034.7,522079,7,1034.97,105594,137076,0.4611874362833147,0
2023-07-28 11:07:54,1034.7,522079,7,1034.97,105704,137057,0.4611874362833147,0
2023-07-28 11:07:54,1034.7,522079,7,1034.97,105607,137094,0.4611874362833147,0
2023-07-28 11:08:00,1034.55,522083,4,1034.97,105153,137420,0.44662362250593807,0
2023-07-28 11:08:01,1034.2,522088,5,1034.97,105116,137493,0.41264139035875524,0
2023-07-28 11:08:01,1034.5,522088,4,1034.97,105116,137493,0.4417690179134865,0
2023-07-28 11:08:03,1034.65,522114,3,1034.97,105238,137135,0.4563328316908632,0
2023-07-28 11:08:03,1034.65,522114,3,1034.97,104949,137339,0.4563328316908632,0
2023-07-28 11:08:03,1034.65,522114,3,1034.97,104975,137377,0.4563328316908632,0
2023-07-28 11:08:03,1034.65,522114,3,1034.97,105189,137251,0.4563328316908632,0
2023-07-28 11:08:03,1034.65,522114,3,1034.97,105095,137244,0.4563328316908632,0
2023-07-28 11:08:03,1034.75,522114,1,1034.97,105095,137244,0.46604204087576623,0
2023-07-28 11:08:08,1034.75,522116,1,1034.97,105047,137243,0.46604204087576623,0
2023-07-28 11:08:09,1034.7,522117,3,1034.97,105134,137222,0.4611874362833147,0
2023-07-28 11:08:11,1034.75,522122,1,1034.97,105033,137214,0.46604204087576623,0
2023-07-28 11:08:11,1034.75,522122,1,1034.97,105033,137214,0.46604204087576623,0
2023-07-28 11:08:11,1034.75,522122,1,1034.97,105033,137227,0.46604204087576623,0
2023-07-28 11:08:11,1034.75,522122,1,1034.97,105044,137227,0.46604204087576623,0
2023-07-28 11:08:15,1034.7,522123,1,1034.97,105040,137227,0.4611874362833147,0
2023-07-28 11:08:15,1034.7,522123,1,1034.97,105040,137227,0.4611874362833147,0
2023-07-28 11:08:15,1034.7,522123,1,1034.97,105040,137227,0.4611874362833147,0
2023-07-28 11:08:15,1034.75,522123,2,1034.97,105040,137227,0.46604204087576623,0
2023-07-28 11:08:18,1034.75,522125,2,1034.97,104992,137221,0.46604204087576623,0
2023-07-28 11:08:18,1034.75,522125,2,1034.97,104854,137414,0.46604204087576623,0
2023-07-28 11:08:18,1034.75,522125,2,1034.97,104839,137414,0.46604204087576623,0
2023-07-28 11:08:18,1034.75,522125,2,1034.97,104887,137414,0.46604204087576623,0
2023-07-28 11:08:18,1034.75,522125,2,1034.97,104883,137414,0.46604204087576623,0
2023-07-28 11:08:18,1034.75,522125,2,1034.97,104855,137411,0.46604204087576623,0
2023-07-28 11:08:18,1034.75,522125,2,1034.97,104855,137411,0.46604204087576623,0
2023-07-28 11:08:18,1034.75,522125,2,1034.97,104855,137411,0.46604204087576623,0
2023-07-28 11:08:18,1034.75,522125,2,1034.97,104832,137406,0.46604204087576623,0
2023-07-28 11:08:18,1034.75,522125,2,1034.97,104852,137406,0.46604204087576623,0
2023-07-28 11:08:18,1034.75,522125,2,1034.97,104852,137406,0.46604204087576623,0
2023-07-28 11:08:18,1034.75,522125,2,1034.97,104853,137406,0.46604204087576623,0
2023-07-28 11:08:18,1034.75,522125,2,1034.97,104853,137406,0.46604204087576623,0
2023-07-28 11:08:18,1034.75,522125,2,1034.97,105014,137168,0.46604204087576623,0
2023-07-28 11:08:18,1034.75,522125,2,1034.97,105012,137208,0.46604204087576623,0
2023-07-28 11:08:18,1034.7,522125,100,1034.97,105012,137208,0.4611874362833147,0
2023-07-28 11:08:31,1034.75,522269,18,1034.97,105029,137229,0.46604204087576623,0
2023-07-28 11:08:31,1034.75,522269,18,1034.97,105065,137140,0.46604204087576623,0
2023-07-28 11:08:31,1034.75,522269,6,1034.97,105065,137140,0.46604204087576623,0
2023-07-28 11:08:32,1034.75,522275,6,1034.97,105013,137134,0.46604204087576623,0
2023-07-28 11:08:32,1034.75,522275,6,1034.97,105160,137134,0.46604204087576623,0
2023-07-28 11:08:32,1034.7,522275,7,1034.97,105160,137134,0.4611874362833147,0
2023-07-28 11:08:35,1034.7,522301,7,1034.97,105695,137058,0.4611874362833147,0
2023-07-28 11:08:35,1034.75,522301,4,1034.97,105695,137058,0.46604204087576623,0
2023-07-28 11:08:35,1034.75,522305,4,1034.97,106044,137035,0.46604204087576623,0
2023-07-28 11:08:38,1035.0,522347,27,1034.97,106132,136496,0.49031506383804596,0
2023-07-28 11:08:38,1035.0,522347,27,1034.97,106224,136551,0.49031506383804596,0
2023-07-28 11:08:40,1035.0,522352,5,1034.97,106185,136546,0.49031506383804596,0
2023-07-28 11:08:40,1035.0,522352,11,1034.97,106185,136546,0.49031506383804596,0
2023-07-28 11:08:41,1035.0,522383,11,1034.97,106185,136530,0.49031506383804596,0
2023-07-28 11:08:41,1035.0,522383,11,1034.97,106228,136531,0.49031506383804596,0
2023-07-28 11:08:41,1035.0,522383,1,1034.97,106228,136531,0.49031506383804596,0
2023-07-28 11:08:42,1035.0,522384,1,1034.97,106186,136480,0.49031506383804596,0
2023-07-28 11:08:44,1035.0,522388,4,1034.97,106067,136617,0.49031506383804596,0
2023-07-28 11:08:45,1034.95,522394,6,1034.97,106073,137003,0.48546045924559444,0
2023-07-28 11:08:45,1034.95,522394,6,1034.97,106067,137035,0.48546045924559444,0
2023-07-28 11:08:45,1034.95,522394,1,1034.97,106067,137035,0.48546045924559444,0
2023-07-28 11:08:46,1034.95,522395,1,1034.97,107002,136732,0.48546045924559444,0
2023-07-28 11:08:49,1035.0,522434,30,1034.97,106994,136375,0.49031506383804596,0
2023-07-28 11:08:49,1035.0,522434,30,1034.97,106994,136375,0.49031506383804596,0
2023-07-28 11:08:49,1035.0,522434,61,1034.97,107166,136212,0.49031506383804596,0
2023-07-28 11:08:50,1035.0,522495,1,1034.97,107306,136096,0.49031506383804596,0
2023-07-28 11:08:52,1035.0,522508,1,1034.97,106994,136085,0.49031506383804596,0
2023-07-28 11:08:52,1035.0,522508,1,1034.97,106994,136086,0.49031506383804596,0
2023-07-28 11:08:53,1035.0,522509,1,1034.97,106847,136095,0.49031506383804596,0
2023-07-28 11:08:55,1034.95,522515,6,1034.97,106911,136177,0.48546045924559444,0
2023-07-28 11:08:55,1035.0,522515,20,1034.97,106911,136177,0.49031506383804596,0
2023-07-28 11:08:56,1035.0,522547,20,1034.97,106959,136121,0.49031506383804596,0
2023-07-28 11:08:56,1035.0,522548,1,1034.97,107109,136121,0.49031506383804596,0
2023-07-28 11:08:56,1035.0,522548,1,1034.97,107109,136121,0.49031506383804596,0
2023-07-28 11:08:58,1035.0,522648,1,1034.97,107217,136008,0.49031506383804596,0
2023-07-28 11:08:59,1035.0,522651,3,1034.97,107235,136100,0.49031506383804596,0
2023-07-28 11:08:59,1035.0,522651,3,1034.97,107018,136240,0.49031506383804596,0
2023-07-28 11:09:01,1034.9,522655,4,1034.97,107023,136149,0.48060585465314287,0
2023-07-28 11:09:01,1034.9,522655,1,1034.97,107023,136149,0.48060585465314287,0
2023-07-28 11:09:02,1034.9,522660,1,1034.97,107019,136159,0.48060585465314287,0
2023-07-28 11:09:02,1034.9,522660,11,1034.97,107019,136197,0.48060585465314287,0
2023-07-28 11:09:05,1034.85,522699,25,1034.97,107020,136174,0.4757512500606693,0
2023-07-28 11:09:05,1034.9,522699,1,1034.97,107020,136174,0.48060585465314287,0
2023-07-28 11:09:06,1034.9,522700,1,1034.97,107061,136187,0.48060585465314287,0
2023-07-28 11:09:06,1034.9,522700,1,1034.97,107061,136187,0.48060585465314287,0
2023-07-28 11:09:06,1034.9,522700,1,1034.97,107052,136187,0.48060585465314287,0
2023-07-28 11:09:06,1034.9,522700,1,1034.97,107052,136187,0.48060585465314287,0
2023-07-28 11:09:06,1034.9,522700,1,1034.97,107052,136198,0.48060585465314287,0
2023-07-28 11:09:06,1034.9,522700,1,1034.97,107052,136198,0.48060585465314287,0
2023-07-28 11:09:06,1034.9,522700,1,1034.97,107029,136239,0.48060585465314287,0
2023-07-28 11:09:06,1034.9,522700,1,1034.97,107029,136239,0.48060585465314287,0
2023-07-28 11:09:06,1034.9,522700,1,1034.97,107029,136236,0.48060585465314287,0
2023-07-28 11:09:06,1034.9,522700,1,1034.97,107054,136250,0.48060585465314287,0
2023-07-28 11:09:06,1034.9,522700,1,1034.97,107005,136250,0.48060585465314287,0
2023-07-28 11:09:06,1034.9,522700,1,1034.97,107005,136250,0.48060585465314287,0
2023-07-28 11:09:06,1034.9,522700,1,1034.97,106968,136250,0.48060585465314287,0
2023-07-28 11:09:06,1034.9,522700,1,1034.97,106968,136303,0.48060585465314287,0
2023-07-28 11:09:20,1034.9,522704,4,1034.97,106985,136254,0.48060585465314287,0
2023-07-28 11:09:20,1034.9,522704,4,1034.97,106985,136286,0.48060585465314287,0
2023-07-28 11:09:20,1034.9,522704,4,1034.97,106985,136320,0.48060585465314287,0
2023-07-28 11:09:20,1034.9,522704,4,1034.97,106997,136320,0.48060585465314287,0
2023-07-28 11:09:20,1034.9,522704,4,1034.97,106997,136274,0.48060585465314287,0
2023-07-28 11:09:25,1034.85,522705,1,1034.97,106993,136346,0.4757512500606693,0
2023-07-28 11:09:25,1034.85,522705,1,1034.97,106993,136346,0.4757512500606693,0
2023-07-28 11:09:25,1034.85,522705,1,1034.97,106994,136346,0.4757512500606693,0
2023-07-28 11:09:25,1034.85,522705,1,1034.97,106964,136346,0.4757512500606693,0
2023-07-28 11:09:25,1034.85,522705,1,1034.97,106964,136347,0.4757512500606693,0
2023-07-28 11:09:30,1034.8,522741,16,1034.97,106906,136337,0.47089664546821774,0
2023-07-28 11:09:30,1034.85,522746,5,1034.97,106917,136428,0.4757512500606693,0
2023-07-28 11:09:30,1034.85,522746,4,1034.97,106917,136428,0.4757512500606693,0
2023-07-28 11:09:32,1034.85,522784,1,1034.97,106986,136379,0.4757512500606693,0
2023-07-28 11:09:32,1034.85,522784,1,1034.97,106986,136379,0.4757512500606693,0
2023-07-28 11:09:32,1034.85,522784,1,1034.97,107033,136379,0.4757512500606693,0
2023-07-28 11:09:32,1034.85,522784,1,1034.97,106985,136379,0.4757512500606693,0
2023-07-28 11:09:32,1034.8,522784,5,1034.97,106985,136379,0.47089664546821774,0
2023-07-28 11:09:35,1034.8,522789,5,1034.97,106957,136405,0.47089664546821774,0
2023-07-28 11:09:35,1034.85,522789,29,1034.97,106967,136405,0.4757512500606693,0
2023-07-28 11:09:36,1034.85,522827,29,1034.97,107073,136374,0.4757512500606693,0
2023-07-28 11:09:38,1034.85,522829,1,1034.97,107155,136273,0.4757512500606693,0
2023-07-28 11:09:38,1034.85,522829,1,1034.97,107120,136273,0.4757512500606693,0
2023-07-28 11:09:38,1034.85,522829,1,1034.97,107082,136321,0.4757512500606693,0
2023-07-28 11:09:42,1034.85,522834,5,1034.97,106993,136411,0.4757512500606693,0
2023-07-28 11:09:42,1034.85,522834,5,1034.97,106993,136412,0.4757512500606693,0
2023-07-28 11:09:42,1034.85,522834,5,1034.97,106943,136499,0.4757512500606693,0
2023-07-28 11:09:42,1034.85,522834,5,1034.97,106971,136499,0.4757512500606693,0
2023-07-28 11:09:48,1034.8,522876,41,1034.97,107257,136379,0.47089664546821774,0
2023-07-28 11:09:48,1034.8,522882,6,1034.97,107287,136260,0.47089664546821774,0
2023-07-28 11:09:48,1034.8,522882,1,1034.97,107287,136260,0.47089664546821774,0
2023-07-28 11:09:48,1034.75,522882,6,1034.97,107287,136260,0.46604204087576623,0
2023-07-28 11:09:52,1034.8,522890,1,1034.97,107289,136251,0.47089664546821774,0
2023-07-28 11:09:52,1034.8,522890,1,1034.97,107372,136224,0.47089664546821774,0
2023-07-28 11:09:52,1034.75,522890,8,1034.97,107372,136224,0.46604204087576623,0
2023-07-28 11:09:55,1034.8,522898,1,1034.97,107364,136221,0.47089664546821774,0
2023-07-28 11:09:55,1034.8,522899,1,1034.97,107367,136220,0.47089664546821774,0
2023-07-28 11:10:00,1034.8,522937,11,1034.97,107364,136181,0.47089664546821774,0
2023-07-28 11:10:00,1034.8,522980,43,1034.97,107230,136213,0.47089664546821774,0
2023-07-28 11:10:00,1034.85,523023,5,1034.97,107262,136162,0.4757512500606693,0
2023-07-28 11:10:02,1034.85,523028,5,1034.97,107297,136157,0.4757512500606693,0
2023-07-28 11:10:02,1034.85,523033,5,1034.97,107293,136152,0.4757512500606693,0
2023-07-28 11:10:03,1034.85,523037,1,1034.97,107276,136148,0.4757512500606693,0
2023-07-28 11:10:05,1034.8,523043,6,1034.97,107265,136200,0.47089664546821774,0
2023-07-28 11:10:05,1034.8,523043,6,1034.97,107293,136199,0.47089664546821774,0
2023-07-28 11:10:05,1034.75,523043,1,1034.97,107293,136199,0.46604204087576623,0
2023-07-28 11:10:11,1034.75,523062,1,1034.97,107295,136323,0.46604204087576623,0
2023-07-28 11:10:11,1034.8,523062,3,1034.97,107295,136323,0.47089664546821774,0
2023-07-28 11:10:11,1034.8,523062,1,1034.97,107295,136323,0.47089664546821774,0
2023-07-28 11:10:11,1034.8,523062,1,1034.97,107295,136323,0.47089664546821774,0
2023-07-28 11:10:15,1034.8,523067,1,1034.97,107295,136267,0.47089664546821774,0
2023-07-28 11:10:15,1034.9,523067,22,1034.97,107295,136267,0.48060585465314287,0
2023-07-28 11:10:17,1034.9,523159,22,1034.97,107250,136041,0.48060585465314287,0
2023-07-28 11:10:17,1035.0,523159,2,1034.97,107250,136041,0.49031506383804596,0
2023-07-28 11:10:22,1035.0,523161,2,1034.97,107255,136037,0.49031506383804596,0
2023-07-28 11:10:22,1034.95,523161,13,1034.97,107255,136037,0.48546045924559444,0
2023-07-28 11:10:25,1034.95,523174,13,1034.97,106907,136141,0.48546045924559444,0
2023-07-28 11:10:25,1034.85,523174,26,1034.97,106907,136141,0.4757512500606693,0
2023-07-28 11:10:25,1034.85,523174,2,1034.97,106907,136141,0.4757512500606693,0
2023-07-28 11:10:31,1034.85,523202,2,1034.97,106897,136317,0.4757512500606693,0
2023-07-28 11:10:31,1034.8,523202,2,1034.97,106897,136317,0.47089664546821774,0
2023-07-28 11:10:35,1034.8,523209,2,1034.97,106923,136262,0.47089664546821774,0
2023-07-28 11:10:35,1035.0,523209,1,1034.97,106923,136262,0.49031506383804596,0
2023-07-28 11:10:38,1035.0,523210,1,1034.97,106914,136281,0.49031506383804596,0
2023-07-28 11:10:38,1035.0,523210,1,1034.97,106914,136281,0.49031506383804596,0
2023-07-28 11:10:41,1035.0,523211,1,1034.97,106972,136162,0.49031506383804596,0
2023-07-28 11:10:41,1035.0,523211,1,1034.97,106879,136163,0.49031506383804596,0
2023-07-28 11:10:41,1035.0,523211,1,1034.97,106852,136203,0.49031506383804596,0
2023-07-28 11:10:41,1035.0,523211,28,1034.97,106852,136203,0.49031506383804596,0
2023-07-28 11:11:00,1034.95,523255,2,1034.97,106899,136112,0.48546045924559444,0
2023-07-28 11:11:00,1034.95,523255,3,1034.97,106899,136112,0.48546045924559444,0
2023-07-28 11:11:00,1034.95,523255,17,1034.97,106899,136112,0.48546045924559444,0
2023-07-28 11:11:02,1034.95,523319,17,1034.97,107065,136156,0.48546045924559444,0
2023-07-28 11:11:02,1034.95,523319,1,1034.97,107065,136156,0.48546045924559444,0
2023-07-28 11:11:02,1034.9,523319,6,1034.97,107065,136156,0.48060585465314287,0
2023-07-28 11:11:05,1034.9,523326,6,1034.97,107106,136306,0.48060585465314287,0
2023-07-28 11:11:05,1034.85,523326,6,1034.97,107106,136306,0.4757512500606693,0
2023-07-28 11:11:05,1034.95,523326,25,1034.97,107106,136306,0.48546045924559444,0
2023-07-28 11:11:05,1034.9,523326,27,1034.97,107106,136306,0.48060585465314287,0
2023-07-28 11:11:12,1034.9,523397,27,1034.97,107062,136238,0.48060585465314287,0
2023-07-28 11:11:12,1034.85,523397,8,1034.97,107062,136238,0.4757512500606693,0
2023-07-28 11:11:12,1034.9,523397,4,1034.97,107062,136238,0.48060585465314287,0
2023-07-28 11:11:15,1034.9,523412,4,1034.97,106930,136414,0.48060585465314287,0
2023-07-28 11:11:15,1034.9,523412,10,1034.97,106930,136414,0.48060585465314287,0
2023-07-28 11:11:18,1034.9,523422,10,1034.97,106918,136253,0.48060585465314287,0
2023-07-28 11:11:18,1034.75,523422,10,1034.97,106918,136253,0.46604204087576623,0
2023-07-28 11:11:18,1034.95,523422,1,1034.97,106918,136253,0.48546045924559444,0
2023-07-28 11:11:18,1034.95,523422,1,1034.97,106918,136253,0.48546045924559444,0
2023-07-28 11:11:18,1034.95,523422,1,1034.97,106918,136253,0.48546045924559444,0
2023-07-28 11:11:23,1034.95,523435,1,1034.97,106877,136316,0.48546045924559444,0
2023-07-28 11:11:23,1034.95,523435,1,1034.97,106877,136316,0.48546045924559444,0
2023-07-28 11:11:23,1034.95,523435,1,1034.97,106877,136316,0.48546045924559444,0
2023-07-28 11:11:23,1034.95,523435,1,1034.97,106877,136316,0.48546045924559444,0
2023-07-28 11:11:23,1034.95,523435,1,1034.97,106877,136316,0.48546045924559444,0
2023-07-28 11:11:23,1034.95,523435,1,1034.97,106877,136316,0.48546045924559444,0
2023-07-28 11:11:23,1034.75,523435,26,1034.97,107203,136351,0.46604204087576623,0
2023-07-28 11:11:23,1034.7,523435,2,1034.97,107203,136351,0.4611874362833147,0
2023-07-28 11:11:23,1034.9,523435,6,1034.97,107203,136351,0.48060585465314287,0
2023-07-28 11:11:32,1034.9,523902,6,1034.97,106652,136509,0.48060585465314287,0
2023-07-28 11:11:32,1034.85,523902,63,1034.97,106652,136509,0.4757512500606693,0
2023-07-28 11:11:32,1034.8,523902,22,1034.97,106652,136509,0.47089664546821774,0
2023-07-28 11:11:41,1034.85,523987,45,1034.97,107693,136394,0.4757512500606693,0
2023-07-28 11:11:41,1034.9,523987,29,1034.97,107693,136394,0.48060585465314287,0
2023-07-28 11:11:46,1034.9,524064,29,1034.97,107402,136220,0.48060585465314287,0
2023-07-28 11:11:46,1034.95,524064,7,1034.97,107402,136220,0.48546045924559444,0
2023-07-28 11:11:48,1034.95,524071,7,1034.97,107267,136189,0.48546045924559444,0
2023-07-28 11:11:48,1034.95,524071,4,1034.97,107267,136189,0.48546045924559444,0
2023-07-28 11:11:55,1034.95,524081,6,1034.97,108176,136204,0.48546045924559444,0
2023-07-28 11:11:55,1034.95,524081,6,1034.97,108110,136239,0.48546045924559444,0
2023-07-28 11:11:55,1034.85,524081,3,1034.97,108110,136239,0.4757512500606693,0
2023-07-28 11:11:55,1034.85,524081,1,1034.97,108110,136239,0.4757512500606693,0
2023-07-28 11:11:55,1034.9,524081,4,1034.97,108110,136239,0.48060585465314287,0
2023-07-28 11:12:02,1034.9,524125,4,1034.97,107750,136391,0.48060585465314287,0
2023-07-28 11:12:02,1034.9,524125,25,1034.97,107750,136391,0.48060585465314287,0
2023-07-28 11:12:02,1034.85,524125,4,1034.97,107750,136391,0.4757512500606693,0
2023-07-28 11:12:05,1034.85,524157,4,1034.97,107743,136401,0.4757512500606693,0
2023-07-28 11:12:05,1035.0,524157,15,1034.97,107743,136401,0.49031506383804596,0
2023-07-28 11:12:10,1035.0,524201,15,1034.97,107913,136002,0.49031506383804596,0
2023-07-28 11:12:10,1034.9,524201,36,1034.97,107913,136002,0.48060585465314287,0
2023-07-28 11:12:15,1034.85,524249,2,1034.97,106829,136310,0.4757512500606693,0
2023-07-28 11:12:15,1035.0,524249,1,1034.97,106829,136310,0.49031506383804596,0
2023-07-28 11:12:15,1035.0,524249,4,1034.97,106829,136310,0.49031506383804596,0
2023-07-28 11:12:18,1035.0,524254,1,1034.97,106824,136394,0.49031506383804596,0
2023-07-28 11:12:18,1035.0,524254,4,1034.97,106824,136394,0.49031506383804596,0
2023-07-28 11:12:18,1035.0,524254,11,1034.97,106824,136394,0.49031506383804596,0
2023-07-28 11:12:22,1035.0,524301,5,1034.97,106862,136334,0.49031506383804596,0
