2023-07-28 10:49:25,1833.85,107217,49,1822.77,66554,90467,0.6227709190672104,0
2023-07-28 10:49:25,1833.85,107217,49,1822.77,66530,90527,0.6227709190672104,0
2023-07-28 10:49:25,1833.85,107217,49,1822.77,66780,90456,0.6227709190672104,0
2023-07-28 10:49:25,1833.85,107217,49,1822.77,66632,90527,0.6227709190672104,0
2023-07-28 10:49:25,1833.85,107217,49,1822.77,66659,90551,0.6227709190672104,0
2023-07-28 10:49:25,1833.05,107217,2,1822.77,66659,90551,0.5788751714677616,0
2023-07-28 10:49:47,1833.05,107219,2,1822.77,66657,90601,0.5788751714677616,0
2023-07-28 10:49:47,1833.05,107219,11,1822.77,66657,90601,0.5788751714677616,0
2023-07-28 10:49:47,1833.05,107219,5,1822.77,66657,90601,0.5788751714677616,0
2023-07-28 10:49:52,1833.05,107235,5,1822.78,66594,90933,0.5788751714677616,0
2023-07-28 10:49:52,1833.05,107235,5,1822.78,66477,90985,0.5788751714677616,0
2023-07-28 10:49:52,1833.05,107235,5,1822.78,66524,90932,0.5788751714677616,0
2023-07-28 10:49:52,1833.05,107235,5,1822.78,66473,90944,0.5788751714677616,0
2023-07-28 10:49:52,1833.05,107235,5,1822.78,66473,90963,0.5788751714677616,0
2023-07-28 10:49:52,1833.05,107235,5,1822.78,66518,90950,0.5788751714677616,0
2023-07-28 10:49:52,1832.5,107235,475,1822.78,66518,90950,0.5486968449931413,0
2023-07-28 10:49:52,1832.5,107235,50,1822.78,66518,90950,0.5486968449931413,0
2023-07-28 10:49:52,1833.05,107235,52,1822.78,66518,90950,0.5788751714677616,0
2023-07-28 10:50:19,1833.7,108488,2,1822.89,66606,90486,0.6145404663923207,0
2023-07-28 10:50:19,1833.7,108488,10,1822.89,66606,90486,0.6145404663923207,0
2023-07-28 10:50:19,1833.7,108488,10,1822.89,66606,90486,0.6145404663923207,0
2023-07-28 10:50:19,1833.75,108488,3,1822.89,66606,90486,0.6172839506172839,0
2023-07-28 10:50:19,1833.75,108488,3,1822.89,66606,90486,0.6172839506172839,0
2023-07-28 10:50:19,1833.75,108488,3,1822.89,66606,90486,0.6172839506172839,0
2023-07-28 10:50:19,1833.75,108488,3,1822.89,66606,90486,0.6172839506172839,0
2023-07-28 10:50:21,1833.75,108501,3,1822.89,66388,90958,0.6172839506172839,0
2023-07-28 10:50:21,1833.75,108501,3,1822.89,66388,90958,0.6172839506172839,0
2023-07-28 10:50:21,1833.75,108501,3,1822.89,66388,90958,0.6172839506172839,0
2023-07-28 10:50:21,1833.75,108501,3,1822.89,66388,90958,0.6172839506172839,0
2023-07-28 10:50:21,1833.75,108501,3,1822.89,66388,90958,0.6172839506172839,0
2023-07-28 10:50:21,1833.75,108501,12,1822.89,66388,90958,0.6172839506172839,0
2023-07-28 10:50:27,1833.0,108531,93,1822.89,66414,90846,0.5761316872427984,0
2023-07-28 10:50:27,1833.0,108531,93,1822.89,66414,90846,0.5761316872427984,0
2023-07-28 10:50:27,1833.0,108531,7,1822.89,66414,90846,0.5761316872427984,0
2023-07-28 10:50:31,1833.0,108731,7,1822.91,66402,90730,0.5761316872427984,0
2023-07-28 10:50:31,1833.0,108731,93,1822.91,66402,90730,0.5761316872427984,0
2023-07-28 10:50:34,1833.0,108917,93,1822.93,66424,90643,0.5761316872427984,0
2023-07-28 10:50:39,1832.65,108918,1,1822.93,66323,90813,0.5569272976680434,0
2023-07-28 10:50:39,1832.65,108918,1,1822.93,66323,90814,0.5569272976680434,0
2023-07-28 10:50:39,1832.65,108918,1,1822.93,66491,90761,0.5569272976680434,0
2023-07-28 10:50:39,1832.65,108918,1,1822.93,66489,90845,0.5569272976680434,0
2023-07-28 10:50:39,1832.65,108918,1,1822.93,66485,90880,0.5569272976680434,0
2023-07-28 10:50:39,1832.65,108918,1,1822.93,66520,90902,0.5569272976680434,0
2023-07-28 10:50:39,1832.65,108918,1,1822.93,66442,90753,0.5569272976680434,0
2023-07-28 10:50:39,1832.65,108918,1,1822.93,66483,91000,0.5569272976680434,0
2023-07-28 10:50:39,1832.65,108918,1,1822.93,66596,90803,0.5569272976680434,0
2023-07-28 10:50:39,1832.65,108918,1,1822.93,66540,90682,0.5569272976680434,0
2023-07-28 10:50:39,1832.65,108918,1,1822.93,66541,90700,0.5569272976680434,0
2023-07-28 10:50:39,1832.65,108918,1,1822.93,66489,90705,0.5569272976680434,0
2023-07-28 10:50:39,1832.35,108918,1,1822.93,66489,90705,0.5404663923182392,0
2023-07-28 10:51:34,1832.35,108919,1,1822.93,66516,90706,0.5404663923182392,0
2023-07-28 10:51:34,1832.35,108919,1,1822.93,66494,90741,0.5404663923182392,0
2023-07-28 10:51:34,1832.35,108919,1,1822.93,66734,90580,0.5404663923182392,0
2023-07-28 10:51:34,1832.35,108919,1,1822.93,66738,90618,0.5404663923182392,0
2023-07-28 10:51:34,1833.0,108919,9,1822.93,66738,90618,0.5761316872427984,0
2023-07-28 10:51:50,1833.0,109086,9,1822.94,66845,90463,0.5761316872427984,0
2023-07-28 10:51:50,1833.75,109086,2,1822.94,66845,90463,0.6172839506172839,0
2023-07-28 10:51:50,1833.9,109086,4,1822.94,66845,90463,0.6255144032921861,0
2023-07-28 10:51:53,1834.35,109676,39,1823.0,67210,90254,0.6502057613168675,0
2023-07-28 10:51:53,1834.9,109676,34,1823.0,67210,90254,0.6803840877915002,0
2023-07-28 10:51:53,1834.65,109676,25,1823.0,67210,90254,0.6666666666666716,0
2023-07-28 10:51:59,1834.65,110220,25,1823.06,67111,90304,0.6666666666666716,0
2023-07-28 10:51:59,1834.65,110220,25,1823.06,67038,90345,0.6666666666666716,0
2023-07-28 10:51:59,1834.85,110220,18,1823.06,67038,90345,0.6776406035665246,0
2023-07-28 10:52:08,1834.75,110280,10,1823.06,66993,90730,0.6721536351165981,0
2023-07-28 10:52:08,1834.75,110280,10,1823.06,66959,90833,0.6721536351165981,0
2023-07-28 10:52:08,1834.75,110280,10,1823.06,66994,90832,0.6721536351165981,0
2023-07-28 10:52:08,1834.75,110280,10,1823.06,66986,90817,0.6721536351165981,0
2023-07-28 10:52:08,1834.75,110280,10,1823.06,67042,90845,0.6721536351165981,0
2023-07-28 10:52:08,1833.6,110280,10,1823.06,67042,90845,0.6090534979423818,0
2023-07-28 10:52:08,1833.25,110280,7,1823.06,67042,90845,0.5898491083676269,0
2023-07-28 10:52:08,1834.65,110280,34,1823.06,67042,90845,0.6666666666666716,0
2023-07-28 10:52:08,1834.65,110280,28,1823.06,67042,90845,0.6666666666666716,0
2023-07-28 10:52:33,1834.65,110473,28,1823.08,66972,90689,0.6666666666666716,0
2023-07-28 10:52:33,1834.7,110473,6,1823.08,66972,90689,0.6694101508916349,0
2023-07-28 10:52:33,1833.5,110473,4,1823.08,66972,90689,0.6035665294924554,0
2023-07-28 10:52:38,1833.5,110484,4,1823.08,66997,91252,0.6035665294924554,0
2023-07-28 10:52:38,1833.5,110484,4,1823.08,66997,91377,0.6035665294924554,0
2023-07-28 10:52:38,1833.5,110484,4,1823.08,67011,91531,0.6035665294924554,0
2023-07-28 10:52:38,1833.5,110484,4,1823.08,66999,91503,0.6035665294924554,0
2023-07-28 10:52:38,1833.5,110484,4,1823.08,66989,91578,0.6035665294924554,0
2023-07-28 10:52:38,1833.5,110484,4,1823.08,67002,91410,0.6035665294924554,0
2023-07-28 10:52:38,1833.5,110484,4,1823.08,67034,91451,0.6035665294924554,0
2023-07-28 10:52:38,1833.5,110484,4,1823.08,67028,92162,0.6035665294924554,0
2023-07-28 10:52:38,1833.5,110484,4,1823.08,67061,91394,0.6035665294924554,0
2023-07-28 10:52:38,1833.5,110484,4,1823.08,67061,91394,0.6035665294924554,0
2023-07-28 10:52:38,1833.5,110484,4,1823.08,67061,91394,0.6035665294924554,0
2023-07-28 10:52:38,1833.5,110484,4,1823.08,67061,91394,0.6035665294924554,0
2023-07-28 10:52:38,1833.5,110484,4,1823.08,67061,91394,0.6035665294924554,0
2023-07-28 10:52:38,1833.5,110484,4,1823.08,67033,91506,0.6035665294924554,0
2023-07-28 10:52:38,1833.5,110484,4,1823.08,67033,91506,0.6035665294924554,0
2023-07-28 10:52:38,1833.5,110484,4,1823.08,67033,91506,0.6035665294924554,0
2023-07-28 10:52:38,1833.75,110484,12,1823.08,67033,91506,0.6172839506172839,0
2023-07-28 10:53:28,1833.75,110497,12,1823.09,66964,91624,0.6172839506172839,0
2023-07-28 10:53:28,1833.75,110497,12,1823.09,67044,91595,0.6172839506172839,0
2023-07-28 10:53:28,1833.75,110497,12,1823.09,66998,91895,0.6172839506172839,0
2023-07-28 10:53:28,1833.75,110497,12,1823.09,66985,91903,0.6172839506172839,0
2023-07-28 10:53:28,1833.75,110497,12,1823.09,67017,91870,0.6172839506172839,0
2023-07-28 10:53:28,1833.75,110497,12,1823.09,67040,91727,0.6172839506172839,0
2023-07-28 10:53:28,1832.7,110497,8,1823.09,67040,91727,0.5596707818930066,0
2023-07-28 10:53:55,1832.7,110505,8,1823.09,67084,91674,0.5596707818930066,0
2023-07-28 10:53:55,1832.3,110505,3,1823.09,67084,91674,0.5377229080932759,0
2023-07-28 10:54:00,1833.4,110755,12,1823.11,67146,91683,0.598079561042529,0
2023-07-28 10:54:00,1833.4,110755,101,1823.11,67146,91683,0.598079561042529,0
2023-07-28 10:54:00,1833.4,110755,82,1823.11,67146,91683,0.598079561042529,0
2023-07-28 10:54:00,1833.65,110755,101,1823.11,67146,91683,0.6117969821673576,0
2023-07-28 10:54:04,1833.65,111063,101,1823.14,67096,91414,0.6117969821673576,0
2023-07-28 10:54:04,1833.65,111063,4,1823.14,67096,91414,0.6117969821673576,0
2023-07-28 10:54:08,1833.65,111068,4,1823.14,67165,91444,0.6117969821673576,0
2023-07-28 10:54:08,1833.65,111068,4,1823.14,67132,91499,0.6117969821673576,0
2023-07-28 10:54:08,1833.65,111068,4,1823.14,67132,91536,0.6117969821673576,0
2023-07-28 10:54:08,1833.65,111068,4,1823.14,67082,91508,0.6117969821673576,0
2023-07-28 10:54:27,1833.65,111080,12,1823.14,67052,91495,0.6117969821673576,0
2023-07-28 10:54:27,1833.65,111080,12,1823.14,67052,91617,0.6117969821673576,0
2023-07-28 10:54:27,1833.65,111080,12,1823.14,67119,91381,0.6117969821673576,0
2023-07-28 10:54:27,1833.65,111080,12,1823.14,67085,91488,0.6117969821673576,0
2023-07-28 10:54:43,1833.0,111086,6,1823.14,67143,92053,0.5761316872427984,0
2023-07-28 10:54:43,1833.55,111086,5,1823.14,67143,92053,0.6063100137174187,0
2023-07-28 10:54:46,1833.55,111091,5,1823.14,67131,92129,0.6063100137174187,0
2023-07-28 10:54:46,1833.55,111091,5,1823.14,67078,92216,0.6063100137174187,0
2023-07-28 10:54:46,1833.55,111091,5,1823.14,67061,93050,0.6063100137174187,0
2023-07-28 10:54:46,1833.55,111091,5,1823.14,67071,94483,0.6063100137174187,0
2023-07-28 10:54:46,1833.55,111091,5,1823.14,67047,94969,0.6063100137174187,0
2023-07-28 10:54:46,1833.55,111091,5,1823.14,67036,94957,0.6063100137174187,0
2023-07-28 10:54:46,1833.55,111091,5,1823.14,67036,94970,0.6063100137174187,0
2023-07-28 10:54:46,1833.55,111091,5,1823.14,67036,94970,0.6063100137174187,0
2023-07-28 10:55:10,1833.6,111191,1,1823.15,67140,94739,0.6090534979423818,0
2023-07-28 10:55:10,1833.6,111191,1,1823.15,67140,94739,0.6090534979423818,0
2023-07-28 10:55:10,1833.6,111191,1,1823.15,67129,94691,0.6090534979423818,0
2023-07-28 10:55:10,1833.6,111191,1,1823.15,67102,94752,0.6090534979423818,0
2023-07-28 10:55:10,1833.6,111191,1,1823.15,67102,94752,0.6090534979423818,0
2023-07-28 10:55:10,1833.6,111191,1,1823.15,67102,94780,0.6090534979423818,0
2023-07-28 10:55:10,1833.6,111191,1,1823.15,67071,94780,0.6090534979423818,0
2023-07-28 10:55:10,1833.6,111191,1,1823.15,67059,94804,0.6090534979423818,0
2023-07-28 10:55:10,1833.6,111191,1,1823.15,67029,94580,0.6090534979423818,0
2023-07-28 10:55:10,1833.6,111191,1,1823.15,66980,94656,0.6090534979423818,0
2023-07-28 10:55:10,1833.6,111191,1,1823.15,66980,94687,0.6090534979423818,0
2023-07-28 10:55:10,1833.6,111191,1,1823.15,66980,94717,0.6090534979423818,0
2023-07-28 10:55:10,1833.6,111191,1,1823.15,66980,94686,0.6090534979423818,0
2023-07-28 10:55:10,1833.6,111191,1,1823.15,66823,95282,0.6090534979423818,0
2023-07-28 10:55:10,1833.6,111191,1,1823.15,66844,95371,0.6090534979423818,0
2023-07-28 10:55:10,1833.6,111191,1,1823.15,66847,95419,0.6090534979423818,0
2023-07-28 10:55:10,1833.6,111191,1,1823.15,66854,95328,0.6090534979423818,0
2023-07-28 10:55:10,1833.6,111191,1,1823.15,66876,95291,0.6090534979423818,0
2023-07-28 10:55:10,1833.6,111191,1,1823.15,66858,95320,0.6090534979423818,0
2023-07-28 10:55:10,1833.6,111191,1,1823.15,66921,95320,0.6090534979423818,0
2023-07-28 10:55:10,1833.6,111191,1,1823.15,66911,95320,0.6090534979423818,0
2023-07-28 10:55:10,1833.6,111191,1,1823.15,66955,95270,0.6090534979423818,0
2023-07-28 10:55:10,1833.6,111191,1,1823.15,66960,95189,0.6090534979423818,0
2023-07-28 10:55:10,1833.6,111191,1,1823.15,66978,95162,0.6090534979423818,0
2023-07-28 10:55:10,1833.6,111191,1,1823.15,66916,95163,0.6090534979423818,0
2023-07-28 10:55:10,1833.6,111191,1,1823.15,66891,95190,0.6090534979423818,0
2023-07-28 10:55:10,1833.6,111191,1,1823.15,66923,94896,0.6090534979423818,0
2023-07-28 10:55:10,1833.6,111191,1,1823.15,66923,94896,0.6090534979423818,0
2023-07-28 10:55:10,1833.6,111191,1,1823.15,66938,94891,0.6090534979423818,0
2023-07-28 10:55:10,1833.6,111191,1,1823.15,66914,94911,0.6090534979423818,0
2023-07-28 10:55:10,1833.6,111191,1,1823.15,66909,94956,0.6090534979423818,0
2023-07-28 10:55:10,1833.6,111191,1,1823.15,66919,94948,0.6090534979423818,0
2023-07-28 10:55:10,1833.6,111191,1,1823.15,66919,94956,0.6090534979423818,0
2023-07-28 10:55:10,1833.6,111191,1,1823.15,66919,94956,0.6090534979423818,0
2023-07-28 10:55:10,1833.6,111191,1,1823.15,66980,94907,0.6090534979423818,0
2023-07-28 10:55:10,1833.6,111191,1,1823.15,66980,94905,0.6090534979423818,0
2023-07-28 10:55:10,1833.6,111191,1,1823.15,66980,94905,0.6090534979423818,0
2023-07-28 10:55:10,1833.6,111191,1,1823.15,66980,94905,0.6090534979423818,0
2023-07-28 10:55:10,1833.6,111191,1,1823.15,66990,94905,0.6090534979423818,0
2023-07-28 10:55:10,1833.6,111191,1,1823.15,66942,95091,0.6090534979423818,0
2023-07-28 10:55:10,1833.6,111191,1,1823.15,66928,95086,0.6090534979423818,0
2023-07-28 10:55:10,1833.6,111191,1,1823.15,66924,95086,0.6090534979423818,0
2023-07-28 10:55:10,1833.6,111191,1,1823.15,66900,95128,0.6090534979423818,0
2023-07-28 10:56:00,1832.05,111991,403,1823.21,66716,95259,0.5240054869684474,0
2023-07-28 10:56:00,1832.05,111991,403,1823.21,66950,95221,0.5240054869684474,0
2023-07-28 10:56:00,1832.05,111991,403,1823.21,66937,95179,0.5240054869684474,0
2023-07-28 10:56:00,1832.05,111991,403,1823.21,66937,95179,0.5240054869684474,0
2023-07-28 10:56:00,1832.05,111991,403,1823.21,66937,95174,0.5240054869684474,0
2023-07-28 10:56:00,1832.05,111991,403,1823.21,66912,95170,0.5240054869684474,0
2023-07-28 10:56:00,1832.15,111991,1,1823.21,66912,95170,0.5294924554183863,0
2023-07-28 10:56:08,1832.15,112011,1,1823.21,66913,95140,0.5294924554183863,0
2023-07-28 10:56:08,1832.15,112011,3,1823.21,66913,95140,0.5294924554183863,0
2023-07-28 10:56:12,1832.15,112017,3,1823.21,66909,95196,0.5294924554183863,0
2023-07-28 10:56:19,1833.0,112027,10,1823.21,67066,95096,0.5761316872427984,0
2023-07-28 10:56:19,1833.0,112027,10,1823.21,67066,95096,0.5761316872427984,0
2023-07-28 10:56:19,1833.0,112027,10,1823.21,67066,95096,0.5761316872427984,0
2023-07-28 10:56:19,1833.0,112027,10,1823.21,67066,95096,0.5761316872427984,0
2023-07-28 10:56:19,1833.0,112027,10,1823.21,67066,95096,0.5761316872427984,0
2023-07-28 10:56:19,1833.0,112027,10,1823.21,67038,95122,0.5761316872427984,0
2023-07-28 10:56:19,1833.0,112027,10,1823.21,67038,95122,0.5761316872427984,0
2023-07-28 10:56:19,1833.0,112027,10,1823.21,67038,95122,0.5761316872427984,0
2023-07-28 10:56:19,1833.0,112027,10,1823.21,67038,95122,0.5761316872427984,0
2023-07-28 10:56:19,1833.0,112027,10,1823.21,67038,95122,0.5761316872427984,0
2023-07-28 10:56:19,1833.0,112027,10,1823.21,67038,95122,0.5761316872427984,0
2023-07-28 10:56:19,1833.0,112027,10,1823.21,67013,95094,0.5761316872427984,0
2023-07-28 10:56:19,1833.0,112027,10,1823.21,66968,95177,0.5761316872427984,0
2023-07-28 10:56:19,1832.1,112027,14,1823.21,66968,95177,0.5267489711934107,0
2023-07-28 10:56:35,1832.1,112052,14,1823.22,66941,95124,0.5267489711934107,0
2023-07-28 10:56:35,1832.1,112052,14,1823.22,66876,95352,0.5267489711934107,0
2023-07-28 10:56:35,1832.05,112052,20,1823.22,66876,95352,0.5240054869684474,0
2023-07-28 10:56:44,1832.05,112072,20,1823.22,66924,95359,0.5240054869684474,0
2023-07-28 10:56:44,1832.8,112072,6,1823.22,66924,95359,0.565157750342933,0
2023-07-28 10:56:44,1832.8,112072,6,1823.22,66924,95359,0.565157750342933,0
2023-07-28 10:56:48,1832.8,112084,6,1823.22,66859,95369,0.565157750342933,0
2023-07-28 10:56:48,1832.8,112084,1,1823.22,66859,95369,0.565157750342933,0
2023-07-28 10:56:48,1832.05,112084,2,1823.22,66859,95369,0.5240054869684474,0
2023-07-28 10:56:48,1832.8,112084,6,1823.22,66859,95369,0.565157750342933,0
2023-07-28 10:56:48,1832.8,112084,6,1823.22,66859,95369,0.565157750342933,0
2023-07-28 10:56:53,1832.8,112109,5,1823.22,66913,95195,0.565157750342933,0
2023-07-28 10:56:57,1832.05,112129,10,1823.22,66891,95041,0.5240054869684474,0
2023-07-28 10:56:57,1832.05,112129,18,1823.22,66891,95041,0.5240054869684474,0
2023-07-28 10:56:59,1832.05,112147,18,1823.22,66479,95752,0.5240054869684474,0
2023-07-28 10:56:59,1832.05,112147,18,1823.22,66481,95714,0.5240054869684474,0
2023-07-28 10:56:59,1832.05,112147,1,1823.22,66481,95714,0.5240054869684474,0
2023-07-28 10:57:06,1832.05,112188,1,1823.23,66499,95783,0.5240054869684474,0
2023-07-28 10:57:06,1832.6,112188,1,1823.23,66499,95783,0.5541838134430677,0
2023-07-28 10:57:10,1832.6,112189,1,1823.23,66451,95857,0.5541838134430677,0
2023-07-28 10:57:10,1832.6,112189,1,1823.23,66506,95848,0.5541838134430677,0
2023-07-28 10:57:10,1832.05,112189,2,1823.23,66506,95848,0.5240054869684474,0
2023-07-28 10:57:20,1832.05,112191,2,1823.23,66549,95857,0.5240054869684474,0
2023-07-28 10:57:20,1831.45,112191,6,1823.23,66549,95857,0.49108367626886396,0
2023-07-28 10:57:25,1831.45,112750,6,1823.27,66295,96043,0.49108367626886396,0
2023-07-28 10:57:25,1831.45,112750,6,1823.27,65944,95415,0.49108367626886396,0
2023-07-28 10:57:25,1831.45,112750,25,1823.27,65944,95415,0.49108367626886396,0
2023-07-28 10:57:32,1831.45,112775,25,1823.27,65946,95492,0.49108367626886396,0
2023-07-28 10:57:32,1831.45,112775,25,1823.27,65980,95575,0.49108367626886396,0
2023-07-28 10:57:32,1831.45,112775,25,1823.27,65991,95679,0.49108367626886396,0
2023-07-28 10:57:32,1831.45,112775,25,1823.27,65968,95597,0.49108367626886396,0
2023-07-28 10:57:32,1831.0,112775,1,1823.27,65968,95597,0.4663923182441701,0
2023-07-28 10:57:47,1831.0,112776,1,1823.27,65967,95593,0.4663923182441701,0
2023-07-28 10:57:47,1831.0,112776,1,1823.27,65933,95795,0.4663923182441701,0
2023-07-28 10:57:47,1831.0,112776,1,1823.27,65968,95708,0.4663923182441701,0
2023-07-28 10:57:47,1831.0,112776,1,1823.27,66214,95797,0.4663923182441701,0
2023-07-28 10:57:47,1831.0,112776,10,1823.27,66214,95797,0.4663923182441701,0
2023-07-28 10:58:04,1831.0,112786,10,1823.27,66177,95822,0.4663923182441701,0
2023-07-28 10:58:04,1831.0,112786,10,1823.27,66177,95701,0.4663923182441701,0
2023-07-28 10:58:04,1831.1,112786,2,1823.27,66177,95701,0.4718792866940965,0
2023-07-28 10:58:08,1831.1,112788,2,1823.27,66177,95690,0.4718792866940965,0
2023-07-28 10:58:08,1831.1,112788,2,1823.27,66172,95798,0.4718792866940965,0
2023-07-28 10:58:08,1831.1,112788,1,1823.27,66172,95798,0.4718792866940965,0
2023-07-28 10:58:10,1831.1,112794,5,1823.27,66177,95782,0.4718792866940965,0
2023-07-28 10:58:10,1831.0,112794,2,1823.27,66177,95782,0.4663923182441701,0
2023-07-28 10:58:11,1831.0,112908,2,1823.28,64213,96016,0.4663923182441701,0
2023-07-28 10:58:11,1831.0,112908,2,1823.28,65199,96074,0.4663923182441701,0
2023-07-28 10:58:11,1831.0,112908,2,1823.28,65199,96074,0.4663923182441701,0
2023-07-28 10:58:11,1830.9,112908,10,1823.28,65199,96074,0.4609053497942437,0
2023-07-28 10:58:16,1830.9,112918,10,1823.28,65201,95942,0.4609053497942437,0
2023-07-28 10:58:16,1830.9,112918,10,1823.28,65212,95930,0.4609053497942437,0
2023-07-28 10:58:16,1830.9,112918,10,1823.28,65194,95905,0.4609053497942437,0
2023-07-28 10:58:16,1830.9,112918,10,1823.28,65532,95825,0.4609053497942437,0
2023-07-28 10:58:16,1830.9,112918,10,1823.28,65531,95755,0.4609053497942437,0
2023-07-28 10:58:16,1830.9,112918,10,1823.28,65701,95773,0.4609053497942437,0
2023-07-28 10:58:16,1830.9,112918,10,1823.28,65702,95778,0.4609053497942437,0
2023-07-28 10:58:23,1830.3,112943,1,1823.28,65554,95728,0.4279835390946477,0
2023-07-28 10:58:23,1830.3,112943,1,1823.28,65526,95704,0.4279835390946477,0
2023-07-28 10:58:23,1830.3,112943,1,1823.28,65373,95661,0.4279835390946477,0
2023-07-28 10:58:23,1830.3,112943,1,1823.28,65372,95666,0.4279835390946477,0
2023-07-28 10:58:27,1830.85,113253,310,1823.31,65655,95447,0.45816186556926797,0
2023-07-28 10:58:27,1830.85,113253,310,1823.31,65939,95503,0.45816186556926797,0
2023-07-28 10:58:27,1830.85,113253,310,1823.31,65734,95503,0.45816186556926797,0
2023-07-28 10:58:27,1830.85,113253,310,1823.31,65973,95525,0.45816186556926797,0
2023-07-28 10:58:27,1830.9,113253,165,1823.31,65996,95525,0.4609053497942437,0
2023-07-28 10:58:33,1831.0,113418,150,1823.32,65898,95527,0.4663923182441701,0
2023-07-28 10:58:34,1831.0,113698,150,1823.34,66233,95224,0.4663923182441701,0
2023-07-28 10:58:34,1831.0,113698,150,1823.34,66234,95248,0.4663923182441701,0
2023-07-28 10:58:34,1831.0,113698,150,1823.34,66207,95276,0.4663923182441701,0
2023-07-28 10:58:34,1831.0,113698,150,1823.34,66207,95276,0.4663923182441701,0
2023-07-28 10:58:39,1831.1,113893,195,1823.35,66025,95270,0.4718792866940965,0
2023-07-28 10:58:39,1831.1,113893,195,1823.35,66036,95309,0.4718792866940965,0
2023-07-28 10:58:39,1831.1,113893,195,1823.35,66009,95322,0.4718792866940965,0
2023-07-28 10:58:39,1831.1,113893,195,1823.35,65902,95363,0.4718792866940965,0
2023-07-28 10:58:39,1831.1,113893,195,1823.35,65874,95418,0.4718792866940965,0
2023-07-28 10:58:39,1831.1,113893,195,1823.35,65812,95497,0.4718792866940965,0
2023-07-28 10:58:39,1831.1,113893,195,1823.35,65912,95497,0.4718792866940965,0
2023-07-28 10:58:39,1831.1,113893,195,1823.35,65936,95497,0.4718792866940965,0
2023-07-28 10:58:39,1831.1,113893,195,1823.35,65936,95503,0.4718792866940965,0
2023-07-28 10:58:39,1831.1,113893,195,1823.35,65936,95503,0.4718792866940965,0
2023-07-28 10:58:39,1831.1,113893,195,1823.35,65936,95503,0.4718792866940965,0
2023-07-28 10:58:51,1830.65,113908,15,1823.35,65928,95529,0.44718792866941515,0
2023-07-28 10:58:51,1830.65,113908,15,1823.35,65928,95529,0.44718792866941515,0
2023-07-28 10:58:51,1830.65,113908,15,1823.35,65946,95528,0.44718792866941515,0
2023-07-28 10:58:53,1831.1,113909,1,1823.35,65948,95527,0.4718792866940965,0
2023-07-28 10:58:53,1831.1,113909,1,1823.35,65676,95527,0.4718792866940965,0
2023-07-28 10:58:53,1831.1,113909,1,1823.35,65708,95546,0.4718792866940965,0
2023-07-28 10:58:53,1831.1,113909,1,1823.35,65810,95212,0.4718792866940965,0
2023-07-28 10:58:53,1831.1,113909,1,1823.35,65810,95390,0.4718792866940965,0
2023-07-28 10:58:53,1831.1,113909,1,1823.35,65810,95423,0.4718792866940965,0
2023-07-28 10:58:53,1831.1,113909,1,1823.35,65779,95459,0.4718792866940965,0
2023-07-28 10:58:53,1831.1,113909,1,1823.35,65780,95454,0.4718792866940965,0
2023-07-28 10:58:53,1831.1,113909,1,1823.35,65723,95468,0.4718792866940965,0
2023-07-28 10:59:03,1830.3,113919,7,1823.35,65671,95490,0.4279835390946477,0
2023-07-28 10:59:03,1830.3,113919,7,1823.35,65672,95490,0.4279835390946477,0
2023-07-28 10:59:03,1830.3,113919,7,1823.35,65700,95490,0.4279835390946477,0
2023-07-28 10:59:03,1830.3,113919,7,1823.35,65700,95533,0.4279835390946477,0
2023-07-28 10:59:03,1830.3,113919,7,1823.35,65700,95591,0.4279835390946477,0
2023-07-28 10:59:08,1830.3,113920,1,1823.35,65695,95587,0.4279835390946477,0
2023-07-28 10:59:09,1831.05,113945,5,1823.35,65728,95539,0.46913580246913333,0
2023-07-28 10:59:09,1831.05,113945,5,1823.35,65728,95539,0.46913580246913333,0
2023-07-28 10:59:09,1831.1,113945,3,1823.35,65728,95539,0.4718792866940965,0
2023-07-28 10:59:11,1831.1,113948,3,1823.35,65728,95564,0.4718792866940965,0
2023-07-28 10:59:11,1831.1,113948,3,1823.35,65702,95592,0.4718792866940965,0
2023-07-28 10:59:11,1831.1,113948,3,1823.35,65677,95597,0.4718792866940965,0
2023-07-28 10:59:11,1831.1,113948,3,1823.35,65656,95604,0.4718792866940965,0
2023-07-28 10:59:11,1831.1,113948,3,1823.35,65662,95595,0.4718792866940965,0
2023-07-28 10:59:11,1831.1,113948,3,1823.35,65716,95573,0.4718792866940965,0
2023-07-28 10:59:11,1831.1,113948,3,1823.35,65721,95552,0.4718792866940965,0
2023-07-28 10:59:11,1831.1,113948,3,1823.35,65721,95579,0.4718792866940965,0
2023-07-28 10:59:11,1831.1,113948,3,1823.35,65981,95580,0.4718792866940965,0
2023-07-28 10:59:11,1831.1,113948,3,1823.35,65981,95580,0.4718792866940965,0
2023-07-28 10:59:11,1831.1,113948,3,1823.35,65989,95559,0.4718792866940965,0
2023-07-28 10:59:11,1831.1,113948,3,1823.35,65989,95559,0.4718792866940965,0
2023-07-28 10:59:11,1831.1,113948,3,1823.35,65994,95530,0.4718792866940965,0
2023-07-28 10:59:11,1831.1,113948,3,1823.35,65994,95530,0.4718792866940965,0
2023-07-28 10:59:11,1831.1,113948,3,1823.35,66000,95560,0.4718792866940965,0
2023-07-28 10:59:11,1831.1,113948,3,1823.35,66000,95560,0.4718792866940965,0
2023-07-28 10:59:11,1831.1,113948,3,1823.35,66000,95560,0.4718792866940965,0
2023-07-28 10:59:11,1831.1,113948,3,1823.35,66000,95560,0.4718792866940965,0
2023-07-28 10:59:11,1831.1,113948,3,1823.35,66000,95560,0.4718792866940965,0
2023-07-28 10:59:11,1831.1,113948,3,1823.35,66000,95430,0.4718792866940965,0
2023-07-28 10:59:11,1831.1,113948,3,1823.35,66053,95470,0.4718792866940965,0
2023-07-28 10:59:11,1831.1,113948,3,1823.35,66049,95493,0.4718792866940965,0
2023-07-28 10:59:31,1830.3,113959,1,1823.35,65961,95541,0.4279835390946477,0
2023-07-28 10:59:31,1830.3,113959,1,1823.35,65957,95541,0.4279835390946477,0
2023-07-28 10:59:31,1830.3,113959,1,1823.35,65957,95541,0.4279835390946477,0
2023-07-28 10:59:31,1830.3,113959,1,1823.35,65926,95541,0.4279835390946477,0
2023-07-28 10:59:31,1830.3,113959,1,1823.35,65935,95531,0.4279835390946477,0
2023-07-28 10:59:31,1830.3,113959,1,1823.35,65938,95543,0.4279835390946477,0
2023-07-28 10:59:31,1830.3,113959,1,1823.35,65948,95543,0.4279835390946477,0
2023-07-28 10:59:31,1830.3,113959,1,1823.35,65938,95543,0.4279835390946477,0
2023-07-28 10:59:31,1830.3,113959,1,1823.35,65973,95530,0.4279835390946477,0
2023-07-28 10:59:31,1830.3,113959,1,1823.35,65927,95530,0.4279835390946477,0
2023-07-28 10:59:31,1830.2,113959,8,1823.35,65927,95535,0.4224965706447213,0
2023-07-28 10:59:47,1830.2,113989,8,1823.35,65916,95568,0.4224965706447213,0
2023-07-28 10:59:47,1830.2,113989,8,1823.35,65916,95568,0.4224965706447213,0
2023-07-28 10:59:47,1830.2,113989,8,1823.35,65916,95568,0.4224965706447213,0
2023-07-28 10:59:47,1830.2,113989,8,1823.35,65935,95568,0.4224965706447213,0
2023-07-28 10:59:47,1830.2,113989,8,1823.35,65912,95542,0.4224965706447213,0
2023-07-28 10:59:47,1830.95,113989,1,1823.35,65913,95542,0.46364883401920687,0
2023-07-28 10:59:47,1831.0,113989,1,1823.35,65913,95542,0.4663923182441701,0
2023-07-28 10:59:47,1831.0,113989,1,1823.35,65913,95542,0.4663923182441701,0
2023-07-28 11:00:02,1831.0,114017,1,1823.36,65939,95496,0.4663923182441701,0
2023-07-28 11:00:02,1831.0,114017,1,1823.36,65942,95496,0.4663923182441701,0
2023-07-28 11:00:02,1831.0,114017,1,1823.36,65944,95496,0.4663923182441701,0
2023-07-28 11:00:02,1830.15,114017,10,1823.36,65944,95496,0.41975308641975806,0
2023-07-28 11:00:02,1830.15,114017,5,1823.36,65944,95496,0.41975308641975806,0
2023-07-28 11:00:02,1831.1,114017,65,1823.36,65944,95496,0.4718792866940965,0
2023-07-28 11:00:11,1831.45,114224,10,1823.37,66224,95430,0.49108367626886396,0
2023-07-28 11:00:14,1830.55,114235,1,1823.37,66443,95348,0.44170096021947625,0
2023-07-28 11:00:14,1830.55,114235,1,1823.37,66288,95479,0.44170096021947625,0
2023-07-28 11:00:14,1831.75,114235,1,1823.37,66288,95479,0.5075445816186557,0
2023-07-28 11:00:24,1831.75,114236,1,1823.37,66533,95617,0.5075445816186557,0
2023-07-28 11:00:24,1831.75,114236,1,1823.37,66553,95435,0.5075445816186557,0
2023-07-28 11:00:24,1831.75,114236,1,1823.37,66695,95562,0.5075445816186557,0
2023-07-28 11:00:24,1831.05,114236,4,1823.37,66695,95562,0.46913580246913333,0
2023-07-28 11:00:24,1830.9,114236,2,1823.37,66695,95562,0.4609053497942437,0
2023-07-28 11:00:33,1830.9,114286,2,1823.37,66765,95540,0.4609053497942437,0
2023-07-28 11:00:33,1830.9,114286,2,1823.37,66573,95503,0.4609053497942437,0
2023-07-28 11:00:33,1831.75,114286,5,1823.37,66573,95503,0.5075445816186557,0
2023-07-28 11:00:48,1831.75,114291,5,1823.37,66535,95701,0.5075445816186557,0
2023-07-28 11:00:48,1831.75,114291,5,1823.37,66667,95677,0.5075445816186557,0
2023-07-28 11:00:48,1831.75,114291,5,1823.37,66677,95491,0.5075445816186557,0
2023-07-28 11:00:48,1831.75,114291,5,1823.37,66633,95562,0.5075445816186557,0
2023-07-28 11:00:48,1831.75,114291,5,1823.37,66550,95512,0.5075445816186557,0
2023-07-28 11:00:48,1831.75,114291,5,1823.37,66434,95521,0.5075445816186557,0
2023-07-28 11:00:48,1831.75,114291,5,1823.37,66502,95515,0.5075445816186557,0
2023-07-28 11:00:48,1831.75,114291,5,1823.37,66537,95546,0.5075445816186557,0
2023-07-28 11:00:48,1831.75,114291,5,1823.37,66530,95526,0.5075445816186557,0
2023-07-28 11:00:48,1831.75,114291,5,1823.37,66525,95507,0.5075445816186557,0
2023-07-28 11:00:48,1831.75,114291,5,1823.37,66525,95516,0.5075445816186557,0
2023-07-28 11:00:48,1831.75,114291,5,1823.37,66509,95544,0.5075445816186557,0
2023-07-28 11:00:48,1831.75,114291,5,1823.37,66511,95536,0.5075445816186557,0
2023-07-28 11:00:48,1831.75,114291,5,1823.37,66516,95506,0.5075445816186557,0
2023-07-28 11:00:48,1831.75,114291,5,1823.37,66516,95534,0.5075445816186557,0
2023-07-28 11:00:48,1831.75,114291,5,1823.37,66577,95461,0.5075445816186557,0
2023-07-28 11:00:48,1831.75,114291,5,1823.37,66554,95488,0.5075445816186557,0
2023-07-28 11:00:48,1831.75,114291,5,1823.37,66526,95538,0.5075445816186557,0
2023-07-28 11:00:48,1831.75,114291,5,1823.37,66521,95538,0.5075445816186557,0
2023-07-28 11:00:48,1831.75,114291,5,1823.37,66559,95334,0.5075445816186557,0
2023-07-28 11:00:48,1831.75,114291,5,1823.37,66604,95429,0.5075445816186557,0
2023-07-28 11:00:48,1831.75,114291,5,1823.37,66563,95460,0.5075445816186557,0
2023-07-28 11:01:25,1831.75,114292,1,1823.37,66592,95411,0.5075445816186557,0
2023-07-28 11:01:25,1831.75,114292,1,1823.37,66559,95441,0.5075445816186557,0
2023-07-28 11:01:25,1831.75,114292,1,1823.37,66559,95441,0.5075445816186557,0
2023-07-28 11:01:25,1831.75,114292,1,1823.37,66559,95449,0.5075445816186557,0
2023-07-28 11:01:25,1831.75,114292,1,1823.37,66539,95429,0.5075445816186557,0
2023-07-28 11:01:25,1831.75,114292,1,1823.37,66645,95372,0.5075445816186557,0
2023-07-28 11:01:25,1831.75,114292,1,1823.37,66645,95371,0.5075445816186557,0
2023-07-28 11:01:25,1831.75,114292,1,1823.37,66677,95389,0.5075445816186557,0
2023-07-28 11:01:25,1831.75,114292,1,1823.37,66703,95453,0.5075445816186557,0
2023-07-28 11:01:25,1831.75,114292,1,1823.37,66629,95508,0.5075445816186557,0
2023-07-28 11:01:25,1831.75,114292,1,1823.37,66672,95474,0.5075445816186557,0
2023-07-28 11:01:25,1831.75,114292,1,1823.37,66642,95507,0.5075445816186557,0
2023-07-28 11:01:25,1831.75,114292,1,1823.37,66638,95543,0.5075445816186557,0
2023-07-28 11:01:38,1830.95,114330,3,1823.38,66513,95583,0.46364883401920687,0
2023-07-28 11:01:38,1830.95,114330,3,1823.38,66510,95618,0.46364883401920687,0
2023-07-28 11:01:38,1830.95,114330,3,1823.38,66508,95557,0.46364883401920687,0
2023-07-28 11:01:38,1830.95,114330,3,1823.38,66509,95557,0.46364883401920687,0
2023-07-28 11:01:44,1830.9,114380,2,1823.38,66485,95535,0.4609053497942437,0
2023-07-28 11:01:44,1830.9,114380,2,1823.38,66486,95551,0.4609053497942437,0
2023-07-28 11:01:44,1830.9,114380,2,1823.38,66483,95571,0.4609053497942437,0
2023-07-28 11:01:44,1830.9,114380,2,1823.38,66418,95575,0.4609053497942437,0
2023-07-28 11:01:44,1830.9,114380,2,1823.38,66446,95588,0.4609053497942437,0
2023-07-28 11:01:44,1830.9,114380,2,1823.38,66479,95588,0.4609053497942437,0
2023-07-28 11:01:55,1831.7,114381,1,1823.38,66450,95344,0.5048010973936925,0
2023-07-28 11:01:55,1831.7,114381,1,1823.38,66515,95313,0.5048010973936925,0
2023-07-28 11:01:55,1831.7,114381,1,1823.38,66568,95312,0.5048010973936925,0
2023-07-28 11:01:55,1831.7,114381,1,1823.38,66560,95312,0.5048010973936925,0
2023-07-28 11:01:55,1831.7,114381,1,1823.38,66540,95354,0.5048010973936925,0
2023-07-28 11:01:55,1831.7,114381,1,1823.38,66540,95398,0.5048010973936925,0
2023-07-28 11:01:55,1831.7,114381,1,1823.38,66540,95386,0.5048010973936925,0
2023-07-28 11:01:55,1831.7,114381,1,1823.38,66530,95386,0.5048010973936925,0
2023-07-28 11:01:55,1831.7,114381,1,1823.38,66530,95386,0.5048010973936925,0
2023-07-28 11:01:55,1831.7,114381,1,1823.38,66530,95386,0.5048010973936925,0
2023-07-28 11:01:55,1831.7,114381,1,1823.38,66535,95396,0.5048010973936925,0
2023-07-28 11:01:55,1830.85,114381,5,1823.38,66535,95396,0.45816186556926797,0
2023-07-28 11:02:09,1830.85,114406,5,1823.38,66359,95465,0.45816186556926797,0
2023-07-28 11:02:09,1830.85,114406,5,1823.38,66387,95465,0.45816186556926797,0
2023-07-28 11:02:09,1830.85,114406,5,1823.38,66334,95465,0.45816186556926797,0
2023-07-28 11:02:09,1830.85,114406,5,1823.38,66334,95465,0.45816186556926797,0
2023-07-28 11:02:09,1830.85,114406,5,1823.38,66412,95289,0.45816186556926797,0
2023-07-28 11:02:09,1830.85,114406,5,1823.38,66387,95370,0.45816186556926797,0
2023-07-28 11:02:09,1830.85,114406,5,1823.38,66397,95375,0.45816186556926797,0
2023-07-28 11:02:09,1830.85,114406,5,1823.38,66502,95375,0.45816186556926797,0
2023-07-28 11:02:09,1830.85,114406,5,1823.38,66461,95363,0.45816186556926797,0
2023-07-28 11:02:09,1830.85,114406,5,1823.38,66471,95397,0.45816186556926797,0
2023-07-28 11:02:09,1830.85,114406,5,1823.38,66471,95412,0.45816186556926797,0
2023-07-28 11:02:09,1830.85,114406,5,1823.38,66471,95412,0.45816186556926797,0
2023-07-28 11:02:09,1830.85,114406,5,1823.38,66471,95412,0.45816186556926797,0
2023-07-28 11:02:09,1831.75,114406,1,1823.38,66471,95412,0.5075445816186557,0
2023-07-28 11:02:23,1831.75,114407,1,1823.38,66534,95404,0.5075445816186557,0
2023-07-28 11:02:23,1831.75,114407,1,1823.38,66534,95404,0.5075445816186557,0
2023-07-28 11:02:23,1831.75,114407,1,1823.38,66534,95404,0.5075445816186557,0
2023-07-28 11:02:23,1831.75,114407,1,1823.38,66534,95404,0.5075445816186557,0
2023-07-28 11:02:23,1831.75,114407,1,1823.38,66534,95414,0.5075445816186557,0
2023-07-28 11:02:23,1831.75,114407,1,1823.38,66493,95443,0.5075445816186557,0
2023-07-28 11:02:23,1831.75,114407,1,1823.38,66493,95443,0.5075445816186557,0
2023-07-28 11:02:28,1830.75,114447,3,1823.38,66501,95465,0.45267489711934156,0
2023-07-28 11:02:28,1830.75,114447,3,1823.38,66502,95465,0.45267489711934156,0
2023-07-28 11:02:28,1830.75,114447,3,1823.38,66397,95465,0.45267489711934156,0
2023-07-28 11:02:28,1830.75,114447,3,1823.38,66397,95665,0.45267489711934156,0
2023-07-28 11:02:28,1830.75,114447,3,1823.38,66394,95704,0.45267489711934156,0
2023-07-28 11:02:28,1830.75,114447,3,1823.38,66394,95704,0.45267489711934156,0
2023-07-28 11:02:40,1831.75,114497,8,1823.39,66466,95645,0.5075445816186557,0
2023-07-28 11:02:40,1831.75,114497,8,1823.39,66467,95640,0.5075445816186557,0
2023-07-28 11:02:40,1831.75,114497,8,1823.39,66523,95609,0.5075445816186557,0
2023-07-28 11:02:40,1831.75,114497,8,1823.39,66545,95609,0.5075445816186557,0
2023-07-28 11:02:40,1831.75,114497,8,1823.39,66523,95609,0.5075445816186557,0
2023-07-28 11:02:46,1830.85,114507,9,1823.39,66514,95610,0.45816186556926797,0
2023-07-28 11:02:46,1830.85,114507,9,1823.39,66515,95610,0.45816186556926797,0
2023-07-28 11:02:46,1830.85,114507,9,1823.39,66498,95610,0.45816186556926797,0
2023-07-28 11:02:46,1830.85,114507,9,1823.39,66440,95646,0.45816186556926797,0
2023-07-28 11:02:46,1830.85,114507,9,1823.39,66468,95651,0.45816186556926797,0
2023-07-28 11:02:46,1830.9,114507,10,1823.39,66468,95651,0.4609053497942437,0
2023-07-28 11:02:53,1830.9,114992,10,1823.43,66462,95473,0.4609053497942437,0
2023-07-28 11:02:54,1832.05,115024,3,1823.43,66591,95363,0.5240054869684474,0
2023-07-28 11:02:55,1832.1,115026,2,1823.43,66749,95331,0.5267489711934107,0
2023-07-28 11:02:55,1832.1,115026,2,1823.43,66719,95332,0.5267489711934107,0
2023-07-28 11:02:55,1832.1,115026,2,1823.43,66755,95379,0.5267489711934107,0
2023-07-28 11:02:55,1832.1,115026,2,1823.43,66755,95380,0.5267489711934107,0
2023-07-28 11:02:55,1832.1,115026,2,1823.43,66768,95371,0.5267489711934107,0
2023-07-28 11:02:55,1832.1,115026,2,1823.43,66723,95394,0.5267489711934107,0
2023-07-28 11:02:55,1832.1,115026,2,1823.43,66681,95469,0.5267489711934107,0
2023-07-28 11:02:55,1832.1,115026,2,1823.43,66666,95582,0.5267489711934107,0
2023-07-28 11:02:55,1832.1,115026,2,1823.43,66712,95550,0.5267489711934107,0
2023-07-28 11:02:55,1831.25,115026,6,1823.43,66712,95550,0.48010973936899864,0
2023-07-28 11:03:10,1831.25,115036,6,1823.43,66663,95634,0.48010973936899864,0
2023-07-28 11:03:10,1831.25,115036,6,1823.43,66711,95631,0.48010973936899864,0
2023-07-28 11:03:10,1831.65,115036,330,1823.43,66711,95631,0.5020576131687293,0
2023-07-28 11:03:16,1831.65,116464,330,1823.53,66475,95814,0.5020576131687293,0
2023-07-28 11:03:16,1831.65,116464,330,1823.53,66468,95815,0.5020576131687293,0
2023-07-28 11:03:16,1831.35,116464,10,1823.53,66468,95815,0.48559670781892506,0
2023-07-28 11:03:27,1831.35,116474,10,1823.53,66514,95724,0.48559670781892506,0
2023-07-28 11:03:27,1831.2,116474,3,1823.53,66514,95724,0.4773662551440354,0
2023-07-28 11:03:31,1831.7,116577,22,1823.53,66570,95681,0.5048010973936925,0
2023-07-28 11:03:31,1831.7,116577,22,1823.53,66592,95725,0.5048010973936925,0
2023-07-28 11:03:31,1831.7,116577,22,1823.53,66559,95806,0.5048010973936925,0
2023-07-28 11:03:31,1831.7,116577,22,1823.53,66548,95861,0.5048010973936925,0
2023-07-28 11:03:31,1831.7,116577,22,1823.53,66583,95841,0.5048010973936925,0
2023-07-28 11:03:31,1831.7,116577,22,1823.53,66518,96154,0.5048010973936925,0
2023-07-28 11:03:31,1831.7,116577,22,1823.53,66524,96088,0.5048010973936925,0
2023-07-28 11:03:31,1831.7,116577,22,1823.53,66476,96047,0.5048010973936925,0
2023-07-28 11:03:31,1831.5,116577,1,1823.53,66600,96109,0.49382716049382713,0
2023-07-28 11:04:03,1831.5,116578,1,1823.53,66556,96192,0.49382716049382713,0
2023-07-28 11:04:03,1831.5,116578,152,1823.53,66556,96192,0.49382716049382713,0
2023-07-28 11:04:10,1831.7,116829,17,1823.55,66705,95854,0.5048010973936925,0
2023-07-28 11:04:10,1831.7,116829,14,1823.55,66705,95854,0.5048010973936925,0
2023-07-28 11:04:15,1831.65,116875,5,1823.55,66705,95757,0.5020576131687293,0
2023-07-28 11:04:15,1832.0,116875,100,1823.55,66705,95757,0.5212620027434842,0
2023-07-28 11:04:16,1832.0,117099,16,1823.57,66365,95664,0.5212620027434842,0
2023-07-28 11:04:16,1831.25,117099,4,1823.57,66365,95664,0.48010973936899864,0
2023-07-28 11:04:22,1831.25,117122,4,1823.57,66358,95702,0.48010973936899864,0
2023-07-28 11:04:22,1831.25,117122,2,1823.57,66358,95702,0.48010973936899864,0
2023-07-28 11:04:26,1831.25,117124,2,1823.57,66248,95953,0.48010973936899864,0
2023-07-28 11:04:26,1831.25,117124,2,1823.57,66291,95941,0.48010973936899864,0
2023-07-28 11:04:26,1831.25,117124,2,1823.57,66153,95943,0.48010973936899864,0
2023-07-28 11:04:26,1831.25,117124,2,1823.57,66182,96023,0.48010973936899864,0
2023-07-28 11:04:26,1831.25,117124,2,1823.57,66068,96099,0.48010973936899864,0
2023-07-28 11:04:26,1831.25,117124,2,1823.57,66101,96047,0.48010973936899864,0
2023-07-28 11:04:26,1831.25,117124,2,1823.57,66111,96374,0.48010973936899864,0
2023-07-28 11:04:26,1831.25,117124,2,1823.57,66395,96364,0.48010973936899864,0
2023-07-28 11:04:26,1831.25,117124,2,1823.57,66393,96419,0.48010973936899864,0
2023-07-28 11:04:26,1831.25,117124,2,1823.57,66103,96477,0.48010973936899864,0
2023-07-28 11:04:26,1831.25,117124,2,1823.57,66054,96500,0.48010973936899864,0
2023-07-28 11:04:26,1831.25,117124,2,1823.57,66167,96325,0.48010973936899864,0
2023-07-28 11:04:26,1831.25,117124,2,1823.57,66167,96325,0.48010973936899864,0
2023-07-28 11:04:26,1831.25,117124,2,1823.57,66167,96325,0.48010973936899864,0
2023-07-28 11:04:26,1831.25,117124,2,1823.57,66167,96325,0.48010973936899864,0
2023-07-28 11:04:26,1831.25,117124,2,1823.57,66167,96325,0.48010973936899864,0
2023-07-28 11:04:26,1831.25,117124,2,1823.57,66167,96325,0.48010973936899864,0
2023-07-28 11:04:26,1831.25,117124,2,1823.57,66167,96325,0.48010973936899864,0
2023-07-28 11:04:26,1831.25,117124,2,1823.57,66167,96325,0.48010973936899864,0
2023-07-28 11:04:26,1831.25,117124,2,1823.57,66167,96325,0.48010973936899864,0
2023-07-28 11:04:26,1831.25,117124,2,1823.57,66126,96332,0.48010973936899864,0
2023-07-28 11:05:31,1830.55,117224,1,1823.58,66100,96507,0.44170096021947625,0
2023-07-28 11:05:31,1831.5,117224,3,1823.58,66100,96507,0.49382716049382713,0
2023-07-28 11:05:31,1830.65,117224,5,1823.58,66100,96507,0.44718792866941515,0
2023-07-28 11:05:34,1830.55,117235,1,1823.58,66065,96645,0.44170096021947625,0
2023-07-28 11:05:34,1831.35,117235,293,1823.58,66065,96645,0.48559670781892506,0
2023-07-28 11:05:37,1831.3,117715,1,1823.61,65762,96883,0.4828532235939618,0
2023-07-28 11:05:41,1831.3,117744,2,1823.61,65790,96793,0.4828532235939618,0
2023-07-28 11:05:45,1831.3,117746,2,1823.61,65790,96680,0.4828532235939618,0
2023-07-28 11:05:45,1831.3,117746,2,1823.61,65776,96631,0.4828532235939618,0
2023-07-28 11:05:45,1830.5,117746,1,1823.61,65776,96631,0.438957475994513,0
2023-07-28 11:06:00,1830.5,117752,1,1823.61,64918,97207,0.438957475994513,0
2023-07-28 11:06:00,1830.1,117752,1,1823.61,65179,96979,0.4170096021947824,0
2023-07-28 11:06:06,1830.1,117753,1,1823.61,65179,97013,0.4170096021947824,0
2023-07-28 11:06:06,1830.1,117753,1,1823.61,65233,97045,0.4170096021947824,0
2023-07-28 11:06:06,1830.55,117753,1,1823.61,65233,97045,0.44170096021947625,0
2023-07-28 11:06:15,1830.55,117754,1,1823.61,65225,97110,0.44170096021947625,0
2023-07-28 11:06:15,1830.55,117754,1,1823.61,65148,97162,0.44170096021947625,0
2023-07-28 11:06:15,1830.55,117754,1,1823.61,65171,97142,0.44170096021947625,0
2023-07-28 11:06:15,1830.1,117754,11,1823.61,65171,97142,0.4170096021947824,0
2023-07-28 11:06:30,1830.1,117765,11,1823.61,65137,97182,0.4170096021947824,0
2023-07-28 11:06:34,1830.0,117876,71,1823.62,65091,97205,0.411522633744856,0
2023-07-28 11:06:34,1830.0,117876,10,1823.62,65091,97205,0.411522633744856,0
2023-07-28 11:06:34,1830.0,117876,20,1823.62,65091,97205,0.411522633744856,0
2023-07-28 11:06:35,1830.0,118080,20,1823.63,64411,97248,0.411522633744856,0
2023-07-28 11:06:35,1829.95,118080,6,1823.63,64411,97248,0.40877914951989275,0
2023-07-28 11:06:41,1829.0,118117,4,1823.63,63142,96855,0.35665294924554186,0
2023-07-28 11:06:41,1829.0,118117,4,1823.63,63243,96778,0.35665294924554186,0
2023-07-28 11:06:41,1829.0,118117,4,1823.63,63077,96908,0.35665294924554186,0
2023-07-28 11:06:41,1829.0,118117,4,1823.63,63788,96598,0.35665294924554186,0
2023-07-28 11:06:41,1829.0,118117,4,1823.63,63732,96631,0.35665294924554186,0
2023-07-28 11:06:41,1829.0,118117,4,1823.63,63730,96608,0.35665294924554186,0
2023-07-28 11:06:41,1829.0,118117,4,1823.63,63724,96484,0.35665294924554186,0
2023-07-28 11:06:41,1829.0,118117,4,1823.63,63721,96484,0.35665294924554186,0
2023-07-28 11:06:41,1829.0,118117,4,1823.63,63721,96451,0.35665294924554186,0
2023-07-28 11:06:41,1829.0,118117,4,1823.63,63721,96451,0.35665294924554186,0
2023-07-28 11:06:41,1829.0,118117,4,1823.63,63721,96267,0.35665294924554186,0
2023-07-28 11:06:41,1829.0,118117,4,1823.63,63716,96267,0.35665294924554186,0
2023-07-28 11:06:41,1829.0,118117,4,1823.63,63726,96284,0.35665294924554186,0
2023-07-28 11:06:41,1829.0,118117,4,1823.63,63450,96548,0.35665294924554186,0
2023-07-28 11:06:41,1829.0,118117,4,1823.63,63502,96464,0.35665294924554186,0
2023-07-28 11:06:41,1829.0,118117,4,1823.63,63506,96464,0.35665294924554186,0
2023-07-28 11:06:41,1829.0,118117,4,1823.63,63501,96464,0.35665294924554186,0
2023-07-28 11:06:41,1829.0,118117,4,1823.63,63554,96568,0.35665294924554186,0
2023-07-28 11:06:41,1829.0,118117,4,1823.63,63577,96568,0.35665294924554186,0
2023-07-28 11:06:41,1829.0,118117,4,1823.63,63599,96497,0.35665294924554186,0
2023-07-28 11:06:41,1829.0,118117,4,1823.63,63565,96567,0.35665294924554186,0
2023-07-28 11:06:41,1829.0,118117,4,1823.63,63558,96635,0.35665294924554186,0
2023-07-28 11:06:41,1829.0,118117,4,1823.63,63473,96613,0.35665294924554186,0
2023-07-28 11:06:41,1829.3,118117,98,1823.63,63378,96584,0.3731138545953336,0
2023-07-28 11:07:35,1829.75,118455,6,1823.65,64081,95847,0.39780521262002744,0
2023-07-28 11:07:36,1829.75,118461,6,1823.65,64157,95851,0.39780521262002744,0
2023-07-28 11:07:36,1829.75,118461,6,1823.65,63963,95810,0.39780521262002744,0
2023-07-28 11:07:36,1829.4,118461,125,1823.65,63963,95810,0.3786008230452725,0
2023-07-28 11:07:40,1830.35,118775,49,1823.66,63697,95799,0.43072702331961094,0
2023-07-28 11:07:40,1830.45,118775,11,1823.66,63697,95799,0.43621399176954984,0
2023-07-28 11:07:40,1830.45,118796,11,1823.67,63733,95747,0.43621399176954984,0
2023-07-28 11:07:40,1830.45,118796,2,1823.67,63733,95747,0.43621399176954984,0
2023-07-28 11:07:41,1830.45,118798,2,1823.67,63798,95776,0.43621399176954984,0
2023-07-28 11:07:41,1830.45,118798,2,1823.67,63808,95776,0.43621399176954984,0
2023-07-28 11:07:41,1830.45,118798,2,1823.67,63810,95776,0.43621399176954984,0
2023-07-28 11:07:41,1830.45,118798,2,1823.67,63802,95836,0.43621399176954984,0
2023-07-28 11:07:41,1830.45,118798,2,1823.67,63810,95887,0.43621399176954984,0
2023-07-28 11:07:41,1830.45,118798,2,1823.67,63809,95888,0.43621399176954984,0
2023-07-28 11:07:41,1830.45,118798,2,1823.67,63919,96288,0.43621399176954984,0
2023-07-28 11:07:51,1830.35,119025,177,1823.68,63880,96206,0.43072702331961094,0
2023-07-28 11:07:51,1830.55,119040,1,1823.68,64024,96164,0.44170096021947625,0
2023-07-28 11:07:52,1830.55,119041,1,1823.68,64030,96163,0.44170096021947625,0
2023-07-28 11:07:52,1830.55,119041,1,1823.68,64030,96163,0.44170096021947625,0
2023-07-28 11:07:52,1830.55,119041,1,1823.68,63999,96191,0.44170096021947625,0
2023-07-28 11:07:52,1830.55,119041,1,1823.68,64054,96149,0.44170096021947625,0
2023-07-28 11:07:52,1830.55,119041,1,1823.68,64081,96146,0.44170096021947625,0
2023-07-28 11:07:52,1830.55,119041,1,1823.68,64081,96141,0.44170096021947625,0
2023-07-28 11:07:52,1830.55,119041,1,1823.68,64081,96141,0.44170096021947625,0
2023-07-28 11:07:52,1830.55,119041,1,1823.68,64023,96210,0.44170096021947625,0
2023-07-28 11:07:52,1830.55,119041,1,1823.68,63911,96274,0.44170096021947625,0
2023-07-28 11:07:52,1830.55,119041,1,1823.68,64943,95704,0.44170096021947625,0
2023-07-28 11:07:52,1830.55,119041,1,1823.68,64836,95686,0.44170096021947625,0
2023-07-28 11:07:52,1830.55,119041,1,1823.68,64832,95720,0.44170096021947625,0
2023-07-28 11:07:52,1830.55,119041,1,1823.68,64832,95721,0.44170096021947625,0
2023-07-28 11:07:52,1830.35,119041,18,1823.68,64832,95721,0.43072702331961094,0
2023-07-28 11:08:17,1830.35,119071,18,1823.68,65161,95628,0.43072702331961094,0
2023-07-28 11:08:17,1831.0,119071,2,1823.68,65161,95628,0.4663923182441701,0
2023-07-28 11:08:18,1831.0,119073,2,1823.68,65015,96431,0.4663923182441701,0
2023-07-28 11:08:18,1831.0,119073,2,1823.68,65015,96431,0.4663923182441701,0
2023-07-28 11:08:18,1831.0,119073,2,1823.68,65015,96431,0.4663923182441701,0
2023-07-28 11:08:18,1831.0,119073,2,1823.68,65015,96431,0.4663923182441701,0
2023-07-28 11:08:18,1831.0,119073,2,1823.68,65015,96431,0.4663923182441701,0
2023-07-28 11:08:18,1831.0,119073,2,1823.68,65060,96358,0.4663923182441701,0
2023-07-28 11:08:18,1831.0,119073,2,1823.68,65060,96358,0.4663923182441701,0
2023-07-28 11:08:18,1831.0,119073,2,1823.68,65060,96358,0.4663923182441701,0
2023-07-28 11:08:18,1831.0,119073,2,1823.68,65060,96358,0.4663923182441701,0
2023-07-28 11:08:18,1831.0,119073,2,1823.68,65060,96358,0.4663923182441701,0
2023-07-28 11:08:18,1831.0,119073,2,1823.68,65108,96374,0.4663923182441701,0
2023-07-28 11:08:18,1831.45,119073,7,1823.68,65108,96374,0.49108367626886396,0
2023-07-28 11:08:30,1831.0,119173,7,1823.69,64991,96488,0.4663923182441701,0
2023-07-28 11:08:34,1831.0,119180,7,1823.69,65020,96475,0.4663923182441701,0
2023-07-28 11:08:34,1831.0,119180,7,1823.69,64950,96525,0.4663923182441701,0
2023-07-28 11:08:34,1831.0,119180,7,1823.69,64486,96561,0.4663923182441701,0
2023-07-28 11:08:34,1831.0,119180,7,1823.69,64544,96635,0.4663923182441701,0
2023-07-28 11:08:34,1830.1,119180,2,1823.69,64544,96635,0.4170096021947824,0
2023-07-28 11:08:51,1830.1,119182,2,1823.69,64569,96551,0.4170096021947824,0
2023-07-28 11:08:51,1830.1,119182,2,1823.69,64595,96554,0.4170096021947824,0
2023-07-28 11:09:01,1830.15,119183,1,1823.69,64601,96742,0.41975308641975806,0
2023-07-28 11:09:01,1830.95,119183,19,1823.69,64601,96742,0.46364883401920687,0
2023-07-28 11:09:01,1830.05,119183,10,1823.69,64601,96742,0.41426611796981916,0
2023-07-28 11:09:03,1830.9,119250,3,1823.69,64685,96742,0.4609053497942437,0
2023-07-28 11:09:05,1830.9,119254,3,1823.69,64772,96681,0.4609053497942437,0
2023-07-28 11:09:05,1830.9,119254,3,1823.69,64820,96706,0.4609053497942437,0
2023-07-28 11:09:05,1830.9,119254,3,1823.69,64820,96697,0.4609053497942437,0
2023-07-28 11:09:05,1830.9,119254,3,1823.69,64820,96697,0.4609053497942437,0
2023-07-28 11:09:05,1830.9,119254,3,1823.69,64754,96719,0.4609053497942437,0
2023-07-28 11:09:05,1830.9,119254,3,1823.69,64740,96771,0.4609053497942437,0
2023-07-28 11:09:05,1830.9,119254,3,1823.69,64694,96637,0.4609053497942437,0
2023-07-28 11:09:05,1830.9,119254,3,1823.69,64637,96703,0.4609053497942437,0
2023-07-28 11:09:05,1830.9,119254,3,1823.69,64673,96707,0.4609053497942437,0
2023-07-28 11:09:05,1830.9,119254,3,1823.69,64669,96717,0.4609053497942437,0
2023-07-28 11:09:05,1830.9,119254,10,1823.69,64673,96688,0.4609053497942437,0
2023-07-28 11:09:17,1830.9,119264,1,1823.69,64670,96678,0.4609053497942437,0
2023-07-28 11:09:18,1830.9,119265,1,1823.69,64723,96637,0.4609053497942437,0
2023-07-28 11:09:18,1830.9,119265,1,1823.69,64723,96628,0.4609053497942437,0
2023-07-28 11:09:18,1830.9,119265,1,1823.69,64722,96628,0.4609053497942437,0
2023-07-28 11:09:18,1830.9,119265,1,1823.69,64750,96822,0.4609053497942437,0
2023-07-28 11:09:18,1830.9,119265,1,1823.69,64750,96813,0.4609053497942437,0
2023-07-28 11:09:18,1830.9,119265,1,1823.69,64750,96823,0.4609053497942437,0
2023-07-28 11:09:18,1830.9,119265,1,1823.69,64750,96807,0.4609053497942437,0
2023-07-28 11:09:18,1830.9,119265,1,1823.69,64750,96813,0.4609053497942437,0
2023-07-28 11:09:18,1830.9,119265,1,1823.69,64755,96813,0.4609053497942437,0
2023-07-28 11:09:18,1830.9,119265,1,1823.69,64758,96818,0.4609053497942437,0
2023-07-28 11:09:18,1830.9,119265,1,1823.69,64790,96770,0.4609053497942437,0
2023-07-28 11:09:45,1830.9,119266,1,1823.69,64790,96742,0.4609053497942437,0
2023-07-28 11:09:47,1830.9,119280,14,1823.69,64975,96629,0.4609053497942437,0
2023-07-28 11:09:47,1830.9,119280,14,1823.69,64996,96629,0.4609053497942437,0
2023-07-28 11:09:49,1830.95,119335,3,1823.7,64943,96675,0.46364883401920687,0
2023-07-28 11:09:49,1830.95,119338,3,1823.7,64974,96672,0.46364883401920687,0
2023-07-28 11:09:49,1830.95,119338,3,1823.7,64974,96642,0.46364883401920687,0
2023-07-28 11:09:49,1830.95,119338,3,1823.7,64993,96620,0.46364883401920687,0
2023-07-28 11:09:55,1831.4,119582,42,1823.71,64846,96437,0.4883401920439007,0
2023-07-28 11:09:55,1831.45,119582,7,1823.71,64846,96437,0.49108367626886396,0
2023-07-28 11:09:55,1831.45,119589,7,1823.71,65216,96242,0.49108367626886396,0
2023-07-28 11:09:55,1831.55,119589,4,1823.71,65216,96242,0.49657064471879037,0
2023-07-28 11:09:56,1831.55,119593,4,1823.71,65217,96395,0.49657064471879037,0
2023-07-28 11:09:56,1831.55,119593,4,1823.71,65174,96655,0.49657064471879037,0
2023-07-28 11:09:59,1831.05,119608,3,1823.71,65105,96702,0.46913580246913333,0
2023-07-28 11:09:59,1831.05,119608,3,1823.71,65127,96703,0.46913580246913333,0
2023-07-28 11:09:59,1831.05,119608,3,1823.71,65127,96703,0.46913580246913333,0
2023-07-28 11:09:59,1831.05,119608,3,1823.71,65005,96994,0.46913580246913333,0
2023-07-28 11:09:59,1831.05,119608,3,1823.71,65064,97139,0.46913580246913333,0
2023-07-28 11:09:59,1831.45,119608,1,1823.71,65064,97139,0.49108367626886396,0
2023-07-28 11:10:05,1831.45,119609,1,1823.71,65079,97184,0.49108367626886396,0
2023-07-28 11:10:05,1831.45,119609,1,1823.71,65051,97184,0.49108367626886396,0
2023-07-28 11:10:05,1831.45,119609,1,1823.71,65051,97184,0.49108367626886396,0
2023-07-28 11:10:05,1831.4,119609,8,1823.71,65051,97184,0.4883401920439007,0
2023-07-28 11:10:14,1831.4,119618,8,1823.71,65127,97035,0.4883401920439007,0
2023-07-28 11:10:14,1830.9,119618,3,1823.71,65127,97035,0.4609053497942437,0
2023-07-28 11:10:17,1830.9,119626,3,1823.71,65081,97304,0.4609053497942437,0
2023-07-28 11:10:17,1830.9,119626,32,1823.71,65081,97304,0.4609053497942437,0
2023-07-28 11:10:17,1830.5,119626,7,1823.71,65081,97304,0.438957475994513,0
2023-07-28 11:10:20,1830.5,119665,7,1823.72,64489,97578,0.438957475994513,0
2023-07-28 11:10:20,1830.0,119665,1,1823.72,64489,97578,0.411522633744856,0
2023-07-28 11:10:24,1830.0,119666,1,1823.72,64567,97441,0.411522633744856,0
2023-07-28 11:10:24,1830.85,119666,30,1823.72,64567,97441,0.45816186556926797,0
2023-07-28 11:10:29,1830.85,119696,30,1823.72,64564,97147,0.45816186556926797,0
2023-07-28 11:10:29,1830.85,119696,30,1823.72,64416,97637,0.45816186556926797,0
2023-07-28 11:10:29,1830.85,119696,30,1823.72,64452,97581,0.45816186556926797,0
2023-07-28 11:10:29,1830.85,119696,23,1823.72,64452,97581,0.45816186556926797,0
2023-07-28 11:10:40,1830.85,119969,23,1823.73,64689,97078,0.45816186556926797,0
2023-07-28 11:10:40,1830.85,119969,23,1823.73,64651,97180,0.45816186556926797,0
2023-07-28 11:10:40,1830.85,119969,23,1823.73,64655,97184,0.45816186556926797,0
2023-07-28 11:10:40,1830.85,119969,23,1823.73,64660,97218,0.45816186556926797,0
2023-07-28 11:10:40,1830.85,119969,23,1823.73,64649,97218,0.45816186556926797,0
2023-07-28 11:10:40,1830.85,119969,23,1823.73,64609,97244,0.45816186556926797,0
2023-07-28 11:11:08,1830.0,120548,451,1823.77,64017,96868,0.411522633744856,0
2023-07-28 11:11:09,1830.0,120578,30,1823.77,64079,96811,0.411522633744856,0
2023-07-28 11:11:09,1830.0,120578,30,1823.77,64110,96731,0.411522633744856,0
2023-07-28 11:11:11,1829.1,120579,1,1823.77,64138,96814,0.36213991769546827,0
2023-07-28 11:11:11,1829.1,120579,1,1823.77,64138,96776,0.36213991769546827,0
2023-07-28 11:11:11,1829.1,120579,1,1823.77,64163,96776,0.36213991769546827,0
2023-07-28 11:11:11,1829.1,120579,1,1823.77,64079,96848,0.36213991769546827,0
2023-07-28 11:11:11,1829.1,120579,1,1823.77,64080,96848,0.36213991769546827,0
2023-07-28 11:11:11,1829.1,120579,1,1823.77,64080,96853,0.36213991769546827,0
2023-07-28 11:11:11,1829.1,120579,1,1823.77,64070,96853,0.36213991769546827,0
2023-07-28 11:11:11,1829.1,120579,1,1823.77,64100,96853,0.36213991769546827,0
2023-07-28 11:11:11,1829.1,120579,1,1823.77,64100,96876,0.36213991769546827,0
2023-07-28 11:11:11,1829.1,120579,1,1823.77,64100,96876,0.36213991769546827,0
2023-07-28 11:11:11,1829.1,120579,1,1823.77,64100,96876,0.36213991769546827,0
2023-07-28 11:11:11,1829.1,120579,1,1823.77,64100,96876,0.36213991769546827,0
2023-07-28 11:11:11,1829.1,120579,1,1823.77,64100,96901,0.36213991769546827,0
2023-07-28 11:11:11,1829.95,120579,3,1823.77,64100,96901,0.40877914951989275,0
2023-07-28 11:11:26,1829.95,120582,3,1823.77,64111,96905,0.40877914951989275,0
2023-07-28 11:11:26,1829.95,120582,3,1823.77,64111,96905,0.40877914951989275,0
2023-07-28 11:11:26,1829.95,120582,3,1823.77,64111,96905,0.40877914951989275,0
2023-07-28 11:11:26,1829.95,120582,3,1823.77,64101,96892,0.40877914951989275,0
2023-07-28 11:11:26,1829.95,120582,3,1823.77,64099,96892,0.40877914951989275,0
2023-07-28 11:11:26,1829.95,120582,3,1823.77,64097,96892,0.40877914951989275,0
2023-07-28 11:11:26,1829.95,120582,3,1823.77,64097,96892,0.40877914951989275,0
2023-07-28 11:11:26,1829.95,120582,3,1823.77,64097,96973,0.40877914951989275,0
2023-07-28 11:11:39,1828.75,120877,71,1823.78,64081,97063,0.3429355281207133,0
2023-07-28 11:11:39,1828.75,120877,71,1823.78,64137,97042,0.3429355281207133,0
2023-07-28 11:11:39,1828.75,120877,71,1823.78,64182,97032,0.3429355281207133,0
2023-07-28 11:11:44,1829.7,120878,1,1823.78,64182,97014,0.3950617283950642,0
2023-07-28 11:11:44,1829.7,120878,1,1823.78,64182,97008,0.3950617283950642,0
2023-07-28 11:11:44,1829.7,120878,1,1823.78,64182,97002,0.3950617283950642,0
2023-07-28 11:11:44,1829.7,120878,1,1823.78,63889,96569,0.3950617283950642,0
2023-07-28 11:11:44,1829.7,120878,1,1823.78,64107,96651,0.3950617283950642,0
2023-07-28 11:11:44,1829.7,120878,1,1823.78,64107,96656,0.3950617283950642,0
2023-07-28 11:11:44,1829.7,120878,1,1823.78,64132,96656,0.3950617283950642,0
2023-07-28 11:11:44,1829.7,120878,1,1823.78,64137,96702,0.3950617283950642,0
2023-07-28 11:11:44,1829.7,120878,1,1823.78,64133,96702,0.3950617283950642,0
2023-07-28 11:11:44,1829.7,120878,1,1823.78,64138,96702,0.3950617283950642,0
2023-07-28 11:11:44,1829.7,120878,1,1823.78,64182,96713,0.3950617283950642,0
2023-07-28 11:11:44,1829.65,120878,1,1823.78,64182,96713,0.392318244170101,0
2023-07-28 11:12:00,1829.65,120879,1,1823.78,64180,96712,0.392318244170101,0
2023-07-28 11:12:00,1829.65,120879,1,1823.78,64202,96724,0.392318244170101,0
2023-07-28 11:12:00,1828.75,120879,150,1823.78,64202,96724,0.3429355281207133,0
2023-07-28 11:12:04,1828.75,121029,150,1823.79,64059,96859,0.3429355281207133,0
2023-07-28 11:12:04,1828.75,121029,150,1823.79,64033,96832,0.3429355281207133,0
2023-07-28 11:12:04,1829.6,121029,1,1823.79,64033,96832,0.3895747599451253,0
2023-07-28 11:12:08,1829.6,121030,1,1823.79,63999,97089,0.3895747599451253,0
2023-07-28 11:12:14,1829.55,121110,7,1823.79,64030,96967,0.3868312757201621,0
2023-07-28 11:12:14,1829.55,121110,7,1823.79,64058,97066,0.3868312757201621,0
2023-07-28 11:12:14,1829.55,121110,7,1823.79,64049,97004,0.3868312757201621,0
2023-07-28 11:12:14,1829.55,121110,7,1823.79,64049,96989,0.3868312757201621,0
2023-07-28 11:12:14,1829.55,121110,7,1823.79,64005,97000,0.3868312757201621,0
2023-07-28 11:12:14,1828.15,121110,1,1823.79,64005,97000,0.3100137174211298,0
2023-07-28 11:12:32,1828.15,121239,1,1823.79,63877,97377,0.3100137174211298,0
2023-07-28 11:12:32,1827.25,121239,5,1823.79,63877,97377,0.2606310013717421,0
2023-07-28 11:12:32,1827.95,121239,1,1823.79,63877,97377,0.2990397805212645,0
2023-07-28 11:12:39,1827.95,121325,1,1823.8,63668,97027,0.2990397805212645,0
2023-07-28 11:12:39,1827.95,121325,1,1823.8,63775,97054,0.2990397805212645,0
2023-07-28 11:12:39,1826.7,121325,1,1823.8,63775,97054,0.23045267489712185,0
2023-07-28 11:12:51,1826.7,121525,1,1823.8,63751,97114,0.23045267489712185,0
2023-07-28 11:12:51,1826.7,121525,1,1823.8,63774,97192,0.23045267489712185,0
2023-07-28 11:12:51,1826.7,121525,10,1823.8,63774,97192,0.23045267489712185,0
2023-07-28 11:12:51,1826.55,121525,3,1823.8,63774,97192,0.22222222222221974,0
2023-07-28 11:13:01,1826.55,121595,3,1823.8,63779,97159,0.22222222222221974,0
2023-07-28 11:13:01,1826.55,121595,3,1823.8,63642,97540,0.22222222222221974,0
2023-07-28 11:13:01,1827.55,121595,1,1823.8,63642,97540,0.27709190672153383,0
2023-07-28 11:13:07,1827.55,121596,1,1823.8,63642,97512,0.27709190672153383,0
2023-07-28 11:13:07,1827.55,121596,1,1823.8,63834,97251,0.27709190672153383,0
2023-07-28 11:13:07,1827.55,121596,1,1823.8,63827,97265,0.27709190672153383,0
2023-07-28 11:13:07,1827.55,121596,1,1823.8,63858,97233,0.27709190672153383,0
2023-07-28 11:13:07,1827.55,121596,1,1823.8,63849,97233,0.27709190672153383,0
2023-07-28 11:13:07,1827.55,121596,1,1823.8,63850,97359,0.27709190672153383,0
2023-07-28 11:13:07,1827.55,121596,1,1823.8,63828,97364,0.27709190672153383,0
2023-07-28 11:13:07,1827.0,121596,50,1823.8,63828,97364,0.24691358024691357,0
2023-07-28 11:13:16,1827.0,121646,50,1823.8,63778,97386,0.24691358024691357,0
2023-07-28 11:13:16,1827.0,121646,15,1823.8,63812,97376,0.24691358024691357,0
2023-07-28 11:13:18,1827.0,121661,15,1823.8,63798,97376,0.24691358024691357,0
2023-07-28 11:13:18,1827.0,121661,15,1823.8,63846,97500,0.24691358024691357,0
2023-07-28 11:13:18,1827.0,121661,15,1823.8,63852,97495,0.24691358024691357,0
2023-07-28 11:13:18,1827.0,121661,15,1823.8,63852,96957,0.24691358024691357,0
2023-07-28 11:13:18,1827.0,121661,2,1823.8,63852,96957,0.24691358024691357,0
2023-07-28 11:13:24,1827.0,121663,2,1823.8,63850,96957,0.24691358024691357,0
2023-07-28 11:13:24,1827.55,121663,1,1823.8,63841,96957,0.27709190672153383,0
2023-07-28 11:13:26,1827.55,121664,1,1823.8,63843,96957,0.27709190672153383,0
2023-07-28 11:13:26,1827.55,121664,1,1823.8,63841,96876,0.27709190672153383,0
2023-07-28 11:13:26,1827.55,121664,1,1823.8,63836,96881,0.27709190672153383,0
2023-07-28 11:13:26,1827.55,121664,1,1823.8,63836,96882,0.27709190672153383,0
2023-07-28 11:13:26,1827.55,121664,1,1823.8,63845,96882,0.27709190672153383,0
2023-07-28 11:13:26,1827.55,121664,1,1823.8,63845,96883,0.27709190672153383,0
2023-07-28 11:13:26,1827.55,121664,1,1823.8,63845,96883,0.27709190672153383,0
2023-07-28 11:13:26,1827.55,121664,1,1823.8,63849,96908,0.27709190672153383,0
2023-07-28 11:13:26,1827.0,121664,1,1823.8,63849,96908,0.24691358024691357,0
2023-07-28 11:13:41,1827.0,121669,1,1823.81,64147,96985,0.24691358024691357,0
2023-07-28 11:13:41,1827.0,121669,1,1823.81,64119,96977,0.24691358024691357,0
2023-07-28 11:13:41,1827.0,121669,1,1823.81,64110,97028,0.24691358024691357,0
2023-07-28 11:13:41,1827.0,121669,1,1823.81,64085,97067,0.24691358024691357,0
2023-07-28 11:13:41,1827.0,121669,1,1823.81,64019,96715,0.24691358024691357,0
2023-07-28 11:13:41,1827.0,121669,1,1823.81,64019,96976,0.24691358024691357,0
2023-07-28 11:13:41,1827.0,121669,1,1823.81,64145,96892,0.24691358024691357,0
2023-07-28 11:13:41,1827.0,121669,1,1823.81,63607,96892,0.24691358024691357,0
2023-07-28 11:13:41,1827.0,121669,1,1823.81,63612,96923,0.24691358024691357,0
2023-07-28 11:13:50,1827.25,121670,1,1823.81,63774,96609,0.2606310013717421,0
2023-07-28 11:13:50,1827.25,121670,1,1823.81,63820,96636,0.2606310013717421,0
2023-07-28 11:13:50,1827.25,121670,1,1823.81,63805,96636,0.2606310013717421,0
2023-07-28 11:13:50,1827.25,121670,1,1823.81,63805,96637,0.2606310013717421,0
2023-07-28 11:13:50,1827.25,121670,1,1823.81,63806,96637,0.2606310013717421,0
2023-07-28 11:13:50,1827.25,121670,1,1823.81,63782,96519,0.2606310013717421,0
2023-07-28 11:13:50,1827.25,121670,1,1823.81,63789,96521,0.2606310013717421,0
2023-07-28 11:13:50,1827.25,121670,1,1823.81,63805,96506,0.2606310013717421,0
2023-07-28 11:13:50,1826.95,121670,10,1823.81,63805,96506,0.24417009602195036,0
2023-07-28 11:13:59,1826.95,121680,20,1823.81,63830,96475,0.24417009602195036,0
2023-07-28 11:14:00,1826.35,121756,18,1823.81,63676,96474,0.2112482853223544,0
2023-07-28 11:14:01,1826.5,121757,1,1823.81,63665,96481,0.2194787379972565,0
2023-07-28 11:14:01,1826.95,121757,93,1823.81,63665,96481,0.24417009602195036,0
2023-07-28 11:14:02,1826.95,121907,93,1823.81,63729,96456,0.24417009602195036,0
2023-07-28 11:14:02,1826.95,121907,93,1823.81,63757,96127,0.24417009602195036,0
2023-07-28 11:14:02,1826.95,121907,93,1823.81,63784,96148,0.24417009602195036,0
2023-07-28 11:14:02,1826.95,121907,93,1823.81,63784,96157,0.24417009602195036,0
2023-07-28 11:14:02,1826.95,121907,1,1823.81,63784,96157,0.24417009602195036,0
2023-07-28 11:14:10,1826.95,121909,1,1823.81,63788,96292,0.24417009602195036,0
2023-07-28 11:14:10,1826.95,121909,10,1823.81,63788,96292,0.24417009602195036,0
2023-07-28 11:14:13,1826.95,121919,10,1823.81,64173,96293,0.24417009602195036,0
2023-07-28 11:14:13,1826.35,121919,1,1823.81,64173,96293,0.2112482853223544,0
2023-07-28 11:14:19,1826.35,121920,1,1823.81,64098,96382,0.2112482853223544,0
2023-07-28 11:14:19,1826.95,121920,1,1823.81,64098,96382,0.24417009602195036,0
2023-07-28 11:14:19,1826.95,121920,1,1823.81,64098,96382,0.24417009602195036,0
2023-07-28 11:14:19,1826.95,121920,1,1823.81,64098,96382,0.24417009602195036,0
2023-07-28 11:14:19,1826.95,121920,1,1823.81,64098,96382,0.24417009602195036,0
2023-07-28 11:14:23,1826.95,121921,1,1823.81,64095,96405,0.24417009602195036,0
2023-07-28 11:14:23,1826.95,121921,1,1823.81,64095,96405,0.24417009602195036,0
2023-07-28 11:14:23,1826.95,121921,1,1823.81,64095,96405,0.24417009602195036,0
2023-07-28 11:14:23,1826.95,121921,1,1823.81,64095,96405,0.24417009602195036,0
2023-07-28 11:14:23,1826.95,121921,1,1823.81,64095,96405,0.24417009602195036,0
2023-07-28 11:14:23,1826.95,121921,1,1823.81,64095,96405,0.24417009602195036,0
2023-07-28 11:14:23,1826.95,121921,1,1823.81,64095,96405,0.24417009602195036,0
2023-07-28 11:14:23,1826.95,121921,1,1823.81,64091,96405,0.24417009602195036,0
2023-07-28 11:14:23,1826.95,121921,50,1823.81,64091,96405,0.24417009602195036,0
2023-07-28 11:14:32,1826.95,121971,50,1823.81,63979,96658,0.24417009602195036,0
2023-07-28 11:14:32,1826.95,121971,50,1823.81,64258,96725,0.24417009602195036,0
2023-07-28 11:14:32,1826.95,121971,50,1823.81,64264,96677,0.24417009602195036,0
2023-07-28 11:14:32,1826.95,121971,50,1823.81,64524,96683,0.24417009602195036,0
2023-07-28 11:14:46,1826.95,122446,98,1823.82,64267,96360,0.24417009602195036,0
2023-07-28 11:14:46,1826.95,122446,98,1823.82,64266,96427,0.24417009602195036,0
2023-07-28 11:14:46,1826.95,122446,3,1823.82,64266,96427,0.24417009602195036,0
2023-07-28 11:14:56,1826.95,122451,3,1823.82,64266,96493,0.24417009602195036,0
2023-07-28 11:14:56,1826.95,122451,2,1823.82,64266,96493,0.24417009602195036,0
2023-07-28 11:14:56,1826.95,122451,2,1823.82,64266,96493,0.24417009602195036,0
2023-07-28 11:14:56,1827.15,122451,94,1823.82,64266,96493,0.2551440329218157,0
2023-07-28 11:15:01,1827.15,123181,94,1823.84,64739,96390,0.2551440329218157,0
2023-07-28 11:15:01,1827.25,123181,2,1823.84,64739,96390,0.2606310013717421,0
2023-07-28 11:15:01,1828.45,123181,2,1823.84,64739,96390,0.32647462277092154,0
2023-07-28 11:15:01,1826.95,123181,3,1823.84,64739,96390,0.24417009602195036,0
2023-07-28 11:15:08,1826.95,124139,3,1823.87,65494,96525,0.24417009602195036,0
2023-07-28 11:15:08,1828.15,124139,1,1823.87,65494,96525,0.3100137174211298,0
2023-07-28 11:15:11,1828.15,124141,1,1823.87,65445,96539,0.3100137174211298,0
2023-07-28 11:15:11,1828.0,124141,1,1823.87,65445,96539,0.3017832647462277,0
2023-07-28 11:15:15,1828.0,124143,1,1823.87,65702,96909,0.3017832647462277,0
2023-07-28 11:15:15,1828.0,124143,1,1823.87,66139,96683,0.3017832647462277,0
2023-07-28 11:15:15,1828.85,124143,2,1823.87,66139,96683,0.34842249657063973,0
2023-07-28 11:15:15,1828.75,124143,2,1823.87,66139,96683,0.3429355281207133,0
2023-07-28 11:15:25,1828.75,124147,2,1823.87,65882,97021,0.3429355281207133,0
2023-07-28 11:15:25,1828.75,124147,2,1823.87,66415,96738,0.3429355281207133,0
2023-07-28 11:15:25,1828.75,124147,1,1823.87,66415,96738,0.3429355281207133,0
2023-07-28 11:15:35,1828.9,124149,1,1823.87,66223,96704,0.3511659807956154,0
2023-07-28 11:15:35,1828.9,124149,2,1823.87,66223,96704,0.3511659807956154,0
2023-07-28 11:15:36,1828.9,124151,2,1823.87,66145,96866,0.3511659807956154,0
2023-07-28 11:15:36,1827.75,124151,1,1823.87,66145,96866,0.2880658436213992,0
2023-07-28 11:15:36,1828.9,124151,1,1823.87,66145,96866,0.3511659807956154,0
2023-07-28 11:15:40,1828.9,124253,1,1823.88,66137,96702,0.3511659807956154,0
2023-07-28 11:15:40,1828.95,124253,3,1823.88,66137,96702,0.35390946502057863,0
2023-07-28 11:15:45,1828.95,124256,3,1823.88,66341,96697,0.35390946502057863,0
2023-07-28 11:15:45,1828.95,124256,3,1823.88,66341,96697,0.35390946502057863,0
2023-07-28 11:15:50,1828.95,124259,3,1823.88,66372,96690,0.35390946502057863,0
2023-07-28 11:15:50,1828.95,124259,3,1823.88,66369,96616,0.35390946502057863,0
2023-07-28 11:15:50,1829.0,124259,12,1823.88,66369,96616,0.35665294924554186,0
2023-07-28 11:15:55,1829.0,124302,12,1823.88,66266,96552,0.35665294924554186,0
2023-07-28 11:16:02,1829.15,124307,5,1823.88,66274,96595,0.36488340192044394,0
2023-07-28 11:16:02,1829.15,124307,5,1823.88,66284,96603,0.36488340192044394,0
2023-07-28 11:16:02,1829.15,124307,5,1823.88,66293,96603,0.36488340192044394,0
2023-07-28 11:16:02,1829.15,124307,5,1823.88,66293,96597,0.36488340192044394,0
2023-07-28 11:16:02,1829.15,124307,5,1823.88,66293,96602,0.36488340192044394,0
2023-07-28 11:16:02,1829.15,124307,5,1823.88,66293,96597,0.36488340192044394,0
2023-07-28 11:16:11,1829.0,124374,66,1823.88,66203,96594,0.35665294924554186,0
2023-07-28 11:16:11,1829.0,124374,66,1823.88,66247,96668,0.35665294924554186,0
2023-07-28 11:16:13,1829.45,124375,1,1823.88,66247,96631,0.3813443072702357,0
2023-07-28 11:16:13,1829.45,124375,1,1823.88,66247,96668,0.3813443072702357,0
2023-07-28 11:16:13,1829.45,124375,1,1823.88,66247,96696,0.3813443072702357,0
2023-07-28 11:16:13,1829.45,124375,1,1823.88,66247,96711,0.3813443072702357,0
2023-07-28 11:16:13,1829.1,124375,4,1823.88,66247,96704,0.36213991769546827,0
2023-07-28 11:16:18,1829.1,124380,4,1823.88,66147,96913,0.36213991769546827,0
2023-07-28 11:16:18,1829.1,124380,4,1823.88,66034,97724,0.36213991769546827,0
2023-07-28 11:16:18,1829.1,124380,4,1823.88,66027,97725,0.36213991769546827,0
2023-07-28 11:16:18,1829.1,124380,4,1823.88,66027,97599,0.36213991769546827,0
2023-07-28 11:16:18,1829.1,124380,4,1823.88,66017,97599,0.36213991769546827,0
2023-07-28 11:16:18,1829.1,124380,4,1823.88,66032,97493,0.36213991769546827,0
2023-07-28 11:16:18,1829.1,124380,4,1823.88,66069,97362,0.36213991769546827,0
2023-07-28 11:16:18,1829.1,124380,4,1823.88,66154,97335,0.36213991769546827,0
2023-07-28 11:16:18,1829.1,124380,4,1823.88,66169,97335,0.36213991769546827,0
2023-07-28 11:16:18,1829.1,124380,4,1823.88,66140,97359,0.36213991769546827,0
2023-07-28 11:16:30,1828.4,124383,3,1823.88,66130,97294,0.32373113854595836,0
2023-07-28 11:16:30,1828.4,124383,3,1823.88,66120,97294,0.32373113854595836,0
2023-07-28 11:16:31,1828.4,124385,2,1823.88,66283,96812,0.32373113854595836,0
2023-07-28 11:16:31,1828.4,124385,2,1823.88,66067,96775,0.32373113854595836,0
2023-07-28 11:16:31,1828.4,124385,2,1823.88,66250,96780,0.32373113854595836,0
2023-07-28 11:16:35,1828.4,124387,2,1823.88,66190,96847,0.32373113854595836,0
2023-07-28 11:16:35,1828.4,124387,2,1823.88,66200,96847,0.32373113854595836,0
2023-07-28 11:16:35,1828.4,124387,2,1823.88,66300,96847,0.32373113854595836,0
2023-07-28 11:16:35,1828.4,124387,2,1823.88,66273,96847,0.32373113854595836,0
2023-07-28 11:16:35,1828.4,124387,2,1823.88,66273,96847,0.32373113854595836,0
2023-07-28 11:16:35,1828.4,124387,2,1823.88,66273,96847,0.32373113854595836,0
2023-07-28 11:16:35,1828.4,124387,2,1823.88,66245,96852,0.32373113854595836,0
2023-07-28 11:16:35,1828.4,124387,2,1823.88,66226,96852,0.32373113854595836,0
2023-07-28 11:16:35,1828.4,124387,2,1823.88,66232,96852,0.32373113854595836,0
2023-07-28 11:16:35,1828.4,124387,2,1823.88,66271,96873,0.32373113854595836,0
2023-07-28 11:16:35,1828.4,124387,2,1823.88,66290,96873,0.32373113854595836,0
2023-07-28 11:16:50,1828.4,124388,1,1823.88,66271,96872,0.32373113854595836,0
2023-07-28 11:16:50,1828.4,124388,1,1823.88,66167,96872,0.32373113854595836,0
2023-07-28 11:16:50,1828.4,124388,1,1823.88,66167,96872,0.32373113854595836,0
2023-07-28 11:16:50,1828.4,124388,1,1823.88,66163,96872,0.32373113854595836,0
2023-07-28 11:16:53,1828.4,124391,3,1823.88,66195,96870,0.32373113854595836,0
2023-07-28 11:16:53,1828.4,124391,3,1823.88,66155,96847,0.32373113854595836,0
2023-07-28 11:16:53,1828.4,124391,3,1823.88,66155,96847,0.32373113854595836,0
2023-07-28 11:16:53,1828.4,124391,3,1823.88,66189,96847,0.32373113854595836,0
2023-07-28 11:16:53,1828.45,124391,11,1823.88,66189,96847,0.32647462277092154,0
2023-07-28 11:16:58,1828.45,124403,11,1823.88,66168,96871,0.32647462277092154,0
2023-07-28 11:16:58,1828.45,124403,11,1823.88,66168,96871,0.32647462277092154,0
2023-07-28 11:16:59,1827.55,124404,1,1823.88,66138,96871,0.27709190672153383,0
2023-07-28 11:16:59,1828.45,124404,13,1823.88,66138,96871,0.32647462277092154,0
2023-07-28 11:17:00,1828.45,124429,13,1823.88,66180,96822,0.32647462277092154,0
2023-07-28 11:17:00,1828.45,124429,13,1823.88,66196,96792,0.32647462277092154,0
2023-07-28 11:17:00,1828.45,124429,13,1823.88,66184,96792,0.32647462277092154,0
2023-07-28 11:17:00,1828.45,124429,13,1823.88,66184,96792,0.32647462277092154,0
2023-07-28 11:17:00,1828.45,124429,13,1823.88,66136,96823,0.32647462277092154,0
2023-07-28 11:17:00,1828.45,124429,13,1823.88,66027,96642,0.32647462277092154,0
2023-07-28 11:17:00,1828.2,124429,4,1823.88,66027,96642,0.31275720164609305,0
2023-07-28 11:17:14,1828.2,124433,4,1823.88,66069,96657,0.31275720164609305,0
2023-07-28 11:17:14,1827.35,124433,9,1823.88,66069,96657,0.2661179698216685,0
2023-07-28 11:17:14,1827.35,124433,2,1823.88,66069,96657,0.2661179698216685,0
2023-07-28 11:17:21,1827.35,124451,2,1823.88,66090,96635,0.2661179698216685,0
2023-07-28 11:17:21,1827.25,124451,1,1823.88,66090,96635,0.2606310013717421,0
2023-07-28 11:17:21,1827.35,124451,100,1823.88,66090,96635,0.2661179698216685,0
2023-07-28 11:17:21,1827.0,124451,25,1823.88,66090,96635,0.24691358024691357,0
2023-07-28 11:17:21,1827.0,124451,25,1823.88,66090,96635,0.24691358024691357,0
2023-07-28 11:17:25,1827.0,124577,25,1823.89,64772,97365,0.24691358024691357,0
2023-07-28 11:17:25,1827.0,124577,25,1823.89,64772,97365,0.24691358024691357,0
2023-07-28 11:17:25,1827.0,124577,25,1823.89,64772,97365,0.24691358024691357,0
2023-07-28 11:17:25,1827.0,124577,25,1823.89,64772,97365,0.24691358024691357,0
2023-07-28 11:17:25,1827.0,124577,25,1823.89,64772,97365,0.24691358024691357,0
2023-07-28 11:17:25,1827.0,124577,25,1823.89,64772,97365,0.24691358024691357,0
2023-07-28 11:17:25,1827.0,124577,25,1823.89,64772,97365,0.24691358024691357,0
2023-07-28 11:17:25,1827.0,124577,25,1823.89,64810,97224,0.24691358024691357,0
2023-07-28 11:17:25,1827.0,124577,25,1823.89,64806,97145,0.24691358024691357,0
2023-07-28 11:17:25,1827.0,124577,25,1823.89,64813,97075,0.24691358024691357,0
2023-07-28 11:17:43,1826.85,124578,1,1823.89,64572,97126,0.23868312757201146,0
2023-07-28 11:17:43,1826.85,124578,1,1823.89,64730,96815,0.23868312757201146,0
2023-07-28 11:17:43,1826.85,124578,1,1823.89,64735,96823,0.23868312757201146,0
2023-07-28 11:17:43,1826.85,124578,1,1823.89,64745,96806,0.23868312757201146,0
2023-07-28 11:17:43,1826.85,124578,1,1823.89,64762,96833,0.23868312757201146,0
2023-07-28 11:17:43,1826.85,124578,1,1823.89,64768,96843,0.23868312757201146,0
2023-07-28 11:17:43,1826.85,124578,1,1823.89,64747,96867,0.23868312757201146,0
2023-07-28 11:17:43,1826.85,124578,1,1823.89,64746,96862,0.23868312757201146,0
2023-07-28 11:17:43,1826.85,124578,1,1823.89,64780,96771,0.23868312757201146,0
2023-07-28 11:17:43,1826.85,124578,1,1823.89,64733,96724,0.23868312757201146,0
2023-07-28 11:18:10,1826.95,124579,1,1823.89,64694,96862,0.24417009602195036,0
2023-07-28 11:18:10,1826.3,124579,10,1823.89,64694,96862,0.2085048010973912,0
2023-07-28 11:18:11,1826.3,124589,10,1823.89,64674,96945,0.2085048010973912,0
2023-07-28 11:18:11,1826.3,124589,10,1823.89,64505,96810,0.2085048010973912,0
2023-07-28 11:18:11,1826.3,124589,10,1823.89,64638,96713,0.2085048010973912,0
2023-07-28 11:18:11,1826.3,124589,10,1823.89,64694,96780,0.2085048010973912,0
2023-07-28 11:18:11,1826.3,124589,10,1823.89,64706,96700,0.2085048010973912,0
2023-07-28 11:18:11,1826.3,124589,10,1823.89,64707,96861,0.2085048010973912,0
2023-07-28 11:18:11,1826.3,124589,10,1823.89,64740,96833,0.2085048010973912,0
2023-07-28 11:18:11,1826.3,124589,10,1823.89,64653,96706,0.2085048010973912,0
2023-07-28 11:18:11,1826.3,124589,10,1823.89,64655,96754,0.2085048010973912,0
2023-07-28 11:18:11,1826.3,124589,5,1823.89,64655,96754,0.2085048010973912,0
2023-07-28 11:18:22,1826.3,124594,5,1823.89,64594,96902,0.2085048010973912,0
2023-07-28 11:18:22,1826.3,124594,5,1823.89,64375,96681,0.2085048010973912,0
2023-07-28 11:18:22,1826.3,124594,5,1823.89,64364,96938,0.2085048010973912,0
2023-07-28 11:18:26,1826.3,124682,2,1823.89,64031,97264,0.2085048010973912,0
2023-07-28 11:18:26,1826.3,124682,2,1823.89,64088,97331,0.2085048010973912,0
2023-07-28 11:18:26,1826.0,124682,15,1823.89,64088,97331,0.19204389574759945,0
2023-07-28 11:18:27,1826.0,124707,15,1823.89,63299,97106,0.19204389574759945,0
2023-07-28 11:18:27,1826.0,124707,15,1823.89,63559,97061,0.19204389574759945,0
2023-07-28 11:18:27,1826.0,124707,15,1823.89,63568,96993,0.19204389574759945,0
2023-07-28 11:18:27,1826.0,124707,15,1823.89,63607,96977,0.19204389574759945,0
2023-07-28 11:18:27,1826.0,124707,15,1823.89,63634,97074,0.19204389574759945,0
2023-07-28 11:18:27,1826.0,124707,15,1823.89,63634,97118,0.19204389574759945,0
2023-07-28 11:18:27,1826.0,124707,15,1823.89,63601,97337,0.19204389574759945,0
2023-07-28 11:18:27,1826.0,124707,15,1823.89,63580,97563,0.19204389574759945,0
2023-07-28 11:18:27,1825.05,124707,1,1823.89,63580,97563,0.13991769547324853,0
2023-07-28 11:18:36,1825.05,124708,1,1823.89,63545,98045,0.13991769547324853,0
2023-07-28 11:18:36,1825.05,124708,1,1823.89,63409,98085,0.13991769547324853,0
2023-07-28 11:18:36,1824.05,124708,1,1823.89,63457,98098,0.0850480109739344,0
2023-07-28 11:18:40,1824.05,125186,1,1823.89,63706,97624,0.0850480109739344,0
2023-07-28 11:18:40,1824.05,125186,1,1823.89,63697,97793,0.0850480109739344,0
2023-07-28 11:18:40,1824.05,125186,1,1823.89,63677,97789,0.0850480109739344,0
2023-07-28 11:18:40,1824.05,125186,1,1823.89,63704,97782,0.0850480109739344,0
2023-07-28 11:18:40,1824.05,125186,1,1823.89,63698,97807,0.0850480109739344,0
2023-07-28 11:18:40,1824.05,125186,1,1823.89,63670,97823,0.0850480109739344,0
2023-07-28 11:18:40,1824.05,125186,1,1823.89,63670,97819,0.0850480109739344,0
2023-07-28 11:18:40,1824.05,125186,1,1823.89,62859,97996,0.0850480109739344,0
2023-07-28 11:18:40,1824.6,125186,23,1823.89,62859,97996,0.11522633744855468,0
2023-07-28 11:18:48,1824.6,125210,23,1823.89,63219,97645,0.11522633744855468,0
2023-07-28 11:18:48,1824.55,125210,7,1823.89,63219,97645,0.11248285322359147,0
2023-07-28 11:18:50,1824.55,125269,7,1823.89,64164,97251,0.11248285322359147,0
2023-07-28 11:18:50,1824.55,125269,7,1823.89,64098,97376,0.11248285322359147,0
2023-07-28 11:18:50,1824.55,125269,7,1823.89,64043,97425,0.11248285322359147,0
2023-07-28 11:18:50,1824.55,125269,7,1823.89,63912,97452,0.11248285322359147,0
2023-07-28 11:18:55,1824.35,125329,7,1823.89,63860,97291,0.10150891632372615,0
2023-07-28 11:18:55,1824.35,125329,7,1823.89,63853,97291,0.10150891632372615,0
2023-07-28 11:18:55,1824.35,125329,7,1823.89,63798,97300,0.10150891632372615,0
2023-07-28 11:19:00,1825.0,125330,1,1823.89,64218,97206,0.13717421124828533,0
2023-07-28 11:19:00,1825.0,125330,1,1823.89,63893,97443,0.13717421124828533,0
2023-07-28 11:19:00,1825.0,125330,1,1823.89,63893,97425,0.13717421124828533,0
2023-07-28 11:19:00,1825.0,125330,1,1823.89,63771,97464,0.13717421124828533,0
2023-07-28 11:19:04,1824.45,125355,7,1823.89,63762,97446,0.10699588477366505,0
2023-07-28 11:19:04,1824.45,125355,7,1823.89,63776,97436,0.10699588477366505,0
2023-07-28 11:19:04,1824.45,125355,7,1823.89,63776,97436,0.10699588477366505,0
2023-07-28 11:19:11,1824.45,125365,8,1823.89,63766,97490,0.10699588477366505,0
2023-07-28 11:19:11,1824.45,125365,8,1823.89,63766,97480,0.10699588477366505,0
2023-07-28 11:19:11,1824.45,125365,8,1823.89,63716,97503,0.10699588477366505,0
2023-07-28 11:19:11,1824.45,125365,8,1823.89,63728,97523,0.10699588477366505,0
2023-07-28 11:19:11,1824.45,125365,8,1823.89,63819,97497,0.10699588477366505,0
2023-07-28 11:19:11,1824.45,125365,8,1823.89,63799,97525,0.10699588477366505,0
2023-07-28 11:19:11,1824.45,125365,8,1823.89,63817,97521,0.10699588477366505,0
2023-07-28 11:19:11,1824.45,125365,8,1823.89,63863,97493,0.10699588477366505,0
2023-07-28 11:19:11,1824.45,125365,8,1823.89,63868,97526,0.10699588477366505,0
2023-07-28 11:19:11,1824.45,125365,8,1823.89,63873,97498,0.10699588477366505,0
2023-07-28 11:19:11,1824.45,125365,8,1823.89,63941,97398,0.10699588477366505,0
2023-07-28 11:19:11,1824.45,125365,8,1823.89,63941,97398,0.10699588477366505,0
2023-07-28 11:19:11,1824.45,125365,8,1823.89,63946,97398,0.10699588477366505,0
2023-07-28 11:19:11,1824.45,125365,8,1823.89,63960,97386,0.10699588477366505,0
2023-07-28 11:19:11,1825.0,125365,55,1823.89,63997,97392,0.13717421124828533,0
2023-07-28 11:19:26,1825.0,125420,55,1823.9,64695,97070,0.13717421124828533,0
2023-07-28 11:19:26,1825.0,125420,55,1823.9,64683,97080,0.13717421124828533,0
2023-07-28 11:19:26,1825.0,125420,55,1823.9,64660,97120,0.13717421124828533,0
2023-07-28 11:19:26,1825.0,125420,55,1823.9,64839,97261,0.13717421124828533,0
2023-07-28 11:19:26,1825.0,125420,55,1823.9,65579,97215,0.13717421124828533,0
2023-07-28 11:19:26,1825.0,125420,55,1823.9,65565,97184,0.13717421124828533,0
2023-07-28 11:19:26,1825.0,125420,55,1823.9,65624,97210,0.13717421124828533,0
2023-07-28 11:19:26,1824.85,125420,10,1823.9,65624,97210,0.12894375857338322,0
2023-07-28 11:19:34,1824.85,125430,10,1823.9,65584,97186,0.12894375857338322,0
2023-07-28 11:19:34,1824.85,125430,10,1823.9,65594,97188,0.12894375857338322,0
2023-07-28 11:19:34,1824.85,125430,10,1823.9,65594,97198,0.12894375857338322,0
2023-07-28 11:19:34,1824.85,125430,10,1823.9,65584,97197,0.12894375857338322,0
2023-07-28 11:19:34,1824.85,125430,6,1823.9,65584,97197,0.12894375857338322,0
2023-07-28 11:19:43,1824.85,125436,6,1823.9,65578,97197,0.12894375857338322,0
2023-07-28 11:19:43,1824.85,125436,6,1823.9,65588,97197,0.12894375857338322,0
2023-07-28 11:19:43,1824.85,125436,6,1823.9,65685,97167,0.12894375857338322,0
2023-07-28 11:19:43,1824.85,125436,6,1823.9,65685,97171,0.12894375857338322,0
2023-07-28 11:19:43,1824.85,125436,6,1823.9,65685,97151,0.12894375857338322,0
2023-07-28 11:19:50,1825.95,125451,8,1823.9,65776,97186,0.18930041152263624,0
2023-07-28 11:19:50,1825.95,125451,10,1823.9,65776,97186,0.18930041152263624,0
2023-07-28 11:19:50,1825.95,125461,10,1823.9,65835,97336,0.18930041152263624,0
2023-07-28 11:19:52,1825.05,125476,15,1823.9,64989,97486,0.13991769547324853,0
2023-07-28 11:19:52,1825.05,125476,15,1823.9,64962,97566,0.13991769547324853,0
2023-07-28 11:19:52,1825.05,125476,15,1823.9,65080,97370,0.13991769547324853,0
2023-07-28 11:19:52,1825.05,125476,15,1823.9,65132,97375,0.13991769547324853,0
2023-07-28 11:19:52,1825.05,125476,15,1823.9,65132,97375,0.13991769547324853,0
2023-07-28 11:19:52,1825.05,125476,15,1823.9,65134,97375,0.13991769547324853,0
2023-07-28 11:19:52,1825.05,125476,15,1823.9,65134,97375,0.13991769547324853,0
2023-07-28 11:19:52,1825.05,125476,15,1823.9,65137,97366,0.13991769547324853,0
2023-07-28 11:19:52,1825.05,125476,15,1823.9,65028,97374,0.13991769547324853,0
2023-07-28 11:19:52,1825.05,125476,15,1823.9,65025,97374,0.13991769547324853,0
2023-07-28 11:19:52,1825.05,125476,15,1823.9,65013,97374,0.13991769547324853,0
2023-07-28 11:19:52,1825.95,125476,2,1823.9,65013,97374,0.18930041152263624,0
2023-07-28 11:20:04,1825.95,125479,2,1823.9,65064,97371,0.18930041152263624,0
2023-07-28 11:20:04,1825.95,125479,2,1823.9,65172,97318,0.18930041152263624,0
2023-07-28 11:20:04,1825.95,125479,2,1823.9,65200,97317,0.18930041152263624,0
2023-07-28 11:20:04,1825.95,125479,9,1823.9,65200,97317,0.18930041152263624,0
2023-07-28 11:20:04,1826.75,125479,17,1823.9,65200,97317,0.23319615912208505,0
2023-07-28 11:20:15,1826.75,125911,17,1823.9,66146,96879,0.23319615912208505,0
2023-07-28 11:20:15,1826.75,125911,17,1823.9,66103,96923,0.23319615912208505,0
2023-07-28 11:20:15,1826.75,125911,17,1823.9,66103,96923,0.23319615912208505,0
2023-07-28 11:20:15,1826.75,125911,17,1823.9,65713,97055,0.23319615912208505,0
2023-07-28 11:20:15,1826.75,125911,17,1823.9,65713,97055,0.23319615912208505,0
2023-07-28 11:20:15,1826.75,125911,17,1823.9,65713,97055,0.23319615912208505,0
2023-07-28 11:20:15,1826.75,125911,17,1823.9,65713,97055,0.23319615912208505,0
2023-07-28 11:20:15,1826.75,125911,17,1823.9,65713,97055,0.23319615912208505,0
2023-07-28 11:20:15,1826.75,125911,17,1823.9,65713,97055,0.23319615912208505,0
2023-07-28 11:20:15,1826.75,125911,17,1823.9,65961,97080,0.23319615912208505,0
2023-07-28 11:20:15,1826.75,125911,17,1823.9,65961,97080,0.23319615912208505,0
2023-07-28 11:20:15,1826.0,125911,27,1823.9,65961,97080,0.19204389574759945,0
2023-07-28 11:20:33,1826.0,125956,27,1823.9,65878,97044,0.19204389574759945,0
2023-07-28 11:20:33,1826.0,125956,27,1823.9,65902,97044,0.19204389574759945,0
2023-07-28 11:20:33,1826.0,125956,1,1823.9,65902,97044,0.19204389574759945,0
2023-07-28 11:20:41,1826.0,125957,1,1823.9,65629,97389,0.19204389574759945,0
2023-07-28 11:20:41,1826.0,125957,1,1823.9,65315,97806,0.19204389574759945,0
2023-07-28 11:20:41,1826.65,125957,1,1823.9,65315,97806,0.2277091906721586,0
2023-07-28 11:20:47,1826.65,125958,1,1823.9,65397,97649,0.2277091906721586,0
2023-07-28 11:20:47,1826.65,125958,63,1823.9,65397,97649,0.2277091906721586,0
2023-07-28 11:20:54,1826.7,126067,44,1823.91,66028,96043,0.23045267489712185,0
2023-07-28 11:20:54,1827.0,126067,25,1823.91,66028,96043,0.24691358024691357,0
2023-07-28 11:21:03,1827.95,126099,7,1823.91,66700,96955,0.2990397805212645,0
2023-07-28 11:21:03,1827.95,126099,7,1823.91,66700,96982,0.2990397805212645,0
2023-07-28 11:21:07,1827.95,126168,19,1823.91,66870,96867,0.2990397805212645,0
2023-07-28 11:21:07,1827.95,126168,19,1823.91,66878,96921,0.2990397805212645,0
2023-07-28 11:21:07,1827.95,126168,19,1823.91,66855,96902,0.2990397805212645,0
2023-07-28 11:21:07,1827.95,126168,19,1823.91,66855,96903,0.2990397805212645,0
2023-07-28 11:21:07,1827.95,126168,19,1823.91,67153,96667,0.2990397805212645,0
2023-07-28 11:21:07,1827.95,126168,19,1823.91,67137,96662,0.2990397805212645,0
2023-07-28 11:21:07,1827.95,126168,19,1823.91,67161,96662,0.2990397805212645,0
2023-07-28 11:21:07,1827.95,126168,19,1823.91,67161,96662,0.2990397805212645,0
2023-07-28 11:21:14,1828.45,126170,2,1823.91,67190,97045,0.32647462277092154,0
2023-07-28 11:21:14,1828.45,126170,2,1823.91,67107,97182,0.32647462277092154,0
2023-07-28 11:21:14,1828.45,126170,2,1823.91,67085,97258,0.32647462277092154,0
2023-07-28 11:21:14,1828.45,126170,2,1823.91,66879,97299,0.32647462277092154,0
2023-07-28 11:21:14,1828.95,126170,5,1823.91,66879,97299,0.35390946502057863,0
2023-07-28 11:21:18,1828.95,126190,5,1823.91,67239,97059,0.35390946502057863,0
2023-07-28 11:21:18,1828.95,126190,5,1823.91,67268,97121,0.35390946502057863,0
2023-07-28 11:21:18,1828.95,126190,5,1823.91,68170,97108,0.35390946502057863,0
2023-07-28 11:21:21,1828.95,126227,30,1823.91,68226,96964,0.35390946502057863,0
2023-07-28 11:21:21,1829.0,126227,30,1823.91,68272,97001,0.35665294924554186,0
2023-07-28 11:21:22,1829.0,126282,30,1823.91,68343,96876,0.35665294924554186,0
2023-07-28 11:21:22,1829.0,126282,30,1823.91,68349,96782,0.35665294924554186,0
2023-07-28 11:21:25,1829.4,126295,10,1823.92,68321,96975,0.3786008230452725,0
2023-07-28 11:21:25,1829.4,126295,10,1823.92,68326,96979,0.3786008230452725,0
2023-07-28 11:21:25,1828.35,126295,1,1823.92,68326,96979,0.32098765432098264,0
2023-07-28 11:21:27,1828.35,126296,1,1823.92,68325,96984,0.32098765432098264,0
2023-07-28 11:21:27,1828.35,126296,1,1823.92,68570,96813,0.32098765432098264,0
2023-07-28 11:21:27,1828.35,126296,1,1823.92,68608,96842,0.32098765432098264,0
2023-07-28 11:21:27,1828.35,126296,1,1823.92,68589,96840,0.32098765432098264,0
2023-07-28 11:21:27,1828.35,126296,1,1823.92,68430,96844,0.32098765432098264,0
2023-07-28 11:21:27,1828.35,126296,1,1823.92,68430,96845,0.32098765432098264,0
2023-07-28 11:21:27,1828.35,126296,1,1823.92,68437,96845,0.32098765432098264,0
2023-07-28 11:21:27,1828.35,126296,1,1823.92,68447,96849,0.32098765432098264,0
2023-07-28 11:21:27,1828.45,126296,1,1823.92,68447,96849,0.32647462277092154,0
2023-07-28 11:21:36,1828.45,126297,1,1823.92,68437,96828,0.32647462277092154,0
2023-07-28 11:21:38,1829.45,126446,35,1823.92,68543,96974,0.3813443072702357,0
2023-07-28 11:21:38,1829.95,126446,28,1823.92,68528,94998,0.40877914951989275,0
2023-07-28 11:21:39,1830.0,126543,157,1823.93,69018,96916,0.411522633744856,0
2023-07-28 11:21:39,1830.0,126543,9,1823.93,69018,96916,0.411522633744856,0
2023-07-28 11:21:40,1830.0,126709,9,1823.93,68777,96833,0.411522633744856,0
2023-07-28 11:21:40,1830.0,126709,9,1823.93,68777,96828,0.411522633744856,0
2023-07-28 11:21:43,1830.0,126767,58,1823.94,68778,96753,0.411522633744856,0
2023-07-28 11:21:44,1830.45,127145,4,1823.96,68880,95994,0.43621399176954984,0
2023-07-28 11:21:45,1829.65,127152,6,1823.96,68841,96091,0.392318244170101,0
2023-07-28 11:21:45,1829.65,127152,6,1823.96,68714,96126,0.392318244170101,0
2023-07-28 11:21:45,1829.65,127152,6,1823.96,68704,96162,0.392318244170101,0
2023-07-28 11:21:45,1829.65,127152,6,1823.96,68707,96157,0.392318244170101,0
2023-07-28 11:21:45,1829.65,127152,6,1823.96,68707,96160,0.392318244170101,0
2023-07-28 11:21:50,1830.4,127212,37,1823.96,68482,96338,0.4334705075445866,0
2023-07-28 11:21:50,1830.4,127212,37,1823.96,68509,96358,0.4334705075445866,0
2023-07-28 11:21:54,1829.5,127410,1,1823.97,67537,97473,0.3840877914951989,0
2023-07-28 11:21:54,1829.3,127410,12,1823.97,68067,97598,0.3731138545953336,0
2023-07-28 11:21:56,1829.35,127471,6,1823.97,67949,97323,0.3758573388202968,0
2023-07-28 11:21:56,1829.35,127471,14,1823.97,67949,97323,0.3758573388202968,0
2023-07-28 11:21:57,1829.45,127893,12,1823.99,68108,97017,0.3813443072702357,0
2023-07-28 11:21:57,1829.45,127893,12,1823.99,68077,97071,0.3813443072702357,0
2023-07-28 11:21:58,1829.5,127918,10,1823.99,68126,97138,0.3840877914951989,0
2023-07-28 11:21:58,1829.5,127918,10,1823.99,68126,97138,0.3840877914951989,0
2023-07-28 11:21:58,1829.5,127918,10,1823.99,68137,97129,0.3840877914951989,0
2023-07-28 11:21:58,1829.6,127918,4,1823.99,68137,97129,0.3895747599451253,0
2023-07-28 11:22:00,1829.6,128022,4,1823.99,67834,96961,0.3895747599451253,0
2023-07-28 11:22:00,1829.8,128022,2,1823.99,67834,96961,0.40054869684499067,0
2023-07-28 11:22:01,1829.8,128024,2,1823.99,67849,96852,0.40054869684499067,0
2023-07-28 11:22:01,1829.8,128024,2,1823.99,67856,96876,0.40054869684499067,0
2023-07-28 11:22:01,1829.8,128024,2,1823.99,67841,96919,0.40054869684499067,0
2023-07-28 11:22:05,1829.8,128026,2,1823.99,67933,96875,0.40054869684499067,0
2023-07-28 11:22:05,1829.8,128026,2,1823.99,68005,96781,0.40054869684499067,0
2023-07-28 11:22:07,1829.95,128059,15,1823.99,68738,96194,0.40877914951989275,0
2023-07-28 11:22:07,1829.95,128059,15,1823.99,68610,96387,0.40877914951989275,0
2023-07-28 11:22:08,1830.45,128109,13,1824.0,68382,96157,0.43621399176954984,0
2023-07-28 11:22:08,1830.45,128109,13,1824.0,68270,96128,0.43621399176954984,0
2023-07-28 11:22:08,1830.45,128109,13,1824.0,68309,96124,0.43621399176954984,0
2023-07-28 11:22:08,1830.65,128109,1,1824.0,68453,95592,0.44718792866941515,0
2023-07-28 11:22:13,1830.65,128144,10,1824.0,68590,96345,0.44718792866941515,0
2023-07-28 11:22:13,1830.65,128205,61,1824.0,68378,96713,0.44718792866941515,0
2023-07-28 11:22:13,1830.65,128205,61,1824.0,68480,96598,0.44718792866941515,0
2023-07-28 11:22:13,1830.65,128205,61,1824.0,68501,96666,0.44718792866941515,0
2023-07-28 11:22:13,1830.75,128205,16,1824.0,68501,96707,0.45267489711934156,0
2023-07-28 11:22:17,1830.8,128243,3,1824.0,68638,96530,0.4554183813443048,0
2023-07-28 11:22:18,1830.8,128246,3,1824.0,68608,96528,0.4554183813443048,0
2023-07-28 11:22:18,1830.8,128246,3,1824.0,68621,96539,0.4554183813443048,0
2023-07-28 11:22:18,1830.95,128246,24,1824.0,68626,96516,0.46364883401920687,0
2023-07-28 11:22:21,1831.0,128283,25,1824.01,68824,96325,0.4663923182441701,0
2023-07-28 11:22:22,1831.0,128318,25,1824.01,68865,96385,0.4663923182441701,0
2023-07-28 11:22:22,1831.0,128318,25,1824.01,68838,96406,0.4663923182441701,0
2023-07-28 11:22:22,1831.15,128318,3,1824.01,68838,96406,0.4746227709190722,0
2023-07-28 11:22:24,1831.15,128321,3,1824.01,68872,96411,0.4746227709190722,0
2023-07-28 11:22:24,1831.15,128321,3,1824.01,68824,96440,0.4746227709190722,0
2023-07-28 11:22:24,1831.15,128321,3,1824.01,68824,96480,0.4746227709190722,0
2023-07-28 11:22:24,1831.15,128321,3,1824.01,68824,96472,0.4746227709190722,0
2023-07-28 11:22:24,1831.15,128321,3,1824.01,68824,96438,0.4746227709190722,0
2023-07-28 11:22:24,1831.15,128321,3,1824.01,68824,96433,0.4746227709190722,0
2023-07-28 11:22:24,1831.15,128321,3,1824.01,68824,96432,0.4746227709190722,0
2023-07-28 11:22:24,1831.15,128321,3,1824.01,68824,96437,0.4746227709190722,0
2023-07-28 11:22:24,1831.15,128321,3,1824.01,68824,96437,0.4746227709190722,0
2023-07-28 11:22:24,1830.25,128321,1,1824.01,68824,96437,0.4252400548696845,0
2023-07-28 11:22:34,1831.2,128373,24,1824.01,68770,96251,0.4773662551440354,0
2023-07-28 11:22:36,1831.35,128379,6,1824.01,68730,96275,0.48559670781892506,0
2023-07-28 11:22:36,1831.4,128379,25,1824.01,68730,96275,0.4883401920439007,0
2023-07-28 11:22:37,1831.0,128404,17,1824.01,68578,96384,0.4663923182441701,0
2023-07-28 11:22:38,1831.0,128477,17,1824.02,68390,96439,0.4663923182441701,0
2023-07-28 11:22:38,1831.0,128477,17,1824.02,68402,96446,0.4663923182441701,0
2023-07-28 11:22:38,1831.0,128477,17,1824.02,68387,96446,0.4663923182441701,0
2023-07-28 11:22:38,1831.0,128477,17,1824.02,68867,96400,0.4663923182441701,0
2023-07-28 11:22:38,1831.0,128477,17,1824.02,68985,96338,0.4663923182441701,0
2023-07-28 11:22:38,1831.0,128477,17,1824.02,68954,96338,0.4663923182441701,0
2023-07-28 11:22:38,1831.5,128477,22,1824.02,68954,96338,0.49382716049382713,0
2023-07-28 11:22:44,1831.5,128527,22,1824.02,68962,96369,0.49382716049382713,0
2023-07-28 11:22:44,1831.5,128527,22,1824.02,68959,96364,0.49382716049382713,0
2023-07-28 11:22:44,1831.5,128527,22,1824.02,69050,96401,0.49382716049382713,0
2023-07-28 11:22:44,1831.5,128527,22,1824.02,69050,96397,0.49382716049382713,0
2023-07-28 11:22:44,1831.5,128527,22,1824.02,68943,96403,0.49382716049382713,0
2023-07-28 11:22:44,1831.5,128527,22,1824.02,68968,96403,0.49382716049382713,0
2023-07-28 11:22:44,1831.5,128527,22,1824.02,69041,96391,0.49382716049382713,0
2023-07-28 11:22:44,1831.5,128527,22,1824.02,69116,96419,0.49382716049382713,0
2023-07-28 11:22:44,1831.5,128527,22,1824.02,69149,96419,0.49382716049382713,0
2023-07-28 11:22:44,1830.0,128527,51,1824.02,69149,96419,0.411522633744856,0
2023-07-28 11:22:53,1830.0,129079,51,1824.05,68156,97182,0.411522633744856,0
2023-07-28 11:22:53,1829.95,129079,1,1824.05,68156,97182,0.40877914951989275,0
2023-07-28 11:22:55,1829.95,129080,1,1824.05,68239,97266,0.40877914951989275,0
2023-07-28 11:22:55,1829.95,129080,1,1824.05,68229,97294,0.40877914951989275,0
2023-07-28 11:22:55,1829.95,129080,1,1824.05,68229,97274,0.40877914951989275,0
2023-07-28 11:22:55,1829.95,129080,1,1824.05,68229,97278,0.40877914951989275,0
2023-07-28 11:22:55,1829.95,129080,1,1824.05,68229,97286,0.40877914951989275,0
2023-07-28 11:22:55,1829.95,129080,1,1824.05,68229,97281,0.40877914951989275,0
2023-07-28 11:23:03,1829.0,129111,1,1824.05,68278,97057,0.35665294924554186,0
2023-07-28 11:23:03,1829.0,129111,1,1824.05,68344,97078,0.35665294924554186,0
2023-07-28 11:23:03,1829.0,129111,1,1824.05,68048,97017,0.35665294924554186,0
2023-07-28 11:23:03,1828.5,129111,2,1824.05,68028,97101,0.3292181069958848,0
2023-07-28 11:23:06,1828.5,129114,2,1824.05,67991,97146,0.3292181069958848,0
2023-07-28 11:23:06,1829.45,129114,2,1824.05,67991,97146,0.3813443072702357,0
2023-07-28 11:23:07,1829.45,129125,2,1824.05,67980,96954,0.3813443072702357,0
2023-07-28 11:23:07,1829.45,129125,2,1824.05,67936,97024,0.3813443072702357,0
2023-07-28 11:23:07,1829.45,129125,2,1824.05,67943,96900,0.3813443072702357,0
2023-07-28 11:23:07,1829.45,129125,2,1824.05,68076,96869,0.3813443072702357,0
2023-07-28 11:23:07,1829.45,129125,2,1824.05,68058,96866,0.3813443072702357,0
2023-07-28 11:23:13,1828.15,129227,25,1824.05,67859,96746,0.3100137174211298,0
2023-07-28 11:23:13,1828.15,129227,25,1824.05,67948,96691,0.3100137174211298,0
2023-07-28 11:23:13,1828.15,129227,25,1824.05,67921,96704,0.3100137174211298,0
2023-07-28 11:23:13,1828.15,129227,25,1824.05,67921,96704,0.3100137174211298,0
2023-07-28 11:23:13,1827.55,129227,21,1824.05,67921,96704,0.27709190672153383,0
2023-07-28 11:23:18,1827.55,129713,21,1824.07,66867,97117,0.27709190672153383,0
2023-07-28 11:23:21,1827.0,129715,2,1824.07,66930,97102,0.24691358024691357,0
2023-07-28 11:23:21,1827.0,129715,2,1824.07,66947,97106,0.24691358024691357,0
2023-07-28 11:23:21,1827.0,129715,2,1824.07,66955,97129,0.24691358024691357,0
2023-07-28 11:23:21,1827.0,129715,2,1824.07,66955,97126,0.24691358024691357,0
2023-07-28 11:23:21,1827.0,129715,2,1824.07,66955,97126,0.24691358024691357,0
2023-07-28 11:23:21,1827.0,129715,2,1824.07,66955,97126,0.24691358024691357,0
2023-07-28 11:23:21,1827.0,129715,2,1824.07,66955,97126,0.24691358024691357,0
2023-07-28 11:23:21,1827.0,129715,2,1824.07,66983,97147,0.24691358024691357,0
2023-07-28 11:23:21,1827.0,129715,23,1824.07,66983,97147,0.24691358024691357,0
2023-07-28 11:23:28,1827.0,129738,23,1824.07,66980,97045,0.24691358024691357,0
2023-07-28 11:23:28,1826.7,129738,100,1824.07,66980,97045,0.23045267489712185,0
2023-07-28 11:23:29,1826.7,129838,100,1824.07,66784,97272,0.23045267489712185,0
2023-07-28 11:23:29,1826.7,129838,100,1824.07,66780,97244,0.23045267489712185,0
2023-07-28 11:23:29,1826.7,129838,100,1824.07,66780,97244,0.23045267489712185,0
2023-07-28 11:23:33,1827.0,129849,1,1824.07,66632,97296,0.24691358024691357,0
2023-07-28 11:23:34,1827.0,129850,1,1824.07,66629,97075,0.24691358024691357,0
2023-07-28 11:23:34,1827.0,129850,12,1824.07,66641,97070,0.24691358024691357,0
2023-07-28 11:23:37,1827.0,129862,12,1824.07,66648,97019,0.24691358024691357,0
2023-07-28 11:23:37,1827.0,129862,12,1824.07,66648,97023,0.24691358024691357,0
2023-07-28 11:23:43,1827.0,129864,2,1824.07,66648,97021,0.24691358024691357,0
2023-07-28 11:23:43,1826.15,129864,24,1824.07,66648,97021,0.20027434842250155,0
2023-07-28 11:23:43,1826.15,129898,24,1824.07,66958,96774,0.20027434842250155,0
2023-07-28 11:23:43,1826.15,129898,24,1824.07,66958,96824,0.20027434842250155,0
2023-07-28 11:23:43,1826.15,129898,24,1824.07,66959,96836,0.20027434842250155,0
2023-07-28 11:23:43,1826.15,129898,24,1824.07,66969,96836,0.20027434842250155,0
2023-07-28 11:23:48,1826.05,129946,14,1824.07,66263,97168,0.19478737997256265,0
2023-07-28 11:23:48,1826.05,129946,14,1824.07,66431,97290,0.19478737997256265,0
2023-07-28 11:23:48,1826.05,129946,14,1824.07,66452,97322,0.19478737997256265,0
2023-07-28 11:23:48,1826.05,129946,14,1824.07,66453,97297,0.19478737997256265,0
2023-07-28 11:23:48,1826.05,129946,14,1824.07,66433,97297,0.19478737997256265,0
2023-07-28 11:23:48,1826.05,129946,14,1824.07,66686,97002,0.19478737997256265,0
2023-07-28 11:23:48,1826.05,129946,14,1824.07,66686,96992,0.19478737997256265,0
2023-07-28 11:23:48,1826.05,129946,14,1824.07,66686,97007,0.19478737997256265,0
2023-07-28 11:23:57,1826.15,129948,2,1824.07,66686,97007,0.20027434842250155,0
2023-07-28 11:23:58,1825.85,130083,8,1824.07,66075,97179,0.18381344307269734,0
2023-07-28 11:23:58,1825.85,130083,8,1824.07,66156,97344,0.18381344307269734,0
2023-07-28 11:24:00,1826.65,130086,3,1824.07,66167,97279,0.2277091906721586,0
2023-07-28 11:24:00,1826.65,130086,3,1824.07,66208,97276,0.2277091906721586,0
2023-07-28 11:24:00,1826.65,130086,3,1824.07,66208,97284,0.2277091906721586,0
2023-07-28 11:24:00,1826.65,130086,3,1824.07,66211,97305,0.2277091906721586,0
2023-07-28 11:24:09,1825.1,130326,1,1824.07,66107,97562,0.14266117969821174,0
2023-07-28 11:24:09,1825.1,130326,1,1824.07,66245,97342,0.14266117969821174,0
2023-07-28 11:24:09,1825.1,130326,1,1824.07,66252,97355,0.14266117969821174,0
2023-07-28 11:24:09,1825.1,130326,1,1824.07,66252,97359,0.14266117969821174,0
2023-07-28 11:24:13,1825.2,130360,24,1824.07,66414,97049,0.14814814814815064,0
2023-07-28 11:24:13,1826.15,130360,1,1824.07,66407,97081,0.20027434842250155,0
2023-07-28 11:24:15,1826.15,130361,1,1824.07,66435,97070,0.20027434842250155,0
