2023-07-28 10:49:23,3888.0,468985,3,3891.53,72864,160129,0.9096925732231195,0
2023-07-28 10:49:23,3888.0,468985,3,3891.53,72917,160036,0.9096925732231195,0
2023-07-28 10:49:23,3887.0,468985,33,3891.53,72917,160036,0.8837384341867967,0
2023-07-28 10:49:23,3888.0,468985,2,3891.53,72917,160036,0.9096925732231195,0
2023-07-28 10:49:23,3886.65,468985,1,3891.53,72917,160036,0.8746544855240861,0
2023-07-28 10:49:23,3887.55,468985,1,3891.53,72917,160036,0.898013210656779,0
2023-07-28 10:49:23,3887.55,468985,10,3891.53,72917,160036,0.898013210656779,0
2023-07-28 10:49:37,3887.55,469099,18,3891.53,72739,160278,0.898013210656779,0
2023-07-28 10:49:42,3887.55,469120,3,3891.53,72731,160178,0.898013210656779,0
2023-07-28 10:49:42,3887.55,469120,3,3891.53,72731,160178,0.898013210656779,0
2023-07-28 10:49:43,3886.8,469220,1,3891.53,72753,160132,0.8785476063795369,0
2023-07-28 10:49:43,3887.55,469220,3,3891.53,72753,160132,0.898013210656779,0
2023-07-28 10:49:49,3887.55,469224,3,3891.53,72660,160358,0.898013210656779,0
2023-07-28 10:49:49,3886.8,469224,6,3891.53,72660,160358,0.8785476063795369,0
2023-07-28 10:49:49,3886.1,469224,5,3891.53,72660,160358,0.8603797090541038,0
2023-07-28 10:49:53,3887.4,469244,25,3891.53,72666,160392,0.8941200898013282,0
2023-07-28 10:49:53,3886.1,469244,29,3891.53,72666,160392,0.8603797090541038,0
2023-07-28 10:49:55,3886.1,469363,29,3891.52,72607,160250,0.8603797090541038,0
2023-07-28 10:49:55,3886.1,469363,1,3891.52,72607,160250,0.8603797090541038,0
2023-07-28 10:49:55,3886.1,469363,9,3891.52,72607,160250,0.8603797090541038,0
2023-07-28 10:50:02,3886.7,469374,1,3891.52,72766,160347,0.8759521924758952,0
2023-07-28 10:50:02,3886.1,469374,2,3891.52,72766,160347,0.8603797090541038,0
2023-07-28 10:50:05,3886.1,469376,2,3891.52,72537,160178,0.8603797090541038,0
2023-07-28 10:50:05,3886.7,469376,100,3891.52,72537,160178,0.8759521924758952,0
2023-07-28 10:50:05,3886.7,469376,7,3891.52,72537,160178,0.8759521924758952,0
2023-07-28 10:50:05,3886.8,469376,10,3891.52,72537,160178,0.8785476063795369,0
2023-07-28 10:50:10,3886.8,469493,10,3891.52,72780,160388,0.8785476063795369,0
2023-07-28 10:50:10,3886.7,469493,1,3891.52,72780,160388,0.8759521924758952,0
2023-07-28 10:50:10,3887.55,469493,7,3891.52,72780,160388,0.898013210656779,0
2023-07-28 10:50:15,3887.55,469565,7,3891.52,72960,160555,0.898013210656779,0
2023-07-28 10:50:15,3886.7,469565,11,3891.52,72960,160555,0.8759521924758952,0
2023-07-28 10:50:15,3886.7,469565,5,3891.52,72960,160555,0.8759521924758952,0
2023-07-28 10:50:15,3886.7,469565,10,3891.52,72960,160555,0.8759521924758952,0
2023-07-28 10:50:18,3886.7,469623,10,3891.52,72870,160594,0.8759521924758952,0
2023-07-28 10:50:18,3886.7,469623,1,3891.52,72870,160594,0.8759521924758952,0
2023-07-28 10:50:18,3886.7,469623,1,3891.52,72870,160594,0.8759521924758952,0
2023-07-28 10:50:18,3886.7,469623,1,3891.52,72870,160594,0.8759521924758952,0
2023-07-28 10:50:18,3886.7,469623,1,3891.52,72870,160594,0.8759521924758952,0
2023-07-28 10:50:18,3886.7,469623,1,3891.52,72870,160594,0.8759521924758952,0
2023-07-28 10:50:18,3886.7,469623,1,3891.52,72870,160594,0.8759521924758952,0
2023-07-28 10:50:20,3886.7,469624,1,3891.52,72865,160779,0.8759521924758952,0
2023-07-28 10:50:20,3886.7,469624,1,3891.52,72865,160779,0.8759521924758952,0
2023-07-28 10:50:20,3886.6,469624,1,3891.52,72865,160779,0.8733567785722652,0
2023-07-28 10:50:20,3886.6,469624,1,3891.52,72865,160779,0.8733567785722652,0
2023-07-28 10:50:20,3886.7,469624,1,3891.52,72865,160779,0.8759521924758952,0
2023-07-28 10:50:28,3886.6,469629,3,3891.52,72865,160784,0.8733567785722652,0
2023-07-28 10:50:28,3886.6,469629,3,3891.52,72865,160784,0.8733567785722652,0
2023-07-28 10:50:28,3886.6,469629,1,3891.52,72865,160784,0.8733567785722652,0
2023-07-28 10:50:28,3891.15,469629,17,3891.52,72865,160784,0.9914481111875387,0
2023-07-28 10:50:29,3891.15,470366,17,3891.52,73434,160786,0.9914481111875387,0
2023-07-28 10:50:37,3892.55,470595,108,3891.52,71784,161215,1.027783905838393,0
2023-07-28 10:50:37,3889.5,470595,1,3891.52,71784,161215,0.9486237817776038,0
2023-07-28 10:50:39,3891.25,470626,5,3891.52,73269,161096,0.9940435250911687,0
2023-07-28 10:50:39,3891.05,470626,15,3891.52,73269,161096,0.9888526972839088,0
2023-07-28 10:50:43,3891.05,470641,15,3891.52,73264,161158,0.9888526972839088,0
2023-07-28 10:50:43,3890.7,470641,1,3891.52,73264,161158,0.9797687486211865,0
2023-07-28 10:50:43,3890.7,470641,112,3891.52,73264,161158,0.9797687486211865,0
2023-07-28 10:50:43,3891.05,470641,10,3891.52,73264,161158,0.9888526972839088,0
2023-07-28 10:50:50,3891.0,470816,1,3891.52,73414,160792,0.9875549903320879,0
2023-07-28 10:50:50,3892.15,470816,1,3891.52,73414,160792,1.0174022502238615,0
2023-07-28 10:50:52,3892.15,470819,1,3891.52,73476,160719,1.0174022502238615,0
2023-07-28 10:50:52,3892.85,470819,5,3891.52,73476,160719,1.035570147549283,0
2023-07-28 10:50:52,3892.85,470819,5,3891.52,73476,160719,1.035570147549283,0
2023-07-28 10:50:59,3892.85,470829,5,3891.52,73505,160704,1.035570147549283,0
2023-07-28 10:50:59,3892.85,470829,5,3891.52,73559,160768,1.035570147549283,0
2023-07-28 10:50:59,3891.25,470829,1,3891.52,73559,160768,0.9940435250911687,0
2023-07-28 10:50:59,3891.25,470829,1,3891.52,73559,160768,0.9940435250911687,0
2023-07-28 10:51:06,3891.25,470831,1,3891.52,73571,160864,0.9940435250911687,0
2023-07-28 10:51:06,3891.25,470831,1,3891.52,73603,160753,0.9940435250911687,0
2023-07-28 10:51:08,3892.45,471006,27,3891.52,71847,160992,1.0251884919347514,0
2023-07-28 10:51:08,3892.45,471006,27,3891.52,73404,160952,1.0251884919347514,0
2023-07-28 10:51:08,3892.6,471006,10,3891.52,73404,160952,1.029081612790202,0
2023-07-28 10:51:11,3892.6,471016,10,3891.52,73375,160840,1.029081612790202,0
2023-07-28 10:51:11,3892.6,471016,10,3891.52,73374,160816,1.029081612790202,0
2023-07-28 10:51:11,3892.6,471016,10,3891.52,73399,160829,1.029081612790202,0
2023-07-28 10:51:11,3892.75,471016,1,3891.52,73394,160892,1.032974733645653,0
2023-07-28 10:51:15,3892.75,471017,1,3891.52,73380,160843,1.032974733645653,0
2023-07-28 10:51:15,3892.75,471017,1,3891.52,73497,160914,1.032974733645653,0
2023-07-28 10:51:15,3891.25,471017,1,3891.52,73497,160914,0.9940435250911687,0
2023-07-28 10:51:17,3891.25,471018,1,3891.52,73446,160952,0.9940435250911687,0
2023-07-28 10:51:17,3891.25,471018,1,3891.52,73446,160966,0.9940435250911687,0
2023-07-28 10:51:17,3891.25,471018,1,3891.52,73470,160951,0.9940435250911687,0
2023-07-28 10:51:17,3891.25,471018,1,3891.52,73429,160913,0.9940435250911687,0
2023-07-28 10:51:17,3891.25,471018,1,3891.52,73501,160882,0.9940435250911687,0
2023-07-28 10:51:17,3891.25,471018,1,3891.52,73460,160903,0.9940435250911687,0
2023-07-28 10:51:17,3891.25,471018,1,3891.52,73451,160941,0.9940435250911687,0
2023-07-28 10:51:17,3891.25,471018,1,3891.52,73458,160953,0.9940435250911687,0
2023-07-28 10:51:17,3891.25,471018,1,3891.52,73469,160953,0.9940435250911687,0
2023-07-28 10:51:17,3891.25,471018,1,3891.52,73495,160945,0.9940435250911687,0
2023-07-28 10:51:17,3891.45,471018,1,3891.52,73495,160945,0.9992343528984285,0
2023-07-28 10:51:29,3892.75,471020,1,3891.52,73502,160949,1.032974733645653,0
2023-07-28 10:51:29,3892.75,471020,1,3891.52,73502,160949,1.032974733645653,0
2023-07-28 10:51:30,3892.75,471022,1,3891.52,73498,160947,1.032974733645653,0
2023-07-28 10:51:32,3892.75,471074,2,3891.52,73491,160999,1.032974733645653,0
2023-07-28 10:51:32,3892.8,471074,1,3891.52,73491,160999,1.0342724405974737,0
2023-07-28 10:51:32,3891.35,471084,34,3891.52,73468,161004,0.9966389389947986,0
2023-07-28 10:51:33,3891.35,471134,34,3891.52,73611,160936,0.9966389389947986,0
2023-07-28 10:51:33,3892.75,471134,6,3891.52,73611,160936,1.032974733645653,0
2023-07-28 10:51:34,3892.75,471140,6,3891.52,72169,160917,1.032974733645653,0
2023-07-28 10:51:34,3892.75,471140,6,3891.52,73764,160928,1.032974733645653,0
2023-07-28 10:51:34,3892.75,471140,6,3891.52,73716,160905,1.032974733645653,0
2023-07-28 10:51:34,3892.75,471140,6,3891.52,73671,160881,1.032974733645653,0
2023-07-28 10:51:34,3891.25,471140,3,3891.52,73671,160881,0.9940435250911687,0
2023-07-28 10:51:39,3891.25,471145,3,3891.52,73651,160922,0.9940435250911687,0
2023-07-28 10:51:41,3892.7,471146,4,3891.52,73612,160959,1.031677026693832,0
2023-07-28 10:51:41,3892.7,471196,4,3891.52,73666,160896,1.031677026693832,0
2023-07-28 10:51:43,3891.25,471200,1,3891.52,73755,160879,0.9940435250911687,0
2023-07-28 10:51:43,3891.25,471200,1,3891.52,73672,160929,0.9940435250911687,0
2023-07-28 10:51:43,3891.25,471200,1,3891.52,73672,161029,0.9940435250911687,0
2023-07-28 10:51:43,3891.25,471200,1,3891.52,73616,161044,0.9940435250911687,0
2023-07-28 10:51:43,3891.25,471200,1,3891.52,73617,161155,0.9940435250911687,0
2023-07-28 10:51:43,3892.0,471200,65,3891.52,73617,161155,1.0135091293684109,0
2023-07-28 10:51:48,3892.0,471265,65,3891.52,73623,161028,1.0135091293684109,0
2023-07-28 10:51:48,3892.1,471265,1,3891.52,73606,161045,1.0161045432720408,0
2023-07-28 10:51:50,3892.1,471266,1,3891.52,73633,161017,1.0161045432720408,0
2023-07-28 10:51:50,3892.1,471266,1,3891.52,73455,160985,1.0161045432720408,0
2023-07-28 10:51:50,3892.1,471266,1,3891.52,73455,160985,1.0161045432720408,0
2023-07-28 10:51:50,3892.1,471266,1,3891.52,73459,160985,1.0161045432720408,0
2023-07-28 10:51:50,3892.1,471266,1,3891.52,73464,160985,1.0161045432720408,0
2023-07-28 10:51:56,3892.0,471267,1,3891.52,73445,160985,1.0135091293684109,0
2023-07-28 10:51:56,3892.0,471267,1,3891.52,73445,160986,1.0135091293684109,0
2023-07-28 10:51:56,3892.0,471267,1,3891.52,73480,160992,1.0135091293684109,0
2023-07-28 10:51:56,3892.0,471267,5,3891.52,73451,160992,1.0135091293684109,0
2023-07-28 10:52:00,3892.0,471272,5,3891.52,73495,160955,1.0135091293684109,0
2023-07-28 10:52:01,3892.1,471372,36,3891.52,73531,160909,1.0161045432720408,0
2023-07-28 10:52:01,3892.1,471372,36,3891.52,73512,160909,1.0161045432720408,0
2023-07-28 10:52:01,3892.1,471372,36,3891.52,73512,160909,1.0161045432720408,0
2023-07-28 10:52:01,3892.1,471372,36,3891.52,73517,160975,1.0161045432720408,0
2023-07-28 10:52:01,3892.1,471372,36,3891.52,73517,160975,1.0161045432720408,0
2023-07-28 10:52:01,3892.1,471372,36,3891.52,73517,160975,1.0161045432720408,0
2023-07-28 10:52:09,3892.0,471431,30,3891.52,73289,161072,1.0135091293684109,0
2023-07-28 10:52:09,3891.25,471431,1,3891.52,73289,161072,0.9940435250911687,0
2023-07-28 10:52:09,3891.25,471432,1,3891.52,73339,161143,0.9940435250911687,0
2023-07-28 10:52:10,3892.1,471436,4,3891.52,73352,161030,1.0161045432720408,0
2023-07-28 10:52:10,3892.1,471436,1,3891.52,73352,161030,1.0161045432720408,0
2023-07-28 10:52:11,3892.1,471437,1,3891.52,73347,161004,1.0161045432720408,0
2023-07-28 10:52:11,3892.1,471437,1,3891.52,73347,161022,1.0161045432720408,0
2023-07-28 10:52:11,3892.1,471437,1,3891.52,73354,160999,1.0161045432720408,0
2023-07-28 10:52:11,3892.1,471437,1,3891.52,73361,160998,1.0161045432720408,0
2023-07-28 10:52:16,3892.1,471442,3,3891.52,73384,160992,1.0161045432720408,0
2023-07-28 10:52:16,3892.1,471442,9,3891.52,73384,160992,1.0161045432720408,0
2023-07-28 10:52:16,3892.1,471454,9,3891.52,73369,160889,1.0161045432720408,0
2023-07-28 10:52:16,3892.1,471454,9,3891.52,73308,160908,1.0161045432720408,0
2023-07-28 10:52:16,3892.1,471454,9,3891.52,73305,160900,1.0161045432720408,0
2023-07-28 10:52:16,3892.1,471454,9,3891.52,73293,160950,1.0161045432720408,0
2023-07-28 10:52:16,3892.1,471454,9,3891.52,73320,160928,1.0161045432720408,0
2023-07-28 10:52:16,3892.1,471454,9,3891.52,73322,160933,1.0161045432720408,0
2023-07-28 10:52:16,3891.25,471454,1,3891.52,73322,160933,0.9940435250911687,0
2023-07-28 10:52:22,3892.1,471455,2,3891.52,73304,160962,1.0161045432720408,0
2023-07-28 10:52:23,3892.1,471474,2,3891.52,73306,161047,1.0161045432720408,0
2023-07-28 10:52:23,3892.1,471474,2,3891.52,73311,161106,1.0161045432720408,0
2023-07-28 10:52:23,3892.1,471474,4,3891.52,73311,161106,1.0161045432720408,0
2023-07-28 10:52:27,3892.1,471489,4,3891.52,73338,161009,1.0161045432720408,0
2023-07-28 10:52:27,3892.1,471489,4,3891.52,73231,161025,1.0161045432720408,0
2023-07-28 10:52:27,3892.1,471489,4,3891.52,73279,160981,1.0161045432720408,0
2023-07-28 10:52:27,3892.1,471489,1,3891.52,73208,160991,1.0161045432720408,0
2023-07-28 10:52:31,3892.1,471490,1,3891.52,73242,160990,1.0161045432720408,0
2023-07-28 10:52:31,3892.1,471490,1,3891.52,73206,161028,1.0161045432720408,0
2023-07-28 10:52:31,3891.1,471490,10,3891.52,73206,161028,0.9901504042357179,0
2023-07-28 10:52:33,3891.1,471500,10,3891.52,73225,161038,0.9901504042357179,0
2023-07-28 10:52:33,3891.0,471500,1,3891.52,73210,161038,0.9875549903320879,0
2023-07-28 10:52:36,3892.1,471511,4,3891.52,73238,161039,1.0161045432720408,0
2023-07-28 10:52:37,3891.05,471512,1,3891.52,73225,161069,0.9888526972839088,0
2023-07-28 10:52:37,3891.05,471512,1,3891.52,73225,161057,0.9888526972839088,0
2023-07-28 10:52:37,3892.1,471512,3,3891.52,73278,161015,1.0161045432720408,0
2023-07-28 10:52:40,3892.1,471528,4,3891.52,73258,161023,1.0161045432720408,0
2023-07-28 10:52:40,3892.1,471528,4,3891.52,73278,161034,1.0161045432720408,0
2023-07-28 10:52:42,3891.7,471530,2,3891.52,73265,161054,1.0057228876575093,0
2023-07-28 10:52:42,3891.7,471530,2,3891.52,73277,161017,1.0057228876575093,0
2023-07-28 10:52:42,3891.7,471530,2,3891.52,73277,161019,1.0057228876575093,0
2023-07-28 10:52:42,3891.7,471530,2,3891.52,73268,161011,1.0057228876575093,0
2023-07-28 10:52:42,3891.7,471530,2,3891.52,73276,161031,1.0057228876575093,0
2023-07-28 10:52:47,3891.05,471629,27,3891.52,73218,161119,0.9888526972839088,0
2023-07-28 10:52:47,3891.0,471629,1,3891.52,73234,161140,0.9875549903320879,0
2023-07-28 10:52:48,3891.0,471630,1,3891.52,73239,161273,0.9875549903320879,0
2023-07-28 10:52:48,3891.85,471630,30,3891.52,73220,161278,1.00961600851296,0
2023-07-28 10:52:50,3891.85,471660,30,3891.52,73236,161264,1.00961600851296,0
2023-07-28 10:52:50,3891.85,471660,30,3891.52,73227,161283,1.00961600851296,0
2023-07-28 10:52:50,3891.85,471660,30,3891.52,73227,161270,1.00961600851296,0
2023-07-28 10:52:50,3891.85,471660,30,3891.52,73232,161273,1.00961600851296,0
2023-07-28 10:52:50,3891.85,471660,30,3891.52,73232,161254,1.00961600851296,0
2023-07-28 10:52:50,3891.85,471660,30,3891.52,73232,161270,1.00961600851296,0
2023-07-28 10:52:50,3891.85,471660,30,3891.52,73212,161270,1.00961600851296,0
2023-07-28 10:52:50,3891.85,471660,30,3891.52,73274,161422,1.00961600851296,0
2023-07-28 10:52:50,3891.85,471660,30,3891.52,73270,161324,1.00961600851296,0
2023-07-28 10:52:50,3891.75,471660,3,3891.52,73270,161324,1.00702059460933,0
2023-07-28 10:52:50,3891.0,471660,1,3891.52,73270,161324,0.9875549903320879,0
2023-07-28 10:53:01,3891.0,471664,1,3891.52,73347,161367,0.9875549903320879,0
2023-07-28 10:53:01,3891.0,471664,1,3891.52,73359,161353,0.9875549903320879,0
2023-07-28 10:53:01,3891.0,471664,1,3891.52,71859,161343,0.9875549903320879,0
2023-07-28 10:53:04,3891.7,471669,4,3891.52,73347,161349,1.0057228876575093,0
2023-07-28 10:53:05,3891.75,471769,1,3891.52,73139,161339,1.00702059460933,0
2023-07-28 10:53:05,3891.75,471769,1,3891.52,73136,161539,1.00702059460933,0
2023-07-28 10:53:05,3891.75,471769,1,3891.52,73292,161509,1.00702059460933,0
2023-07-28 10:53:05,3891.75,471769,1,3891.52,73292,161511,1.00702059460933,0
2023-07-28 10:53:05,3891.75,471769,1,3891.52,73292,161512,1.00702059460933,0
2023-07-28 10:53:05,3891.75,471769,1,3891.52,73292,161511,1.00702059460933,0
2023-07-28 10:53:12,3891.75,471775,1,3891.52,73288,161533,1.00702059460933,0
2023-07-28 10:53:12,3891.0,471775,2,3891.52,73288,161533,0.9875549903320879,0
2023-07-28 10:53:15,3891.75,471792,4,3891.52,73286,161488,1.00702059460933,0
2023-07-28 10:53:15,3891.75,471827,4,3891.52,73286,161367,1.00702059460933,0
2023-07-28 10:53:18,3891.0,471839,12,3891.52,73274,161375,0.9875549903320879,0
2023-07-28 10:53:20,3891.0,471899,60,3891.52,73214,161375,0.9875549903320879,0
2023-07-28 10:53:20,3891.0,471899,60,3891.52,73214,161375,0.9875549903320879,0
2023-07-28 10:53:21,3891.75,471909,7,3891.52,73205,161372,1.00702059460933,0
2023-07-28 10:53:22,3891.75,471929,7,3891.52,73207,161181,1.00702059460933,0
2023-07-28 10:53:22,3891.75,471929,7,3891.52,73207,161181,1.00702059460933,0
2023-07-28 10:53:22,3891.75,471929,7,3891.52,73209,161229,1.00702059460933,0
2023-07-28 10:53:22,3891.75,471929,7,3891.52,73228,161210,1.00702059460933,0
2023-07-28 10:53:22,3891.75,471929,7,3891.52,73228,161210,1.00702059460933,0
2023-07-28 10:53:22,3891.75,471929,7,3891.52,73228,161211,1.00702059460933,0
2023-07-28 10:53:22,3891.75,471929,7,3891.52,73228,161211,1.00702059460933,0
2023-07-28 10:53:22,3891.75,471929,7,3891.52,73238,161222,1.00702059460933,0
2023-07-28 10:53:22,3891.05,471929,1,3891.52,73238,161222,0.9888526972839088,0
2023-07-28 10:53:27,3891.05,471930,1,3891.52,73235,161222,0.9888526972839088,0
2023-07-28 10:53:27,3891.05,471930,1,3891.52,73216,161296,0.9888526972839088,0
2023-07-28 10:53:30,3891.0,472005,73,3891.52,73141,161321,0.9875549903320879,0
2023-07-28 10:53:30,3891.0,472005,73,3891.52,73097,161321,0.9875549903320879,0
2023-07-28 10:53:30,3891.0,472005,73,3891.52,73097,161321,0.9875549903320879,0
2023-07-28 10:53:33,3891.0,472046,31,3891.52,73066,161307,0.9875549903320879,0
2023-07-28 10:53:33,3891.0,472046,31,3891.52,73066,161307,0.9875549903320879,0
2023-07-28 10:53:33,3891.0,472046,31,3891.52,73095,161119,0.9875549903320879,0
2023-07-28 10:53:33,3891.0,472046,31,3891.52,73108,161092,0.9875549903320879,0
2023-07-28 10:53:33,3891.0,472046,31,3891.52,73093,161092,0.9875549903320879,0
2023-07-28 10:53:33,3891.0,472046,31,3891.52,73059,161633,0.9875549903320879,0
2023-07-28 10:53:33,3891.0,472046,31,3891.52,73078,161687,0.9875549903320879,0
2023-07-28 10:53:33,3891.0,472046,1,3891.52,73078,161687,0.9875549903320879,0
2023-07-28 10:53:41,3889.0,473357,5,3891.52,71679,162092,0.9356467122594423,0
2023-07-28 10:53:41,3889.3,473357,1,3891.52,71679,162092,0.9434329539703439,0
2023-07-28 10:53:44,3887.75,473368,13,3891.52,71296,162035,0.9032040384640388,0
2023-07-28 10:53:45,3887.75,473383,13,3891.52,72028,161875,0.9032040384640388,0
2023-07-28 10:53:45,3887.05,473383,2,3891.52,72028,161875,0.8850361411386176,0
2023-07-28 10:53:46,3887.05,473385,2,3891.52,72003,161873,0.8850361411386176,0
2023-07-28 10:53:46,3887.05,473385,2,3891.52,72103,161873,0.8850361411386176,0
2023-07-28 10:53:49,3887.05,473389,4,3891.52,72099,161863,0.8850361411386176,0
2023-07-28 10:53:49,3888.55,473389,2,3891.52,72099,161863,0.9239673496931018,0
2023-07-28 10:53:49,3888.55,473389,25,3891.52,72099,161863,0.9239673496931018,0
2023-07-28 10:53:51,3888.55,473416,25,3891.52,72279,161750,0.9239673496931018,0
2023-07-28 10:53:51,3888.55,473416,25,3891.52,72263,161750,0.9239673496931018,0
2023-07-28 10:53:51,3887.5,473416,1,3891.52,72263,161750,0.8967155037049581,0
2023-07-28 10:53:53,3887.5,473417,1,3891.52,72216,161911,0.8967155037049581,0
2023-07-28 10:53:53,3887.5,473417,1,3891.52,72107,161852,0.8967155037049581,0
2023-07-28 10:53:53,3887.5,473417,1,3891.52,72125,161832,0.8967155037049581,0
2023-07-28 10:53:53,3887.5,473417,1,3891.52,72156,161818,0.8967155037049581,0
2023-07-28 10:53:53,3887.5,473417,1,3891.52,72219,161827,0.8967155037049581,0
2023-07-28 10:53:58,3887.1,473422,5,3891.52,72240,161814,0.8863338480904266,0
2023-07-28 10:53:59,3887.1,473437,15,3891.52,72222,162030,0.8863338480904266,0
2023-07-28 10:53:59,3887.1,473437,15,3891.52,72215,161794,0.8863338480904266,0
2023-07-28 10:53:59,3887.1,473437,15,3891.52,72177,161825,0.8863338480904266,0
2023-07-28 10:53:59,3887.1,473437,15,3891.52,72160,161827,0.8863338480904266,0
2023-07-28 10:53:59,3887.1,473437,1,3891.52,72160,161827,0.8863338480904266,0
2023-07-28 10:54:04,3887.1,473439,1,3891.52,72171,161864,0.8863338480904266,0
2023-07-28 10:54:04,3887.1,473439,1,3891.52,72148,161877,0.8863338480904266,0
2023-07-28 10:54:06,3887.1,473440,1,3891.52,72145,161994,0.8863338480904266,0
2023-07-28 10:54:06,3888.25,473440,2,3891.52,72145,161966,0.9161811079822002,0
2023-07-28 10:54:09,3888.25,473442,4,3891.52,72141,162001,0.9161811079822002,0
2023-07-28 10:54:09,3888.0,473442,14,3891.52,72141,162001,0.9096925732231195,0
2023-07-28 10:54:10,3888.0,473519,14,3891.52,72153,161924,0.9096925732231195,0
2023-07-28 10:54:10,3888.0,473519,14,3891.52,72910,161779,0.9096925732231195,0
2023-07-28 10:54:10,3888.0,473519,14,3891.52,72920,161797,0.9096925732231195,0
2023-07-28 10:54:10,3888.0,473519,14,3891.52,72871,161956,0.9096925732231195,0
2023-07-28 10:54:10,3888.0,473519,14,3891.52,72886,161913,0.9096925732231195,0
2023-07-28 10:54:10,3888.0,473519,14,3891.52,72842,161887,0.9096925732231195,0
2023-07-28 10:54:10,3887.1,473519,1,3891.52,72842,161887,0.8863338480904266,0
2023-07-28 10:54:18,3887.1,473540,20,3891.52,72821,161891,0.8863338480904266,0
2023-07-28 10:54:19,3887.1,473541,1,3891.52,72816,161834,0.8863338480904266,0
2023-07-28 10:54:19,3887.1,473541,1,3891.52,72862,161834,0.8863338480904266,0
2023-07-28 10:54:19,3888.0,473541,7,3891.52,72862,161834,0.9096925732231195,0
2023-07-28 10:54:22,3887.1,473752,11,3891.51,71795,161998,0.8863338480904266,0
2023-07-28 10:54:22,3887.1,473752,11,3891.51,72723,161982,0.8863338480904266,0
2023-07-28 10:54:24,3887.1,473758,5,3891.51,72708,161884,0.8863338480904266,0
2023-07-28 10:54:25,3887.0,474758,1,3891.5,71856,161936,0.8837384341867967,0
2023-07-28 10:54:25,3887.0,474758,1,3891.5,71743,161927,0.8837384341867967,0
2023-07-28 10:54:25,3887.0,474758,1,3891.5,71748,162019,0.8837384341867967,0
2023-07-28 10:54:28,3887.4,474763,5,3891.5,71591,162033,0.8941200898013282,0
2023-07-28 10:54:29,3887.4,474813,7,3891.5,71660,161779,0.8941200898013282,0
2023-07-28 10:54:29,3887.4,474813,7,3891.5,71701,161960,0.8941200898013282,0
2023-07-28 10:54:29,3887.1,474813,1,3891.5,71701,161960,0.8863338480904266,0
2023-07-28 10:54:32,3887.1,474814,1,3891.5,71680,161971,0.8863338480904266,0
2023-07-28 10:54:32,3887.1,474814,1,3891.5,71706,161960,0.8863338480904266,0
2023-07-28 10:54:32,3887.1,474814,1,3891.5,71736,161913,0.8863338480904266,0
2023-07-28 10:54:32,3887.1,474814,2,3891.5,71736,161913,0.8863338480904266,0
2023-07-28 10:54:35,3886.1,474816,2,3891.5,71708,161937,0.8603797090541038,0
2023-07-28 10:54:36,3886.1,474884,2,3891.5,71616,161928,0.8603797090541038,0
2023-07-28 10:54:36,3886.1,474884,2,3891.5,71661,161888,0.8603797090541038,0
2023-07-28 10:54:36,3886.1,474884,2,3891.5,71635,161878,0.8603797090541038,0
2023-07-28 10:54:36,3886.1,474884,2,3891.5,71648,161871,0.8603797090541038,0
2023-07-28 10:54:36,3886.1,474884,2,3891.5,71647,161891,0.8603797090541038,0
2023-07-28 10:54:36,3886.1,474884,2,3891.5,71632,161842,0.8603797090541038,0
2023-07-28 10:54:36,3887.95,474884,12,3891.5,71632,161842,0.9083948662712986,0
2023-07-28 10:54:42,3887.95,474902,12,3891.5,71825,162041,0.9083948662712986,0
2023-07-28 10:54:42,3887.95,474902,12,3891.5,71846,162066,0.9083948662712986,0
2023-07-28 10:54:42,3887.95,474902,12,3891.5,71800,162377,0.9083948662712986,0
2023-07-28 10:54:45,3887.15,474903,1,3891.5,71836,162423,0.8876315550422474,0
2023-07-28 10:54:45,3887.15,474903,1,3891.5,71811,162515,0.8876315550422474,0
2023-07-28 10:54:45,3887.15,474903,1,3891.5,71812,162650,0.8876315550422474,0
2023-07-28 10:54:45,3887.15,474903,1,3891.5,71871,162746,0.8876315550422474,0
2023-07-28 10:54:45,3887.15,474903,1,3891.5,71872,162938,0.8876315550422474,0
2023-07-28 10:54:45,3887.85,474903,1,3891.5,71872,162938,0.9057994523676688,0
2023-07-28 10:54:50,3887.85,474904,1,3891.5,71812,163161,0.9057994523676688,0
2023-07-28 10:54:50,3887.85,474904,1,3891.5,71828,163112,0.9057994523676688,0
2023-07-28 10:54:50,3887.85,474904,1,3891.5,71813,163112,0.9057994523676688,0
2023-07-28 10:54:50,3887.85,474904,1,3891.5,71828,163090,0.9057994523676688,0
2023-07-28 10:54:50,3887.85,474904,1,3891.5,71828,163085,0.9057994523676688,0
2023-07-28 10:54:50,3887.85,474904,1,3891.5,71832,163108,0.9057994523676688,0
2023-07-28 10:54:57,3887.1,474981,2,3891.5,71630,163237,0.8863338480904266,0
2023-07-28 10:54:57,3887.1,474984,2,3891.5,71597,163191,0.8863338480904266,0
2023-07-28 10:54:58,3887.1,474985,1,3891.5,71578,163347,0.8863338480904266,0
2023-07-28 10:54:58,3887.1,474985,1,3891.5,71638,163319,0.8863338480904266,0
2023-07-28 10:54:58,3887.1,474985,1,3891.5,71602,163379,0.8863338480904266,0
2023-07-28 10:54:58,3887.1,474985,1,3891.5,71602,163379,0.8863338480904266,0
2023-07-28 10:55:02,3887.1,474988,2,3891.5,71561,163542,0.8863338480904266,0
2023-07-28 10:55:03,3886.1,475012,13,3891.5,71529,163533,0.8603797090541038,0
2023-07-28 10:55:03,3886.1,475012,13,3891.5,71511,163685,0.8603797090541038,0
2023-07-28 10:55:03,3886.1,475012,13,3891.5,71494,163889,0.8603797090541038,0
2023-07-28 10:55:03,3886.1,475012,13,3891.5,71539,163880,0.8603797090541038,0
2023-07-28 10:55:07,3887.15,475014,2,3891.5,71483,163870,0.8876315550422474,0
2023-07-28 10:55:08,3886.1,475039,10,3891.5,71529,163714,0.8603797090541038,0
2023-07-28 10:55:08,3886.1,475039,10,3891.5,71562,163700,0.8603797090541038,0
2023-07-28 10:55:08,3886.1,475039,10,3891.5,71425,163642,0.8603797090541038,0
2023-07-28 10:55:11,3886.05,475050,1,3891.5,71425,163760,0.8590820021022948,0
2023-07-28 10:55:12,3886.1,475052,2,3891.5,71452,163876,0.8603797090541038,0
2023-07-28 10:55:12,3886.1,475052,2,3891.5,71436,163876,0.8603797090541038,0
2023-07-28 10:55:12,3886.05,475052,10,3891.5,71436,163876,0.8590820021022948,0
2023-07-28 10:55:14,3886.05,475073,2,3891.5,71395,163977,0.8590820021022948,0
2023-07-28 10:55:15,3886.0,475327,22,3891.5,71210,164329,0.8577842951504738,0
2023-07-28 10:55:15,3884.5,475327,8,3891.5,71210,164329,0.8188530865959897,0
2023-07-28 10:55:15,3884.5,477210,8,3891.47,68642,164455,0.8188530865959897,0
2023-07-28 10:55:15,3884.5,477210,8,3891.47,69291,164463,0.8188530865959897,0
2023-07-28 10:55:15,3884.5,477210,8,3891.47,69246,164506,0.8188530865959897,0
2023-07-28 10:55:15,3884.5,477210,8,3891.47,69272,164494,0.8188530865959897,0
2023-07-28 10:55:15,3884.9,477210,1,3891.47,69272,164942,0.8292347422105212,0
2023-07-28 10:55:21,3884.9,477221,10,3891.47,69231,164984,0.8292347422105212,0
2023-07-28 10:55:23,3883.05,477451,2,3891.47,69229,165029,0.7812195849933263,0
2023-07-28 10:55:23,3884.0,477451,1,3891.47,69229,165029,0.8058760170778283,0
2023-07-28 10:55:24,3883.05,477467,7,3891.47,69348,164869,0.7812195849933263,0
2023-07-28 10:55:24,3883.05,477467,1,3891.47,69348,164869,0.7812195849933263,0
2023-07-28 10:55:25,3884.0,477533,32,3891.47,69165,165263,0.8058760170778283,0
2023-07-28 10:55:27,3883.85,477633,90,3891.47,69202,165149,0.8019828962223775,0
2023-07-28 10:55:27,3883.2,477633,5,3891.47,69202,165149,0.7851127058487652,0
2023-07-28 10:55:27,3883.2,477638,5,3891.47,69182,165203,0.7851127058487652,0
2023-07-28 10:55:27,3883.2,477638,5,3891.47,69208,165178,0.7851127058487652,0
2023-07-28 10:55:27,3883.85,477638,2,3891.47,69208,165178,0.8019828962223775,0
2023-07-28 10:55:30,3883.85,477646,2,3891.47,69191,165173,0.8019828962223775,0
2023-07-28 10:55:31,3883.85,477649,3,3891.47,69180,165216,0.8019828962223775,0
2023-07-28 10:55:32,3883.05,477659,7,3891.47,69172,165240,0.7812195849933263,0
2023-07-28 10:55:32,3883.85,477659,9,3891.47,69172,165240,0.8019828962223775,0
2023-07-28 10:55:34,3883.85,477710,1,3891.46,69172,165232,0.8019828962223775,0
2023-07-28 10:55:34,3883.85,477710,1,3891.46,69172,165232,0.8019828962223775,0
2023-07-28 10:55:35,3882.9,477750,12,3891.46,68861,165272,0.7773264641378755,0
2023-07-28 10:55:35,3882.9,477750,12,3891.46,69142,165264,0.7773264641378755,0
2023-07-28 10:55:35,3883.2,477750,3,3891.46,69142,165264,0.7851127058487652,0
2023-07-28 10:55:37,3883.2,477763,1,3891.46,69125,165261,0.7851127058487652,0
2023-07-28 10:55:37,3883.2,477763,1,3891.46,69130,165261,0.7851127058487652,0
2023-07-28 10:55:37,3883.2,477763,1,3891.46,69138,165261,0.7851127058487652,0
2023-07-28 10:55:37,3883.2,477763,1,3891.46,69163,165320,0.7851127058487652,0
2023-07-28 10:55:37,3883.85,477763,2,3891.46,69163,165320,0.8019828962223775,0
2023-07-28 10:55:41,3883.85,477813,2,3891.46,68887,165440,0.8019828962223775,0
2023-07-28 10:55:41,3883.85,477813,2,3891.46,68876,165440,0.8019828962223775,0
2023-07-28 10:55:41,3883.85,477813,2,3891.46,68902,165440,0.8019828962223775,0
2023-07-28 10:55:41,3882.2,477813,40,3891.46,68902,165440,0.7591585668124424,0
2023-07-28 10:55:44,3882.2,477913,40,3891.46,68312,165446,0.7591585668124424,0
2023-07-28 10:55:44,3882.2,477913,40,3891.46,68343,165446,0.7591585668124424,0
2023-07-28 10:55:44,3882.2,477913,40,3891.46,68873,165421,0.7591585668124424,0
2023-07-28 10:55:44,3883.2,477913,1,3891.46,68873,165421,0.7851127058487652,0
2023-07-28 10:55:47,3883.2,477914,1,3891.46,68872,165404,0.7851127058487652,0
2023-07-28 10:55:47,3883.2,477914,1,3891.46,68865,165404,0.7851127058487652,0
2023-07-28 10:55:47,3883.2,477914,1,3891.46,68865,165404,0.7851127058487652,0
2023-07-28 10:55:47,3882.2,477914,11,3891.46,68865,165404,0.7591585668124424,0
2023-07-28 10:55:50,3882.2,477926,1,3891.46,68926,165356,0.7591585668124424,0
2023-07-28 10:55:50,3883.2,477926,1,3891.46,68890,165379,0.7851127058487652,0
2023-07-28 10:55:52,3883.2,477928,1,3891.46,68903,165321,0.7851127058487652,0
2023-07-28 10:55:52,3883.2,477928,1,3891.46,68903,165321,0.7851127058487652,0
2023-07-28 10:55:54,3882.2,477963,35,3891.46,68818,165321,0.7591585668124424,0
2023-07-28 10:55:54,3882.2,477963,16,3891.46,68818,165321,0.7591585668124424,0
2023-07-28 10:55:55,3883.2,478045,42,3891.46,68802,165333,0.7851127058487652,0
2023-07-28 10:55:55,3883.2,478045,2,3891.46,68802,165333,0.7851127058487652,0
2023-07-28 10:55:56,3883.2,478047,2,3891.46,68804,165330,0.7851127058487652,0
2023-07-28 10:55:56,3883.2,478047,2,3891.46,68804,165453,0.7851127058487652,0
2023-07-28 10:55:56,3883.2,478047,1,3891.46,68804,165453,0.7851127058487652,0
2023-07-28 10:55:58,3883.2,478052,4,3891.46,68812,165448,0.7851127058487652,0
2023-07-28 10:55:59,3883.2,478304,2,3891.45,69579,165490,0.7851127058487652,0
2023-07-28 10:56:00,3882.0,478354,50,3891.45,69580,165248,0.7539677390051827,0
2023-07-28 10:56:01,3882.55,478404,50,3891.45,69551,165266,0.7682425154751649,0
2023-07-28 10:56:02,3882.55,478409,5,3891.45,69546,165246,0.7682425154751649,0
2023-07-28 10:56:03,3882.55,478410,1,3891.45,69545,165246,0.7682425154751649,0
2023-07-28 10:56:04,3883.2,478462,2,3891.45,69636,165119,0.7851127058487652,0
2023-07-28 10:56:04,3882.65,478462,3,3891.45,69636,165119,0.7708379293787948,0
2023-07-28 10:56:06,3882.65,478583,3,3891.45,69765,165029,0.7708379293787948,0
2023-07-28 10:56:06,3882.65,478583,3,3891.45,69765,165029,0.7708379293787948,0
2023-07-28 10:56:06,3882.65,478583,3,3891.45,69767,165047,0.7708379293787948,0
2023-07-28 10:56:08,3883.85,478617,10,3891.45,69760,165085,0.8019828962223775,0
2023-07-28 10:56:08,3883.85,478617,10,3891.45,69762,165095,0.8019828962223775,0
2023-07-28 10:56:08,3883.85,478617,10,3891.45,69787,165109,0.8019828962223775,0
2023-07-28 10:56:11,3882.7,478622,2,3891.45,69727,165109,0.7721356363306039,0
2023-07-28 10:56:11,3882.7,478622,2,3891.45,69857,164919,0.7721356363306039,0
2023-07-28 10:56:11,3882.7,478622,2,3891.45,69857,164919,0.7721356363306039,0
2023-07-28 10:56:17,3883.85,478628,5,3891.45,69865,164902,0.8019828962223775,0
2023-07-28 10:56:17,3883.85,478628,5,3891.45,69846,164902,0.8019828962223775,0
2023-07-28 10:56:18,3883.85,478706,13,3891.45,69924,164879,0.8019828962223775,0
2023-07-28 10:56:18,3884.0,478706,3,3891.45,69924,164879,0.8058760170778283,0
2023-07-28 10:56:18,3884.0,479024,3,3891.44,70129,164466,0.8058760170778283,0
2023-07-28 10:56:18,3884.0,479024,3,3891.44,70473,164524,0.8058760170778283,0
2023-07-28 10:56:18,3884.0,479024,3,3891.44,70473,164530,0.8058760170778283,0
2023-07-28 10:56:18,3884.0,479024,3,3891.44,70473,164530,0.8058760170778283,0
2023-07-28 10:56:18,3885.0,479024,5,3891.44,70473,164556,0.831830156114151,0
2023-07-28 10:56:23,3885.0,479034,5,3891.44,70480,164530,0.831830156114151,0
2023-07-28 10:56:23,3885.0,479034,29,3891.44,70480,164530,0.831830156114151,0
2023-07-28 10:56:24,3885.0,479063,29,3891.44,70488,164549,0.831830156114151,0
2023-07-28 10:56:24,3885.0,479063,29,3891.44,70488,164549,0.831830156114151,0
2023-07-28 10:56:24,3885.0,479063,29,3891.44,70488,164649,0.831830156114151,0
2023-07-28 10:56:24,3885.0,479063,29,3891.44,70488,164649,0.831830156114151,0
2023-07-28 10:56:24,3885.0,479063,29,3891.44,70538,164650,0.831830156114151,0
2023-07-28 10:56:24,3885.0,479063,29,3891.44,70538,164650,0.831830156114151,0
2023-07-28 10:56:24,3885.0,479063,5,3891.44,70538,164650,0.831830156114151,0
2023-07-28 10:56:28,3885.0,479068,1,3891.44,70518,164685,0.831830156114151,0
2023-07-28 10:56:29,3884.0,479070,1,3891.44,70479,164682,0.8058760170778283,0
2023-07-28 10:56:29,3884.0,479070,1,3891.44,70484,164682,0.8058760170778283,0
2023-07-28 10:56:29,3884.0,479070,1,3891.44,70484,164682,0.8058760170778283,0
2023-07-28 10:56:31,3883.1,479321,3,3891.44,70173,164820,0.7825172919451353,0
2023-07-28 10:56:31,3883.1,479321,3,3891.44,68875,164820,0.7825172919451353,0
2023-07-28 10:56:31,3883.1,479321,3,3891.44,68891,164970,0.7825172919451353,0
2023-07-28 10:56:31,3883.1,479321,3,3891.44,68889,164970,0.7825172919451353,0
2023-07-28 10:56:36,3883.05,479331,2,3891.44,70435,165028,0.7812195849933263,0
2023-07-28 10:56:37,3883.05,479346,6,3891.44,70431,165033,0.7812195849933263,0
2023-07-28 10:56:37,3883.05,479346,6,3891.44,70412,165051,0.7812195849933263,0
2023-07-28 10:56:37,3883.05,479346,6,3891.44,70397,165076,0.7812195849933263,0
2023-07-28 10:56:37,3883.05,479346,6,3891.44,70399,165076,0.7812195849933263,0
2023-07-28 10:56:42,3884.0,479356,5,3891.44,70326,164996,0.8058760170778283,0
2023-07-28 10:56:42,3883.25,479357,1,3891.44,70303,165008,0.7864104128005861,0
2023-07-28 10:56:42,3883.25,479357,1,3891.44,70316,164994,0.7864104128005861,0
2023-07-28 10:56:42,3884.0,479357,5,3891.44,70316,164994,0.8058760170778283,0
2023-07-28 10:56:44,3884.0,479362,5,3891.44,70382,165139,0.8058760170778283,0
2023-07-28 10:56:44,3884.0,479362,5,3891.44,70356,165144,0.8058760170778283,0
2023-07-28 10:56:44,3883.25,479362,1,3891.44,70353,165144,0.7864104128005861,0
2023-07-28 10:56:47,3883.25,479363,1,3891.44,70345,165305,0.7864104128005861,0
2023-07-28 10:56:49,3883.0,479364,1,3891.44,70543,165319,0.7799218780415055,0
2023-07-28 10:56:49,3883.0,479364,1,3891.44,69022,165319,0.7799218780415055,0
2023-07-28 10:56:49,3883.0,479364,1,3891.44,70517,165300,0.7799218780415055,0
2023-07-28 10:56:49,3883.0,479364,1,3891.44,70517,165300,0.7799218780415055,0
2023-07-28 10:56:51,3883.0,479365,1,3891.44,70562,165300,0.7799218780415055,0
2023-07-28 10:56:51,3883.0,479365,1,3891.44,70562,165300,0.7799218780415055,0
2023-07-28 10:56:51,3883.0,479365,1,3891.44,70559,165296,0.7799218780415055,0
2023-07-28 10:56:51,3883.0,479365,300,3891.44,70559,165296,0.7799218780415055,0
2023-07-28 10:56:54,3883.0,479678,300,3891.43,70964,165809,0.7799218780415055,0
2023-07-28 10:56:54,3882.7,479678,1,3891.43,70964,165809,0.7721356363306039,0
2023-07-28 10:56:55,3882.7,479679,1,3891.43,70947,165564,0.7721356363306039,0
2023-07-28 10:56:55,3883.0,479679,1,3891.43,70947,165564,0.7799218780415055,0
2023-07-28 10:56:56,3883.0,479680,1,3891.43,70934,165788,0.7799218780415055,0
2023-07-28 10:56:56,3883.0,479680,5,3891.43,70935,165788,0.7799218780415055,0
2023-07-28 10:56:58,3882.7,479686,1,3891.43,70934,165783,0.7721356363306039,0
2023-07-28 10:57:00,3882.55,479697,3,3891.43,70917,165769,0.7682425154751649,0
2023-07-28 10:57:00,3883.0,479697,5,3891.43,70917,165769,0.7799218780415055,0
2023-07-28 10:57:01,3883.0,479702,5,3891.43,70918,165769,0.7799218780415055,0
2023-07-28 10:57:01,3883.0,479702,5,3891.43,70927,165769,0.7799218780415055,0
2023-07-28 10:57:01,3883.0,479702,4,3891.43,70927,165769,0.7799218780415055,0
2023-07-28 10:57:03,3883.0,479857,4,3891.43,71200,165456,0.7799218780415055,0
2023-07-28 10:57:03,3883.0,479857,10,3891.43,71200,165456,0.7799218780415055,0
2023-07-28 10:57:04,3883.0,479867,10,3891.43,71190,165476,0.7799218780415055,0
2023-07-28 10:57:04,3883.0,479867,10,3891.43,71198,165476,0.7799218780415055,0
2023-07-28 10:57:04,3883.0,479867,135,3891.43,71198,165476,0.7799218780415055,0
2023-07-28 10:57:04,3883.0,479867,1,3891.43,71198,165476,0.7799218780415055,0
2023-07-28 10:57:04,3882.5,479867,10,3891.43,71198,165476,0.766944808523344,0
2023-07-28 10:57:09,3882.5,480014,10,3891.42,70733,165705,0.766944808523344,0
2023-07-28 10:57:09,3882.8,480014,4,3891.42,70733,165705,0.7747310502342456,0
2023-07-28 10:57:09,3882.1,480014,10,3891.42,70733,165705,0.7565631529088125,0
2023-07-28 10:57:12,3882.1,480044,10,3891.42,70887,165481,0.7565631529088125,0
2023-07-28 10:57:12,3882.7,480044,100,3891.42,70887,165481,0.7721356363306039,0
2023-07-28 10:57:12,3882.7,480044,5,3891.42,70887,165481,0.7721356363306039,0
2023-07-28 10:57:16,3882.7,480149,5,3891.42,71071,166077,0.7721356363306039,0
2023-07-28 10:57:21,3882.6,480150,78,3891.42,69146,166001,0.769540222426974,0
2023-07-28 10:57:21,3882.5,480150,8,3891.42,69146,166001,0.766944808523344,0
2023-07-28 10:57:25,3882.5,480236,8,3891.42,69267,165959,0.766944808523344,0
2023-07-28 10:57:25,3882.7,480236,1,3891.42,69267,165959,0.7721356363306039,0
2023-07-28 10:57:25,3882.7,480236,5,3891.42,69267,165959,0.7721356363306039,0
2023-07-28 10:57:25,3882.6,480236,1,3891.42,69267,165959,0.769540222426974,0
2023-07-28 10:57:30,3882.6,480244,1,3891.42,69200,165992,0.769540222426974,0
2023-07-28 10:57:30,3882.7,480244,20,3891.42,69200,165992,0.7721356363306039,0
2023-07-28 10:57:30,3882.6,480244,1,3891.42,69200,165992,0.769540222426974,0
2023-07-28 10:57:34,3882.6,480925,1,3891.41,71418,165327,0.769540222426974,0
2023-07-28 10:57:34,3882.6,480925,1,3891.41,71418,165327,0.769540222426974,0
2023-07-28 10:57:34,3883.0,480925,14,3891.41,71418,165327,0.7799218780415055,0
2023-07-28 10:57:34,3883.0,480925,1,3891.41,71418,165327,0.7799218780415055,0
2023-07-28 10:57:37,3883.95,480982,12,3891.41,71402,165451,0.8045783101260073,0
2023-07-28 10:57:42,3883.0,481030,8,3891.41,71382,165459,0.7799218780415055,0
2023-07-28 10:57:42,3883.9,481030,3,3891.41,71382,165459,0.8032806031741984,0
2023-07-28 10:57:43,3883.9,481130,3,3891.4,71432,165566,0.8032806031741984,0
2023-07-28 10:57:43,3883.0,481130,2,3891.4,71432,165566,0.7799218780415055,0
2023-07-28 10:57:47,3883.0,481177,2,3891.4,71366,165448,0.7799218780415055,0
2023-07-28 10:57:47,3883.95,481177,4,3891.4,71366,165448,0.8045783101260073,0
2023-07-28 10:57:47,3883.95,481177,1,3891.4,71366,165448,0.8045783101260073,0
2023-07-28 10:57:54,3883.95,481188,1,3891.4,71378,165439,0.8045783101260073,0
2023-07-28 10:57:54,3883.95,481188,10,3891.4,71378,165439,0.8045783101260073,0
2023-07-28 10:57:54,3884.0,481188,94,3891.4,71378,165439,0.8058760170778283,0
2023-07-28 10:57:54,3883.9,481188,2,3891.4,71378,165439,0.8032806031741984,0
2023-07-28 10:57:54,3883.9,481188,23,3891.4,71378,165439,0.8032806031741984,0
2023-07-28 10:57:58,3883.9,481323,23,3891.4,71237,165449,0.8032806031741984,0
2023-07-28 10:57:58,3883.95,481323,5,3891.4,71237,165449,0.8045783101260073,0
2023-07-28 10:57:58,3883.0,481323,1,3891.4,71237,165449,0.7799218780415055,0
2023-07-28 10:57:58,3883.0,481323,1,3891.4,71237,165449,0.7799218780415055,0
2023-07-28 10:58:02,3883.0,481330,1,3891.4,71509,165227,0.7799218780415055,0
2023-07-28 10:58:02,3883.95,481330,5,3891.4,71509,165227,0.8045783101260073,0
2023-07-28 10:58:07,3883.95,481343,2,3891.4,71536,165323,0.8045783101260073,0
2023-07-28 10:58:07,3883.0,481343,1,3891.4,71536,165323,0.7799218780415055,0
2023-07-28 10:58:07,3883.0,481344,1,3891.4,71561,165387,0.7799218780415055,0
2023-07-28 10:58:07,3883.0,481344,1,3891.4,71561,165387,0.7799218780415055,0
2023-07-28 10:58:13,3883.0,481345,1,3891.4,71629,165392,0.7799218780415055,0
2023-07-28 10:58:13,3883.0,481345,13,3891.4,71629,165392,0.7799218780415055,0
2023-07-28 10:58:13,3883.9,481345,3,3891.4,71629,165392,0.8032806031741984,0
2023-07-28 10:58:18,3883.9,481365,3,3891.4,72230,165426,0.8032806031741984,0
2023-07-28 10:58:18,3882.5,481365,2,3891.4,72230,165426,0.766944808523344,0
2023-07-28 10:58:26,3883.55,482193,10,3891.39,71173,165525,0.7941966545114877,0
2023-07-28 10:58:27,3883.55,482203,10,3891.39,71237,165487,0.7941966545114877,0
2023-07-28 10:58:27,3883.3,482203,5,3891.39,71237,165487,0.787708119752407,0
2023-07-28 10:58:32,3883.3,482208,5,3891.39,71217,165360,0.787708119752407,0
2023-07-28 10:58:32,3883.2,482208,15,3891.39,71217,165360,0.7851127058487652,0
2023-07-28 10:58:32,3882.5,482208,1,3891.39,71217,165360,0.766944808523344,0
2023-07-28 10:58:39,3882.5,482224,1,3891.39,71070,165414,0.766944808523344,0
2023-07-28 10:58:39,3882.5,482224,1,3891.39,71070,165414,0.766944808523344,0
2023-07-28 10:58:41,3882.5,482225,1,3891.39,68278,165992,0.766944808523344,0
2023-07-28 10:58:41,3882.9,482225,10,3891.39,68278,165992,0.7773264641378755,0
2023-07-28 10:58:47,3882.95,482322,14,3891.38,71286,166044,0.7786241710896845,0
2023-07-28 10:58:47,3882.9,482322,25,3891.38,71286,166044,0.7773264641378755,0
2023-07-28 10:58:50,3882.9,482347,25,3891.38,69751,166079,0.7773264641378755,0
2023-07-28 10:58:50,3882.0,482347,1,3891.38,69751,166079,0.7539677390051827,0
2023-07-28 10:58:50,3882.0,482347,5,3891.38,69751,166079,0.7539677390051827,0
2023-07-28 10:58:55,3882.0,482353,5,3891.38,71140,166014,0.7539677390051827,0
2023-07-28 10:58:55,3882.0,482353,10,3891.38,71140,166014,0.7539677390051827,0
2023-07-28 10:58:56,3882.0,482364,10,3891.38,71138,166109,0.7539677390051827,0
2023-07-28 10:58:56,3882.95,482364,11,3891.38,71138,166109,0.7786241710896845,0
2023-07-28 10:58:56,3882.0,482364,5,3891.38,71138,166109,0.7539677390051827,0
2023-07-28 10:59:01,3882.0,482469,5,3891.38,71139,165990,0.7539677390051827,0
2023-07-28 10:59:01,3882.0,482469,1,3891.38,71139,165990,0.7539677390051827,0
2023-07-28 10:59:01,3882.0,482469,1,3891.38,71139,165990,0.7539677390051827,0
2023-07-28 10:59:01,3882.95,482469,5,3891.38,71139,165990,0.7786241710896845,0
2023-07-28 10:59:01,3882.0,482469,10,3891.38,71139,165990,0.7539677390051827,0
2023-07-28 10:59:07,3882.0,482521,10,3891.38,71038,166023,0.7539677390051827,0
2023-07-28 10:59:07,3882.0,482521,3,3891.38,71038,166023,0.7539677390051827,0
2023-07-28 10:59:09,3882.0,482524,3,3891.38,71104,166461,0.7539677390051827,0
2023-07-28 10:59:09,3882.0,482524,3,3891.38,71131,166325,0.7539677390051827,0
2023-07-28 10:59:09,3882.05,482524,10,3891.38,71131,166325,0.7552654459570035,0
2023-07-28 10:59:09,3882.05,482524,1,3891.38,71131,166325,0.7552654459570035,0
2023-07-28 10:59:18,3882.05,482535,1,3891.38,71216,166310,0.7552654459570035,0
2023-07-28 10:59:18,3882.0,482535,9,3891.38,71216,166310,0.7539677390051827,0
2023-07-28 10:59:18,3882.0,482535,9,3891.38,71216,166310,0.7539677390051827,0
2023-07-28 10:59:18,3882.05,482535,21,3891.38,71216,166310,0.7552654459570035,0
2023-07-28 10:59:18,3882.05,482535,21,3891.38,71216,166310,0.7552654459570035,0
2023-07-28 10:59:18,3882.05,482535,21,3891.38,71216,166310,0.7552654459570035,0
2023-07-28 10:59:22,3882.95,482586,5,3891.38,71268,165955,0.7786241710896845,0
2023-07-28 10:59:22,3882.95,482586,5,3891.38,71268,165955,0.7786241710896845,0
2023-07-28 10:59:22,3883.55,482586,2,3891.38,71268,165955,0.7941966545114877,0
2023-07-28 10:59:22,3883.0,482586,6,3891.38,71268,165955,0.7799218780415055,0
2023-07-28 10:59:22,3883.0,482586,6,3891.38,71268,165955,0.7799218780415055,0
2023-07-28 10:59:28,3883.0,482842,1,3891.37,71683,166158,0.7799218780415055,0
2023-07-28 10:59:28,3883.0,482842,5,3891.37,71683,166158,0.7799218780415055,0
2023-07-28 10:59:28,3883.0,482842,1,3891.37,71683,166158,0.7799218780415055,0
2023-07-28 10:59:32,3883.0,482898,45,3891.37,71640,166217,0.7799218780415055,0
2023-07-28 10:59:32,3883.0,482898,45,3891.37,71640,166217,0.7799218780415055,0
2023-07-28 10:59:32,3883.85,482898,1,3891.37,71640,166217,0.8019828962223775,0
2023-07-28 10:59:34,3883.85,482934,1,3891.37,71585,166230,0.8019828962223775,0
2023-07-28 10:59:34,3883.0,482934,25,3891.37,71585,166230,0.7799218780415055,0
2023-07-28 10:59:43,3883.85,483009,3,3891.37,71392,166229,0.8019828962223775,0
2023-07-28 10:59:43,3883.85,483009,3,3891.37,71392,166229,0.8019828962223775,0
2023-07-28 10:59:43,3883.85,483009,2,3891.37,71392,166229,0.8019828962223775,0
2023-07-28 10:59:43,3883.0,483009,4,3891.37,71392,166229,0.7799218780415055,0
2023-07-28 10:59:51,3883.85,483145,13,3891.37,71358,166275,0.8019828962223775,0
2023-07-28 10:59:51,3883.85,483145,5,3891.37,71358,166275,0.8019828962223775,0
2023-07-28 10:59:54,3883.85,483160,5,3891.37,71353,166293,0.8019828962223775,0
2023-07-28 10:59:54,3883.0,483160,1,3891.37,71353,166293,0.7799218780415055,0
2023-07-28 10:59:54,3883.0,483160,15,3891.37,71353,166293,0.7799218780415055,0
2023-07-28 10:59:59,3883.0,483176,15,3891.37,71301,166284,0.7799218780415055,0
2023-07-28 10:59:59,3883.65,483176,1,3891.37,71301,166284,0.7967920684151176,0
2023-07-28 10:59:59,3883.7,483176,15,3891.37,71301,166284,0.7980897753669267,0
2023-07-28 11:00:01,3883.7,483192,1,3891.37,69287,166187,0.7980897753669267,0
2023-07-28 11:00:04,3883.7,483193,1,3891.37,69269,166233,0.7980897753669267,0
2023-07-28 11:00:04,3883.0,483193,1,3891.37,69269,166233,0.7799218780415055,0
2023-07-28 11:00:12,3883.7,483235,1,3891.37,71283,166251,0.7980897753669267,0
2023-07-28 11:00:12,3883.0,483235,1,3891.37,71283,166251,0.7799218780415055,0
2023-07-28 11:00:17,3883.95,483334,3,3891.37,71422,166274,0.8045783101260073,0
2023-07-28 11:00:17,3883.95,483334,5,3891.37,71422,166274,0.8045783101260073,0
2023-07-28 11:00:18,3883.95,483339,5,3891.37,71428,166290,0.8045783101260073,0
2023-07-28 11:00:18,3883.0,483339,1,3891.37,71428,166290,0.7799218780415055,0
2023-07-28 11:00:23,3883.0,483340,1,3891.37,71425,166289,0.7799218780415055,0
2023-07-28 11:00:29,3883.9,483345,5,3891.37,71368,166425,0.8032806031741984,0
2023-07-28 11:00:29,3883.0,483345,1,3891.37,71368,166425,0.7799218780415055,0
2023-07-28 11:00:29,3883.0,483345,13,3891.37,71368,166425,0.7799218780415055,0
2023-07-28 11:00:32,3883.0,483379,13,3891.37,71287,166596,0.7799218780415055,0
2023-07-28 11:00:32,3882.85,483379,1,3891.37,71287,166596,0.7760287571860547,0
2023-07-28 11:00:37,3883.0,483381,1,3891.37,71305,166535,0.7799218780415055,0
2023-07-28 11:00:37,3882.85,483381,2,3891.37,71305,166535,0.7760287571860547,0
2023-07-28 11:00:41,3883.0,483387,1,3891.37,71310,166514,0.7799218780415055,0
2023-07-28 11:00:41,3882.85,483387,1,3891.37,71310,166514,0.7760287571860547,0
2023-07-28 11:00:41,3882.2,483387,3,3891.37,71310,166514,0.7591585668124424,0
2023-07-28 11:00:41,3883.0,483387,2,3891.37,71310,166514,0.7799218780415055,0
2023-07-28 11:00:45,3882.2,483444,10,3891.36,71265,166544,0.7591585668124424,0
2023-07-28 11:00:45,3883.0,483444,2,3891.36,71265,166544,0.7799218780415055,0
2023-07-28 11:00:45,3882.9,483446,10,3891.36,71328,166584,0.7773264641378755,0
2023-07-28 11:00:45,3882.25,483446,2,3891.36,71328,166584,0.7604562737642633,0
2023-07-28 11:00:45,3882.9,483446,4,3891.36,71328,166584,0.7773264641378755,0
2023-07-28 11:00:53,3882.2,483469,5,3891.36,69090,166577,0.7591585668124424,0
2023-07-28 11:00:53,3882.9,483469,1,3891.36,69090,166577,0.7773264641378755,0
2023-07-28 11:00:57,3882.9,483470,1,3891.36,69124,166576,0.7773264641378755,0
2023-07-28 11:00:57,3882.9,483470,1,3891.36,71199,166590,0.7773264641378755,0
2023-07-28 11:00:57,3882.2,483470,1,3891.36,71199,166590,0.7591585668124424,0
2023-07-28 11:01:02,3882.2,483471,1,3891.36,71207,166592,0.7591585668124424,0
2023-07-28 11:01:02,3882.2,483471,1,3891.36,69284,166212,0.7591585668124424,0
2023-07-28 11:01:02,3882.9,483471,10,3891.36,69284,166212,0.7773264641378755,0
2023-07-28 11:01:02,3883.0,483471,72,3891.36,69284,166212,0.7799218780415055,0
2023-07-28 11:01:02,3883.85,483471,10,3891.36,69284,166212,0.8019828962223775,0
2023-07-28 11:01:02,3883.0,483471,31,3891.36,69284,166212,0.7799218780415055,0
2023-07-28 11:01:14,3883.0,483736,31,3891.36,70927,166087,0.7799218780415055,0
2023-07-28 11:01:14,3883.9,483736,11,3891.36,70927,166087,0.8032806031741984,0
2023-07-28 11:01:14,3883.0,483736,1,3891.36,70927,166087,0.7799218780415055,0
2023-07-28 11:01:14,3883.0,483736,10,3891.36,70927,166087,0.7799218780415055,0
2023-07-28 11:01:18,3883.9,483760,1,3891.36,70921,166126,0.8032806031741984,0
2023-07-28 11:01:18,3883.0,483760,12,3891.36,70921,166126,0.7799218780415055,0
2023-07-28 11:01:20,3883.8,483773,1,3891.36,70965,166131,0.8006851892705684,0
2023-07-28 11:01:20,3883.7,483773,50,3891.36,70965,166131,0.7980897753669267,0
2023-07-28 11:01:25,3883.7,483824,2,3891.36,71311,166551,0.7980897753669267,0
2023-07-28 11:01:25,3883.7,483824,3,3891.36,71311,166551,0.7980897753669267,0
2023-07-28 11:01:25,3883.0,483824,1,3891.36,71311,166551,0.7799218780415055,0
2023-07-28 11:01:28,3883.0,483830,1,3891.36,71361,166520,0.7799218780415055,0
2023-07-28 11:01:28,3883.7,483830,3,3891.36,71361,166520,0.7980897753669267,0
2023-07-28 11:01:28,3883.7,483830,1,3891.36,71361,166520,0.7980897753669267,0
2023-07-28 11:01:35,3883.7,483834,1,3891.36,71155,166662,0.7980897753669267,0
2023-07-28 11:01:35,3883.7,483834,1,3891.36,71155,166662,0.7980897753669267,0
2023-07-28 11:01:41,3883.7,483836,1,3891.36,71580,166698,0.7980897753669267,0
2023-07-28 11:01:41,3883.0,483836,100,3891.36,71580,166698,0.7799218780415055,0
2023-07-28 11:01:41,3883.7,483836,3,3891.36,71580,166698,0.7980897753669267,0
2023-07-28 11:01:46,3883.7,483952,3,3891.36,71459,166591,0.7980897753669267,0
2023-07-28 11:01:46,3883.7,483952,3,3891.36,71459,166591,0.7980897753669267,0
2023-07-28 11:01:47,3883.7,483958,3,3891.36,71459,166657,0.7980897753669267,0
2023-07-28 11:01:47,3883.05,483958,2,3891.36,71459,166657,0.7812195849933263,0
2023-07-28 11:01:54,3883.6,483971,1,3891.36,71471,166623,0.7954943614632968,0
2023-07-28 11:01:54,3883.6,483971,2,3891.36,71471,166623,0.7954943614632968,0
2023-07-28 11:01:54,3883.6,483971,2,3891.36,71471,166623,0.7954943614632968,0
2023-07-28 11:01:58,3883.6,483976,2,3891.36,71514,166632,0.7954943614632968,0
2023-07-28 11:01:58,3883.6,483976,1,3891.36,71514,166632,0.7954943614632968,0
2023-07-28 11:02:03,3883.6,484104,8,3891.35,71473,166610,0.7954943614632968,0
2023-07-28 11:02:03,3883.6,484104,5,3891.35,71473,166610,0.7954943614632968,0
2023-07-28 11:02:03,3883.05,484104,1,3891.35,71473,166610,0.7812195849933263,0
2023-07-28 11:02:03,3883.6,484104,1,3891.35,71473,166610,0.7954943614632968,0
2023-07-28 11:02:08,3883.6,484115,1,3891.35,71517,166652,0.7954943614632968,0
2023-07-28 11:02:08,3883.6,484115,1,3891.35,71517,166652,0.7954943614632968,0
2023-07-28 11:02:10,3883.6,484118,1,3891.35,71541,166645,0.7954943614632968,0
2023-07-28 11:02:10,3883.6,484118,1,3891.35,71548,166651,0.7954943614632968,0
2023-07-28 11:02:10,3883.05,484118,2,3891.35,71548,166651,0.7812195849933263,0
2023-07-28 11:02:20,3883.05,484120,2,3891.35,71519,166675,0.7812195849933263,0
2023-07-28 11:02:20,3883.6,484120,4,3891.35,71519,166675,0.7954943614632968,0
2023-07-28 11:02:20,3883.6,484120,4,3891.35,71519,166675,0.7954943614632968,0
2023-07-28 11:02:20,3883.6,484120,4,3891.35,71519,166675,0.7954943614632968,0
2023-07-28 11:02:20,3883.6,484120,4,3891.35,71519,166675,0.7954943614632968,0
2023-07-28 11:02:20,3883.6,484120,4,3891.35,71519,166675,0.7954943614632968,0
2023-07-28 11:02:20,3883.6,484120,4,3891.35,71519,166675,0.7954943614632968,0
2023-07-28 11:02:25,3883.7,484208,9,3891.35,71538,166689,0.7980897753669267,0
2023-07-28 11:02:25,3883.7,484208,4,3891.35,71538,166689,0.7980897753669267,0
2023-07-28 11:02:25,3883.7,484208,4,3891.35,71538,166689,0.7980897753669267,0
2023-07-28 11:02:25,3883.7,484208,4,3891.35,71538,166689,0.7980897753669267,0
2023-07-28 11:02:25,3883.7,484208,1,3891.35,71538,166689,0.7980897753669267,0
2023-07-28 11:02:28,3883.7,484213,1,3891.35,71533,167131,0.7980897753669267,0
2023-07-28 11:02:28,3883.05,484213,7,3891.35,71533,167131,0.7812195849933263,0
2023-07-28 11:02:28,3883.05,484213,1,3891.35,71533,167131,0.7812195849933263,0
2023-07-28 11:02:33,3883.05,484228,1,3891.35,71537,167097,0.7812195849933263,0
2023-07-28 11:02:33,3883.7,484228,10,3891.35,71537,167097,0.7980897753669267,0
2023-07-28 11:02:33,3885.0,484228,30,3891.35,71537,167097,0.831830156114151,0
2023-07-28 11:02:37,3885.55,484687,1,3891.35,72457,166476,0.8461049325841333,0
2023-07-28 11:02:38,3886.95,484688,18,3891.35,72880,166366,0.8824407272349758,0
2023-07-28 11:02:46,3886.25,484717,1,3891.34,71257,166098,0.8642728299095546,0
2023-07-28 11:02:46,3887.8,484717,2,3891.34,71257,166098,0.9045017454158597,0
2023-07-28 11:02:46,3887.8,484717,5,3891.34,71257,166098,0.9045017454158597,0
2023-07-28 11:02:46,3887.8,484717,58,3891.34,71257,166098,0.9045017454158597,0
2023-07-28 11:02:46,3888.3,484717,10,3891.34,71257,166098,0.9174788149340211,0
2023-07-28 11:02:46,3887.8,484717,10,3891.34,71257,166098,0.9045017454158597,0
2023-07-28 11:02:53,3888.6,484905,4,3891.34,73223,166179,0.9252650566449109,0
2023-07-28 11:02:53,3888.6,484905,20,3891.34,73223,166179,0.9252650566449109,0
2023-07-28 11:02:58,3888.6,484930,2,3891.34,73190,166146,0.9252650566449109,0
2023-07-28 11:02:58,3888.6,484930,15,3891.34,73190,166146,0.9252650566449109,0
2023-07-28 11:02:58,3888.6,484930,138,3891.34,73190,166146,0.9252650566449109,0
2023-07-28 11:03:02,3888.6,485210,138,3891.34,72568,166790,0.9252650566449109,0
2023-07-28 11:03:02,3888.3,485210,10,3891.34,72568,166790,0.9174788149340211,0
2023-07-28 11:03:04,3888.3,485221,10,3891.34,72557,166547,0.9174788149340211,0
2023-07-28 11:03:04,3888.3,485221,24,3891.34,72557,166547,0.9174788149340211,0
2023-07-28 11:03:07,3888.3,485245,24,3891.34,72695,166434,0.9174788149340211,0
2023-07-28 11:03:07,3888.3,485245,24,3891.34,72563,166457,0.9174788149340211,0
2023-07-28 11:03:07,3888.3,485245,24,3891.34,71954,166457,0.9174788149340211,0
2023-07-28 11:03:07,3888.3,485245,24,3891.34,71954,166457,0.9174788149340211,0
2023-07-28 11:03:07,3888.3,485245,24,3891.34,71954,166485,0.9174788149340211,0
2023-07-28 11:03:12,3887.15,485246,1,3891.34,71953,166462,0.8876315550422474,0
2023-07-28 11:03:12,3888.8,485246,6,3891.34,71953,166462,0.9304558844521825,0
2023-07-28 11:03:13,3888.8,485307,6,3891.34,71935,166429,0.9304558844521825,0
2023-07-28 11:03:13,3888.8,485307,6,3891.34,71927,166429,0.9304558844521825,0
2023-07-28 11:03:13,3888.8,485307,6,3891.34,71516,166464,0.9304558844521825,0
2023-07-28 11:03:13,3887.15,485307,10,3891.34,71516,166464,0.8876315550422474,0
2023-07-28 11:03:16,3887.15,485317,10,3891.34,71366,166804,0.8876315550422474,0
2023-07-28 11:03:16,3887.15,485317,10,3891.34,71282,166723,0.8876315550422474,0
2023-07-28 11:03:16,3887.15,485317,10,3891.34,71149,166643,0.8876315550422474,0
2023-07-28 11:03:16,3887.15,485317,10,3891.34,70922,166549,0.8876315550422474,0
2023-07-28 11:03:16,3887.15,485317,10,3891.34,71182,166484,0.8876315550422474,0
2023-07-28 11:03:16,3887.15,485317,10,3891.34,71274,166400,0.8876315550422474,0
2023-07-28 11:03:16,3887.15,485317,10,3891.34,71207,166495,0.8876315550422474,0
2023-07-28 11:03:16,3887.15,485317,10,3891.34,70954,166442,0.8876315550422474,0
2023-07-28 11:03:16,3887.15,485317,10,3891.34,69498,166507,0.8876315550422474,0
2023-07-28 11:03:16,3886.0,485317,1,3891.34,69498,166507,0.8577842951504738,0
2023-07-28 11:03:25,3886.0,485318,1,3891.34,71297,166399,0.8577842951504738,0
2023-07-28 11:03:25,3886.0,485318,1,3891.34,71255,166472,0.8577842951504738,0
2023-07-28 11:03:25,3886.0,485318,1,3891.34,71338,166544,0.8577842951504738,0
2023-07-28 11:03:29,3885.25,485343,2,3891.34,71251,166458,0.8383186908732317,0
2023-07-28 11:03:29,3885.25,485343,2,3891.34,71211,166380,0.8383186908732317,0
2023-07-28 11:03:29,3885.25,485343,2,3891.34,71304,166317,0.8383186908732317,0
2023-07-28 11:03:29,3885.25,485343,2,3891.34,69677,166356,0.8383186908732317,0
2023-07-28 11:03:29,3885.25,485343,2,3891.34,71405,166406,0.8383186908732317,0
2023-07-28 11:03:29,3885.25,485343,2,3891.34,71387,166404,0.8383186908732317,0
2023-07-28 11:03:29,3885.25,485343,2,3891.34,71363,166545,0.8383186908732317,0
2023-07-28 11:03:29,3885.25,485343,2,3891.34,71338,166588,0.8383186908732317,0
2023-07-28 11:03:29,3885.25,485343,2,3891.34,71317,166585,0.8383186908732317,0
2023-07-28 11:03:38,3885.0,485344,1,3891.34,69922,166704,0.831830156114151,0
2023-07-28 11:03:38,3885.0,485344,1,3891.34,71520,166683,0.831830156114151,0
2023-07-28 11:03:43,3885.0,485346,2,3891.34,69919,166672,0.831830156114151,0
2023-07-28 11:03:43,3885.0,485346,2,3891.34,69981,166669,0.831830156114151,0
2023-07-28 11:03:43,3885.0,485346,2,3891.34,71517,166687,0.831830156114151,0
2023-07-28 11:03:43,3885.0,485346,1,3891.34,71517,166687,0.831830156114151,0
2023-07-28 11:03:46,3885.0,485347,1,3891.34,71471,166597,0.831830156114151,0
2023-07-28 11:03:46,3885.0,485347,1,3891.34,71478,166638,0.831830156114151,0
2023-07-28 11:03:48,3885.0,485353,6,3891.34,69793,166341,0.831830156114151,0
2023-07-28 11:03:48,3885.0,485353,6,3891.34,71285,166420,0.831830156114151,0
2023-07-28 11:03:48,3885.0,485353,6,3891.34,69798,166412,0.831830156114151,0
2023-07-28 11:03:48,3884.0,485353,1,3891.34,69798,166412,0.8058760170778283,0
2023-07-28 11:03:51,3884.0,485354,1,3891.34,71295,166500,0.8058760170778283,0
2023-07-28 11:03:51,3884.0,485354,1,3891.34,69775,166526,0.8058760170778283,0
2023-07-28 11:03:51,3884.0,485354,1,3891.34,69748,166540,0.8058760170778283,0
2023-07-28 11:03:51,3884.0,485354,1,3891.34,69750,166545,0.8058760170778283,0
2023-07-28 11:03:51,3884.0,485354,1,3891.34,71263,166461,0.8058760170778283,0
2023-07-28 11:03:51,3884.0,485354,1,3891.34,71265,166483,0.8058760170778283,0
2023-07-28 11:03:51,3884.0,485354,1,3891.34,69765,166461,0.8058760170778283,0
2023-07-28 11:03:51,3884.0,485354,1,3891.34,69765,166461,0.8058760170778283,0
2023-07-28 11:03:59,3884.0,485355,1,3891.34,71208,166590,0.8058760170778283,0
2023-07-28 11:03:59,3884.0,485355,1,3891.34,71208,166590,0.8058760170778283,0
2023-07-28 11:04:00,3884.0,485356,1,3891.34,69731,166550,0.8058760170778283,0
2023-07-28 11:04:00,3884.0,485356,1,3891.34,71258,166756,0.8058760170778283,0
2023-07-28 11:04:00,3884.0,485356,1,3891.34,71199,166581,0.8058760170778283,0
2023-07-28 11:04:04,3883.05,485606,1,3891.34,70969,166516,0.7812195849933263,0
2023-07-28 11:04:05,3883.05,485609,2,3891.34,71034,166616,0.7812195849933263,0
2023-07-28 11:04:05,3883.05,485609,2,3891.34,69529,166653,0.7812195849933263,0
2023-07-28 11:04:05,3883.05,485609,2,3891.34,71070,166946,0.7812195849933263,0
2023-07-28 11:04:05,3883.05,485609,2,3891.34,71163,166942,0.7812195849933263,0
2023-07-28 11:04:05,3883.9,485609,1,3891.34,71163,166942,0.8032806031741984,0
2023-07-28 11:04:08,3883.9,485610,1,3891.34,71187,166861,0.8032806031741984,0
2023-07-28 11:04:08,3883.9,485610,1,3891.34,71164,166852,0.8032806031741984,0
2023-07-28 11:04:08,3883.9,485610,1,3891.34,71110,166874,0.8032806031741984,0
2023-07-28 11:04:08,3883.9,485610,1,3891.34,71095,166896,0.8032806031741984,0
2023-07-28 11:04:13,3883.4,485615,5,3891.34,71102,166891,0.7903035336560369,0
2023-07-28 11:04:15,3884.0,485617,50,3891.34,71097,166910,0.8058760170778283,0
2023-07-28 11:04:15,3884.0,485770,50,3891.33,69860,166600,0.8058760170778283,0
2023-07-28 11:04:15,3884.0,485770,50,3891.33,71417,166771,0.8058760170778283,0
2023-07-28 11:04:15,3884.0,485770,1,3891.33,71417,166771,0.8058760170778283,0
2023-07-28 11:04:17,3884.0,485771,1,3891.33,71236,166766,0.8058760170778283,0
2023-07-28 11:04:17,3884.0,485771,1,3891.33,71236,166769,0.8058760170778283,0
2023-07-28 11:04:17,3884.0,485771,1,3891.33,69705,166604,0.8058760170778283,0
2023-07-28 11:04:17,3884.4,485771,6,3891.33,69705,166604,0.8162576726923597,0
2023-07-28 11:04:22,3884.4,485797,8,3891.33,71197,166536,0.8162576726923597,0
2023-07-28 11:04:22,3884.4,485797,8,3891.33,71197,166536,0.8162576726923597,0
2023-07-28 11:04:22,3884.4,485797,8,3891.33,71227,166631,0.8162576726923597,0
2023-07-28 11:04:22,3884.4,485797,8,3891.33,71240,166631,0.8162576726923597,0
2023-07-28 11:04:22,3884.4,485797,8,3891.33,71255,166631,0.8162576726923597,0
2023-07-28 11:04:22,3884.4,485797,8,3891.33,69688,166638,0.8162576726923597,0
2023-07-28 11:04:28,3884.45,485897,54,3891.33,69693,166662,0.8175553796441688,0
2023-07-28 11:04:28,3884.45,485897,54,3891.33,71211,166589,0.8175553796441688,0
2023-07-28 11:04:30,3884.2,485899,1,3891.33,71194,166616,0.8110668448850881,0
2023-07-28 11:04:32,3885.0,485901,5,3891.33,71163,166722,0.831830156114151,0
2023-07-28 11:04:33,3885.0,486011,100,3891.33,71323,166859,0.831830156114151,0
2023-07-28 11:04:33,3884.4,486011,20,3891.33,69800,166842,0.8162576726923597,0
2023-07-28 11:04:33,3884.9,486011,12,3891.33,69800,166842,0.8292347422105212,0
2023-07-28 11:04:34,3884.9,486043,1,3891.33,68241,166775,0.8292347422105212,0
2023-07-28 11:04:37,3884.9,486097,1,3891.33,71051,166755,0.8292347422105212,0
2023-07-28 11:04:37,3884.9,486097,1,3891.33,71051,166755,0.8292347422105212,0
2023-07-28 11:04:37,3884.9,486097,1,3891.33,71199,166812,0.8292347422105212,0
2023-07-28 11:04:40,3886.55,486147,13,3891.33,71005,166801,0.8720590716204561,0
2023-07-28 11:04:40,3886.55,486147,13,3891.33,71069,166916,0.8720590716204561,0
2023-07-28 11:04:40,3886.55,486147,13,3891.33,71063,166975,0.8720590716204561,0
2023-07-28 11:04:43,3884.9,486157,10,3891.33,71249,167028,0.8292347422105212,0
2023-07-28 11:04:43,3884.9,486157,1,3891.33,71249,167028,0.8292347422105212,0
2023-07-28 11:04:43,3884.9,486158,1,3891.33,71278,167023,0.8292347422105212,0
2023-07-28 11:04:43,3886.2,486158,9,3891.33,71293,166938,0.8629751229577337,0
2023-07-28 11:04:46,3886.2,486183,9,3891.33,69128,166876,0.8629751229577337,0
2023-07-28 11:04:46,3886.2,486183,9,3891.33,67664,166811,0.8629751229577337,0
2023-07-28 11:04:46,3884.9,486183,15,3891.33,69225,166811,0.8292347422105212,0
2023-07-28 11:04:46,3886.25,486183,12,3891.33,69225,166811,0.8642728299095546,0
2023-07-28 11:04:50,3886.25,486228,2,3891.33,69139,166871,0.8642728299095546,0
2023-07-28 11:04:50,3886.25,486228,2,3891.33,69139,166871,0.8642728299095546,0
2023-07-28 11:04:50,3886.25,486228,2,3891.33,69148,166908,0.8642728299095546,0
2023-07-28 11:04:52,3884.9,486238,10,3891.33,69412,166872,0.8292347422105212,0
2023-07-28 11:04:52,3884.9,486238,10,3891.33,69407,166906,0.8292347422105212,0
2023-07-28 11:04:52,3884.9,486238,10,3891.33,69316,166886,0.8292347422105212,0
2023-07-28 11:04:52,3885.95,486238,74,3891.33,69316,166886,0.856486588198653,0
2023-07-28 11:04:54,3885.95,486332,74,3891.33,71345,166940,0.856486588198653,0
2023-07-28 11:04:54,3885.95,486332,74,3891.33,71357,166960,0.856486588198653,0
2023-07-28 11:04:54,3884.45,486332,1,3891.33,71357,166960,0.8175553796441688,0
2023-07-28 11:04:56,3884.45,486333,1,3891.33,71381,166932,0.8175553796441688,0
2023-07-28 11:04:56,3884.45,486333,1,3891.33,71378,166906,0.8175553796441688,0
2023-07-28 11:04:56,3884.45,486333,1,3891.33,71389,166906,0.8175553796441688,0
2023-07-28 11:05:00,3885.95,486336,1,3891.33,71362,166909,0.856486588198653,0
2023-07-28 11:05:00,3885.95,486336,1,3891.33,69820,166945,0.856486588198653,0
2023-07-28 11:05:00,3885.95,486336,1,3891.33,71300,166945,0.856486588198653,0
2023-07-28 11:05:00,3885.95,486336,1,3891.33,71309,166949,0.856486588198653,0
2023-07-28 11:05:00,3885.95,486336,1,3891.33,69835,166949,0.856486588198653,0
2023-07-28 11:05:00,3885.95,486336,1,3891.33,71277,167050,0.856486588198653,0
2023-07-28 11:05:00,3885.95,486336,1,3891.33,71277,167050,0.856486588198653,0
2023-07-28 11:05:00,3885.8,486336,5,3891.33,71277,166997,0.8525934673432141,0
2023-07-28 11:05:07,3885.8,486341,5,3891.33,71249,167026,0.8525934673432141,0
2023-07-28 11:05:07,3885.8,486341,5,3891.33,69779,167009,0.8525934673432141,0
2023-07-28 11:05:09,3885.0,486342,1,3891.33,71260,166982,0.831830156114151,0
2023-07-28 11:05:09,3885.0,486342,1,3891.33,69715,167047,0.831830156114151,0
2023-07-28 11:05:11,3885.0,486367,25,3891.33,71184,167051,0.831830156114151,0
2023-07-28 11:05:11,3885.0,486367,25,3891.33,71173,167162,0.831830156114151,0
2023-07-28 11:05:11,3885.0,486367,25,3891.33,71193,167167,0.831830156114151,0
2023-07-28 11:05:11,3885.0,486367,2,3891.33,71193,167167,0.831830156114151,0
2023-07-28 11:05:15,3885.0,486374,2,3891.33,71178,167178,0.831830156114151,0
2023-07-28 11:05:15,3885.0,486374,2,3891.33,71178,167182,0.831830156114151,0
2023-07-28 11:05:15,3885.0,486374,2,3891.33,71189,167182,0.831830156114151,0
2023-07-28 11:05:19,3885.35,486436,62,3891.33,71219,167187,0.8409141047768617,0
2023-07-28 11:05:19,3884.4,486436,7,3891.33,71219,167187,0.8162576726923597,0
2023-07-28 11:05:19,3884.4,486446,7,3891.33,71080,167183,0.8162576726923597,0
2023-07-28 11:05:19,3884.4,486446,7,3891.33,71080,167162,0.8162576726923597,0
2023-07-28 11:05:22,3884.4,486451,5,3891.33,71061,167190,0.8162576726923597,0
2023-07-28 11:05:22,3884.4,486452,1,3891.33,71048,167191,0.8162576726923597,0
2023-07-28 11:05:22,3884.4,486452,1,3891.33,71048,167191,0.8162576726923597,0
2023-07-28 11:05:24,3885.15,486454,1,3891.33,71086,167189,0.8357232769696018,0
2023-07-28 11:05:24,3884.4,486454,2,3891.33,71086,167189,0.8162576726923597,0
2023-07-28 11:05:25,3884.4,486456,2,3891.33,71104,167188,0.8162576726923597,0
2023-07-28 11:05:25,3884.4,486456,2,3891.33,71104,167203,0.8162576726923597,0
2023-07-28 11:05:25,3884.4,486456,2,3891.33,71104,167203,0.8162576726923597,0
2023-07-28 11:05:25,3884.4,486456,2,3891.33,71104,167203,0.8162576726923597,0
2023-07-28 11:05:25,3884.4,486456,2,3891.33,71104,167203,0.8162576726923597,0
2023-07-28 11:05:29,3885.15,486474,18,3891.33,71425,167050,0.8357232769696018,0
2023-07-28 11:05:29,3885.15,486474,18,3891.33,71477,167085,0.8357232769696018,0
2023-07-28 11:05:29,3885.15,486474,18,3891.33,71449,167109,0.8357232769696018,0
2023-07-28 11:05:29,3885.15,486474,18,3891.33,71482,167114,0.8357232769696018,0
2023-07-28 11:05:29,3884.4,486474,22,3891.33,71482,167114,0.8162576726923597,0
2023-07-28 11:05:33,3884.4,486501,22,3891.32,71469,167042,0.8162576726923597,0
2023-07-28 11:05:33,3884.4,486501,22,3891.32,71501,166960,0.8162576726923597,0
2023-07-28 11:05:35,3884.4,486502,1,3891.32,71436,167140,0.8162576726923597,0
2023-07-28 11:05:35,3884.4,486502,1,3891.32,71448,167169,0.8162576726923597,0
2023-07-28 11:05:35,3884.4,486502,1,3891.32,71436,167113,0.8162576726923597,0
2023-07-28 11:05:35,3884.4,486502,1,3891.32,71451,167153,0.8162576726923597,0
2023-07-28 11:05:35,3884.4,486502,4,3891.32,71451,167153,0.8162576726923597,0
2023-07-28 11:05:39,3884.4,486512,4,3891.32,71445,167172,0.8162576726923597,0
2023-07-28 11:05:39,3884.4,486512,4,3891.32,71418,167165,0.8162576726923597,0
2023-07-28 11:05:42,3884.4,486513,1,3891.32,71421,167142,0.8162576726923597,0
2023-07-28 11:05:43,3884.4,486528,12,3891.32,69933,167150,0.8162576726923597,0
2023-07-28 11:05:45,3884.4,486530,2,3891.32,71451,167150,0.8162576726923597,0
2023-07-28 11:05:45,3884.4,486530,2,3891.32,70014,167148,0.8162576726923597,0
2023-07-28 11:05:45,3884.4,486530,2,3891.32,71452,167172,0.8162576726923597,0
2023-07-28 11:05:45,3884.4,486530,2,3891.32,69983,167251,0.8162576726923597,0
2023-07-28 11:05:45,3884.45,486530,1,3891.32,69983,167251,0.8175553796441688,0
2023-07-28 11:05:49,3884.9,486532,1,3891.32,71457,167275,0.8292347422105212,0
2023-07-28 11:05:49,3884.9,486532,1,3891.32,71462,167269,0.8292347422105212,0
2023-07-28 11:05:49,3884.9,486532,1,3891.32,71415,167294,0.8292347422105212,0
2023-07-28 11:05:49,3884.9,486532,1,3891.32,71423,167294,0.8292347422105212,0
2023-07-28 11:05:49,3884.9,486532,1,3891.32,71437,167294,0.8292347422105212,0
2023-07-28 11:05:49,3884.9,486532,1,3891.32,71433,167293,0.8292347422105212,0
2023-07-28 11:05:49,3884.4,486532,2,3891.32,71433,167293,0.8162576726923597,0
2023-07-28 11:05:55,3884.4,486535,2,3891.32,71418,167336,0.8162576726923597,0
2023-07-28 11:05:56,3884.4,486541,6,3891.32,71440,167365,0.8162576726923597,0
2023-07-28 11:05:56,3884.4,486541,6,3891.32,71450,167379,0.8162576726923597,0
2023-07-28 11:05:56,3884.4,486541,6,3891.32,69934,167380,0.8162576726923597,0
2023-07-28 11:05:56,3884.4,486541,6,3891.32,71471,167385,0.8162576726923597,0
2023-07-28 11:05:56,3884.4,486541,6,3891.32,69976,167330,0.8162576726923597,0
2023-07-28 11:05:56,3884.4,486541,10,3891.32,69976,167330,0.8162576726923597,0
2023-07-28 11:06:00,3884.4,486551,1,3891.32,71475,167332,0.8162576726923597,0
2023-07-28 11:06:01,3884.4,486552,11,3891.32,71481,167333,0.8162576726923597,0
2023-07-28 11:06:03,3884.4,486577,11,3891.32,71491,167333,0.8162576726923597,0
2023-07-28 11:06:05,3884.4,486579,2,3891.32,71491,167332,0.8162576726923597,0
2023-07-28 11:06:05,3884.4,486579,2,3891.32,71495,167317,0.8162576726923597,0
2023-07-28 11:06:05,3884.4,486579,2,3891.32,71488,167340,0.8162576726923597,0
2023-07-28 11:06:05,3884.4,486579,2,3891.32,71492,167340,0.8162576726923597,0
2023-07-28 11:06:05,3884.4,486579,2,3891.32,71482,167340,0.8162576726923597,0
2023-07-28 11:06:10,3884.65,486581,2,3891.32,71453,167340,0.8227462074514404,0
2023-07-28 11:06:10,3884.4,486581,8,3891.32,71453,167340,0.8162576726923597,0
2023-07-28 11:06:10,3884.4,486599,8,3891.32,71448,167355,0.8162576726923597,0
2023-07-28 11:06:10,3884.4,486599,8,3891.32,71448,167355,0.8162576726923597,0
2023-07-28 11:06:10,3884.4,486599,8,3891.32,70013,167340,0.8162576726923597,0
2023-07-28 11:06:14,3884.4,486600,1,3891.32,71522,167329,0.8162576726923597,0
2023-07-28 11:06:14,3884.4,486600,1,3891.32,71484,167359,0.8162576726923597,0
2023-07-28 11:06:14,3884.4,486600,1,3891.32,71469,167384,0.8162576726923597,0
2023-07-28 11:06:14,3884.4,486600,1,3891.32,69979,167384,0.8162576726923597,0
2023-07-28 11:06:14,3884.4,486600,1,3891.32,71483,167430,0.8162576726923597,0
2023-07-28 11:06:14,3884.4,486600,1,3891.32,71443,167373,0.8162576726923597,0
2023-07-28 11:06:14,3884.4,486600,1,3891.32,71463,166986,0.8162576726923597,0
2023-07-28 11:06:14,3884.4,486600,1,3891.32,71468,167017,0.8162576726923597,0
2023-07-28 11:06:25,3884.45,486603,3,3891.32,69904,167043,0.8175553796441688,0
2023-07-28 11:06:25,3884.45,486603,3,3891.32,69952,167026,0.8175553796441688,0
2023-07-28 11:06:25,3884.45,486603,3,3891.32,71433,167002,0.8175553796441688,0
2023-07-28 11:06:25,3884.65,486603,7,3891.32,71433,167002,0.8227462074514404,0
2023-07-28 11:06:28,3884.65,486611,7,3891.32,71663,166995,0.8227462074514404,0
2023-07-28 11:06:29,3885.0,486804,25,3891.32,71603,166442,0.831830156114151,0
2023-07-28 11:06:30,3885.5,486805,1,3891.32,71499,166420,0.8448072256323125,0
2023-07-28 11:06:30,3885.9,486855,49,3891.32,71526,166444,0.855188881246844,0
2023-07-28 11:06:32,3885.0,486862,7,3891.32,71524,166453,0.831830156114151,0
2023-07-28 11:06:32,3885.0,486862,7,3891.32,71040,166426,0.831830156114151,0
2023-07-28 11:06:32,3885.0,486862,7,3891.32,72527,166438,0.831830156114151,0
2023-07-28 11:06:32,3885.0,486862,7,3891.32,72527,166438,0.831830156114151,0
2023-07-28 11:06:32,3885.0,486862,7,3891.32,72534,166533,0.831830156114151,0
2023-07-28 11:06:32,3885.0,486862,7,3891.32,72534,166548,0.831830156114151,0
2023-07-28 11:06:32,3885.5,486862,7,3891.32,72517,166540,0.8448072256323125,0
2023-07-28 11:06:40,3885.0,486873,1,3891.32,72437,166535,0.831830156114151,0
2023-07-28 11:06:40,3885.0,486873,1,3891.32,72496,166549,0.831830156114151,0
2023-07-28 11:06:43,3885.2,486930,5,3891.32,72461,166451,0.8370209839214109,0
2023-07-28 11:06:43,3885.2,486930,30,3891.32,72461,166451,0.8370209839214109,0
2023-07-28 11:06:43,3885.2,486960,30,3891.32,72461,166554,0.8370209839214109,0
2023-07-28 11:06:43,3885.2,486960,30,3891.32,72421,166554,0.8370209839214109,0
2023-07-28 11:06:43,3885.2,486960,30,3891.32,70948,166356,0.8370209839214109,0
2023-07-28 11:06:43,3885.2,486960,30,3891.32,72448,166356,0.8370209839214109,0
2023-07-28 11:06:47,3885.0,486961,1,3891.32,72453,166357,0.831830156114151,0
2023-07-28 11:06:47,3885.0,486961,2,3891.32,72453,166357,0.831830156114151,0
2023-07-28 11:06:48,3885.2,487054,89,3891.32,72372,166552,0.8370209839214109,0
2023-07-28 11:06:48,3885.2,487054,89,3891.32,72484,166577,0.8370209839214109,0
2023-07-28 11:06:52,3885.2,487103,49,3891.32,70765,166711,0.8370209839214109,0
2023-07-28 11:06:52,3885.2,487103,49,3891.32,70765,166711,0.8370209839214109,0
2023-07-28 11:06:52,3884.4,487216,27,3891.32,72197,166796,0.8162576726923597,0
2023-07-28 11:06:54,3885.35,487310,10,3891.31,72048,166787,0.8409141047768617,0
2023-07-28 11:06:54,3883.45,487310,1,3891.31,72048,166787,0.791601240607846,0
2023-07-28 11:06:55,3882.15,489086,2,3891.28,69230,167174,0.7578608598606333,0
2023-07-28 11:06:55,3882.15,489086,2,3891.28,69230,167174,0.7578608598606333,0
2023-07-28 11:06:56,3882.15,489150,1,3891.28,70456,166987,0.7578608598606333,0
2023-07-28 11:06:56,3882.15,489150,1,3891.28,70456,166987,0.7578608598606333,0
2023-07-28 11:06:56,3882.15,489150,1,3891.28,70504,166987,0.7578608598606333,0
2023-07-28 11:06:56,3878.0,489150,6,3891.28,70504,166987,0.6501511828598914,0
2023-07-28 11:06:58,3878.0,492766,6,3891.2,66031,166964,0.6501511828598914,0
2023-07-28 11:07:00,3878.0,492768,2,3891.2,67004,165982,0.6501511828598914,0
2023-07-28 11:07:01,3878.0,492770,1,3891.2,67153,166931,0.6501511828598914,0
2023-07-28 11:07:01,3878.0,492770,5,3891.2,67153,166931,0.6501511828598914,0
2023-07-28 11:07:01,3878.0,492781,5,3891.2,67143,166915,0.6501511828598914,0
2023-07-28 11:07:01,3878.0,492781,5,3891.2,67143,167071,0.6501511828598914,0
2023-07-28 11:07:04,3876.65,493142,32,3891.19,66622,167179,0.6151130951608579,0
2023-07-28 11:07:04,3876.65,493142,32,3891.19,66890,167239,0.6151130951608579,0
2023-07-28 11:07:06,3877.7,493153,6,3891.19,66895,167122,0.6423649411489898,0
2023-07-28 11:07:06,3877.65,493153,1,3891.19,66895,167122,0.6410672341971807,0
2023-07-28 11:07:07,3876.6,493157,2,3891.19,66896,167020,0.613815388209037,0
2023-07-28 11:07:07,3876.6,493157,2,3891.19,66896,167020,0.613815388209037,0
2023-07-28 11:07:07,3876.6,493157,2,3891.19,66888,166750,0.613815388209037,0
2023-07-28 11:07:07,3876.6,493157,4,3891.19,66888,166750,0.613815388209037,0
2023-07-28 11:07:09,3876.6,493162,4,3891.19,66833,166768,0.613815388209037,0
2023-07-28 11:07:09,3877.4,493162,52,3891.19,66833,166768,0.6345786994381,0
2023-07-28 11:07:10,3877.4,493218,2,3891.19,66891,166613,0.6345786994381,0
2023-07-28 11:07:12,3876.0,493319,18,3891.19,66351,166655,0.5982429047872457,0
2023-07-28 11:07:13,3875.75,493396,43,3891.19,66281,166728,0.591754370028165,0
2023-07-28 11:07:13,3876.0,493397,1,3891.19,66785,166676,0.5982429047872457,0
2023-07-28 11:07:15,3876.0,493403,2,3891.19,66780,166685,0.5982429047872457,0
2023-07-28 11:07:16,3875.85,493433,19,3891.18,67639,166753,0.5943497839317949,0
2023-07-28 11:07:16,3877.1,493433,2,3891.18,67661,166762,0.6267924577271984,0
2023-07-28 11:07:18,3877.1,493435,2,3891.18,67636,166832,0.6267924577271984,0
2023-07-28 11:07:18,3875.55,493435,1,3891.18,67636,166832,0.5865635422209051,0
2023-07-28 11:07:19,3875.55,493436,1,3891.18,67788,166854,0.5865635422209051,0
2023-07-28 11:07:21,3877.55,493686,44,3891.18,67893,166776,0.6384718202935508,0
2023-07-28 11:07:21,3875.6,493686,2,3891.18,67893,166776,0.5878612491727142,0
2023-07-28 11:07:22,3875.6,493688,2,3891.18,67839,166835,0.5878612491727142,0
2023-07-28 11:07:22,3875.6,493688,2,3891.18,67827,166786,0.5878612491727142,0
2023-07-28 11:07:22,3877.2,493688,2,3891.18,67827,166786,0.6293878716308283,0
2023-07-28 11:07:26,3877.2,493690,2,3891.18,67837,166775,0.6293878716308283,0
2023-07-28 11:07:26,3876.0,493690,1,3891.18,67837,166800,0.5982429047872457,0
2023-07-28 11:07:26,3875.6,493690,9,3891.18,67837,166800,0.5878612491727142,0
2023-07-28 11:07:28,3875.6,493810,9,3891.17,68007,167088,0.5878612491727142,0
2023-07-28 11:07:28,3875.55,493810,2,3891.17,68007,167088,0.5865635422209051,0
2023-07-28 11:07:30,3875.8,493813,1,3891.17,68005,167085,0.5930520769799859,0
2023-07-28 11:07:31,3875.5,493823,2,3891.17,68023,167083,0.5852658352690843,0
2023-07-28 11:07:32,3875.5,493825,1,3891.17,68029,167068,0.5852658352690843,0
2023-07-28 11:07:33,3876.05,493827,2,3891.17,68029,167074,0.5995406117390666,0
2023-07-28 11:07:33,3876.05,493827,2,3891.17,68004,166971,0.5995406117390666,0
2023-07-28 11:07:33,3876.05,493827,91,3891.17,68004,166971,0.5995406117390666,0
2023-07-28 11:07:35,3877.9,493925,5,3891.17,68187,166720,0.6475557689562614,0
2023-07-28 11:07:37,3876.2,493932,17,3891.17,68202,166709,0.6034337325945055,0
2023-07-28 11:07:38,3876.2,493962,17,3891.17,68194,166704,0.6034337325945055,0
2023-07-28 11:07:38,3876.05,493962,100,3891.17,68194,166704,0.5995406117390666,0
2023-07-28 11:07:39,3876.05,494097,35,3891.16,68019,166799,0.5995406117390666,0
2023-07-28 11:07:40,3876.7,494099,1,3891.16,68127,166855,0.616410802112667,0
2023-07-28 11:07:40,3876.7,494099,1,3891.16,68375,166855,0.616410802112667,0
2023-07-28 11:07:40,3876.7,494099,1,3891.16,68511,166855,0.616410802112667,0
2023-07-28 11:07:40,3876.7,494099,1,3891.16,68516,166822,0.616410802112667,0
2023-07-28 11:07:45,3876.05,494110,2,3891.16,68496,166786,0.5995406117390666,0
2023-07-28 11:07:45,3876.05,494110,1,3891.16,68496,166786,0.5995406117390666,0
2023-07-28 11:07:45,3876.7,494111,2,3891.16,68561,166797,0.616410802112667,0
2023-07-28 11:07:46,3876.7,494113,2,3891.16,68553,166873,0.616410802112667,0
2023-07-28 11:07:46,3876.7,494113,1,3891.16,68553,166873,0.616410802112667,0
2023-07-28 11:07:48,3876.7,494116,2,3891.16,68560,166749,0.616410802112667,0
2023-07-28 11:07:50,3876.35,494121,1,3891.16,68754,166718,0.6073268534499563,0
2023-07-28 11:07:50,3876.35,494121,1,3891.16,68754,166718,0.6073268534499563,0
2023-07-28 11:07:50,3876.7,494121,1,3891.16,68744,166590,0.616410802112667,0
2023-07-28 11:07:50,3876.05,494121,2,3891.16,68744,166590,0.5995406117390666,0
2023-07-28 11:07:53,3876.7,494135,5,3891.16,68805,166597,0.616410802112667,0
2023-07-28 11:07:54,3876.7,494136,1,3891.16,68798,166578,0.616410802112667,0
2023-07-28 11:07:54,3876.7,494136,44,3891.16,68798,166578,0.616410802112667,0
2023-07-28 11:07:55,3877.0,494180,100,3891.16,68845,166448,0.6241970438235686,0
2023-07-28 11:07:56,3877.95,494282,2,3891.16,69191,166271,0.6488534759080705,0
2023-07-28 11:07:56,3877.95,494282,2,3891.16,69191,166271,0.6488534759080705,0
2023-07-28 11:07:57,3877.0,494332,3,3891.16,68923,166388,0.6241970438235686,0
2023-07-28 11:07:58,3876.7,494333,1,3891.16,68895,166457,0.616410802112667,0
2023-07-28 11:07:58,3877.35,494333,1,3891.16,68911,166447,0.6332809924862791,0
2023-07-28 11:08:00,3877.35,494334,1,3891.16,68847,166510,0.6332809924862791,0
2023-07-28 11:08:00,3877.35,494334,1,3891.16,68937,166461,0.6332809924862791,0
2023-07-28 11:08:00,3877.35,494334,1,3891.16,68974,166444,0.6332809924862791,0
2023-07-28 11:08:05,3877.35,494340,5,3891.16,68929,166438,0.6332809924862791,0
2023-07-28 11:08:05,3877.35,494340,5,3891.16,68943,166438,0.6332809924862791,0
2023-07-28 11:08:05,3877.35,494340,33,3891.16,68943,166438,0.6332809924862791,0
2023-07-28 11:08:07,3877.35,494373,33,3891.16,69101,166092,0.6332809924862791,0
2023-07-28 11:08:08,3877.35,494392,19,3891.16,69093,166157,0.6332809924862791,0
2023-07-28 11:08:08,3876.7,494392,3,3891.16,69133,166164,0.616410802112667,0
2023-07-28 11:08:09,3876.7,494443,3,3891.16,68913,166245,0.616410802112667,0
2023-07-28 11:08:11,3876.7,494444,1,3891.15,68851,166262,0.616410802112667,0
2023-07-28 11:08:11,3876.7,494444,1,3891.15,68864,166303,0.616410802112667,0
2023-07-28 11:08:11,3876.7,494444,2,3891.15,68872,166323,0.616410802112667,0
2023-07-28 11:08:14,3876.7,494456,2,3891.15,68953,166256,0.616410802112667,0
2023-07-28 11:08:14,3877.0,494456,15,3891.15,68953,166256,0.6241970438235686,0
2023-07-28 11:08:15,3877.0,494471,15,3891.15,68994,166304,0.6241970438235686,0
2023-07-28 11:08:15,3876.0,494471,176,3891.15,68994,166304,0.5982429047872457,0
2023-07-28 11:08:16,3876.0,494971,176,3891.14,68446,166584,0.5982429047872457,0
2023-07-28 11:08:16,3877.65,494971,6,3891.14,68525,166656,0.6410672341971807,0
2023-07-28 11:08:18,3877.65,494977,6,3891.14,68500,166651,0.6410672341971807,0
2023-07-28 11:08:18,3877.65,494977,6,3891.14,68547,166456,0.6410672341971807,0
2023-07-28 11:08:18,3877.65,494977,6,3891.14,68539,166479,0.6410672341971807,0
2023-07-28 11:08:18,3877.65,494977,6,3891.14,68537,166461,0.6410672341971807,0
2023-07-28 11:08:18,3877.65,494977,6,3891.14,68548,166520,0.6410672341971807,0
2023-07-28 11:08:18,3877.65,494977,6,3891.14,68548,166520,0.6410672341971807,0
2023-07-28 11:08:18,3877.0,494977,1,3891.14,68548,166520,0.6241970438235686,0
2023-07-28 11:08:25,3876.7,494981,3,3891.14,68520,166503,0.616410802112667,0
2023-07-28 11:08:25,3877.8,494981,2,3891.14,68520,166503,0.6449603550526315,0
2023-07-28 11:08:25,3877.8,494984,2,3891.14,68413,166648,0.6449603550526315,0
2023-07-28 11:08:25,3877.8,494984,2,3891.14,68413,166648,0.6449603550526315,0
2023-07-28 11:08:25,3877.8,494984,2,3891.14,68413,166648,0.6449603550526315,0
2023-07-28 11:08:25,3877.8,494984,2,3891.14,68413,166635,0.6449603550526315,0
2023-07-28 11:08:25,3877.8,494984,2,3891.14,68413,166635,0.6449603550526315,0
2023-07-28 11:08:30,3876.7,495004,20,3891.14,68453,166662,0.616410802112667,0
2023-07-28 11:08:30,3876.7,495004,20,3891.14,68402,166657,0.616410802112667,0
2023-07-28 11:08:30,3876.7,495004,20,3891.14,68402,166674,0.616410802112667,0
2023-07-28 11:08:32,3877.3,495005,1,3891.14,68402,166662,0.63198328553447,0
2023-07-28 11:08:32,3877.3,495005,1,3891.14,68402,166672,0.63198328553447,0
2023-07-28 11:08:35,3877.3,495025,7,3891.14,68372,166701,0.63198328553447,0
2023-07-28 11:08:36,3876.7,495048,11,3891.14,68399,166681,0.616410802112667,0
2023-07-28 11:08:36,3876.6,495048,10,3891.14,68399,166681,0.613815388209037,0
2023-07-28 11:08:37,3876.6,495058,10,3891.14,68399,166679,0.613815388209037,0
2023-07-28 11:08:37,3876.0,495059,1,3891.14,68398,166684,0.5982429047872457,0
2023-07-28 11:08:38,3876.6,495064,5,3891.14,68398,166677,0.613815388209037,0
2023-07-28 11:08:38,3876.6,495064,5,3891.14,68569,166698,0.613815388209037,0
2023-07-28 11:08:38,3876.3,495064,2,3891.14,68569,166698,0.6060291464981472,0
2023-07-28 11:08:41,3876.7,495068,2,3891.14,68725,166615,0.616410802112667,0
2023-07-28 11:08:41,3877.3,495068,60,3891.14,68725,166615,0.63198328553447,0
2023-07-28 11:08:42,3876.05,495182,8,3891.13,68585,166728,0.5995406117390666,0
2023-07-28 11:08:42,3876.05,495182,8,3891.13,68584,166738,0.5995406117390666,0
2023-07-28 11:08:42,3876.05,495182,8,3891.13,68583,166738,0.5995406117390666,0
2023-07-28 11:08:42,3877.35,495182,10,3891.13,68583,166738,0.6332809924862791,0
2023-07-28 11:08:45,3877.35,495192,10,3891.13,68595,166738,0.6332809924862791,0
2023-07-28 11:08:45,3877.35,495192,10,3891.13,68598,166711,0.6332809924862791,0
2023-07-28 11:08:45,3877.3,495192,2,3891.13,68599,166711,0.63198328553447,0
2023-07-28 11:08:45,3877.3,495192,10,3891.13,68599,166711,0.63198328553447,0
2023-07-28 11:08:48,3876.0,495206,492,3891.13,68608,166698,0.5982429047872457,0
2023-07-28 11:08:48,3876.0,495706,492,3891.12,68041,166747,0.5982429047872457,0
2023-07-28 11:08:48,3877.3,495706,1,3891.12,68041,166747,0.63198328553447,0
2023-07-28 11:08:49,3877.3,495707,1,3891.12,68145,166734,0.63198328553447,0
2023-07-28 11:08:49,3876.0,495707,1,3891.12,68145,166734,0.5982429047872457,0
2023-07-28 11:08:50,3876.0,495708,1,3891.12,68091,166720,0.5982429047872457,0
2023-07-28 11:08:50,3876.0,495708,1,3891.12,68109,166757,0.5982429047872457,0
2023-07-28 11:08:54,3876.65,495710,1,3891.12,68109,166744,0.6151130951608579,0
2023-07-28 11:08:54,3876.0,495710,2,3891.12,68109,166744,0.5982429047872457,0
2023-07-28 11:08:55,3876.0,495712,2,3891.12,68126,166684,0.5982429047872457,0
2023-07-28 11:08:55,3876.0,495712,2,3891.12,68136,166691,0.5982429047872457,0
2023-07-28 11:08:55,3876.0,495712,2,3891.12,68144,166789,0.5982429047872457,0
2023-07-28 11:08:58,3876.0,495714,2,3891.12,68142,166803,0.5982429047872457,0
2023-07-28 11:08:58,3876.65,495714,49,3891.12,68142,166803,0.6151130951608579,0
2023-07-28 11:08:58,3876.65,495763,49,3891.12,68142,166804,0.6151130951608579,0
2023-07-28 11:08:58,3876.3,495763,1,3891.12,68142,166804,0.6060291464981472,0
2023-07-28 11:09:00,3876.3,495788,1,3891.11,68123,166829,0.6060291464981472,0
2023-07-28 11:09:01,3876.65,495816,27,3891.11,68126,166810,0.6151130951608579,0
2023-07-28 11:09:01,3876.0,495816,1,3891.11,68126,166810,0.5982429047872457,0
2023-07-28 11:09:03,3876.65,495819,2,3891.11,68112,166779,0.6151130951608579,0
2023-07-28 11:09:03,3876.0,495820,1,3891.11,68111,164281,0.5982429047872457,0
2023-07-28 11:09:06,3876.1,495821,1,3891.11,68137,166780,0.6008383186908756,0
2023-07-28 11:09:08,3876.0,495826,5,3891.11,68130,166773,0.5982429047872457,0
2023-07-28 11:09:08,3876.0,495826,5,3891.11,68130,166759,0.5982429047872457,0
2023-07-28 11:09:08,3876.0,495826,2,3891.11,68130,166759,0.5982429047872457,0
2023-07-28 11:09:09,3876.0,495828,2,3891.11,68148,166759,0.5982429047872457,0
2023-07-28 11:09:09,3876.0,495828,2,3891.11,68358,166724,0.5982429047872457,0
2023-07-28 11:09:11,3876.0,495829,1,3891.11,68357,166718,0.5982429047872457,0
2023-07-28 11:09:11,3876.0,495837,3,3891.11,68353,166716,0.5982429047872457,0
2023-07-28 11:09:12,3876.3,495839,2,3891.11,68353,166715,0.6060291464981472,0
2023-07-28 11:09:12,3876.3,495839,2,3891.11,68363,166729,0.6060291464981472,0
2023-07-28 11:09:15,3876.0,495849,10,3891.11,68353,166724,0.5982429047872457,0
2023-07-28 11:09:15,3876.1,495849,1,3891.11,68353,166724,0.6008383186908756,0
2023-07-28 11:09:16,3876.1,495852,2,3891.11,68355,166731,0.6008383186908756,0
2023-07-28 11:09:16,3876.1,495852,1,3891.11,68355,166731,0.6008383186908756,0
2023-07-28 11:09:16,3876.1,495853,1,3891.11,68357,166731,0.6008383186908756,0
2023-07-28 11:09:16,3876.1,495853,1,3891.11,68372,166745,0.6008383186908756,0
2023-07-28 11:09:19,3876.75,495967,51,3891.11,68674,166391,0.6177085090644878,0
2023-07-28 11:09:19,3877.0,495967,1,3891.11,68674,166391,0.6241970438235686,0
2023-07-28 11:09:20,3877.15,495970,2,3891.11,68646,166623,0.6280901646790193,0
2023-07-28 11:09:20,3877.15,495970,2,3891.11,68646,166623,0.6280901646790193,0
2023-07-28 11:09:20,3877.15,495970,2,3891.11,68656,166624,0.6280901646790193,0
2023-07-28 11:09:20,3877.15,495970,2,3891.11,68656,166649,0.6280901646790193,0
2023-07-28 11:09:20,3877.3,495970,36,3891.11,68656,166649,0.63198328553447,0
2023-07-28 11:09:20,3877.0,495970,2,3891.11,68656,166649,0.6241970438235686,0
2023-07-28 11:09:25,3877.0,496073,1,3891.11,68641,166472,0.6241970438235686,0
2023-07-28 11:09:25,3877.95,496073,4,3891.11,68641,166472,0.6488534759080705,0
2023-07-28 11:09:26,3877.0,496128,40,3891.11,68727,166514,0.6241970438235686,0
2023-07-28 11:09:26,3877.0,496128,40,3891.11,68727,166514,0.6241970438235686,0
2023-07-28 11:09:27,3878.35,496133,3,3891.1,68712,166438,0.6592351315226019,0
2023-07-28 11:09:27,3878.35,496133,3,3891.1,68686,166448,0.6592351315226019,0
2023-07-28 11:09:29,3877.0,496174,1,3891.1,68687,166353,0.6241970438235686,0
2023-07-28 11:09:30,3877.0,496175,1,3891.1,68686,166355,0.6241970438235686,0
2023-07-28 11:09:30,3877.0,496175,1,3891.1,68686,166355,0.6241970438235686,0
2023-07-28 11:09:30,3877.65,496175,1,3891.1,68686,166355,0.6410672341971807,0
2023-07-28 11:09:31,3877.65,496176,2,3891.1,68690,166328,0.6410672341971807,0
2023-07-28 11:09:32,3877.65,496178,2,3891.1,68690,166329,0.6410672341971807,0
2023-07-28 11:09:33,3877.65,496179,1,3891.1,68852,166304,0.6410672341971807,0
2023-07-28 11:09:35,3877.65,496180,1,3891.1,68850,166302,0.6410672341971807,0
2023-07-28 11:09:35,3877.65,496180,1,3891.1,68788,166335,0.6410672341971807,0
2023-07-28 11:09:35,3877.65,496180,1,3891.1,68788,166336,0.6410672341971807,0
2023-07-28 11:09:35,3877.65,496180,1,3891.1,68869,166337,0.6410672341971807,0
2023-07-28 11:09:35,3877.65,496180,1,3891.1,67381,166209,0.6410672341971807,0
2023-07-28 11:09:40,3877.65,496183,1,3891.1,68883,166231,0.6410672341971807,0
2023-07-28 11:09:40,3878.05,496183,1,3891.1,68834,166337,0.6514488898117122,0
2023-07-28 11:09:42,3877.65,496185,1,3891.1,69032,166338,0.6410672341971807,0
2023-07-28 11:09:42,3877.65,496185,1,3891.1,69023,166337,0.6410672341971807,0
2023-07-28 11:09:45,3877.65,496187,1,3891.1,69049,166330,0.6410672341971807,0
2023-07-28 11:09:46,3877.65,496188,1,3891.1,69025,166331,0.6410672341971807,0
2023-07-28 11:09:46,3877.65,496188,2,3891.1,69025,166331,0.6410672341971807,0
2023-07-28 11:09:47,3877.65,496190,2,3891.1,69071,166315,0.6410672341971807,0
2023-07-28 11:09:47,3877.65,496190,2,3891.1,69097,166425,0.6410672341971807,0
2023-07-28 11:09:47,3877.65,496190,1,3891.1,69097,166425,0.6410672341971807,0
2023-07-28 11:09:47,3877.0,496190,135,3891.1,69097,166425,0.6241970438235686,0
2023-07-28 11:09:49,3877.0,496461,135,3891.1,69572,166267,0.6241970438235686,0
2023-07-28 11:09:49,3877.0,496461,135,3891.1,69567,166295,0.6241970438235686,0
2023-07-28 11:09:49,3877.0,496461,135,3891.1,69569,166309,0.6241970438235686,0
2023-07-28 11:09:49,3877.0,496461,135,3891.1,69560,166300,0.6241970438235686,0
2023-07-28 11:09:49,3877.0,496461,1,3891.1,69560,166300,0.6241970438235686,0
2023-07-28 11:09:54,3877.0,496462,3,3891.1,69559,166296,0.6241970438235686,0
2023-07-28 11:09:55,3877.0,496466,1,3891.1,69555,166313,0.6241970438235686,0
2023-07-28 11:09:55,3877.75,496466,2,3891.1,69555,166313,0.6436626481008106,0
2023-07-28 11:09:56,3877.75,496468,2,3891.1,69531,166311,0.6436626481008106,0
2023-07-28 11:09:56,3877.75,496468,2,3891.1,69554,166314,0.6436626481008106,0
2023-07-28 11:09:58,3877.0,496471,1,3891.1,69654,166311,0.6241970438235686,0
2023-07-28 11:09:59,3877.0,496472,1,3891.1,69653,166312,0.6241970438235686,0
2023-07-28 11:09:59,3877.75,496472,3,3891.1,69658,166298,0.6436626481008106,0
2023-07-28 11:10:00,3877.0,496531,2,3891.09,68225,166259,0.6241970438235686,0
2023-07-28 11:10:01,3877.0,496533,2,3891.09,69733,166259,0.6241970438235686,0
2023-07-28 11:10:03,3877.9,496537,1,3891.09,68182,166314,0.6475557689562614,0
2023-07-28 11:10:03,3877.0,496537,4,3891.09,68182,166314,0.6241970438235686,0
2023-07-28 11:10:04,3877.7,496653,2,3891.09,69536,166366,0.6423649411489898,0
2023-07-28 11:10:04,3877.7,496655,2,3891.09,69539,166414,0.6423649411489898,0
2023-07-28 11:10:04,3877.0,496655,1,3891.09,69539,166414,0.6241970438235686,0
2023-07-28 11:10:04,3877.0,496655,1,3891.09,69539,166414,0.6241970438235686,0
2023-07-28 11:10:04,3877.0,496655,2,3891.09,69539,166414,0.6241970438235686,0
2023-07-28 11:10:10,3877.0,496687,2,3891.09,69489,166390,0.6241970438235686,0
2023-07-28 11:10:10,3877.35,496687,2,3891.09,69489,166390,0.6332809924862791,0
2023-07-28 11:10:10,3877.0,496687,6,3891.09,69489,166390,0.6241970438235686,0
2023-07-28 11:10:10,3877.0,496687,1,3891.09,69489,166390,0.6241970438235686,0
2023-07-28 11:10:14,3877.0,496751,10,3891.09,69433,166321,0.6241970438235686,0
2023-07-28 11:10:14,3877.0,496751,10,3891.09,69433,166321,0.6241970438235686,0
2023-07-28 11:10:14,3876.5,496751,1,3891.09,69433,166321,0.6112199743054071,0
2023-07-28 11:10:18,3877.3,496865,2,3891.08,69377,166475,0.63198328553447,0
2023-07-28 11:10:18,3877.45,496865,2,3891.08,69377,166475,0.635876406389909,0
2023-07-28 11:10:18,3877.0,496865,1,3891.08,69377,166475,0.6241970438235686,0
2023-07-28 11:10:18,3877.35,496865,2,3891.08,69377,166475,0.6332809924862791,0
2023-07-28 11:10:18,3876.5,496865,1,3891.08,69377,166475,0.6112199743054071,0
2023-07-28 11:10:18,3877.35,496865,17,3891.08,69377,166475,0.6332809924862791,0
2023-07-28 11:10:18,3877.0,496865,1,3891.08,69377,166475,0.6241970438235686,0
2023-07-28 11:10:18,3877.35,496865,2,3891.08,69377,166475,0.6332809924862791,0
2023-07-28 11:10:27,3877.35,496912,2,3891.08,69421,166746,0.6332809924862791,0
2023-07-28 11:10:27,3876.5,496912,1,3891.08,69421,166746,0.6112199743054071,0
2023-07-28 11:10:27,3876.5,496912,2,3891.08,69421,166746,0.6112199743054071,0
2023-07-28 11:10:30,3876.5,496915,2,3891.08,69491,166510,0.6112199743054071,0
2023-07-28 11:10:30,3877.7,496915,3,3891.08,69491,166510,0.6423649411489898,0
2023-07-28 11:10:30,3876.55,496915,1,3891.08,69491,166510,0.6125176812572279,0
2023-07-28 11:10:34,3877.7,496924,2,3891.08,69714,166438,0.6423649411489898,0
2023-07-28 11:10:34,3876.35,496924,3,3891.08,69714,166438,0.6073268534499563,0
2023-07-28 11:10:34,3876.5,496924,1,3891.08,69714,166438,0.6112199743054071,0
2023-07-28 11:10:38,3876.0,497057,62,3891.08,69523,166527,0.5982429047872457,0
2023-07-28 11:10:38,3876.75,497057,2,3891.08,69523,166527,0.6177085090644878,0
2023-07-28 11:10:38,3876.0,497057,1,3891.08,69523,166527,0.5982429047872457,0
2023-07-28 11:10:43,3876.0,497060,1,3891.08,69556,166423,0.5982429047872457,0
2023-07-28 11:10:43,3876.0,497060,2,3891.08,69556,166423,0.5982429047872457,0
2023-07-28 11:10:43,3876.0,497060,1,3891.08,69556,166423,0.5982429047872457,0
2023-07-28 11:10:47,3876.0,497564,1,3891.06,69005,166417,0.5982429047872457,0
2023-07-28 11:10:47,3876.0,497564,1,3891.06,69005,166417,0.5982429047872457,0
2023-07-28 11:10:47,3877.15,497564,2,3891.06,69005,166417,0.6280901646790193,0
2023-07-28 11:10:48,3876.0,497566,1,3891.06,69129,166460,0.5982429047872457,0
2023-07-28 11:10:48,3876.0,497566,2,3891.06,69129,166460,0.5982429047872457,0
2023-07-28 11:10:48,3876.45,497566,1,3891.06,69129,166460,0.6099222673535862,0
2023-07-28 11:10:55,3876.45,497575,2,3891.06,69111,166406,0.6099222673535862,0
2023-07-28 11:10:55,3876.45,497575,2,3891.06,69111,166406,0.6099222673535862,0
2023-07-28 11:10:55,3876.45,497575,20,3891.06,69111,166406,0.6099222673535862,0
2023-07-28 11:10:59,3876.0,497598,2,3891.06,69129,166459,0.5982429047872457,0
2023-07-28 11:10:59,3876.0,497598,1,3891.06,69129,166459,0.5982429047872457,0
2023-07-28 11:10:59,3876.0,497598,1,3891.06,69129,166459,0.5982429047872457,0
2023-07-28 11:11:02,3876.45,497604,2,3891.06,69175,166417,0.6099222673535862,0
2023-07-28 11:11:06,3876.0,497606,2,3891.06,69182,166431,0.5982429047872457,0
2023-07-28 11:11:07,3876.0,497607,1,3891.06,69166,166448,0.5982429047872457,0
2023-07-28 11:11:07,3876.0,497607,1,3891.06,69173,166448,0.5982429047872457,0
2023-07-28 11:11:07,3877.0,497607,24,3891.06,69181,166415,0.6241970438235686,0
2023-07-28 11:11:09,3877.0,497907,24,3891.05,69370,166196,0.6241970438235686,0
2023-07-28 11:11:09,3877.0,497907,24,3891.05,69372,166210,0.6241970438235686,0
2023-07-28 11:11:09,3876.0,497907,1,3891.05,69372,166210,0.5982429047872457,0
2023-07-28 11:11:12,3876.95,497908,1,3891.05,69174,166220,0.6228993368717477,0
2023-07-28 11:11:13,3876.0,497932,1,3891.05,69264,166182,0.5982429047872457,0
2023-07-28 11:11:14,3876.0,497946,14,3891.05,69250,166160,0.5982429047872457,0
2023-07-28 11:11:16,3876.0,497947,1,3891.05,69248,166199,0.5982429047872457,0
2023-07-28 11:11:16,3876.0,497949,2,3891.05,69251,166238,0.5982429047872457,0
2023-07-28 11:11:16,3876.0,497949,2,3891.05,69251,166238,0.5982429047872457,0
2023-07-28 11:11:19,3876.0,498449,500,3891.04,68739,166266,0.5982429047872457,0
2023-07-28 11:11:19,3876.95,498451,2,3891.04,68761,166422,0.6228993368717477,0
2023-07-28 11:11:21,3876.95,498456,1,3891.04,68748,166382,0.6228993368717477,0
2023-07-28 11:11:21,3876.95,498456,1,3891.04,68748,166382,0.6228993368717477,0
2023-07-28 11:11:21,3876.95,498456,1,3891.04,68748,166400,0.6228993368717477,0
2023-07-28 11:11:23,3876.95,498498,41,3891.04,68777,166399,0.6228993368717477,0
2023-07-28 11:11:23,3876.0,498498,54,3891.04,68777,166399,0.5982429047872457,0
2023-07-28 11:11:23,3876.0,498552,54,3891.03,68723,166399,0.5982429047872457,0
2023-07-28 11:11:23,3876.0,498552,54,3891.03,68723,166399,0.5982429047872457,0
2023-07-28 11:11:23,3876.0,498552,1,3891.03,68723,166399,0.5982429047872457,0
2023-07-28 11:11:26,3876.0,498604,9,3891.03,68748,166410,0.5982429047872457,0
2023-07-28 11:11:27,3876.0,498613,9,3891.03,68734,166429,0.5982429047872457,0
2023-07-28 11:11:28,3876.95,498648,5,3891.03,68765,166419,0.6228993368717477,0
2023-07-28 11:11:28,3876.95,498648,5,3891.03,68765,166419,0.6228993368717477,0
2023-07-28 11:11:30,3876.95,498650,2,3891.03,68768,166417,0.6228993368717477,0
2023-07-28 11:11:30,3876.0,498650,81,3891.03,68768,166417,0.5982429047872457,0
2023-07-28 11:11:30,3876.0,498731,1,3891.03,68639,166432,0.5982429047872457,0
2023-07-28 11:11:31,3876.0,498738,1,3891.03,68932,166434,0.5982429047872457,0
2023-07-28 11:11:33,3876.0,498740,2,3891.03,68955,166462,0.5982429047872457,0
2023-07-28 11:11:35,3877.0,498742,1,3891.03,69043,166471,0.6241970438235686,0
2023-07-28 11:11:36,3876.0,498744,1,3891.03,69042,166431,0.5982429047872457,0
2023-07-28 11:11:36,3877.0,498746,2,3891.03,69064,166405,0.6241970438235686,0
2023-07-28 11:11:36,3877.0,498746,2,3891.03,69061,166425,0.6241970438235686,0
2023-07-28 11:11:39,3876.45,498747,1,3891.03,68995,166448,0.6099222673535862,0
2023-07-28 11:11:39,3876.0,498747,2,3891.03,68995,166448,0.5982429047872457,0
2023-07-28 11:11:40,3876.05,498754,1,3891.03,69034,166445,0.5995406117390666,0
2023-07-28 11:11:41,3876.05,498755,1,3891.03,69083,166447,0.5995406117390666,0
2023-07-28 11:11:43,3877.0,498756,1,3891.03,69381,166461,0.6241970438235686,0
2023-07-28 11:11:43,3877.0,498756,1,3891.03,69381,166461,0.6241970438235686,0
2023-07-28 11:11:43,3877.0,498756,2,3891.03,69381,166461,0.6241970438235686,0
2023-07-28 11:11:44,3877.0,498758,2,3891.03,69382,166436,0.6241970438235686,0
2023-07-28 11:11:44,3876.45,498758,1,3891.03,69382,166436,0.6099222673535862,0
2023-07-28 11:11:46,3876.45,498759,1,3891.03,69371,166430,0.6099222673535862,0
2023-07-28 11:11:46,3877.0,498759,10,3891.03,69371,166430,0.6241970438235686,0
2023-07-28 11:11:47,3877.0,498770,10,3891.03,69379,166418,0.6241970438235686,0
2023-07-28 11:11:47,3876.45,498770,2,3891.03,69379,166418,0.6099222673535862,0
2023-07-28 11:11:48,3876.45,498772,2,3891.03,69368,166386,0.6099222673535862,0
2023-07-28 11:11:48,3876.45,498772,1,3891.03,69368,166423,0.6099222673535862,0
2023-07-28 11:11:50,3876.45,498773,1,3891.03,69329,166416,0.6099222673535862,0
2023-07-28 11:11:50,3876.45,498773,1,3891.03,69352,166415,0.6099222673535862,0
2023-07-28 11:11:50,3876.7,498773,2,3891.03,69352,166415,0.616410802112667,0
2023-07-28 11:11:53,3876.7,498776,2,3891.03,69335,166415,0.616410802112667,0
2023-07-28 11:11:53,3877.0,498776,25,3891.03,69335,166415,0.6241970438235686,0
2023-07-28 11:11:54,3876.45,498802,1,3891.03,69360,166386,0.6099222673535862,0
2023-07-28 11:11:55,3876.45,498803,1,3891.03,69334,166417,0.6099222673535862,0
2023-07-28 11:11:56,3877.0,498807,1,3891.03,69335,166413,0.6241970438235686,0
2023-07-28 11:11:56,3876.45,498807,2,3891.03,69335,166413,0.6099222673535862,0
2023-07-28 11:11:58,3876.45,498824,15,3891.03,69337,166387,0.6099222673535862,0
2023-07-28 11:11:58,3876.45,498824,15,3891.03,69337,166373,0.6099222673535862,0
2023-07-28 11:11:58,3876.7,498824,1,3891.03,69337,166373,0.616410802112667,0
2023-07-28 11:12:00,3876.45,498950,17,3891.02,69303,166468,0.6099222673535862,0
2023-07-28 11:12:01,3876.95,498952,2,3891.02,69303,166486,0.6228993368717477,0
2023-07-28 11:12:01,3876.95,498952,2,3891.02,69273,166528,0.6228993368717477,0
2023-07-28 11:12:04,3876.45,498957,5,3891.02,69268,166530,0.6099222673535862,0
2023-07-28 11:12:05,3876.45,498960,1,3891.02,69250,166530,0.6099222673535862,0
