2023-07-28 10:49:29,1316.3,276170,3,1321.52,97430,145732,0.11789313557710246,0
2023-07-28 10:49:29,1316.8,276094,70,1321.52,97339,145802,0.15592317931165275,0
2023-07-28 10:49:29,1316.3,276170,3,1321.52,97458,145747,0.11789313557710246,0
2023-07-28 10:49:29,1316.3,276170,3,1321.52,97458,145747,0.11789313557710246,0
2023-07-28 10:49:32,1316.3,276173,3,1321.52,97381,145766,0.11789313557710246,0
2023-07-28 10:49:32,1316.3,276173,3,1321.52,97381,145766,0.11789313557710246,0
2023-07-28 10:49:32,1317.0,276173,58,1321.52,97381,145766,0.17113519680547631,0
2023-07-28 10:49:33,1317.0,276673,58,1321.51,97925,146528,0.17113519680547631,0
2023-07-28 10:49:35,1317.0,276765,92,1321.51,98792,145957,0.17113519680547631,0
2023-07-28 10:49:37,1317.0,276772,2,1321.51,98492,146065,0.17113519680547631,0
2023-07-28 10:49:37,1317.0,276772,2,1321.51,98671,146065,0.17113519680547631,0
2023-07-28 10:49:37,1317.0,276772,2,1321.51,98636,146065,0.17113519680547631,0
2023-07-28 10:49:37,1317.0,276772,2,1321.51,98636,146137,0.17113519680547631,0
2023-07-28 10:49:37,1317.0,276772,2,1321.51,98636,146133,0.17113519680547631,0
2023-07-28 10:49:37,1317.0,276772,12,1321.51,98636,146133,0.17113519680547631,0
2023-07-28 10:49:41,1317.0,276784,12,1321.51,98624,146135,0.17113519680547631,0
2023-07-28 10:49:41,1317.0,276784,12,1321.51,98952,146135,0.17113519680547631,0
2023-07-28 10:49:41,1317.0,276784,12,1321.51,98952,146135,0.17113519680547631,0
2023-07-28 10:49:41,1317.0,276784,12,1321.51,98952,146134,0.17113519680547631,0
2023-07-28 10:49:41,1317.0,276784,12,1321.51,98952,146134,0.17113519680547631,0
2023-07-28 10:49:41,1317.0,276784,12,1321.51,98952,146135,0.17113519680547631,0
2023-07-28 10:49:41,1317.0,276784,12,1321.51,99317,146041,0.17113519680547631,0
2023-07-28 10:49:41,1317.0,276784,12,1321.51,99261,146053,0.17113519680547631,0
2023-07-28 10:49:41,1317.0,276784,12,1321.51,99395,145727,0.17113519680547631,0
2023-07-28 10:49:41,1317.0,276784,12,1321.51,99405,145892,0.17113519680547631,0
2023-07-28 10:49:41,1317.0,276784,12,1321.51,99425,145903,0.17113519680547631,0
2023-07-28 10:49:41,1317.0,276784,12,1321.51,99297,146014,0.17113519680547631,0
2023-07-28 10:49:41,1317.05,276784,4,1321.51,99297,146014,0.1749382011789279,0
2023-07-28 10:49:54,1317.05,276788,4,1321.51,98904,145816,0.1749382011789279,0
2023-07-28 10:49:54,1317.05,276788,4,1321.51,98937,145816,0.1749382011789279,0
2023-07-28 10:49:54,1317.05,276788,4,1321.51,98915,145794,0.1749382011789279,0
2023-07-28 10:49:54,1317.05,276788,4,1321.51,98872,145638,0.1749382011789279,0
2023-07-28 10:49:54,1317.0,276788,7,1321.51,98819,145612,0.17113519680547631,0
2023-07-28 10:49:59,1317.0,276795,7,1321.51,98869,145615,0.17113519680547631,0
2023-07-28 10:49:59,1317.0,276795,7,1321.51,98857,145615,0.17113519680547631,0
2023-07-28 10:49:59,1317.0,276795,7,1321.51,98813,145739,0.17113519680547631,0
2023-07-28 10:49:59,1317.0,276795,7,1321.51,98756,145689,0.17113519680547631,0
2023-07-28 10:49:59,1317.0,276795,7,1321.51,98896,145794,0.17113519680547631,0
2023-07-28 10:49:59,1317.0,276795,7,1321.51,98904,145719,0.17113519680547631,0
2023-07-28 10:49:59,1317.0,276795,7,1321.51,98941,145636,0.17113519680547631,0
2023-07-28 10:49:59,1317.0,276795,25,1321.51,98954,145665,0.17113519680547631,0
2023-07-28 10:50:08,1317.0,276820,25,1321.51,98876,145548,0.17113519680547631,0
2023-07-28 10:50:08,1317.0,276820,25,1321.51,98897,145618,0.17113519680547631,0
2023-07-28 10:50:10,1317.7,276830,3,1321.51,98976,145597,0.2243772580338502,0
2023-07-28 10:50:10,1317.7,276830,3,1321.51,98923,145644,0.2243772580338502,0
2023-07-28 10:50:10,1317.7,276830,3,1321.51,98946,145649,0.2243772580338502,0
2023-07-28 10:50:10,1317.7,276830,3,1321.51,99810,145555,0.2243772580338502,0
2023-07-28 10:50:10,1317.7,276830,3,1321.51,99860,145555,0.2243772580338502,0
2023-07-28 10:50:10,1317.7,276830,3,1321.51,99860,145556,0.2243772580338502,0
2023-07-28 10:50:10,1317.7,276830,3,1321.51,99789,145641,0.2243772580338502,0
2023-07-28 10:50:10,1317.7,276830,3,1321.51,99789,145641,0.2243772580338502,0
2023-07-28 10:50:10,1317.7,276830,3,1321.51,99612,145918,0.2243772580338502,0
2023-07-28 10:50:10,1317.7,276830,3,1321.51,99619,145918,0.2243772580338502,0
2023-07-28 10:50:10,1317.7,276830,3,1321.51,99619,145918,0.2243772580338502,0
2023-07-28 10:50:10,1317.7,276830,3,1321.51,99671,145888,0.2243772580338502,0
2023-07-28 10:50:10,1317.7,276830,3,1321.51,99671,145888,0.2243772580338502,0
2023-07-28 10:50:10,1317.7,276830,3,1321.51,99693,145749,0.2243772580338502,0
2023-07-28 10:50:10,1317.7,276830,3,1321.51,99693,145749,0.2243772580338502,0
2023-07-28 10:50:10,1317.7,276830,3,1321.51,99693,145885,0.2243772580338502,0
2023-07-28 10:50:10,1317.7,276830,3,1321.51,99693,145900,0.2243772580338502,0
2023-07-28 10:50:10,1317.7,276830,3,1321.51,99693,145893,0.2243772580338502,0
2023-07-28 10:50:10,1317.7,276830,3,1321.51,99845,145818,0.2243772580338502,0
2023-07-28 10:50:10,1317.7,276830,3,1321.51,99869,145811,0.2243772580338502,0
2023-07-28 10:50:10,1317.7,276830,3,1321.51,99869,145818,0.2243772580338502,0
2023-07-28 10:50:10,1317.7,276830,3,1321.51,99669,145848,0.2243772580338502,0
2023-07-28 10:50:10,1317.7,276830,3,1321.51,99899,145610,0.2243772580338502,0
2023-07-28 10:50:35,1317.2,276845,15,1321.51,97291,145794,0.1863472142992999,0
2023-07-28 10:50:35,1317.2,276845,15,1321.51,99791,146005,0.1863472142992999,0
2023-07-28 10:50:35,1317.2,276845,15,1321.51,99501,146034,0.1863472142992999,0
2023-07-28 10:50:35,1317.2,276845,15,1321.51,99541,146034,0.1863472142992999,0
2023-07-28 10:50:35,1317.2,276845,15,1321.51,99559,146034,0.1863472142992999,0
2023-07-28 10:50:35,1317.2,276845,15,1321.51,97104,145940,0.1863472142992999,0
2023-07-28 10:50:35,1317.2,276845,15,1321.51,99604,145860,0.1863472142992999,0
2023-07-28 10:50:35,1317.2,276845,15,1321.51,99604,146013,0.1863472142992999,0
2023-07-28 10:50:35,1317.2,276845,15,1321.51,99604,145974,0.1863472142992999,0
2023-07-28 10:50:45,1318.0,277345,47,1321.5,99668,145466,0.2471952842745769,0
2023-07-28 10:50:45,1318.0,277345,47,1321.5,99618,145561,0.2471952842745769,0
2023-07-28 10:50:45,1318.0,277345,47,1321.5,99252,145689,0.2471952842745769,0
2023-07-28 10:50:45,1318.0,277345,47,1321.5,99308,145591,0.2471952842745769,0
2023-07-28 10:50:45,1318.0,277345,47,1321.5,99318,145565,0.2471952842745769,0
2023-07-28 10:50:45,1318.0,277345,47,1321.5,99292,145625,0.2471952842745769,0
2023-07-28 10:50:45,1318.0,277345,47,1321.5,99520,145610,0.2471952842745769,0
2023-07-28 10:50:45,1318.0,277345,47,1321.5,99133,145938,0.2471952842745769,0
2023-07-28 10:50:54,1317.0,277355,10,1321.5,99267,146027,0.17113519680547631,0
2023-07-28 10:50:54,1317.0,277355,10,1321.5,99287,146082,0.17113519680547631,0
2023-07-28 10:50:54,1317.0,277355,50,1321.5,99313,145861,0.17113519680547631,0
2023-07-28 10:50:57,1317.65,277411,1,1321.5,99188,145899,0.22057425366039862,0
2023-07-28 10:50:57,1317.65,277411,1,1321.5,99190,145965,0.22057425366039862,0
2023-07-28 10:50:57,1317.65,277411,1,1321.5,99294,145965,0.22057425366039862,0
2023-07-28 10:50:57,1317.65,277411,1,1321.5,99154,146008,0.22057425366039862,0
2023-07-28 10:50:57,1317.65,277411,1,1321.5,99139,146000,0.22057425366039862,0
2023-07-28 10:50:57,1317.65,277411,1,1321.5,99143,145993,0.22057425366039862,0
2023-07-28 10:50:57,1317.65,277411,1,1321.5,99143,146000,0.22057425366039862,0
2023-07-28 10:50:57,1317.65,277411,1,1321.5,99143,146032,0.22057425366039862,0
2023-07-28 10:50:57,1317.65,277411,1,1321.5,99142,146067,0.22057425366039862,0
2023-07-28 10:50:57,1317.0,277411,1,1321.5,99142,146067,0.17113519680547631,0
2023-07-28 10:51:08,1317.65,277412,5,1321.5,99253,146008,0.22057425366039862,0
2023-07-28 10:51:09,1317.0,277423,6,1321.5,99276,145980,0.17113519680547631,0
2023-07-28 10:51:09,1317.0,277423,6,1321.5,99276,145980,0.17113519680547631,0
2023-07-28 10:51:09,1317.0,277423,6,1321.5,99255,145994,0.17113519680547631,0
2023-07-28 10:51:09,1317.0,277423,6,1321.5,99295,145994,0.17113519680547631,0
2023-07-28 10:51:09,1317.0,277423,6,1321.5,99295,145994,0.17113519680547631,0
2023-07-28 10:51:09,1317.0,277423,6,1321.5,99348,146034,0.17113519680547631,0
2023-07-28 10:51:09,1317.0,277423,6,1321.5,99348,146047,0.17113519680547631,0
2023-07-28 10:51:09,1317.0,277423,6,1321.5,99348,146047,0.17113519680547631,0
2023-07-28 10:51:09,1317.0,277423,6,1321.5,99310,146047,0.17113519680547631,0
2023-07-28 10:51:09,1317.0,277423,6,1321.5,99310,146047,0.17113519680547631,0
2023-07-28 10:51:09,1317.0,277423,6,1321.5,99310,146047,0.17113519680547631,0
2023-07-28 10:51:09,1317.0,277423,6,1321.5,99320,146047,0.17113519680547631,0
2023-07-28 10:51:09,1317.0,277423,6,1321.5,99320,146052,0.17113519680547631,0
2023-07-28 10:51:09,1317.0,277423,6,1321.5,99148,146064,0.17113519680547631,0
2023-07-28 10:51:09,1317.0,277423,6,1321.5,99900,145768,0.17113519680547631,0
2023-07-28 10:51:09,1317.0,277423,6,1321.5,99265,146535,0.17113519680547631,0
2023-07-28 10:51:09,1317.0,277423,6,1321.5,99260,146076,0.17113519680547631,0
2023-07-28 10:51:09,1317.0,277423,6,1321.5,99743,146363,0.17113519680547631,0
2023-07-28 10:51:09,1317.0,277423,6,1321.5,99712,146539,0.17113519680547631,0
2023-07-28 10:51:09,1317.0,277423,6,1321.5,99704,146051,0.17113519680547631,0
2023-07-28 10:51:09,1317.0,277423,6,1321.5,99701,146652,0.17113519680547631,0
2023-07-28 10:51:09,1317.0,277423,6,1321.5,99917,146476,0.17113519680547631,0
2023-07-28 10:51:09,1318.0,277423,10,1321.5,99917,146476,0.2471952842745769,0
2023-07-28 10:51:30,1317.35,277457,24,1321.5,99828,146471,0.19775622741965462,0
2023-07-28 10:51:30,1317.35,277457,24,1321.5,99711,145973,0.19775622741965462,0
2023-07-28 10:51:30,1317.35,277457,24,1321.5,99694,146005,0.19775622741965462,0
2023-07-28 10:51:30,1318.0,277457,2,1321.5,99694,146005,0.2471952842745769,0
2023-07-28 10:51:33,1318.0,277459,2,1321.5,99624,146050,0.2471952842745769,0
2023-07-28 10:51:33,1318.0,277459,2,1321.5,99638,146045,0.2471952842745769,0
2023-07-28 10:51:33,1318.0,277459,2,1321.5,99774,146002,0.2471952842745769,0
2023-07-28 10:51:33,1318.0,277459,2,1321.5,99613,146060,0.2471952842745769,0
2023-07-28 10:51:33,1318.0,277459,2,1321.5,99762,146012,0.2471952842745769,0
2023-07-28 10:51:33,1318.0,277459,2,1321.5,99773,146063,0.2471952842745769,0
2023-07-28 10:51:33,1317.35,277459,7,1321.5,99745,146003,0.19775622741965462,0
2023-07-28 10:51:40,1317.35,277522,7,1321.5,99546,146368,0.19775622741965462,0
2023-07-28 10:51:40,1317.3,277522,15,1321.5,99546,146368,0.19395322304620305,0
2023-07-28 10:51:42,1317.3,277537,15,1321.5,99507,146431,0.19395322304620305,0
2023-07-28 10:51:42,1317.3,277537,15,1321.5,99473,146349,0.19395322304620305,0
2023-07-28 10:51:42,1317.3,277537,15,1321.5,99596,146349,0.19395322304620305,0
2023-07-28 10:51:42,1317.3,277537,15,1321.5,99503,146882,0.19395322304620305,0
2023-07-28 10:51:42,1317.3,277537,15,1321.5,99464,146920,0.19395322304620305,0
2023-07-28 10:51:42,1317.3,277537,15,1321.5,99508,146920,0.19395322304620305,0
2023-07-28 10:51:42,1317.3,277537,15,1321.5,99508,146920,0.19395322304620305,0
2023-07-28 10:51:42,1317.3,277537,15,1321.5,99517,146920,0.19395322304620305,0
2023-07-28 10:51:42,1317.3,277537,15,1321.5,99492,146920,0.19395322304620305,0
2023-07-28 10:51:42,1317.3,277537,15,1321.5,99499,146920,0.19395322304620305,0
2023-07-28 10:51:42,1317.3,277537,15,1321.5,99316,146926,0.19395322304620305,0
2023-07-28 10:51:42,1317.3,277537,15,1321.5,99280,146927,0.19395322304620305,0
2023-07-28 10:51:42,1317.3,277537,15,1321.5,99312,146941,0.19395322304620305,0
2023-07-28 10:51:42,1317.3,277537,15,1321.5,99305,146941,0.19395322304620305,0
2023-07-28 10:51:42,1317.3,277537,15,1321.5,99305,146941,0.19395322304620305,0
2023-07-28 10:51:42,1317.3,277537,15,1321.5,99312,146941,0.19395322304620305,0
2023-07-28 10:51:42,1317.3,277537,15,1321.5,99306,146941,0.19395322304620305,0
2023-07-28 10:51:42,1317.3,277537,15,1321.5,99319,146941,0.19395322304620305,0
2023-07-28 10:52:01,1317.35,277589,52,1321.5,99424,146725,0.19775622741965462,0
2023-07-28 10:52:01,1317.35,277589,52,1321.5,99424,146809,0.19775622741965462,0
2023-07-28 10:52:01,1317.35,277589,52,1321.5,99424,146759,0.19775622741965462,0
2023-07-28 10:52:01,1317.3,277589,2,1321.5,99424,146721,0.19395322304620305,0
2023-07-28 10:52:05,1317.3,277612,17,1321.5,98767,145210,0.19395322304620305,0
2023-07-28 10:52:05,1317.3,277612,17,1321.5,98767,146872,0.19395322304620305,0
2023-07-28 10:52:05,1317.3,277612,17,1321.5,98764,146685,0.19395322304620305,0
2023-07-28 10:52:05,1317.3,277612,17,1321.5,98653,146792,0.19395322304620305,0
2023-07-28 10:52:05,1317.3,277612,17,1321.5,98715,146906,0.19395322304620305,0
2023-07-28 10:52:05,1317.3,277612,17,1321.5,98732,146776,0.19395322304620305,0
2023-07-28 10:52:05,1317.3,277612,17,1321.5,99037,146786,0.19395322304620305,0
2023-07-28 10:52:05,1317.3,277612,17,1321.5,99021,146778,0.19395322304620305,0
2023-07-28 10:52:05,1317.35,277612,5,1321.5,99021,146778,0.19775622741965462,0
2023-07-28 10:52:13,1317.35,277617,5,1321.5,99021,146773,0.19775622741965462,0
2023-07-28 10:52:13,1317.3,277617,10,1321.5,99021,146773,0.19395322304620305,0
2023-07-28 10:52:14,1317.3,277627,10,1321.5,99017,146773,0.19395322304620305,0
2023-07-28 10:52:14,1317.3,277627,10,1321.5,99017,146773,0.19395322304620305,0
2023-07-28 10:52:16,1317.35,277632,5,1321.5,99047,146770,0.19775622741965462,0
2023-07-28 10:52:16,1317.35,277632,5,1321.5,99017,146770,0.19775622741965462,0
2023-07-28 10:52:16,1317.35,277632,5,1321.5,99017,146760,0.19775622741965462,0
2023-07-28 10:52:19,1317.3,277633,1,1321.5,98934,146793,0.19395322304620305,0
2023-07-28 10:52:19,1317.3,277633,1,1321.5,98935,146793,0.19395322304620305,0
2023-07-28 10:52:19,1317.3,277633,1,1321.5,98935,146793,0.19395322304620305,0
2023-07-28 10:52:23,1317.35,277636,3,1321.5,98935,146819,0.19775622741965462,0
2023-07-28 10:52:23,1317.35,277636,3,1321.5,98931,146832,0.19775622741965462,0
2023-07-28 10:52:26,1317.35,277639,1,1321.5,99071,146735,0.19775622741965462,0
2023-07-28 10:52:26,1317.9,277639,17,1321.5,98973,146747,0.23958927552767378,0
2023-07-28 10:52:27,1317.9,277681,17,1321.5,99161,146740,0.23958927552767378,0
2023-07-28 10:52:27,1317.9,277681,17,1321.5,99044,146744,0.23958927552767378,0
2023-07-28 10:52:27,1317.9,277681,17,1321.5,99081,146823,0.23958927552767378,0
2023-07-28 10:52:27,1317.9,277681,17,1321.5,98791,146859,0.23958927552767378,0
2023-07-28 10:52:27,1317.9,277681,17,1321.5,98816,146880,0.23958927552767378,0
2023-07-28 10:52:27,1317.9,277681,17,1321.5,98816,146880,0.23958927552767378,0
2023-07-28 10:52:27,1317.9,277681,17,1321.5,98871,146887,0.23958927552767378,0
2023-07-28 10:52:27,1317.85,277681,2,1321.5,98898,146877,0.23578627115420492,0
2023-07-28 10:52:36,1317.9,277732,47,1321.49,98988,146645,0.23958927552767378,0
2023-07-28 10:52:36,1317.9,277732,47,1321.49,98952,146664,0.23958927552767378,0
2023-07-28 10:52:36,1317.9,277732,47,1321.49,98869,146745,0.23958927552767378,0
2023-07-28 10:52:36,1317.9,277732,47,1321.49,98869,146705,0.23958927552767378,0
2023-07-28 10:52:36,1317.9,277732,47,1321.49,99043,146743,0.23958927552767378,0
2023-07-28 10:52:36,1317.9,277732,47,1321.49,98986,146654,0.23958927552767378,0
2023-07-28 10:52:36,1317.9,277732,47,1321.49,99395,146600,0.23958927552767378,0
2023-07-28 10:52:36,1317.9,277732,47,1321.49,99395,146606,0.23958927552767378,0
2023-07-28 10:52:36,1317.9,277732,47,1321.49,99414,146620,0.23958927552767378,0
2023-07-28 10:52:36,1317.9,277732,47,1321.49,99414,146609,0.23958927552767378,0
2023-07-28 10:52:48,1317.85,277799,67,1321.49,99470,146542,0.23578627115420492,0
2023-07-28 10:52:48,1317.85,277799,67,1321.49,100116,146624,0.23578627115420492,0
2023-07-28 10:52:48,1317.85,277799,67,1321.49,100304,146726,0.23578627115420492,0
2023-07-28 10:52:48,1317.85,277799,67,1321.49,100323,146712,0.23578627115420492,0
2023-07-28 10:52:48,1317.85,277799,67,1321.49,100323,146712,0.23578627115420492,0
2023-07-28 10:52:48,1317.85,277799,67,1321.49,100323,146705,0.23578627115420492,0
2023-07-28 10:52:54,1317.5,277805,6,1321.49,100294,146724,0.2091652405400266,0
2023-07-28 10:52:55,1317.5,277830,25,1321.49,100269,146719,0.2091652405400266,0
2023-07-28 10:52:55,1317.5,277830,25,1321.49,100212,146719,0.2091652405400266,0
2023-07-28 10:52:55,1317.5,277830,25,1321.49,100212,146719,0.2091652405400266,0
2023-07-28 10:52:55,1317.5,277830,25,1321.49,100212,146719,0.2091652405400266,0
2023-07-28 10:52:55,1317.5,277830,25,1321.49,100095,146784,0.2091652405400266,0
2023-07-28 10:53:01,1317.9,277842,12,1321.49,100422,146794,0.23958927552767378,0
2023-07-28 10:53:01,1317.9,277842,12,1321.49,100422,146794,0.23958927552767378,0
2023-07-28 10:53:01,1317.9,277842,12,1321.49,100370,146845,0.23958927552767378,0
2023-07-28 10:53:01,1317.9,277842,12,1321.49,100269,146845,0.23958927552767378,0
2023-07-28 10:53:01,1317.9,277842,12,1321.49,100269,146845,0.23958927552767378,0
2023-07-28 10:53:01,1317.9,277842,12,1321.49,100269,146845,0.23958927552767378,0
2023-07-28 10:53:01,1317.9,277842,12,1321.49,100110,146781,0.23958927552767378,0
2023-07-28 10:53:08,1317.95,277901,59,1321.49,100100,146727,0.24339227990112536,0
2023-07-28 10:53:08,1317.95,277901,59,1321.49,100044,146732,0.24339227990112536,0
2023-07-28 10:53:08,1317.95,277901,59,1321.49,100116,146546,0.24339227990112536,0
2023-07-28 10:53:08,1317.95,277901,59,1321.49,100131,146675,0.24339227990112536,0
2023-07-28 10:53:08,1317.95,277901,59,1321.49,100131,146675,0.24339227990112536,0
2023-07-28 10:53:08,1317.95,277901,59,1321.49,100119,146672,0.24339227990112536,0
2023-07-28 10:53:08,1317.95,277901,59,1321.49,100129,146672,0.24339227990112536,0
2023-07-28 10:53:08,1317.95,277901,59,1321.49,100129,146672,0.24339227990112536,0
2023-07-28 10:53:08,1318.0,277901,45,1321.49,100129,146672,0.2471952842745769,0
2023-07-28 10:53:21,1318.15,278096,3,1321.49,99930,146285,0.25860429739494895,0
2023-07-28 10:53:21,1318.15,278096,3,1321.49,99930,146285,0.25860429739494895,0
2023-07-28 10:53:21,1318.15,278096,3,1321.49,99892,146243,0.25860429739494895,0
2023-07-28 10:53:21,1318.15,278096,3,1321.49,99873,146263,0.25860429739494895,0
2023-07-28 10:53:21,1317.9,278096,2,1321.49,99873,146263,0.23958927552767378,0
2023-07-28 10:53:21,1317.9,278096,2,1321.49,99873,146263,0.23958927552767378,0
2023-07-28 10:53:24,1317.9,278098,2,1321.49,100107,146269,0.23958927552767378,0
2023-07-28 10:53:24,1317.9,278098,2,1321.49,100160,146322,0.23958927552767378,0
2023-07-28 10:53:24,1317.9,278098,2,1321.49,100160,146322,0.23958927552767378,0
2023-07-28 10:53:24,1318.0,278098,9,1321.49,100160,146322,0.2471952842745769,0
2023-07-28 10:53:28,1318.0,278119,9,1321.49,100153,146322,0.2471952842745769,0
2023-07-28 10:53:28,1318.0,278119,9,1321.49,100158,146322,0.2471952842745769,0
2023-07-28 10:53:28,1318.0,278119,9,1321.49,100158,146322,0.2471952842745769,0
2023-07-28 10:53:34,1318.35,278158,39,1321.49,100237,146283,0.2738163148887552,0
2023-07-28 10:53:34,1318.35,278158,39,1321.49,100193,146258,0.2738163148887552,0
2023-07-28 10:53:34,1318.35,278158,39,1321.49,100161,146258,0.2738163148887552,0
2023-07-28 10:53:34,1318.35,278158,39,1321.49,100124,146298,0.2738163148887552,0
2023-07-28 10:53:34,1318.35,278158,39,1321.49,100082,146331,0.2738163148887552,0
2023-07-28 10:53:43,1318.0,278265,13,1321.49,100004,146264,0.2471952842745769,0
2023-07-28 10:53:43,1318.05,278553,8,1321.48,100379,144657,0.2509982886480285,0
2023-07-28 10:53:44,1318.0,278670,5,1321.48,100606,145279,0.2471952842745769,0
2023-07-28 10:53:44,1318.0,278670,5,1321.48,100606,145279,0.2471952842745769,0
2023-07-28 10:53:44,1317.95,278670,18,1321.48,100606,145279,0.24339227990112536,0
2023-07-28 10:53:45,1317.95,278688,18,1321.48,100643,145479,0.24339227990112536,0
2023-07-28 10:53:45,1317.95,278688,18,1321.48,100656,145484,0.24339227990112536,0
2023-07-28 10:53:45,1317.95,278688,182,1321.48,100656,145484,0.24339227990112536,0
2023-07-28 10:53:48,1317.95,278870,182,1321.48,100011,146077,0.24339227990112536,0
2023-07-28 10:53:48,1317.8,278870,5,1321.48,100011,146077,0.23198326678075334,0
2023-07-28 10:53:49,1317.8,278875,5,1321.48,100202,146024,0.23198326678075334,0
2023-07-28 10:53:49,1317.8,278875,5,1321.48,100140,146061,0.23198326678075334,0
2023-07-28 10:53:49,1317.8,278875,5,1321.48,100148,146137,0.23198326678075334,0
2023-07-28 10:53:53,1317.7,278880,5,1321.48,100120,146153,0.2243772580338502,0
2023-07-28 10:53:53,1317.7,278880,5,1321.48,99966,146234,0.2243772580338502,0
2023-07-28 10:53:53,1317.7,278880,5,1321.48,100152,146053,0.2243772580338502,0
2023-07-28 10:53:53,1317.95,278880,50,1321.48,100113,146053,0.24339227990112536,0
2023-07-28 10:53:56,1317.95,278930,50,1321.48,100170,146054,0.24339227990112536,0
2023-07-28 10:53:56,1317.95,278930,50,1321.48,100174,146050,0.24339227990112536,0
2023-07-28 10:53:56,1317.45,278930,10,1321.48,100174,146050,0.20536223616657506,0
2023-07-28 10:53:59,1317.45,279137,10,1321.48,98822,146296,0.20536223616657506,0
2023-07-28 10:53:59,1317.45,279137,10,1321.48,99812,146393,0.20536223616657506,0
2023-07-28 10:53:59,1317.45,279137,10,1321.48,99813,146362,0.20536223616657506,0
2023-07-28 10:53:59,1317.45,279137,10,1321.48,99717,146392,0.20536223616657506,0
2023-07-28 10:53:59,1317.45,279137,10,1321.48,99780,146392,0.20536223616657506,0
2023-07-28 10:53:59,1317.45,279137,10,1321.48,99598,146174,0.20536223616657506,0
2023-07-28 10:54:05,1317.35,279162,24,1321.48,99517,146235,0.19775622741965462,0
2023-07-28 10:54:05,1317.35,279162,24,1321.48,99547,146173,0.19775622741965462,0
2023-07-28 10:54:05,1317.35,279162,24,1321.48,99481,146185,0.19775622741965462,0
2023-07-28 10:54:05,1317.35,279162,24,1321.48,99489,146173,0.19775622741965462,0
2023-07-28 10:54:05,1317.35,279162,24,1321.48,99325,146292,0.19775622741965462,0
2023-07-28 10:54:05,1317.35,279162,24,1321.48,99426,146173,0.19775622741965462,0
2023-07-28 10:54:05,1317.35,279162,24,1321.48,99098,145927,0.19775622741965462,0
2023-07-28 10:54:05,1317.35,279162,24,1321.48,99631,145810,0.19775622741965462,0
2023-07-28 10:54:05,1317.35,279162,24,1321.48,99018,146139,0.19775622741965462,0
2023-07-28 10:54:05,1317.35,279162,24,1321.48,99265,146485,0.19775622741965462,0
2023-07-28 10:54:05,1317.35,279162,24,1321.48,99251,146493,0.19775622741965462,0
2023-07-28 10:54:05,1317.35,279162,24,1321.48,99310,146147,0.19775622741965462,0
2023-07-28 10:54:05,1317.35,279162,24,1321.48,99284,146243,0.19775622741965462,0
2023-07-28 10:54:18,1317.0,279430,27,1321.47,98632,144488,0.17113519680547631,0
2023-07-28 10:54:18,1317.0,279430,27,1321.47,98628,146049,0.17113519680547631,0
2023-07-28 10:54:18,1317.0,279430,27,1321.47,98773,146081,0.17113519680547631,0
2023-07-28 10:54:18,1317.0,279430,27,1321.47,98725,146191,0.17113519680547631,0
2023-07-28 10:54:18,1317.0,279430,27,1321.47,98766,146168,0.17113519680547631,0
2023-07-28 10:54:18,1317.0,279430,27,1321.47,98830,146298,0.17113519680547631,0
2023-07-28 10:54:18,1317.0,279430,27,1321.47,98888,146222,0.17113519680547631,0
2023-07-28 10:54:18,1317.0,279430,27,1321.47,98874,146222,0.17113519680547631,0
2023-07-28 10:54:18,1317.0,279430,27,1321.47,98802,146184,0.17113519680547631,0
2023-07-28 10:54:18,1317.0,279430,27,1321.47,98802,146201,0.17113519680547631,0
2023-07-28 10:54:18,1317.0,279430,27,1321.47,98802,146201,0.17113519680547631,0
2023-07-28 10:54:18,1317.0,279430,27,1321.47,98750,146233,0.17113519680547631,0
2023-07-28 10:54:18,1317.0,279430,27,1321.47,98796,146195,0.17113519680547631,0
2023-07-28 10:54:18,1317.0,279430,6,1321.47,98796,146195,0.17113519680547631,0
2023-07-28 10:54:34,1317.0,279436,6,1321.47,98795,146293,0.17113519680547631,0
2023-07-28 10:54:34,1317.0,279436,6,1321.47,98795,146293,0.17113519680547631,0
2023-07-28 10:54:34,1317.0,279436,6,1321.47,98795,146324,0.17113519680547631,0
2023-07-28 10:54:40,1317.0,279453,17,1321.47,98788,146594,0.17113519680547631,0
2023-07-28 10:54:40,1317.0,279453,17,1321.47,98845,146638,0.17113519680547631,0
2023-07-28 10:54:40,1317.0,279453,17,1321.47,98824,146640,0.17113519680547631,0
2023-07-28 10:54:40,1317.0,279453,17,1321.47,98802,146779,0.17113519680547631,0
2023-07-28 10:54:45,1317.0,279698,5,1321.47,98607,147046,0.17113519680547631,0
2023-07-28 10:54:45,1316.6,279698,2,1321.47,98684,147109,0.14071116181782917,0
2023-07-28 10:54:46,1316.6,279709,2,1321.47,98545,147045,0.14071116181782917,0
2023-07-28 10:54:46,1316.6,279709,2,1321.47,98571,147342,0.14071116181782917,0
2023-07-28 10:54:46,1316.6,279709,2,1321.47,98571,147405,0.14071116181782917,0
2023-07-28 10:54:46,1316.6,279709,1,1321.47,98571,147405,0.14071116181782917,0
2023-07-28 10:54:50,1316.6,279710,1,1321.47,98436,148160,0.14071116181782917,0
2023-07-28 10:54:50,1316.6,279710,1,1321.47,98407,148182,0.14071116181782917,0
2023-07-28 10:54:50,1317.0,279710,5,1321.47,98407,148182,0.17113519680547631,0
2023-07-28 10:54:53,1317.0,279715,5,1321.47,98387,147841,0.17113519680547631,0
2023-07-28 10:54:53,1317.0,279715,5,1321.47,98211,147634,0.17113519680547631,0
2023-07-28 10:54:53,1317.0,279715,5,1321.47,98168,147686,0.17113519680547631,0
2023-07-28 10:54:53,1317.0,279715,5,1321.47,98186,147714,0.17113519680547631,0
2023-07-28 10:54:53,1317.0,279715,5,1321.47,97916,147742,0.17113519680547631,0
2023-07-28 10:54:53,1317.0,279715,5,1321.47,97916,148293,0.17113519680547631,0
2023-07-28 10:54:53,1316.65,279715,10,1321.47,97916,148293,0.14451416619129803,0
2023-07-28 10:54:59,1316.65,280039,10,1321.46,97808,148164,0.14451416619129803,0
2023-07-28 10:54:59,1316.65,280039,10,1321.46,97678,148168,0.14451416619129803,0
2023-07-28 10:54:59,1316.6,280039,4,1321.46,97669,148473,0.14071116181782917,0
2023-07-28 10:55:02,1316.6,280049,4,1321.46,97676,148598,0.14071116181782917,0
2023-07-28 10:55:02,1316.6,280049,4,1321.46,97676,148790,0.14071116181782917,0
2023-07-28 10:55:02,1316.6,280049,4,1321.46,97675,148784,0.14071116181782917,0
2023-07-28 10:55:02,1316.6,280049,4,1321.46,97670,149103,0.14071116181782917,0
2023-07-28 10:55:02,1316.6,280049,4,1321.46,97660,149094,0.14071116181782917,0
2023-07-28 10:55:02,1316.6,280049,4,1321.46,97675,149103,0.14071116181782917,0
2023-07-28 10:55:09,1316.9,280050,1,1321.46,97675,149102,0.1635291880585732,0
2023-07-28 10:55:09,1316.9,280050,1,1321.46,97713,149065,0.1635291880585732,0
2023-07-28 10:55:09,1316.9,280050,1,1321.46,97713,149065,0.1635291880585732,0
2023-07-28 10:55:09,1316.9,280050,1,1321.46,97713,149065,0.1635291880585732,0
2023-07-28 10:55:09,1316.9,280050,1,1321.46,97677,149065,0.1635291880585732,0
2023-07-28 10:55:09,1316.9,280050,1,1321.46,97662,149058,0.1635291880585732,0
2023-07-28 10:55:09,1316.9,280050,1,1321.46,97672,149071,0.1635291880585732,0
2023-07-28 10:55:09,1316.9,280050,1,1321.46,97663,149042,0.1635291880585732,0
2023-07-28 10:55:09,1316.9,280050,1,1321.46,98449,148711,0.1635291880585732,0
2023-07-28 10:55:09,1316.9,280050,1,1321.46,98493,148757,0.1635291880585732,0
2023-07-28 10:55:09,1316.9,280050,1,1321.46,98776,148672,0.1635291880585732,0
2023-07-28 10:55:09,1316.9,280050,1,1321.46,98604,149360,0.1635291880585732,0
2023-07-28 10:55:09,1316.9,280050,1,1321.46,98540,149360,0.1635291880585732,0
2023-07-28 10:55:09,1316.9,280050,1,1321.46,98540,149300,0.1635291880585732,0
2023-07-28 10:55:09,1316.5,280050,1,1321.46,98540,149300,0.13310515307092602,0
2023-07-28 10:55:24,1316.5,280106,1,1321.46,97818,149777,0.13310515307092602,0
2023-07-28 10:55:24,1316.4,280106,2,1321.46,97897,149928,0.1254991443240229,0
2023-07-28 10:55:26,1316.4,280108,2,1321.46,97878,149915,0.1254991443240229,0
2023-07-28 10:55:26,1316.4,280108,2,1321.46,97878,150016,0.1254991443240229,0
2023-07-28 10:55:26,1316.35,280108,5,1321.46,97878,150016,0.12169613995055402,0
2023-07-28 10:55:29,1316.35,280114,5,1321.46,97845,150025,0.12169613995055402,0
2023-07-28 10:55:29,1316.35,280114,5,1321.46,97891,150025,0.12169613995055402,0
2023-07-28 10:55:29,1316.35,280114,5,1321.46,97891,150025,0.12169613995055402,0
2023-07-28 10:55:29,1316.35,280114,5,1321.46,97991,150126,0.12169613995055402,0
2023-07-28 10:55:29,1316.35,280114,5,1321.46,97991,150227,0.12169613995055402,0
2023-07-28 10:55:29,1316.35,280114,1,1321.46,97996,150227,0.12169613995055402,0
2023-07-28 10:55:38,1316.35,280171,22,1321.46,98050,150174,0.12169613995055402,0
2023-07-28 10:55:38,1316.35,280171,22,1321.46,97786,150230,0.12169613995055402,0
2023-07-28 10:55:38,1316.35,280171,2,1321.46,97786,150230,0.12169613995055402,0
2023-07-28 10:55:40,1316.35,280173,2,1321.46,97987,150646,0.12169613995055402,0
2023-07-28 10:55:40,1316.35,280173,2,1321.46,98006,150174,0.12169613995055402,0
2023-07-28 10:55:40,1316.35,280173,2,1321.46,97987,150617,0.12169613995055402,0
2023-07-28 10:55:40,1316.35,280173,2,1321.46,98136,150599,0.12169613995055402,0
2023-07-28 10:55:40,1316.35,280173,2,1321.46,98007,150223,0.12169613995055402,0
2023-07-28 10:55:40,1316.35,280173,2,1321.46,98338,150172,0.12169613995055402,0
2023-07-28 10:55:47,1316.75,280174,1,1321.46,98233,150280,0.15212017493820118,0
2023-07-28 10:55:47,1316.75,280174,1,1321.46,98346,150281,0.15212017493820118,0
2023-07-28 10:55:47,1316.75,280174,1,1321.46,98346,150281,0.15212017493820118,0
2023-07-28 10:55:47,1316.75,280174,1,1321.46,98460,150282,0.15212017493820118,0
2023-07-28 10:55:47,1316.75,280174,1,1321.46,98459,150274,0.15212017493820118,0
2023-07-28 10:55:47,1316.35,280174,19,1321.46,98353,150269,0.12169613995055402,0
2023-07-28 10:55:53,1316.35,280193,19,1321.46,98435,150281,0.12169613995055402,0
2023-07-28 10:55:53,1316.35,280193,19,1321.46,98387,150246,0.12169613995055402,0
2023-07-28 10:55:53,1316.35,280193,19,1321.46,98390,150247,0.12169613995055402,0
2023-07-28 10:55:53,1316.35,280193,19,1321.46,98701,150247,0.12169613995055402,0
2023-07-28 10:55:53,1316.85,280193,18,1321.46,98701,150247,0.15972618368510433,0
2023-07-28 10:55:59,1316.85,280211,18,1321.46,98702,150154,0.15972618368510433,0
2023-07-28 10:55:59,1316.85,280211,18,1321.46,98677,150000,0.15972618368510433,0
2023-07-28 10:55:59,1316.35,280211,1,1321.46,98627,149990,0.12169613995055402,0
2023-07-28 10:56:02,1316.35,280212,1,1321.46,98671,150000,0.12169613995055402,0
2023-07-28 10:56:02,1316.35,280212,1,1321.46,98726,149990,0.12169613995055402,0
2023-07-28 10:56:02,1316.35,280212,1,1321.46,98762,150022,0.12169613995055402,0
2023-07-28 10:56:02,1316.35,280212,1,1321.46,98727,149977,0.12169613995055402,0
2023-07-28 10:56:02,1316.35,280212,1,1321.46,98653,150004,0.12169613995055402,0
2023-07-28 10:56:02,1316.35,280212,1,1321.46,98638,149904,0.12169613995055402,0
2023-07-28 10:56:02,1316.35,280212,1,1321.46,98641,149787,0.12169613995055402,0
2023-07-28 10:56:10,1316.35,280232,20,1321.46,98645,149801,0.12169613995055402,0
2023-07-28 10:56:10,1316.35,280232,20,1321.46,98742,149822,0.12169613995055402,0
2023-07-28 10:56:10,1316.35,280232,20,1321.46,98706,149895,0.12169613995055402,0
2023-07-28 10:56:10,1316.35,280232,20,1321.46,98611,149856,0.12169613995055402,0
2023-07-28 10:56:10,1316.35,280232,20,1321.46,98714,149856,0.12169613995055402,0
2023-07-28 10:56:10,1316.35,280232,20,1321.46,98771,149856,0.12169613995055402,0
2023-07-28 10:56:10,1316.75,280232,19,1321.46,99789,149475,0.15212017493820118,0
2023-07-28 10:56:18,1316.75,280252,19,1321.46,99618,149682,0.15212017493820118,0
2023-07-28 10:56:18,1316.75,280252,19,1321.46,99674,149625,0.15212017493820118,0
2023-07-28 10:56:21,1316.85,280282,30,1321.46,99674,149466,0.15972618368510433,0
2023-07-28 10:56:21,1316.85,280282,30,1321.46,99674,149466,0.15972618368510433,0
2023-07-28 10:56:21,1316.85,280282,30,1321.46,99674,149466,0.15972618368510433,0
2023-07-28 10:56:21,1316.85,280282,30,1321.46,99697,149600,0.15972618368510433,0
2023-07-28 10:56:21,1316.85,280282,30,1321.46,99697,149600,0.15972618368510433,0
2023-07-28 10:56:21,1316.85,280282,30,1321.46,99675,149604,0.15972618368510433,0
2023-07-28 10:56:21,1316.85,280282,30,1321.46,99671,149622,0.15972618368510433,0
2023-07-28 10:56:21,1316.85,280282,30,1321.46,99671,149622,0.15972618368510433,0
2023-07-28 10:56:21,1316.85,280282,30,1321.46,99817,149492,0.15972618368510433,0
2023-07-28 10:56:21,1316.85,280282,30,1321.46,99817,149492,0.15972618368510433,0
2023-07-28 10:56:21,1316.85,280282,30,1321.46,99836,149632,0.15972618368510433,0
2023-07-28 10:56:21,1316.85,280282,30,1321.46,99839,149508,0.15972618368510433,0
2023-07-28 10:56:21,1316.85,280282,30,1321.46,99755,149702,0.15972618368510433,0
2023-07-28 10:56:21,1316.85,280282,30,1321.46,99755,149646,0.15972618368510433,0
2023-07-28 10:56:21,1316.85,280282,30,1321.46,99780,149712,0.15972618368510433,0
2023-07-28 10:56:21,1316.85,280282,30,1321.46,99774,149704,0.15972618368510433,0
2023-07-28 10:56:21,1316.5,280282,6,1321.46,99774,149704,0.13310515307092602,0
2023-07-28 10:56:34,1316.5,280288,6,1321.46,99754,149640,0.13310515307092602,0
2023-07-28 10:56:34,1316.5,280288,6,1321.46,99718,149700,0.13310515307092602,0
2023-07-28 10:56:34,1316.5,280288,6,1321.46,99709,149700,0.13310515307092602,0
2023-07-28 10:56:34,1316.5,280288,6,1321.46,99688,149608,0.13310515307092602,0
2023-07-28 10:56:34,1316.5,280288,6,1321.46,99688,149608,0.13310515307092602,0
2023-07-28 10:56:38,1316.5,280306,6,1321.46,99113,149942,0.13310515307092602,0
2023-07-28 10:56:38,1316.5,280306,6,1321.46,99096,150240,0.13310515307092602,0
2023-07-28 10:56:41,1316.35,280308,2,1321.46,99094,150278,0.12169613995055402,0
2023-07-28 10:56:41,1316.35,280308,2,1321.46,99090,150291,0.12169613995055402,0
2023-07-28 10:56:41,1316.35,280308,2,1321.46,99090,150291,0.12169613995055402,0
2023-07-28 10:56:41,1316.35,280308,2,1321.46,99091,150244,0.12169613995055402,0
2023-07-28 10:56:41,1316.35,280308,2,1321.46,99091,150244,0.12169613995055402,0
2023-07-28 10:56:41,1316.35,280308,2,1321.46,99091,150244,0.12169613995055402,0
2023-07-28 10:56:41,1316.35,280308,2,1321.46,99048,150259,0.12169613995055402,0
2023-07-28 10:56:41,1317.0,280308,1,1321.46,99048,150259,0.17113519680547631,0
2023-07-28 10:56:48,1317.0,280508,1,1321.45,99174,150174,0.17113519680547631,0
2023-07-28 10:56:48,1317.0,280508,1,1321.45,99174,150189,0.17113519680547631,0
2023-07-28 10:56:48,1317.0,280508,1,1321.45,99032,149696,0.17113519680547631,0
2023-07-28 10:56:48,1317.0,280508,1,1321.45,99064,149694,0.17113519680547631,0
2023-07-28 10:56:52,1316.35,280806,12,1321.45,98156,149920,0.12169613995055402,0
2023-07-28 10:56:52,1316.35,280806,12,1321.45,98156,149920,0.12169613995055402,0
2023-07-28 10:56:52,1316.25,280806,4,1321.45,98357,149946,0.11409013120365089,0
2023-07-28 10:56:54,1316.35,280827,25,1321.45,98261,150025,0.12169613995055402,0
2023-07-28 10:56:55,1316.35,280852,25,1321.45,98258,149973,0.12169613995055402,0
2023-07-28 10:56:55,1316.35,280852,25,1321.45,98329,149993,0.12169613995055402,0
2023-07-28 10:56:55,1316.35,280852,25,1321.45,98231,149964,0.12169613995055402,0
2023-07-28 10:56:55,1316.35,280852,25,1321.45,98345,149993,0.12169613995055402,0
2023-07-28 10:56:55,1316.35,280852,25,1321.45,98216,149964,0.12169613995055402,0
2023-07-28 10:56:55,1316.35,280852,25,1321.45,98262,149964,0.12169613995055402,0
2023-07-28 10:56:55,1316.35,280852,25,1321.45,98214,149964,0.12169613995055402,0
2023-07-28 10:56:55,1316.35,280852,25,1321.45,98271,149902,0.12169613995055402,0
2023-07-28 10:56:55,1316.35,280852,25,1321.45,98280,149984,0.12169613995055402,0
2023-07-28 10:56:55,1316.35,280852,25,1321.45,98257,149912,0.12169613995055402,0
2023-07-28 10:56:55,1316.35,280852,25,1321.45,98302,149943,0.12169613995055402,0
2023-07-28 10:57:08,1316.25,280859,7,1321.45,98223,149939,0.11409013120365089,0
2023-07-28 10:57:08,1316.25,280859,7,1321.45,98273,149977,0.11409013120365089,0
2023-07-28 10:57:08,1316.35,280859,2,1321.45,98273,149977,0.12169613995055402,0
2023-07-28 10:57:10,1316.35,280861,2,1321.45,98130,149951,0.12169613995055402,0
2023-07-28 10:57:10,1316.35,280861,2,1321.45,98115,149987,0.12169613995055402,0
2023-07-28 10:57:10,1316.35,280861,10,1321.45,98106,150040,0.12169613995055402,0
2023-07-28 10:57:12,1316.35,280871,10,1321.45,98106,150068,0.12169613995055402,0
2023-07-28 10:57:12,1316.35,280871,10,1321.45,98106,150122,0.12169613995055402,0
2023-07-28 10:57:12,1316.35,280871,10,1321.45,98121,150079,0.12169613995055402,0
2023-07-28 10:57:12,1316.35,280871,10,1321.45,98112,150122,0.12169613995055402,0
2023-07-28 10:57:12,1316.35,280871,10,1321.45,97834,150005,0.12169613995055402,0
2023-07-28 10:57:12,1316.35,280871,10,1321.45,97780,149991,0.12169613995055402,0
2023-07-28 10:57:12,1316.35,280871,10,1321.45,97785,149999,0.12169613995055402,0
2023-07-28 10:57:12,1316.35,280871,10,1321.45,97785,149999,0.12169613995055402,0
2023-07-28 10:57:12,1316.35,280871,10,1321.45,97786,149991,0.12169613995055402,0
2023-07-28 10:57:12,1316.35,280871,10,1321.45,97786,149961,0.12169613995055402,0
2023-07-28 10:57:12,1316.15,280871,25,1321.45,97786,149961,0.10648412245674774,0
2023-07-28 10:57:27,1316.15,281032,25,1321.44,97723,149950,0.10648412245674774,0
2023-07-28 10:57:27,1316.15,281032,10,1321.44,97723,149950,0.10648412245674774,0
2023-07-28 10:57:28,1316.15,281042,10,1321.44,97724,149950,0.10648412245674774,0
2023-07-28 10:57:28,1316.15,281042,10,1321.44,97771,149920,0.10648412245674774,0
2023-07-28 10:57:28,1316.15,281042,10,1321.44,97788,149935,0.10648412245674774,0
2023-07-28 10:57:28,1316.15,281042,10,1321.44,97788,149927,0.10648412245674774,0
2023-07-28 10:57:28,1316.15,281042,10,1321.44,97781,149945,0.10648412245674774,0
2023-07-28 10:57:28,1316.15,281042,10,1321.44,97796,149919,0.10648412245674774,0
2023-07-28 10:57:28,1316.3,281042,10,1321.44,97896,149919,0.11789313557710246,0
2023-07-28 10:57:35,1316.05,281052,9,1321.44,97896,149913,0.09887811370982731,0
2023-07-28 10:57:39,1316.05,281123,6,1321.44,97836,149923,0.09887811370982731,0
2023-07-28 10:57:39,1316.05,281123,6,1321.44,97836,149923,0.09887811370982731,0
2023-07-28 10:57:41,1316.05,281248,88,1321.44,97620,149914,0.09887811370982731,0
2023-07-28 10:57:42,1316.05,281260,12,1321.44,97672,149890,0.09887811370982731,0
2023-07-28 10:57:43,1316.0,281261,1,1321.44,97693,149919,0.09507510933637574,0
2023-07-28 10:57:43,1316.0,281261,1,1321.44,97688,149908,0.09507510933637574,0
2023-07-28 10:57:43,1316.0,281261,17,1321.44,97688,149908,0.09507510933637574,0
2023-07-28 10:57:46,1316.0,281324,17,1321.44,97618,149939,0.09507510933637574,0
2023-07-28 10:57:46,1316.0,281324,17,1321.44,97694,149939,0.09507510933637574,0
2023-07-28 10:57:46,1315.15,281324,13,1321.44,97694,149939,0.030424034987647154,0
2023-07-28 10:57:48,1315.25,282645,2,1321.41,95946,150023,0.038030043734550295,0
2023-07-28 10:57:48,1315.05,282645,9,1321.41,95946,150023,0.022818026240726718,0
2023-07-28 10:57:49,1315.3,282675,31,1321.41,97051,150235,0.04183304810800186,0
2023-07-28 10:57:51,1315.3,282743,31,1321.41,97941,149845,0.04183304810800186,0
2023-07-28 10:57:53,1315.05,282758,13,1321.41,97882,149914,0.022818026240726718,0
2023-07-28 10:57:54,1315.05,282770,1,1321.41,97925,150075,0.022818026240726718,0
2023-07-28 10:57:54,1315.05,282770,1,1321.41,97925,150075,0.022818026240726718,0
2023-07-28 10:57:54,1315.05,282770,1,1321.41,98021,149990,0.022818026240726718,0
2023-07-28 10:57:54,1315.05,282770,1,1321.41,98123,150009,0.022818026240726718,0
2023-07-28 10:57:54,1315.05,282770,1,1321.41,98129,150340,0.022818026240726718,0
2023-07-28 10:57:54,1315.05,282770,1,1321.41,98074,150409,0.022818026240726718,0
2023-07-28 10:58:00,1315.05,282774,2,1321.41,98349,150132,0.022818026240726718,0
2023-07-28 10:58:00,1315.05,282774,2,1321.41,98349,150132,0.022818026240726718,0
2023-07-28 10:58:00,1315.05,282774,2,1321.41,98439,149881,0.022818026240726718,0
2023-07-28 10:58:00,1315.05,282774,4,1321.41,98439,149881,0.022818026240726718,0
2023-07-28 10:58:03,1315.05,283194,3,1321.4,98184,149713,0.022818026240726718,0
2023-07-28 10:58:03,1315.05,283194,3,1321.4,98302,149922,0.022818026240726718,0
2023-07-28 10:58:03,1315.05,283194,3,1321.4,98268,149922,0.022818026240726718,0
2023-07-28 10:58:05,1315.05,283195,1,1321.4,98318,150008,0.022818026240726718,0
2023-07-28 10:58:05,1315.05,283195,1,1321.4,98304,149934,0.022818026240726718,0
2023-07-28 10:58:08,1315.05,283204,7,1321.4,98283,149983,0.022818026240726718,0
2023-07-28 10:58:08,1315.05,283204,7,1321.4,98283,150063,0.022818026240726718,0
2023-07-28 10:58:08,1315.05,283204,10,1321.4,98283,150063,0.022818026240726718,0
2023-07-28 10:58:10,1315.05,283214,10,1321.4,98201,150057,0.022818026240726718,0
2023-07-28 10:58:10,1315.05,283214,1,1321.4,98201,150057,0.022818026240726718,0
2023-07-28 10:58:11,1315.05,283215,1,1321.4,98277,150035,0.022818026240726718,0
2023-07-28 10:58:11,1315.05,283215,1,1321.4,98277,150077,0.022818026240726718,0
2023-07-28 10:58:11,1315.05,283215,1,1321.4,98289,150075,0.022818026240726718,0
2023-07-28 10:58:11,1315.05,283215,1,1321.4,98289,150075,0.022818026240726718,0
2023-07-28 10:58:11,1315.05,283215,1,1321.4,98289,150045,0.022818026240726718,0
2023-07-28 10:58:11,1315.05,283215,1,1321.4,98348,150042,0.022818026240726718,0
2023-07-28 10:58:11,1315.05,283215,10,1321.4,98348,150042,0.022818026240726718,0
2023-07-28 10:58:17,1315.05,283225,10,1321.4,98329,150045,0.022818026240726718,0
2023-07-28 10:58:17,1315.05,283225,10,1321.4,98367,150044,0.022818026240726718,0
2023-07-28 10:58:17,1315.05,283225,10,1321.4,98790,150497,0.022818026240726718,0
2023-07-28 10:58:21,1315.0,283725,17,1321.39,97850,149505,0.019015021867275148,0
2023-07-28 10:58:21,1315.8,283725,8,1321.39,97850,149505,0.07986309184255216,0
2023-07-28 10:58:22,1315.8,283733,8,1321.39,98269,149460,0.07986309184255216,0
2023-07-28 10:58:22,1315.8,283733,8,1321.39,98268,149587,0.07986309184255216,0
2023-07-28 10:58:22,1315.8,283733,8,1321.39,98281,149635,0.07986309184255216,0
2023-07-28 10:58:22,1315.8,283733,8,1321.39,98299,149589,0.07986309184255216,0
2023-07-28 10:58:22,1315.8,283733,8,1321.39,98883,149417,0.07986309184255216,0
2023-07-28 10:58:22,1315.8,283733,8,1321.39,98977,149439,0.07986309184255216,0
2023-07-28 10:58:22,1315.8,283733,8,1321.39,98977,149364,0.07986309184255216,0
2023-07-28 10:58:29,1315.95,283736,1,1321.39,98968,149363,0.09127210496292416,0
2023-07-28 10:58:30,1315.05,283750,14,1321.39,98961,149288,0.022818026240726718,0
2023-07-28 10:58:30,1315.05,283750,14,1321.39,99119,149114,0.022818026240726718,0
2023-07-28 10:58:30,1315.05,283750,14,1321.39,99091,149401,0.022818026240726718,0
2023-07-28 10:58:30,1315.05,283750,14,1321.39,99363,149449,0.022818026240726718,0
2023-07-28 10:58:30,1315.05,283750,14,1321.39,99363,149449,0.022818026240726718,0
2023-07-28 10:58:36,1315.2,283751,23,1321.39,99338,149449,0.03422703936109872,0
2023-07-28 10:58:37,1315.2,283791,23,1321.39,99278,149508,0.03422703936109872,0
2023-07-28 10:58:37,1315.2,283791,4,1321.39,99278,149472,0.03422703936109872,0
2023-07-28 10:58:38,1315.2,283795,4,1321.39,99261,149522,0.03422703936109872,0
2023-07-28 10:58:38,1315.2,283795,4,1321.39,99261,149521,0.03422703936109872,0
2023-07-28 10:58:38,1316.0,283795,2,1321.39,99261,149521,0.09507510933637574,0
2023-07-28 10:58:41,1316.0,283797,2,1321.39,99261,149519,0.09507510933637574,0
2023-07-28 10:58:41,1316.0,283797,2,1321.39,99264,149519,0.09507510933637574,0
2023-07-28 10:58:41,1316.0,283797,2,1321.39,99465,149476,0.09507510933637574,0
2023-07-28 10:58:41,1316.0,283797,2,1321.39,99502,149424,0.09507510933637574,0
2023-07-28 10:58:41,1316.0,283797,2,1321.39,99502,149430,0.09507510933637574,0
2023-07-28 10:58:41,1316.0,283797,2,1321.39,99503,149431,0.09507510933637574,0
2023-07-28 10:58:47,1315.25,283807,10,1321.39,99503,149431,0.038030043734550295,0
2023-07-28 10:58:47,1315.25,283807,10,1321.39,99503,149444,0.038030043734550295,0
2023-07-28 10:58:47,1315.25,283807,10,1321.39,99516,149444,0.038030043734550295,0
2023-07-28 10:58:47,1315.25,283807,42,1321.39,99516,149444,0.038030043734550295,0
2023-07-28 10:58:50,1315.25,283856,42,1321.39,99407,149397,0.038030043734550295,0
2023-07-28 10:58:50,1315.25,283856,42,1321.39,99361,149585,0.038030043734550295,0
2023-07-28 10:58:50,1315.25,283856,30,1321.39,99361,149585,0.038030043734550295,0
2023-07-28 10:58:53,1316.0,283888,2,1321.39,99337,149698,0.09507510933637574,0
2023-07-28 10:58:53,1316.0,283888,2,1321.39,99095,149736,0.09507510933637574,0
2023-07-28 10:58:53,1316.0,283888,2,1321.39,99095,149698,0.09507510933637574,0
2023-07-28 10:58:53,1316.0,283888,2,1321.39,99095,149698,0.09507510933637574,0
2023-07-28 10:58:53,1315.25,283888,17,1321.39,99095,149698,0.038030043734550295,0
2023-07-28 10:58:57,1315.25,283905,17,1321.38,99093,149704,0.038030043734550295,0
2023-07-28 10:58:57,1315.25,283905,17,1321.38,99093,149627,0.038030043734550295,0
2023-07-28 10:58:57,1315.25,283905,17,1321.38,99107,149588,0.038030043734550295,0
2023-07-28 10:58:57,1315.25,283905,17,1321.38,99108,149596,0.038030043734550295,0
2023-07-28 10:58:57,1315.25,283905,17,1321.38,99105,149709,0.038030043734550295,0
2023-07-28 10:58:57,1315.25,283905,17,1321.38,99136,149709,0.038030043734550295,0
2023-07-28 10:58:57,1315.25,283905,17,1321.38,99137,149709,0.038030043734550295,0
2023-07-28 10:58:57,1315.25,283905,17,1321.38,99137,149783,0.038030043734550295,0
2023-07-28 10:58:57,1315.25,283905,17,1321.38,99199,149620,0.038030043734550295,0
2023-07-28 10:58:57,1315.25,283905,17,1321.38,99166,149595,0.038030043734550295,0
2023-07-28 10:58:57,1316.0,283905,50,1321.38,99166,149595,0.09507510933637574,0
2023-07-28 10:59:15,1316.0,283955,50,1321.38,98974,149986,0.09507510933637574,0
2023-07-28 10:59:15,1316.0,283955,50,1321.38,99367,149905,0.09507510933637574,0
2023-07-28 10:59:15,1315.35,283955,2,1321.38,99367,149905,0.045636052481453436,0
2023-07-28 10:59:15,1315.35,283955,2,1321.38,99367,149905,0.045636052481453436,0
2023-07-28 10:59:15,1315.35,283955,2,1321.38,99367,149905,0.045636052481453436,0
2023-07-28 10:59:15,1315.35,283955,2,1321.38,99367,149905,0.045636052481453436,0
2023-07-28 10:59:15,1315.15,283955,7,1321.38,99367,149905,0.030424034987647154,0
2023-07-28 10:59:24,1315.15,284057,7,1321.38,99364,149876,0.030424034987647154,0
2023-07-28 10:59:24,1316.0,284057,1,1321.38,99364,149876,0.09507510933637574,0
2023-07-28 10:59:24,1316.0,284057,1,1321.38,99364,149876,0.09507510933637574,0
2023-07-28 10:59:24,1315.15,284057,3,1321.38,99364,149876,0.030424034987647154,0
2023-07-28 10:59:27,1315.15,284061,3,1321.38,99466,149965,0.030424034987647154,0
2023-07-28 10:59:27,1316.0,284061,25,1321.38,99466,149965,0.09507510933637574,0
2023-07-28 10:59:30,1316.0,284086,25,1321.38,99459,149969,0.09507510933637574,0
2023-07-28 10:59:30,1316.0,284086,10,1321.38,99459,149969,0.09507510933637574,0
2023-07-28 10:59:30,1315.15,284086,58,1321.38,99459,149969,0.030424034987647154,0
2023-07-28 10:59:30,1315.25,284086,16,1321.38,99459,149969,0.038030043734550295,0
2023-07-28 10:59:30,1315.2,284086,1,1321.38,99459,149969,0.03422703936109872,0
2023-07-28 10:59:39,1315.2,284272,1,1321.38,99481,150086,0.03422703936109872,0
2023-07-28 10:59:39,1315.2,284272,5,1321.38,99481,150086,0.03422703936109872,0
2023-07-28 10:59:39,1315.2,284272,6,1321.38,99481,150086,0.03422703936109872,0
2023-07-28 10:59:44,1315.2,284283,6,1321.38,98007,150181,0.03422703936109872,0
2023-07-28 10:59:44,1315.2,284283,6,1321.38,99511,150094,0.03422703936109872,0
2023-07-28 10:59:44,1315.2,284283,6,1321.38,99493,150094,0.03422703936109872,0
2023-07-28 10:59:44,1315.2,284283,8,1321.38,99493,150094,0.03422703936109872,0
2023-07-28 10:59:44,1316.0,284283,15,1321.38,99493,150094,0.09507510933637574,0
2023-07-28 10:59:56,1316.0,284316,15,1321.38,99210,150089,0.09507510933637574,0
2023-07-28 10:59:56,1316.0,284316,15,1321.38,99287,150158,0.09507510933637574,0
2023-07-28 10:59:56,1316.0,284316,10,1321.38,99287,150158,0.09507510933637574,0
2023-07-28 10:59:56,1315.2,284316,1,1321.38,99287,150158,0.03422703936109872,0
2023-07-28 11:00:03,1316.0,284327,1,1321.38,99296,150148,0.09507510933637574,0
2023-07-28 11:00:03,1315.2,284327,10,1321.38,99296,150148,0.03422703936109872,0
2023-07-28 11:00:07,1315.2,284358,10,1321.38,99423,150232,0.03422703936109872,0
2023-07-28 11:00:07,1316.0,284358,5,1321.38,99423,150232,0.09507510933637574,0
2023-07-28 11:00:13,1316.95,285752,1,1321.35,100137,148413,0.16733219243202477,0
2023-07-28 11:00:14,1316.95,285822,2,1321.35,100365,148428,0.16733219243202477,0
2023-07-28 11:00:18,1316.95,285825,2,1321.35,100562,148323,0.16733219243202477,0
2023-07-28 11:00:18,1316.95,285825,2,1321.35,101104,148087,0.16733219243202477,0
2023-07-28 11:00:18,1317.2,285825,5,1321.35,101308,148213,0.1863472142992999,0
2023-07-28 11:00:18,1316.7,285825,18,1321.35,101308,148213,0.1483171705647496,0
2023-07-28 11:00:18,1316.7,285825,6,1321.35,101308,148213,0.1483171705647496,0
2023-07-28 11:00:18,1317.2,285825,2,1321.35,101308,148213,0.1863472142992999,0
2023-07-28 11:00:38,1316.6,285862,6,1321.35,101162,148039,0.14071116181782917,0
2023-07-28 11:00:38,1316.6,285862,6,1321.35,101303,147975,0.14071116181782917,0
2023-07-28 11:00:38,1316.6,285862,6,1321.35,101294,147966,0.14071116181782917,0
2023-07-28 11:00:38,1316.6,285862,6,1321.35,100801,147964,0.14071116181782917,0
2023-07-28 11:00:38,1316.6,285862,6,1321.35,100742,148164,0.14071116181782917,0
2023-07-28 11:00:38,1317.35,285862,34,1321.35,100742,148164,0.19775622741965462,0
2023-07-28 11:00:38,1317.55,285862,1,1321.35,100742,148164,0.21296824491347818,0
2023-07-28 11:00:58,1317.55,286157,1,1321.34,101229,147732,0.21296824491347818,0
2023-07-28 11:00:58,1316.7,286157,10,1321.34,101229,147732,0.1483171705647496,0
2023-07-28 11:00:58,1316.7,286157,6,1321.34,101229,147732,0.1483171705647496,0
2023-07-28 11:01:00,1316.7,286173,6,1321.34,101011,148056,0.1483171705647496,0
2023-07-28 11:01:00,1316.7,286173,6,1321.34,100903,147897,0.1483171705647496,0
2023-07-28 11:01:00,1316.7,286173,6,1321.34,101004,147982,0.1483171705647496,0
2023-07-28 11:01:00,1316.7,286173,6,1321.34,101007,147990,0.1483171705647496,0
2023-07-28 11:01:00,1316.7,286173,6,1321.34,100993,147992,0.1483171705647496,0
2023-07-28 11:01:00,1316.7,286173,6,1321.34,101011,147992,0.1483171705647496,0
2023-07-28 11:01:00,1316.7,286173,6,1321.34,101032,147951,0.1483171705647496,0
2023-07-28 11:01:00,1316.7,286173,6,1321.34,101023,147956,0.1483171705647496,0
2023-07-28 11:01:00,1316.7,286173,6,1321.34,100931,147948,0.1483171705647496,0
2023-07-28 11:01:00,1316.7,286173,6,1321.34,100416,147948,0.1483171705647496,0
2023-07-28 11:01:00,1316.7,286173,6,1321.34,100376,148006,0.1483171705647496,0
2023-07-28 11:01:00,1316.7,286173,6,1321.34,100376,148006,0.1483171705647496,0
2023-07-28 11:01:00,1316.7,286173,6,1321.34,100415,148006,0.1483171705647496,0
2023-07-28 11:01:00,1316.7,286173,6,1321.34,100453,148006,0.1483171705647496,0
2023-07-28 11:01:00,1316.7,286173,6,1321.34,100408,148014,0.1483171705647496,0
2023-07-28 11:01:00,1316.7,286173,6,1321.34,100424,148009,0.1483171705647496,0
2023-07-28 11:01:00,1316.7,286173,6,1321.34,100436,147956,0.1483171705647496,0
2023-07-28 11:01:00,1316.7,286173,6,1321.34,100545,147956,0.1483171705647496,0
2023-07-28 11:01:00,1316.7,286173,6,1321.34,100546,147956,0.1483171705647496,0
2023-07-28 11:01:00,1316.7,286173,6,1321.34,100546,147916,0.1483171705647496,0
2023-07-28 11:01:00,1316.7,286173,6,1321.34,100566,147916,0.1483171705647496,0
2023-07-28 11:01:00,1316.7,286173,6,1321.34,100666,147916,0.1483171705647496,0
2023-07-28 11:01:00,1317.1,286173,5,1321.34,100666,147916,0.17874120555237946,0
2023-07-28 11:01:27,1317.95,286178,3,1321.34,100715,147751,0.24339227990112536,0
2023-07-28 11:01:28,1317.95,286241,3,1321.34,100932,146531,0.24339227990112536,0
2023-07-28 11:01:29,1317.95,286244,3,1321.34,100974,146528,0.24339227990112536,0
2023-07-28 11:01:29,1317.95,286244,3,1321.34,100907,146573,0.24339227990112536,0
2023-07-28 11:01:29,1317.95,286244,3,1321.34,100950,146733,0.24339227990112536,0
2023-07-28 11:01:29,1317.95,286244,3,1321.34,100950,146732,0.24339227990112536,0
2023-07-28 11:01:29,1317.95,286244,3,1321.34,100802,146732,0.24339227990112536,0
2023-07-28 11:01:29,1317.95,286244,3,1321.34,100876,146675,0.24339227990112536,0
2023-07-28 11:01:29,1317.95,286244,3,1321.34,100876,146621,0.24339227990112536,0
2023-07-28 11:01:29,1317.95,286244,3,1321.34,100784,146614,0.24339227990112536,0
2023-07-28 11:01:29,1317.95,286244,3,1321.34,100825,146622,0.24339227990112536,0
2023-07-28 11:01:29,1317.95,286244,3,1321.34,100738,146622,0.24339227990112536,0
2023-07-28 11:01:29,1317.95,286244,3,1321.34,100792,146622,0.24339227990112536,0
2023-07-28 11:01:29,1317.95,286244,3,1321.34,100855,146622,0.24339227990112536,0
2023-07-28 11:01:29,1318.0,286244,19,1321.34,100855,146622,0.2471952842745769,0
2023-07-28 11:01:43,1318.7,286804,6,1321.34,101269,146381,0.3004373455029508,0
2023-07-28 11:01:44,1318.75,286832,2,1321.34,101217,146258,0.30424034987640236,0
2023-07-28 11:01:45,1318.75,286877,19,1321.34,101120,146202,0.30424034987640236,0
2023-07-28 11:01:46,1318.75,286879,2,1321.34,100893,146267,0.30424034987640236,0
2023-07-28 11:01:46,1318.75,286879,2,1321.34,100872,146181,0.30424034987640236,0
2023-07-28 11:01:46,1318.8,286879,14,1321.34,100872,146181,0.3080433542498539,0
2023-07-28 11:01:48,1318.8,287001,6,1321.33,100848,146198,0.3080433542498539,0
2023-07-28 11:01:49,1318.85,287007,1,1321.33,100757,146651,0.3118463586233055,0
2023-07-28 11:01:50,1318.85,287008,1,1321.33,100719,146569,0.3118463586233055,0
2023-07-28 11:01:50,1317.95,287008,1,1321.33,100719,146649,0.24339227990112536,0
2023-07-28 11:01:52,1317.95,287009,1,1321.33,100728,146690,0.24339227990112536,0
2023-07-28 11:01:52,1317.95,287009,1,1321.33,100704,146693,0.24339227990112536,0
2023-07-28 11:01:52,1317.95,287009,1,1321.33,100704,146693,0.24339227990112536,0
2023-07-28 11:01:52,1317.95,287009,1,1321.33,100702,147235,0.24339227990112536,0
2023-07-28 11:01:52,1317.95,287009,1,1321.33,100609,147356,0.24339227990112536,0
2023-07-28 11:01:52,1318.8,287009,16,1321.33,100701,147218,0.3080433542498539,0
2023-07-28 11:01:59,1318.85,287063,2,1321.33,101053,147043,0.3118463586233055,0
2023-07-28 11:02:00,1318.85,287065,2,1321.33,101044,147127,0.3118463586233055,0
2023-07-28 11:02:02,1318.85,287095,22,1321.33,101044,147121,0.3118463586233055,0
2023-07-28 11:02:02,1318.85,287095,2,1321.33,101044,147121,0.3118463586233055,0
2023-07-28 11:02:02,1318.85,287097,2,1321.33,100935,147138,0.3118463586233055,0
2023-07-28 11:02:02,1318.85,287097,2,1321.33,100942,147159,0.3118463586233055,0
2023-07-28 11:02:04,1318.9,287153,5,1321.33,100960,146903,0.3156493629967744,0
2023-07-28 11:02:04,1318.95,287153,2,1321.33,100960,146903,0.3194523673702259,0
2023-07-28 11:02:04,1318.95,287156,2,1321.33,100898,146903,0.3194523673702259,0
2023-07-28 11:02:07,1318.2,287158,2,1321.33,100832,146903,0.2624073017684005,0
2023-07-28 11:02:07,1318.2,287158,2,1321.33,100874,146903,0.2624073017684005,0
2023-07-28 11:02:07,1318.2,287158,1,1321.33,100874,146903,0.2624073017684005,0
2023-07-28 11:02:09,1318.2,287202,1,1321.33,100874,146903,0.2624073017684005,0
2023-07-28 11:02:09,1318.2,287202,1,1321.33,100934,146944,0.2624073017684005,0
2023-07-28 11:02:11,1318.2,287203,1,1321.33,100933,146911,0.2624073017684005,0
2023-07-28 11:02:11,1318.2,287203,1,1321.33,100964,146911,0.2624073017684005,0
2023-07-28 11:02:11,1318.2,287203,1,1321.33,100964,146822,0.2624073017684005,0
2023-07-28 11:02:14,1318.95,287218,15,1321.33,100964,146778,0.3194523673702259,0
2023-07-28 11:02:14,1318.95,287218,15,1321.33,100956,146763,0.3194523673702259,0
2023-07-28 11:02:14,1318.95,287218,10,1321.33,100956,146763,0.3194523673702259,0
2023-07-28 11:02:16,1318.95,287228,10,1321.33,100973,146753,0.3194523673702259,0
2023-07-28 11:02:16,1318.95,287228,10,1321.33,101011,146753,0.3194523673702259,0
2023-07-28 11:02:16,1318.95,287228,10,1321.33,101018,146768,0.3194523673702259,0
2023-07-28 11:02:16,1318.95,287228,10,1321.33,101018,146758,0.3194523673702259,0
2023-07-28 11:02:16,1318.95,287228,10,1321.33,101018,146758,0.3194523673702259,0
2023-07-28 11:02:16,1318.95,287228,10,1321.33,101018,146758,0.3194523673702259,0
2023-07-28 11:02:16,1318.95,287228,10,1321.33,101018,146758,0.3194523673702259,0
2023-07-28 11:02:16,1318.95,287228,10,1321.33,101020,146717,0.3194523673702259,0
2023-07-28 11:02:16,1318.95,287228,10,1321.33,101020,146717,0.3194523673702259,0
2023-07-28 11:02:16,1318.95,287228,10,1321.33,101020,146717,0.3194523673702259,0
2023-07-28 11:02:26,1318.4,287290,3,1321.33,102293,144363,0.27761931926222405,0
2023-07-28 11:02:26,1319.35,287293,1,1321.33,102063,144232,0.3498764023578558,0
2023-07-28 11:02:27,1319.35,287295,1,1321.33,102500,144300,0.3498764023578558,0
2023-07-28 11:02:28,1319.35,287298,3,1321.33,99754,144484,0.3498764023578558,0
2023-07-28 11:02:28,1319.35,287298,3,1321.33,102008,144495,0.3498764023578558,0
2023-07-28 11:02:28,1319.35,287298,3,1321.33,102409,144317,0.3498764023578558,0
2023-07-28 11:02:28,1319.35,287298,3,1321.33,102150,144395,0.3498764023578558,0
2023-07-28 11:02:33,1319.9,287319,1,1321.33,103483,144523,0.39170945046587496,0
2023-07-28 11:02:34,1319.9,287321,1,1321.33,103547,144324,0.39170945046587496,0
2023-07-28 11:02:34,1319.9,287321,1,1321.33,103633,144449,0.39170945046587496,0
2023-07-28 11:02:34,1319.9,287321,1,1321.33,103568,144528,0.39170945046587496,0
2023-07-28 11:02:34,1319.9,287321,1,1321.33,103518,144534,0.39170945046587496,0
2023-07-28 11:02:34,1319.95,287321,2,1321.33,103518,144534,0.3955124548393265,0
2023-07-28 11:02:39,1319.95,287328,2,1321.33,103594,144650,0.3955124548393265,0
2023-07-28 11:02:40,1320.0,287393,3,1321.33,103595,144701,0.3993154592127781,0
2023-07-28 11:02:40,1320.0,287393,3,1321.33,103595,144701,0.3993154592127781,0
2023-07-28 11:02:40,1320.0,287393,3,1321.33,103587,144573,0.3993154592127781,0
2023-07-28 11:02:43,1320.0,287437,2,1321.33,103641,144655,0.3993154592127781,0
2023-07-28 11:02:45,1320.35,287589,1,1321.33,103897,144454,0.42593648982695637,0
2023-07-28 11:02:45,1320.55,287597,8,1321.33,104208,144267,0.44114850732078,0
2023-07-28 11:02:45,1320.55,287597,8,1321.33,104235,144259,0.44114850732078,0
2023-07-28 11:02:48,1320.0,287800,3,1321.33,103915,144295,0.3993154592127781,0
2023-07-28 11:02:49,1320.0,288014,200,1321.33,103918,143804,0.3993154592127781,0
2023-07-28 11:02:50,1320.1,288260,42,1321.33,103863,144074,0.40692146795968126,0
2023-07-28 11:02:50,1320.8,288260,22,1321.33,103863,144074,0.4601635291880551,0
2023-07-28 11:02:50,1320.8,288282,22,1321.33,103886,144064,0.4601635291880551,0
2023-07-28 11:02:50,1320.8,288282,1,1321.33,103886,144064,0.4601635291880551,0
2023-07-28 11:02:52,1320.0,288483,86,1321.33,103744,144060,0.3993154592127781,0
2023-07-28 11:02:53,1320.0,288683,154,1321.33,103636,144061,0.3993154592127781,0
2023-07-28 11:02:53,1320.8,288683,13,1321.33,103636,144061,0.4601635291880551,0
2023-07-28 11:02:53,1320.8,288696,13,1321.33,103618,143923,0.4601635291880551,0
2023-07-28 11:02:53,1320.8,288696,10,1321.33,103618,143923,0.4601635291880551,0
2023-07-28 11:02:54,1320.8,288707,10,1321.33,103594,143912,0.4601635291880551,0
2023-07-28 11:02:56,1320.8,288761,4,1321.33,103818,143858,0.4601635291880551,0
2023-07-28 11:02:57,1320.0,288765,18,1321.33,103127,144186,0.3993154592127781,0
2023-07-28 11:02:58,1320.0,289005,18,1321.32,102638,144247,0.3993154592127781,0
2023-07-28 11:02:59,1320.0,289030,7,1321.32,102647,144147,0.3993154592127781,0
2023-07-28 11:02:59,1320.6,289030,3,1321.32,102549,144180,0.4449515116942315,0
2023-07-28 11:03:01,1320.6,289070,3,1321.32,102708,144140,0.4449515116942315,0
2023-07-28 11:03:01,1320.6,289070,3,1321.32,102714,144099,0.4449515116942315,0
2023-07-28 11:03:01,1320.6,289070,3,1321.32,102696,144138,0.4449515116942315,0
2023-07-28 11:03:01,1320.0,289070,6,1321.32,102696,144138,0.3993154592127781,0
2023-07-28 11:03:04,1320.0,289076,6,1321.32,102826,144137,0.3993154592127781,0
2023-07-28 11:03:04,1320.0,289076,6,1321.32,102788,144137,0.3993154592127781,0
2023-07-28 11:03:07,1320.0,289083,6,1321.32,102816,143888,0.3993154592127781,0
2023-07-28 11:03:07,1320.0,289083,6,1321.32,102789,143983,0.3993154592127781,0
2023-07-28 11:03:07,1320.0,289083,6,1321.32,103025,143899,0.3993154592127781,0
2023-07-28 11:03:07,1320.0,289083,6,1321.32,103058,143723,0.3993154592127781,0
2023-07-28 11:03:07,1320.0,289083,6,1321.32,103069,143816,0.3993154592127781,0
2023-07-28 11:03:12,1320.8,289108,25,1321.32,103160,143726,0.4601635291880551,0
2023-07-28 11:03:12,1320.8,289108,25,1321.32,103123,143792,0.4601635291880551,0
2023-07-28 11:03:12,1320.8,289108,25,1321.32,103200,143813,0.4601635291880551,0
2023-07-28 11:03:16,1320.8,289116,8,1321.32,103283,143874,0.4601635291880551,0
2023-07-28 11:03:16,1320.8,289116,8,1321.32,103225,143984,0.4601635291880551,0
2023-07-28 11:03:16,1320.8,289116,8,1321.32,103132,143961,0.4601635291880551,0
2023-07-28 11:03:19,1320.1,291688,33,1321.32,102766,144002,0.40692146795968126,0
2023-07-28 11:03:19,1320.1,291688,28,1321.32,102766,144002,0.40692146795968126,0
2023-07-28 11:03:20,1320.1,291716,28,1321.32,103332,144253,0.40692146795968126,0
2023-07-28 11:03:20,1320.15,291716,2,1321.32,103332,144253,0.4107244723331501,0
2023-07-28 11:03:21,1320.15,291718,2,1321.32,103668,143553,0.4107244723331501,0
2023-07-28 11:03:21,1320.15,291718,2,1321.32,103777,143485,0.4107244723331501,0
2023-07-28 11:03:23,1321.05,291719,1,1321.32,103503,143619,0.47917855105533025,0
2023-07-28 11:03:23,1321.05,291719,1,1321.32,103638,143413,0.47917855105533025,0
2023-07-28 11:03:23,1321.05,291719,1,1321.32,103192,143873,0.47917855105533025,0
2023-07-28 11:03:23,1321.05,291719,1,1321.32,103232,143731,0.47917855105533025,0
2023-07-28 11:03:23,1321.05,291719,1,1321.32,103240,143840,0.47917855105533025,0
2023-07-28 11:03:23,1321.05,291719,1,1321.32,103440,143773,0.47917855105533025,0
2023-07-28 11:03:23,1321.05,291719,1,1321.32,103496,143891,0.47917855105533025,0
2023-07-28 11:03:23,1321.05,291719,1,1321.32,103518,143799,0.47917855105533025,0
2023-07-28 11:03:23,1321.05,291719,1,1321.32,103485,143794,0.47917855105533025,0
2023-07-28 11:03:23,1321.05,291719,1,1321.32,103346,143953,0.47917855105533025,0
2023-07-28 11:03:23,1320.3,291719,11,1321.32,103346,143953,0.4221334854535048,0
2023-07-28 11:03:33,1320.3,291730,11,1321.32,103416,143975,0.4221334854535048,0
2023-07-28 11:03:33,1320.75,291730,12,1321.32,103543,143903,0.45636052481460354,0
2023-07-28 11:03:36,1320.75,291803,1,1321.32,103468,143992,0.45636052481460354,0
2023-07-28 11:03:36,1320.75,291803,1,1321.32,103552,143926,0.45636052481460354,0
2023-07-28 11:03:36,1320.75,291803,1,1321.32,103552,143926,0.45636052481460354,0
2023-07-28 11:03:36,1320.75,291803,1,1321.32,103468,143974,0.45636052481460354,0
2023-07-28 11:03:36,1320.75,291803,1,1321.32,103424,144042,0.45636052481460354,0
2023-07-28 11:03:36,1320.75,291803,1,1321.32,103424,144102,0.45636052481460354,0
2023-07-28 11:03:36,1320.25,291803,6,1321.32,103424,144102,0.4183304810800532,0
2023-07-28 11:03:43,1320.25,291809,6,1321.32,103435,144031,0.4183304810800532,0
2023-07-28 11:03:43,1320.25,291809,6,1321.32,103649,144031,0.4183304810800532,0
2023-07-28 11:03:43,1320.25,291809,6,1321.32,103649,144031,0.4183304810800532,0
2023-07-28 11:03:43,1320.25,291809,6,1321.32,103659,144031,0.4183304810800532,0
2023-07-28 11:03:43,1320.25,291809,6,1321.32,103659,144031,0.4183304810800532,0
2023-07-28 11:03:43,1320.25,291809,6,1321.32,103539,144116,0.4183304810800532,0
2023-07-28 11:03:43,1320.25,291809,6,1321.32,103519,144116,0.4183304810800532,0
2023-07-28 11:03:43,1320.25,291809,6,1321.32,103519,144116,0.4183304810800532,0
2023-07-28 11:03:43,1320.25,291809,6,1321.32,103509,144116,0.4183304810800532,0
2023-07-28 11:03:43,1320.25,291809,6,1321.32,103509,144166,0.4183304810800532,0
2023-07-28 11:03:43,1320.25,291809,6,1321.32,103543,144166,0.4183304810800532,0
2023-07-28 11:03:43,1320.75,291809,10,1321.32,103543,144166,0.45636052481460354,0
2023-07-28 11:03:55,1320.75,291819,65,1321.32,103562,144141,0.45636052481460354,0
2023-07-28 11:03:57,1320.75,291884,65,1321.32,103655,144054,0.45636052481460354,0
2023-07-28 11:03:58,1320.75,291895,11,1321.32,103655,144043,0.45636052481460354,0
2023-07-28 11:03:58,1320.75,291895,11,1321.32,103706,144043,0.45636052481460354,0
2023-07-28 11:03:58,1320.75,291895,11,1321.32,103671,144043,0.45636052481460354,0
2023-07-28 11:03:58,1320.75,291895,2,1321.32,103671,144043,0.45636052481460354,0
2023-07-28 11:04:02,1320.25,291897,20,1321.32,103671,144041,0.4183304810800532,0
2023-07-28 11:04:03,1320.25,291922,20,1321.32,103640,144036,0.4183304810800532,0
2023-07-28 11:04:03,1320.25,291922,20,1321.32,103640,144084,0.4183304810800532,0
2023-07-28 11:04:03,1320.25,291922,20,1321.32,103721,144130,0.4183304810800532,0
2023-07-28 11:04:03,1320.25,291922,20,1321.32,103765,144123,0.4183304810800532,0
2023-07-28 11:04:10,1320.3,291926,4,1321.32,103698,144252,0.4221334854535048,0
2023-07-28 11:04:10,1320.3,291926,4,1321.32,103698,144228,0.4221334854535048,0
2023-07-28 11:04:10,1320.3,291926,4,1321.32,103778,144135,0.4221334854535048,0
2023-07-28 11:04:10,1320.3,291926,4,1321.32,103725,144166,0.4221334854535048,0
2023-07-28 11:04:10,1320.3,291926,4,1321.32,103657,144209,0.4221334854535048,0
2023-07-28 11:04:10,1320.3,291926,4,1321.32,103657,144109,0.4221334854535048,0
2023-07-28 11:04:10,1320.3,291926,4,1321.32,103657,144109,0.4221334854535048,0
2023-07-28 11:04:10,1320.8,291926,57,1321.32,103657,144109,0.4601635291880551,0
2023-07-28 11:04:19,1320.8,291983,57,1321.32,103720,144021,0.4601635291880551,0
2023-07-28 11:04:19,1320.8,291983,57,1321.32,103720,144231,0.4601635291880551,0
2023-07-28 11:04:19,1320.8,291983,57,1321.32,103695,144269,0.4601635291880551,0
2023-07-28 11:04:19,1320.3,291983,1,1321.32,103787,144192,0.4221334854535048,0
2023-07-28 11:04:23,1320.3,291984,1,1321.32,103808,144238,0.4221334854535048,0
2023-07-28 11:04:23,1320.3,291984,1,1321.32,103808,144238,0.4221334854535048,0
2023-07-28 11:04:23,1320.3,291984,1,1321.32,103737,144304,0.4221334854535048,0
2023-07-28 11:04:23,1320.3,291984,1,1321.32,103777,144271,0.4221334854535048,0
2023-07-28 11:04:23,1320.3,291984,1,1321.32,103777,144271,0.4221334854535048,0
2023-07-28 11:04:23,1320.3,291984,1,1321.32,103855,144271,0.4221334854535048,0
2023-07-28 11:04:23,1320.3,291984,1,1321.32,103687,145483,0.4221334854535048,0
2023-07-28 11:04:23,1320.3,291984,1,1321.32,103687,145020,0.4221334854535048,0
2023-07-28 11:04:23,1320.3,291984,1,1321.32,103687,145081,0.4221334854535048,0
2023-07-28 11:04:23,1320.3,291984,1,1321.32,103687,145081,0.4221334854535048,0
2023-07-28 11:04:23,1320.8,291984,46,1321.32,103693,145082,0.4601635291880551,0
2023-07-28 11:04:34,1320.8,292030,46,1321.32,103685,145041,0.4601635291880551,0
2023-07-28 11:04:34,1320.3,292030,1,1321.32,103685,145041,0.4221334854535048,0
2023-07-28 11:04:37,1320.8,292180,50,1321.32,103608,145027,0.4601635291880551,0
2023-07-28 11:04:37,1320.8,292180,50,1321.32,103575,145027,0.4601635291880551,0
2023-07-28 11:04:39,1320.3,292185,5,1321.32,103584,145015,0.4221334854535048,0
2023-07-28 11:04:39,1320.05,292185,55,1321.32,103584,145015,0.40311846358622966,0
2023-07-28 11:04:41,1320.05,292560,55,1321.32,102000,146406,0.40311846358622966,0
2023-07-28 11:04:41,1320.0,292560,1,1321.32,102000,146406,0.3993154592127781,0
2023-07-28 11:04:42,1320.0,292573,1,1321.32,102125,146356,0.3993154592127781,0
2023-07-28 11:04:42,1320.0,292573,1,1321.32,102201,146319,0.3993154592127781,0
2023-07-28 11:04:42,1320.0,292573,1,1321.32,102216,146319,0.3993154592127781,0
2023-07-28 11:04:46,1320.0,292623,50,1321.32,102102,146332,0.3993154592127781,0
2023-07-28 11:04:46,1320.0,292623,50,1321.32,102150,146367,0.3993154592127781,0
2023-07-28 11:04:46,1320.0,292623,50,1321.32,102220,146330,0.3993154592127781,0
2023-07-28 11:04:46,1320.0,292623,6,1321.32,102220,146330,0.3993154592127781,0
2023-07-28 11:04:48,1320.0,292629,6,1321.32,102126,146196,0.3993154592127781,0
2023-07-28 11:04:50,1320.0,292631,2,1321.32,102188,146226,0.3993154592127781,0
2023-07-28 11:04:50,1320.0,292631,2,1321.32,102167,146226,0.3993154592127781,0
2023-07-28 11:04:50,1320.3,292631,100,1321.32,102177,146263,0.4221334854535048,0
2023-07-28 11:04:52,1320.3,292731,100,1321.32,102077,145825,0.4221334854535048,0
2023-07-28 11:04:52,1320.3,292731,100,1321.32,102076,145825,0.4221334854535048,0
2023-07-28 11:04:56,1320.0,292732,1,1321.32,102075,145824,0.3993154592127781,0
2023-07-28 11:04:56,1320.0,292732,1,1321.32,102035,145824,0.3993154592127781,0
2023-07-28 11:04:56,1320.0,292732,1,1321.32,102066,145677,0.3993154592127781,0
2023-07-28 11:04:56,1320.0,292732,1,1321.32,102099,145814,0.3993154592127781,0
2023-07-28 11:04:56,1320.0,292732,1,1321.32,102085,145814,0.3993154592127781,0
2023-07-28 11:04:56,1320.0,292732,1,1321.32,102085,145814,0.3993154592127781,0
2023-07-28 11:04:56,1320.0,292732,1,1321.32,102085,145844,0.3993154592127781,0
2023-07-28 11:04:56,1320.0,292732,1,1321.32,102092,146299,0.3993154592127781,0
2023-07-28 11:05:04,1320.0,292735,3,1321.32,102090,146366,0.3993154592127781,0
2023-07-28 11:05:04,1320.0,292735,5,1321.32,102090,146366,0.3993154592127781,0
2023-07-28 11:05:05,1320.0,292759,5,1321.32,101930,146955,0.3993154592127781,0
2023-07-28 11:05:05,1319.85,292759,4,1321.32,101930,146955,0.3879064460924061,0
2023-07-28 11:05:13,1319.85,292896,2,1321.32,101936,146949,0.3879064460924061,0
2023-07-28 11:05:13,1319.8,292896,5,1321.32,101736,146964,0.3841034417189545,0
2023-07-28 11:05:21,1320.0,292961,50,1321.31,101703,147089,0.3993154592127781,0
2023-07-28 11:05:21,1320.0,292961,50,1321.31,101703,147089,0.3993154592127781,0
2023-07-28 11:05:21,1320.0,292961,16,1321.31,101703,147089,0.3993154592127781,0
2023-07-28 11:05:21,1320.0,292961,16,1321.31,101703,147089,0.3993154592127781,0
2023-07-28 11:05:21,1320.0,292961,16,1321.31,101703,147089,0.3993154592127781,0
2023-07-28 11:05:21,1320.0,292961,16,1321.31,101703,147089,0.3993154592127781,0
2023-07-28 11:05:23,1320.0,292977,16,1321.31,101791,146581,0.3993154592127781,0
2023-07-28 11:05:23,1320.0,292977,16,1321.31,101791,146581,0.3993154592127781,0
2023-07-28 11:05:23,1320.0,292977,16,1321.31,101791,146581,0.3993154592127781,0
2023-07-28 11:05:23,1320.0,292977,30,1321.31,101791,146581,0.3993154592127781,0
2023-07-28 11:05:27,1320.0,293007,30,1321.31,101769,146593,0.3993154592127781,0
2023-07-28 11:05:27,1320.0,293007,30,1321.31,101753,146674,0.3993154592127781,0
2023-07-28 11:05:27,1320.0,293007,30,1321.31,101880,146641,0.3993154592127781,0
2023-07-28 11:05:27,1320.0,293007,2,1321.31,101880,146641,0.3993154592127781,0
2023-07-28 11:05:40,1320.0,293026,200,1321.31,102144,146750,0.3993154592127781,0
2023-07-28 11:05:40,1320.0,293026,10,1321.31,102144,146750,0.3993154592127781,0
2023-07-28 11:05:43,1320.0,293236,5,1321.31,102192,146491,0.3993154592127781,0
2023-07-28 11:05:46,1320.0,293241,5,1321.31,102165,146484,0.3993154592127781,0
2023-07-28 11:05:46,1320.0,293241,30,1321.31,102165,146484,0.3993154592127781,0
2023-07-28 11:05:46,1319.8,293241,2,1321.31,102165,146484,0.3841034417189545,0
2023-07-28 11:05:53,1319.8,293277,2,1321.31,102134,146465,0.3841034417189545,0
2023-07-28 11:05:53,1319.8,293277,2,1321.31,102134,146554,0.3841034417189545,0
2023-07-28 11:05:53,1319.8,293277,2,1321.31,102225,146475,0.3841034417189545,0
2023-07-28 11:05:53,1319.8,293277,1,1321.31,102225,146475,0.3841034417189545,0
2023-07-28 11:06:04,1319.8,293278,1,1321.31,102218,146523,0.3841034417189545,0
2023-07-28 11:06:04,1319.8,293278,11,1321.31,102218,146523,0.3841034417189545,0
2023-07-28 11:06:04,1319.8,293278,3,1321.31,102218,146523,0.3841034417189545,0
2023-07-28 11:06:09,1319.8,293301,3,1321.31,102225,146481,0.3841034417189545,0
2023-07-28 11:06:15,1319.8,293530,49,1321.31,102116,146253,0.3841034417189545,0
2023-07-28 11:06:15,1319.65,293530,7,1321.31,102116,146253,0.3726944285985998,0
2023-07-28 11:06:19,1319.65,293540,3,1321.31,102101,146369,0.3726944285985998,0
2023-07-28 11:06:19,1319.65,293540,2,1321.31,102101,146369,0.3726944285985998,0
2023-07-28 11:06:23,1319.65,293542,2,1321.31,102155,146319,0.3726944285985998,0
2023-07-28 11:06:23,1319.65,293542,2,1321.31,102149,146319,0.3726944285985998,0
2023-07-28 11:06:23,1319.65,293542,37,1321.31,102149,146319,0.3726944285985998,0
2023-07-28 11:06:23,1319.65,293542,34,1321.31,102149,146319,0.3726944285985998,0
2023-07-28 11:06:30,1319.6,293629,3,1321.31,102203,146744,0.36889142422513094,0
2023-07-28 11:06:30,1319.6,293629,15,1321.31,102203,146744,0.36889142422513094,0
2023-07-28 11:06:34,1319.6,293658,15,1321.31,101979,146359,0.36889142422513094,0
2023-07-28 11:06:34,1319.45,293658,2,1321.31,101979,146359,0.35748241110477624,0
2023-07-28 11:06:34,1319.3,293658,3,1321.31,101979,146359,0.34607339798440423,0
2023-07-28 11:06:39,1319.3,294031,3,1321.31,101858,146360,0.34607339798440423,0
2023-07-28 11:06:39,1319.3,294031,25,1321.31,101858,146360,0.34607339798440423,0
2023-07-28 11:06:41,1319.3,294056,25,1321.31,101577,146213,0.34607339798440423,0
2023-07-28 11:06:41,1319.3,294056,7,1321.31,101577,146213,0.34607339798440423,0
2023-07-28 11:06:45,1319.3,294063,7,1321.31,101570,146169,0.34607339798440423,0
2023-07-28 11:06:45,1319.3,294063,7,1321.31,101582,146134,0.34607339798440423,0
2023-07-28 11:06:45,1319.3,294063,6,1321.31,101582,146134,0.34607339798440423,0
2023-07-28 11:06:53,1319.3,294069,6,1321.31,101855,146379,0.34607339798440423,0
2023-07-28 11:06:53,1319.6,294069,3,1321.31,101756,146338,0.36889142422513094,0
2023-07-28 11:07:00,1319.6,294072,3,1321.31,101699,146168,0.36889142422513094,0
2023-07-28 11:07:00,1319.3,294072,6,1321.31,101699,146168,0.34607339798440423,0
2023-07-28 11:07:06,1319.3,294078,6,1321.31,101666,146388,0.34607339798440423,0
2023-07-28 11:07:06,1319.3,294078,6,1321.31,101411,146467,0.34607339798440423,0
2023-07-28 11:07:06,1319.3,294078,6,1321.31,101450,146398,0.34607339798440423,0
2023-07-28 11:07:06,1319.3,294078,6,1321.31,101450,146407,0.34607339798440423,0
2023-07-28 11:07:06,1319.3,294078,6,1321.31,101252,145073,0.34607339798440423,0
2023-07-28 11:07:06,1319.3,294078,6,1321.31,101233,146573,0.34607339798440423,0
2023-07-28 11:07:06,1319.3,294078,6,1321.31,101223,146572,0.34607339798440423,0
2023-07-28 11:07:06,1319.3,294078,6,1321.31,101261,146581,0.34607339798440423,0
2023-07-28 11:07:06,1319.3,294078,6,1321.31,101270,145021,0.34607339798440423,0
2023-07-28 11:07:06,1319.3,294078,6,1321.31,101273,144544,0.34607339798440423,0
2023-07-28 11:07:06,1319.3,294078,6,1321.31,101324,146044,0.34607339798440423,0
2023-07-28 11:07:06,1319.3,294078,6,1321.31,101364,146033,0.34607339798440423,0
2023-07-28 11:07:06,1319.3,294078,6,1321.31,101322,146047,0.34607339798440423,0
2023-07-28 11:07:06,1319.3,294078,6,1321.31,101351,146151,0.34607339798440423,0
2023-07-28 11:07:06,1319.3,294078,6,1321.31,101457,146115,0.34607339798440423,0
2023-07-28 11:07:06,1319.3,294078,6,1321.31,101332,146128,0.34607339798440423,0
2023-07-28 11:07:06,1319.3,294078,6,1321.31,101376,146761,0.34607339798440423,0
2023-07-28 11:07:06,1319.65,294078,2,1321.31,101376,146761,0.3726944285985998,0
2023-07-28 11:07:25,1319.65,294090,2,1321.31,101407,146174,0.3726944285985998,0
2023-07-28 11:07:25,1319.65,294090,2,1321.31,101386,146134,0.3726944285985998,0
2023-07-28 11:07:25,1319.3,294090,1,1321.31,101341,146618,0.34607339798440423,0
2023-07-28 11:07:29,1319.65,294092,1,1321.31,101427,146623,0.3726944285985998,0
2023-07-28 11:07:29,1319.3,294097,5,1321.31,101321,146294,0.34607339798440423,0
2023-07-28 11:07:29,1319.3,294097,5,1321.31,101313,146145,0.34607339798440423,0
2023-07-28 11:07:29,1319.3,294097,5,1321.31,101389,146223,0.34607339798440423,0
2023-07-28 11:07:29,1319.3,294097,5,1321.31,101389,146133,0.34607339798440423,0
2023-07-28 11:07:29,1319.3,294097,5,1321.31,99739,146610,0.34607339798440423,0
2023-07-28 11:07:29,1319.3,294097,5,1321.31,101239,146566,0.34607339798440423,0
2023-07-28 11:07:38,1319.3,294099,2,1321.31,101297,146566,0.34607339798440423,0
2023-07-28 11:07:38,1319.8,294124,17,1321.31,101602,146549,0.3841034417189545,0
2023-07-28 11:07:38,1319.8,294124,17,1321.31,101734,146404,0.3841034417189545,0
2023-07-28 11:07:38,1319.8,294124,17,1321.31,101718,146428,0.3841034417189545,0
2023-07-28 11:07:38,1319.8,294124,17,1321.31,101641,146498,0.3841034417189545,0
2023-07-28 11:07:38,1319.8,294124,17,1321.31,101741,146507,0.3841034417189545,0
2023-07-28 11:07:38,1319.8,294124,17,1321.31,101623,146538,0.3841034417189545,0
2023-07-28 11:07:38,1319.8,294124,17,1321.31,101635,146583,0.3841034417189545,0
2023-07-28 11:07:38,1319.8,294124,17,1321.31,101860,146610,0.3841034417189545,0
2023-07-28 11:07:38,1319.8,294124,17,1321.31,101756,146455,0.3841034417189545,0
2023-07-28 11:07:38,1319.8,294124,17,1321.31,101626,146467,0.3841034417189545,0
2023-07-28 11:07:38,1319.8,294124,17,1321.31,101642,146469,0.3841034417189545,0
2023-07-28 11:07:51,1319.3,294134,10,1321.31,101675,146569,0.34607339798440423,0
2023-07-28 11:07:51,1319.3,294134,10,1321.31,101660,146561,0.34607339798440423,0
2023-07-28 11:07:54,1319.3,294135,1,1321.31,101648,146876,0.34607339798440423,0
2023-07-28 11:07:54,1319.3,294135,1,1321.31,101658,146861,0.34607339798440423,0
2023-07-28 11:07:54,1319.3,294135,1,1321.31,101569,146825,0.34607339798440423,0
2023-07-28 11:07:54,1319.3,294135,1,1321.31,101687,146825,0.34607339798440423,0
2023-07-28 11:07:54,1319.3,294135,6,1321.31,101687,146825,0.34607339798440423,0
2023-07-28 11:07:58,1319.3,294143,2,1321.31,101588,146872,0.34607339798440423,0
2023-07-28 11:07:58,1319.3,294143,2,1321.31,101588,146872,0.34607339798440423,0
2023-07-28 11:07:58,1319.3,294143,2,1321.31,101580,146848,0.34607339798440423,0
2023-07-28 11:07:58,1319.3,294143,2,1321.31,101529,146984,0.34607339798440423,0
2023-07-28 11:07:58,1319.3,294143,2,1321.31,101494,147077,0.34607339798440423,0
2023-07-28 11:07:58,1319.3,294143,2,1321.31,101490,146914,0.34607339798440423,0
2023-07-28 11:08:04,1319.3,294144,1,1321.31,101504,146899,0.34607339798440423,0
2023-07-28 11:08:04,1319.3,294144,1,1321.31,101558,146899,0.34607339798440423,0
2023-07-28 11:08:04,1319.3,294144,1,1321.31,101608,146899,0.34607339798440423,0
2023-07-28 11:08:04,1319.3,294144,1,1321.31,101523,146601,0.34607339798440423,0
2023-07-28 11:08:04,1319.3,294144,1,1321.31,101295,147063,0.34607339798440423,0
2023-07-28 11:08:10,1319.3,294146,2,1321.31,101284,147072,0.34607339798440423,0
2023-07-28 11:08:10,1319.3,294146,2,1321.31,101246,147072,0.34607339798440423,0
2023-07-28 11:08:10,1319.3,294146,2,1321.31,101327,147072,0.34607339798440423,0
2023-07-28 11:08:10,1319.3,294146,2,1321.31,101327,147078,0.34607339798440423,0
2023-07-28 11:08:10,1319.3,294146,2,1321.31,101298,147074,0.34607339798440423,0
2023-07-28 11:08:10,1319.3,294146,2,1321.31,101299,147070,0.34607339798440423,0
2023-07-28 11:08:10,1319.3,294146,2,1321.31,101334,147070,0.34607339798440423,0
2023-07-28 11:08:18,1319.3,294156,10,1321.31,101226,147046,0.34607339798440423,0
2023-07-28 11:08:18,1319.3,294156,10,1321.31,101226,147046,0.34607339798440423,0
2023-07-28 11:08:18,1319.3,294156,10,1321.31,101335,147055,0.34607339798440423,0
2023-07-28 11:08:18,1319.3,294156,10,1321.31,101164,147046,0.34607339798440423,0
2023-07-28 11:08:18,1319.3,294156,10,1321.31,101075,146688,0.34607339798440423,0
2023-07-28 11:08:18,1319.3,294156,10,1321.31,101075,146688,0.34607339798440423,0
2023-07-28 11:08:18,1319.3,294156,10,1321.31,101075,146688,0.34607339798440423,0
2023-07-28 11:08:23,1319.8,294157,1,1321.31,101041,146781,0.3841034417189545,0
2023-07-28 11:08:23,1319.8,294157,1,1321.31,101075,146817,0.3841034417189545,0
2023-07-28 11:08:23,1319.8,294157,1,1321.31,101141,146797,0.3841034417189545,0
2023-07-28 11:08:23,1319.8,294157,1,1321.31,101145,146842,0.3841034417189545,0
2023-07-28 11:08:23,1319.8,294157,1,1321.31,101145,146842,0.3841034417189545,0
2023-07-28 11:08:23,1319.8,294157,1,1321.31,101238,146721,0.3841034417189545,0
2023-07-28 11:08:23,1319.8,294157,1,1321.31,101238,146721,0.3841034417189545,0
2023-07-28 11:08:23,1319.8,294157,1,1321.31,101239,146721,0.3841034417189545,0
2023-07-28 11:08:23,1319.8,294157,1,1321.31,101243,146792,0.3841034417189545,0
2023-07-28 11:08:23,1319.8,294157,1,1321.31,101249,146825,0.3841034417189545,0
2023-07-28 11:08:23,1319.8,294157,1,1321.31,101244,146815,0.3841034417189545,0
2023-07-28 11:08:23,1319.8,294157,1,1321.31,101249,146737,0.3841034417189545,0
2023-07-28 11:08:23,1319.8,294157,1,1321.31,101372,146748,0.3841034417189545,0
2023-07-28 11:08:23,1319.8,294157,1,1321.31,101282,146658,0.3841034417189545,0
2023-07-28 11:08:23,1319.8,294157,1,1321.31,101230,146740,0.3841034417189545,0
2023-07-28 11:08:23,1319.8,294157,1,1321.31,101285,146658,0.3841034417189545,0
2023-07-28 11:08:23,1319.8,294157,1,1321.31,101358,146750,0.3841034417189545,0
2023-07-28 11:08:23,1319.8,294157,1,1321.31,101308,146774,0.3841034417189545,0
2023-07-28 11:08:23,1319.8,294157,1,1321.31,101231,146683,0.3841034417189545,0
2023-07-28 11:08:23,1319.8,294157,1,1321.31,101253,146684,0.3841034417189545,0
2023-07-28 11:08:23,1319.8,294157,1,1321.31,101584,146716,0.3841034417189545,0
2023-07-28 11:08:23,1319.8,294157,1,1321.31,101323,146819,0.3841034417189545,0
2023-07-28 11:08:23,1319.8,294157,1,1321.31,101102,146935,0.3841034417189545,0
2023-07-28 11:08:23,1319.8,294157,1,1321.31,101126,146917,0.3841034417189545,0
2023-07-28 11:08:23,1319.8,294157,1,1321.31,101126,146990,0.3841034417189545,0
2023-07-28 11:08:23,1319.8,294157,1,1321.31,101157,146924,0.3841034417189545,0
2023-07-28 11:08:23,1319.8,294157,1,1321.31,101298,146804,0.3841034417189545,0
2023-07-28 11:08:23,1319.8,294157,1,1321.31,101362,146810,0.3841034417189545,0
2023-07-28 11:08:23,1319.8,294157,1,1321.31,101362,146795,0.3841034417189545,0
2023-07-28 11:08:23,1319.8,294157,1,1321.31,101362,146795,0.3841034417189545,0
2023-07-28 11:08:23,1319.8,294157,1,1321.31,101362,146832,0.3841034417189545,0
2023-07-28 11:08:23,1319.8,294157,1,1321.31,101372,146832,0.3841034417189545,0
2023-07-28 11:08:23,1319.8,294157,1,1321.31,101372,146832,0.3841034417189545,0
2023-07-28 11:08:23,1319.8,294157,1,1321.31,101372,146832,0.3841034417189545,0
2023-07-28 11:08:23,1319.8,294157,150,1321.31,101413,146790,0.3841034417189545,0
2023-07-28 11:09:01,1319.05,294308,1,1321.31,101378,146617,0.32705837611712907,0
2023-07-28 11:09:01,1319.05,294308,1,1321.31,101378,146617,0.32705837611712907,0
2023-07-28 11:09:02,1319.05,294314,6,1321.31,101372,146618,0.32705837611712907,0
2023-07-28 11:09:02,1319.05,294314,6,1321.31,101394,146629,0.32705837611712907,0
2023-07-28 11:09:02,1319.05,294314,1,1321.31,101394,146629,0.32705837611712907,0
2023-07-28 11:09:04,1319.0,294315,2,1321.31,101005,146759,0.3232553717436775,0
2023-07-28 11:09:05,1319.65,294331,4,1321.31,101040,146854,0.3726944285985998,0
2023-07-28 11:09:06,1319.0,294332,1,1321.31,100975,146837,0.3232553717436775,0
2023-07-28 11:09:06,1319.0,294332,1,1321.31,100998,146837,0.3232553717436775,0
2023-07-28 11:09:09,1319.0,294333,1,1321.31,101030,145304,0.3232553717436775,0
2023-07-28 11:09:09,1319.0,294333,1,1321.31,101169,146690,0.3232553717436775,0
2023-07-28 11:09:09,1319.0,294333,1,1321.31,98613,146904,0.3232553717436775,0
2023-07-28 11:09:09,1319.0,294333,1,1321.31,98613,146904,0.3232553717436775,0
2023-07-28 11:09:12,1319.0,294337,3,1321.31,101038,146934,0.3232553717436775,0
2023-07-28 11:09:12,1319.0,294337,3,1321.31,101080,146865,0.3232553717436775,0
2023-07-28 11:09:12,1319.0,294337,2,1321.31,101080,146865,0.3232553717436775,0
2023-07-28 11:09:12,1319.0,294337,1,1321.31,101080,146865,0.3232553717436775,0
2023-07-28 11:09:15,1319.0,294360,20,1321.31,100978,146860,0.3232553717436775,0
2023-07-28 11:09:15,1319.0,294360,1,1321.31,100978,146860,0.3232553717436775,0
2023-07-28 11:09:17,1319.0,294361,1,1321.31,100564,147020,0.3232553717436775,0
2023-07-28 11:09:17,1319.6,294361,1,1321.31,100663,146967,0.36889142422513094,0
2023-07-28 11:09:19,1319.6,294362,1,1321.31,100775,146939,0.36889142422513094,0
2023-07-28 11:09:19,1319.0,294362,1,1321.31,100775,146939,0.3232553717436775,0
2023-07-28 11:09:20,1319.0,294363,1,1321.31,100622,147026,0.3232553717436775,0
2023-07-28 11:09:20,1319.0,294363,1,1321.31,100572,147106,0.3232553717436775,0
2023-07-28 11:09:20,1319.0,294363,1,1321.31,100570,146986,0.3232553717436775,0
2023-07-28 11:09:20,1319.0,294363,5,1321.31,100570,146986,0.3232553717436775,0
2023-07-28 11:09:20,1319.0,294363,1,1321.31,100570,146986,0.3232553717436775,0
2023-07-28 11:09:25,1319.0,294370,1,1321.31,100688,146924,0.3232553717436775,0
2023-07-28 11:09:25,1319.0,294370,1,1321.31,100758,146932,0.3232553717436775,0
2023-07-28 11:09:25,1319.0,294370,1,1321.31,100703,147082,0.3232553717436775,0
2023-07-28 11:09:25,1319.0,294370,1,1321.31,100703,147082,0.3232553717436775,0
2023-07-28 11:09:28,1319.0,294371,1,1321.31,100788,146999,0.3232553717436775,0
2023-07-28 11:09:28,1319.0,294382,11,1321.31,100777,146998,0.3232553717436775,0
2023-07-28 11:09:28,1319.0,294382,11,1321.31,100839,146998,0.3232553717436775,0
2023-07-28 11:09:28,1319.0,294382,1,1321.31,100839,146998,0.3232553717436775,0
2023-07-28 11:09:31,1319.0,294383,1,1321.31,100776,146998,0.3232553717436775,0
2023-07-28 11:09:31,1319.0,294383,1,1321.31,100803,146998,0.3232553717436775,0
2023-07-28 11:09:33,1319.0,294384,1,1321.31,100785,146998,0.3232553717436775,0
2023-07-28 11:09:33,1319.0,294384,1,1321.31,99150,147143,0.3232553717436775,0
2023-07-28 11:09:36,1319.0,294385,1,1321.31,100668,146944,0.3232553717436775,0
2023-07-28 11:09:36,1319.0,294385,1,1321.31,100668,146936,0.3232553717436775,0
2023-07-28 11:09:36,1319.0,294385,1,1321.31,100639,147084,0.3232553717436775,0
2023-07-28 11:09:36,1319.6,294385,12,1321.31,100639,147084,0.36889142422513094,0
2023-07-28 11:09:39,1319.6,294398,12,1321.31,100690,146841,0.36889142422513094,0
2023-07-28 11:09:39,1319.0,294398,50,1321.31,100690,146841,0.3232553717436775,0
2023-07-28 11:09:40,1319.0,294448,50,1321.31,100583,147163,0.3232553717436775,0
2023-07-28 11:09:42,1319.0,294449,1,1321.31,100618,147164,0.3232553717436775,0
2023-07-28 11:09:42,1319.0,294449,1,1321.31,100706,147157,0.3232553717436775,0
2023-07-28 11:09:42,1319.0,294449,1,1321.31,100706,147157,0.3232553717436775,0
2023-07-28 11:09:44,1319.0,294450,1,1321.31,100705,147077,0.3232553717436775,0
2023-07-28 11:09:44,1319.0,294450,1,1321.31,100691,147077,0.3232553717436775,0
2023-07-28 11:09:47,1319.0,294451,1,1321.31,100718,147077,0.3232553717436775,0
2023-07-28 11:09:47,1318.9,294481,29,1321.31,100688,147097,0.3156493629967744,0
2023-07-28 11:09:47,1319.6,294481,1,1321.31,100688,147097,0.36889142422513094,0
2023-07-28 11:09:48,1319.6,294482,1,1321.31,100672,147033,0.36889142422513094,0
2023-07-28 11:09:48,1318.9,294482,1,1321.31,100672,147033,0.3156493629967744,0
2023-07-28 11:09:50,1318.9,294483,1,1321.31,100709,147054,0.3156493629967744,0
2023-07-28 11:09:50,1318.9,294483,1,1321.31,100709,147029,0.3156493629967744,0
2023-07-28 11:09:52,1318.9,294484,1,1321.31,100649,146528,0.3156493629967744,0
2023-07-28 11:09:52,1318.9,294484,1,1321.31,100677,146565,0.3156493629967744,0
2023-07-28 11:09:52,1319.0,294484,1,1321.31,100677,146565,0.3232553717436775,0
2023-07-28 11:09:55,1319.0,294485,1,1321.31,100698,146525,0.3232553717436775,0
2023-07-28 11:09:55,1319.0,294485,1,1321.31,100941,146235,0.3232553717436775,0
2023-07-28 11:09:55,1319.0,294485,1,1321.31,100941,146235,0.3232553717436775,0
2023-07-28 11:09:55,1319.0,294485,1,1321.31,100941,146235,0.3232553717436775,0
2023-07-28 11:09:58,1319.0,294486,1,1321.31,100959,145317,0.3232553717436775,0
2023-07-28 11:09:58,1319.0,294486,1,1321.31,100959,145310,0.3232553717436775,0
2023-07-28 11:09:58,1319.0,294486,1,1321.31,100959,145310,0.3232553717436775,0
2023-07-28 11:10:00,1319.0,294487,1,1321.31,100779,145410,0.3232553717436775,0
2023-07-28 11:10:00,1319.0,294487,1,1321.31,100779,145443,0.3232553717436775,0
2023-07-28 11:10:00,1319.75,294487,10,1321.31,100779,145443,0.38030043734550295,0
2023-07-28 11:10:02,1319.0,294503,6,1321.31,100971,145265,0.3232553717436775,0
2023-07-28 11:10:03,1319.6,294504,1,1321.31,101034,145731,0.36889142422513094,0
2023-07-28 11:10:04,1319.0,294798,20,1321.3,100366,145454,0.3232553717436775,0
2023-07-28 11:10:04,1319.0,294798,20,1321.3,100374,145401,0.3232553717436775,0
2023-07-28 11:10:04,1319.0,294798,8,1321.3,100374,145401,0.3232553717436775,0
2023-07-28 11:10:06,1319.0,294807,1,1321.3,100331,145369,0.3232553717436775,0
2023-07-28 11:10:06,1319.0,294807,1,1321.3,100435,145407,0.3232553717436775,0
2023-07-28 11:10:06,1319.0,294807,1,1321.3,100435,145407,0.3232553717436775,0
2023-07-28 11:10:06,1319.0,294807,1,1321.3,100435,145407,0.3232553717436775,0
2023-07-28 11:10:09,1319.0,294808,1,1321.3,100444,145407,0.3232553717436775,0
2023-07-28 11:10:11,1319.0,294809,1,1321.3,100420,145491,0.3232553717436775,0
2023-07-28 11:10:11,1319.0,294809,1,1321.3,100445,145406,0.3232553717436775,0
2023-07-28 11:10:11,1319.45,294809,2,1321.3,100446,145406,0.35748241110477624,0
2023-07-28 11:10:14,1319.0,294812,1,1321.3,100392,145264,0.3232553717436775,0
2023-07-28 11:10:14,1319.0,294812,1,1321.3,100405,145261,0.3232553717436775,0
2023-07-28 11:10:14,1319.0,294812,1,1321.3,100378,145261,0.3232553717436775,0
2023-07-28 11:10:17,1319.0,294814,1,1321.3,100402,145280,0.3232553717436775,0
2023-07-28 11:10:17,1319.0,294814,1,1321.3,100369,145318,0.3232553717436775,0
2023-07-28 11:10:17,1319.0,294814,1,1321.3,100369,145318,0.3232553717436775,0
2023-07-28 11:10:19,1319.0,294815,1,1321.3,100370,145280,0.3232553717436775,0
2023-07-28 11:10:19,1319.0,294815,1,1321.3,100397,145303,0.3232553717436775,0
2023-07-28 11:10:19,1319.0,294815,1,1321.3,100382,145246,0.3232553717436775,0
2023-07-28 11:10:19,1319.0,294815,1,1321.3,100382,145246,0.3232553717436775,0
2023-07-28 11:10:22,1319.0,294816,1,1321.3,100413,145258,0.3232553717436775,0
2023-07-28 11:10:22,1319.0,294816,1,1321.3,100386,145266,0.3232553717436775,0
2023-07-28 11:10:22,1319.0,294816,1,1321.3,100437,145258,0.3232553717436775,0
2023-07-28 11:10:25,1319.45,294819,1,1321.3,100412,145357,0.35748241110477624,0
2023-07-28 11:10:25,1319.45,294819,1,1321.3,100412,145357,0.35748241110477624,0
2023-07-28 11:10:25,1319.0,294819,1,1321.3,100412,145357,0.3232553717436775,0
2023-07-28 11:10:27,1319.0,294820,1,1321.3,99943,145289,0.3232553717436775,0
2023-07-28 11:10:30,1319.0,294821,1,1321.3,100102,145289,0.3232553717436775,0
2023-07-28 11:10:30,1319.0,294821,1,1321.3,100125,145327,0.3232553717436775,0
2023-07-28 11:10:30,1319.0,294821,1,1321.3,100125,145320,0.3232553717436775,0
2023-07-28 11:10:30,1319.0,294821,1,1321.3,100125,145320,0.3232553717436775,0
2023-07-28 11:10:33,1319.0,294822,1,1321.3,100088,145304,0.3232553717436775,0
2023-07-28 11:10:33,1319.45,294822,29,1321.3,100088,145304,0.35748241110477624,0
2023-07-28 11:10:34,1319.45,294892,29,1321.3,100218,145187,0.35748241110477624,0
2023-07-28 11:10:36,1319.0,294893,1,1321.3,100223,145187,0.3232553717436775,0
2023-07-28 11:10:36,1319.0,294893,1,1321.3,100233,145206,0.3232553717436775,0
2023-07-28 11:10:38,1319.0,294914,1,1321.3,100204,146073,0.3232553717436775,0
2023-07-28 11:10:38,1319.0,294914,1,1321.3,100204,146096,0.3232553717436775,0
2023-07-28 11:10:38,1319.0,294914,1,1321.3,100454,146102,0.3232553717436775,0
2023-07-28 11:10:41,1319.0,294915,1,1321.3,100452,146109,0.3232553717436775,0
2023-07-28 11:10:41,1319.0,294915,1,1321.3,100399,146109,0.3232553717436775,0
2023-07-28 11:10:41,1319.0,294915,1,1321.3,100497,146094,0.3232553717436775,0
2023-07-28 11:10:41,1319.0,294915,1,1321.3,100497,146094,0.3232553717436775,0
2023-07-28 11:10:44,1319.0,294916,1,1321.3,100433,146094,0.3232553717436775,0
2023-07-28 11:10:46,1319.0,294917,1,1321.3,100589,146087,0.3232553717436775,0
2023-07-28 11:10:46,1319.0,294917,1,1321.3,100608,146087,0.3232553717436775,0
2023-07-28 11:10:46,1319.0,294917,1,1321.3,100646,146087,0.3232553717436775,0
2023-07-28 11:10:46,1319.0,294917,1,1321.3,100646,146087,0.3232553717436775,0
2023-07-28 11:10:49,1319.0,294918,1,1321.3,100589,146087,0.3232553717436775,0
2023-07-28 11:10:49,1319.0,294918,1,1321.3,100590,146087,0.3232553717436775,0
2023-07-28 11:10:49,1319.0,294918,1,1321.3,100565,146100,0.3232553717436775,0
2023-07-28 11:10:52,1319.0,294919,1,1321.3,100564,146093,0.3232553717436775,0
2023-07-28 11:10:52,1319.0,294919,1,1321.3,100642,146100,0.3232553717436775,0
2023-07-28 11:10:52,1319.0,294919,1,1321.3,100675,146100,0.3232553717436775,0
2023-07-28 11:10:55,1319.0,294920,1,1321.3,100642,146093,0.3232553717436775,0
2023-07-28 11:10:57,1319.0,294921,1,1321.3,100667,146093,0.3232553717436775,0
2023-07-28 11:10:57,1319.0,294921,1,1321.3,100667,146101,0.3232553717436775,0
2023-07-28 11:10:59,1319.0,294923,2,1321.3,100665,146093,0.3232553717436775,0
2023-07-28 11:11:00,1318.9,295163,17,1321.3,100849,145539,0.3156493629967744,0
2023-07-28 11:11:00,1318.9,295163,4,1321.3,100892,145742,0.3156493629967744,0
2023-07-28 11:11:02,1318.9,295169,4,1321.3,101055,145791,0.3156493629967744,0
2023-07-28 11:11:02,1318.8,295169,1,1321.3,101055,145791,0.3080433542498539,0
2023-07-28 11:11:03,1318.8,295170,1,1321.3,100834,145824,0.3080433542498539,0
2023-07-28 11:11:05,1318.8,295171,1,1321.3,101175,145825,0.3080433542498539,0
2023-07-28 11:11:05,1318.8,295171,1,1321.3,100865,145792,0.3080433542498539,0
2023-07-28 11:11:07,1318.75,295296,5,1321.3,100391,145929,0.30424034987640236,0
2023-07-28 11:11:08,1318.8,295397,1,1321.3,100840,145828,0.3080433542498539,0
2023-07-28 11:11:08,1318.8,295397,1,1321.3,100856,145840,0.3080433542498539,0
2023-07-28 11:11:08,1318.8,295397,1,1321.3,101045,145848,0.3080433542498539,0
2023-07-28 11:11:08,1318.75,295397,1,1321.3,101045,145848,0.30424034987640236,0
2023-07-28 11:11:11,1318.75,295398,1,1321.3,100947,145840,0.30424034987640236,0
2023-07-28 11:11:11,1318.75,295398,1,1321.3,100714,145687,0.30424034987640236,0
2023-07-28 11:11:11,1318.75,295398,1,1321.3,100714,145687,0.30424034987640236,0
2023-07-28 11:11:13,1318.75,295399,1,1321.3,100817,145695,0.30424034987640236,0
2023-07-28 11:11:13,1318.75,295399,1,1321.3,100827,145695,0.30424034987640236,0
2023-07-28 11:11:16,1318.75,295400,1,1321.3,101314,145762,0.30424034987640236,0
2023-07-28 11:11:16,1318.75,295400,1,1321.3,100794,145695,0.30424034987640236,0
2023-07-28 11:11:16,1318.75,295400,1,1321.3,100874,145645,0.30424034987640236,0
2023-07-28 11:11:16,1318.8,295400,1,1321.3,100874,145645,0.3080433542498539,0
2023-07-28 11:11:19,1318.8,295401,1,1321.3,100705,145692,0.3080433542498539,0
2023-07-28 11:11:19,1318.8,295401,1,1321.3,101009,145692,0.3080433542498539,0
2023-07-28 11:11:19,1318.8,295401,1,1321.3,101171,145665,0.3080433542498539,0
2023-07-28 11:11:19,1318.75,295401,1,1321.3,101171,145665,0.30424034987640236,0
2023-07-28 11:11:22,1318.75,295402,1,1321.3,100871,145657,0.30424034987640236,0
2023-07-28 11:11:22,1318.75,295402,1,1321.3,101099,145630,0.30424034987640236,0
2023-07-28 11:11:22,1318.75,295402,1,1321.3,101099,145630,0.30424034987640236,0
2023-07-28 11:11:24,1318.75,295403,1,1321.3,101050,145645,0.30424034987640236,0
2023-07-28 11:11:24,1318.75,295403,1,1321.3,101050,145645,0.30424034987640236,0
2023-07-28 11:11:24,1318.75,295403,1,1321.3,101050,145645,0.30424034987640236,0
2023-07-28 11:11:24,1318.75,295403,1,1321.3,101479,145709,0.30424034987640236,0
2023-07-28 11:11:27,1318.75,295404,1,1321.3,101340,145622,0.30424034987640236,0
2023-07-28 11:11:27,1318.75,295404,1,1321.3,101340,145622,0.30424034987640236,0
2023-07-28 11:11:27,1318.75,295404,1,1321.3,101340,145622,0.30424034987640236,0
2023-07-28 11:11:27,1318.75,295404,1,1321.3,101171,145706,0.30424034987640236,0
2023-07-28 11:11:27,1318.75,295404,1,1321.3,101171,145706,0.30424034987640236,0
2023-07-28 11:11:27,1318.75,295404,1,1321.3,101171,145706,0.30424034987640236,0
2023-07-28 11:11:30,1318.75,295405,1,1321.3,101361,145718,0.30424034987640236,0
2023-07-28 11:11:30,1318.8,295405,1,1321.3,101073,145662,0.3080433542498539,0
2023-07-28 11:11:32,1318.75,296066,508,1321.29,101426,145146,0.30424034987640236,0
2023-07-28 11:11:32,1318.75,296066,508,1321.29,101426,145146,0.30424034987640236,0
2023-07-28 11:11:34,1318.85,296088,22,1321.29,101370,145127,0.3118463586233055,0
2023-07-28 11:11:34,1318.85,296088,1,1321.29,101042,145092,0.3118463586233055,0
2023-07-28 11:11:35,1318.85,296116,27,1321.29,101229,145139,0.3118463586233055,0
2023-07-28 11:11:35,1318.85,296116,27,1321.29,101246,145129,0.3118463586233055,0
2023-07-28 11:11:35,1318.75,296116,1,1321.29,101246,145129,0.30424034987640236,0
2023-07-28 11:11:38,1318.75,296117,1,1321.29,101466,145034,0.30424034987640236,0
2023-07-28 11:11:40,1318.75,296118,1,1321.29,101151,145034,0.30424034987640236,0
2023-07-28 11:11:40,1318.75,296118,1,1321.29,101176,145034,0.30424034987640236,0
2023-07-28 11:11:43,1318.75,296120,1,1321.29,101089,145047,0.30424034987640236,0
2023-07-28 11:11:43,1318.75,296120,1,1321.29,101089,145047,0.30424034987640236,0
2023-07-28 11:11:46,1318.75,296121,1,1321.29,101124,145020,0.30424034987640236,0
2023-07-28 11:11:46,1318.75,296121,1,1321.29,101114,145020,0.30424034987640236,0
2023-07-28 11:11:46,1318.75,296121,1,1321.29,101180,145020,0.30424034987640236,0
2023-07-28 11:11:46,1318.75,296121,1,1321.29,101180,145020,0.30424034987640236,0
2023-07-28 11:11:49,1318.75,296122,1,1321.29,101107,145032,0.30424034987640236,0
2023-07-28 11:11:49,1318.75,296122,1,1321.29,101107,145082,0.30424034987640236,0
2023-07-28 11:11:51,1318.75,296123,1,1321.29,101151,145080,0.30424034987640236,0
2023-07-28 11:11:51,1318.75,296123,1,1321.29,101199,145088,0.30424034987640236,0
2023-07-28 11:11:54,1318.75,296124,1,1321.29,101565,145081,0.30424034987640236,0
2023-07-28 11:11:54,1318.75,296124,1,1321.29,101546,145091,0.30424034987640236,0
2023-07-28 11:11:54,1318.7,296124,18,1321.29,101546,145091,0.3004373455029508,0
2023-07-28 11:11:55,1318.7,296424,18,1321.29,101372,144787,0.3004373455029508,0
2023-07-28 11:11:55,1318.7,296424,1,1321.29,101372,144787,0.3004373455029508,0
2023-07-28 11:11:57,1318.7,296433,8,1321.29,101362,144818,0.3004373455029508,0
2023-07-28 11:11:59,1318.7,296434,1,1321.29,101325,144818,0.3004373455029508,0
2023-07-28 11:11:59,1318.7,296434,1,1321.29,101363,144774,0.3004373455029508,0
2023-07-28 11:11:59,1318.7,296434,1,1321.29,96027,144835,0.3004373455029508,0
2023-07-28 11:11:59,1318.7,296434,1,1321.29,96027,144835,0.3004373455029508,0
2023-07-28 11:12:02,1318.7,296441,6,1321.29,101088,144750,0.3004373455029508,0
2023-07-28 11:12:02,1318.75,296441,1,1321.29,101088,144750,0.30424034987640236,0
2023-07-28 11:12:03,1318.75,296442,1,1321.29,96650,144701,0.30424034987640236,0
2023-07-28 11:12:05,1318.65,296443,1,1321.29,101661,144739,0.2966343411294992,0
2023-07-28 11:12:05,1318.65,296443,1,1321.29,102912,144709,0.2966343411294992,0
2023-07-28 11:12:05,1318.5,296443,1,1321.29,102912,144709,0.2852253280091272,0
2023-07-28 11:12:07,1318.5,296444,1,1321.29,102895,144777,0.2852253280091272,0
2023-07-28 11:12:07,1318.5,296444,1,1321.29,102918,144739,0.2852253280091272,0
2023-07-28 11:12:07,1318.5,296444,1,1321.29,102989,144739,0.2852253280091272,0
2023-07-28 11:12:10,1318.5,296445,1,1321.29,102970,144781,0.2852253280091272,0
2023-07-28 11:12:11,1319.0,296475,10,1321.29,103148,144842,0.3232553717436775,0
2023-07-28 11:12:11,1318.5,296475,1,1321.29,103103,144804,0.2852253280091272,0
2023-07-28 11:12:13,1318.5,296476,1,1321.29,102974,144766,0.2852253280091272,0
