2023-07-28 10:49:27,1110.25,530667,13,1113.36,206562,259380,-0.6354320490446064,0
2023-07-28 10:49:27,1110.25,530667,1,1113.36,206562,259380,-0.6354320490446064,0
2023-07-28 10:49:29,1110.35,530839,25,1113.36,206696,259430,-0.6264823018749721,0
2023-07-28 10:49:29,1110.25,530839,1,1113.36,206696,259430,-0.6354320490446064,0
2023-07-28 10:49:29,1110.35,530839,1,1113.36,206696,259430,-0.6264823018749721,0
2023-07-28 10:49:29,1110.25,530839,15,1113.36,206696,259430,-0.6354320490446064,0
2023-07-28 10:49:35,1110.35,530934,1,1113.36,206705,259599,-0.6264823018749721,0
2023-07-28 10:49:35,1110.35,530934,2,1113.36,206705,259599,-0.6264823018749721,0
2023-07-28 10:49:35,1110.25,530934,63,1113.36,206705,259599,-0.6354320490446064,0
2023-07-28 10:49:35,1110.25,530934,4,1113.36,206705,259599,-0.6354320490446064,0
2023-07-28 10:49:38,1110.35,531414,72,1113.35,206730,259256,-0.6264823018749721,0
2023-07-28 10:49:38,1110.45,531414,1,1113.35,206730,259256,-0.6175325547053174,0
2023-07-28 10:49:38,1110.15,531414,80,1113.35,206730,259256,-0.6443817962142407,0
2023-07-28 10:49:38,1110.15,531414,1,1113.35,206730,259256,-0.6443817962142407,0
2023-07-28 10:49:42,1110.45,531873,2,1113.35,206488,259558,-0.6175325547053174,0
2023-07-28 10:49:42,1110.15,531873,66,1113.35,206488,259558,-0.6443817962142407,0
2023-07-28 10:49:47,1110.45,532096,1,1113.35,206276,259457,-0.6175325547053174,0
2023-07-28 10:49:47,1110.45,532096,33,1113.35,206276,259457,-0.6175325547053174,0
2023-07-28 10:49:47,1110.35,532096,1,1113.35,206276,259457,-0.6264823018749721,0
2023-07-28 10:49:47,1110.45,532096,1,1113.35,206276,259457,-0.6175325547053174,0
2023-07-28 10:49:51,1110.15,532160,28,1113.35,206190,259661,-0.6443817962142407,0
2023-07-28 10:49:51,1110.45,532160,10,1113.35,206190,259661,-0.6175325547053174,0
2023-07-28 10:49:51,1110.15,532160,2,1113.35,206190,259661,-0.6443817962142407,0
2023-07-28 10:49:51,1110.35,532160,7,1113.35,206190,259661,-0.6264823018749721,0
2023-07-28 10:49:51,1110.35,532160,6,1113.35,206190,259661,-0.6264823018749721,0
2023-07-28 10:49:55,1110.25,532211,1,1113.35,206373,259752,-0.6354320490446064,0
2023-07-28 10:49:55,1110.35,532211,1,1113.35,206373,259752,-0.6264823018749721,0
2023-07-28 10:49:55,1110.25,532211,1,1113.35,206373,259752,-0.6354320490446064,0
2023-07-28 10:49:55,1110.25,532211,1,1113.35,206373,259752,-0.6354320490446064,0
2023-07-28 10:49:59,1110.25,532260,8,1113.35,206591,259782,-0.6354320490446064,0
2023-07-28 10:49:59,1110.25,532260,9,1113.35,206591,259782,-0.6354320490446064,0
2023-07-28 10:49:59,1110.2,532260,1,1113.35,206591,259782,-0.6399069226294236,0
2023-07-28 10:49:59,1110.2,532260,7,1113.35,206591,259782,-0.6399069226294236,0
2023-07-28 10:50:03,1110.45,532341,1,1113.35,206715,259755,-0.6175325547053174,0
2023-07-28 10:50:03,1110.35,532341,1,1113.35,206715,259755,-0.6264823018749721,0
2023-07-28 10:50:03,1110.35,532341,2,1113.35,206715,259755,-0.6264823018749721,0
2023-07-28 10:50:03,1110.2,532341,1,1113.35,206715,259755,-0.6399069226294236,0
2023-07-28 10:50:03,1110.25,532341,1,1113.35,206715,259755,-0.6354320490446064,0
2023-07-28 10:50:08,1110.35,532493,4,1113.35,207100,259958,-0.6264823018749721,0
2023-07-28 10:50:08,1110.25,532493,19,1113.35,207100,259958,-0.6354320490446064,0
2023-07-28 10:50:08,1110.35,532493,1,1113.35,207100,259958,-0.6264823018749721,0
2023-07-28 10:50:08,1110.25,532493,2,1113.35,207100,259958,-0.6354320490446064,0
2023-07-28 10:50:12,1110.35,532639,16,1113.35,207037,260020,-0.6264823018749721,0
2023-07-28 10:50:12,1110.25,532639,1,1113.35,207037,260020,-0.6354320490446064,0
2023-07-28 10:50:12,1110.45,532639,419,1113.35,207037,260020,-0.6175325547053174,0
2023-07-28 10:50:12,1110.25,532639,2,1113.35,207037,260020,-0.6354320490446064,0
2023-07-28 10:50:16,1110.45,533226,83,1113.34,206842,260875,-0.6175325547053174,0
2023-07-28 10:50:16,1110.25,533226,54,1113.34,206842,260875,-0.6354320490446064,0
2023-07-28 10:50:16,1110.45,533226,1,1113.34,206842,260875,-0.6175325547053174,0
2023-07-28 10:50:16,1110.45,533226,1,1113.34,206842,260875,-0.6175325547053174,0
2023-07-28 10:50:20,1110.35,533432,1,1113.34,206879,260761,-0.6264823018749721,0
2023-07-28 10:50:20,1110.35,533432,1,1113.34,206879,260761,-0.6264823018749721,0
2023-07-28 10:50:20,1110.35,533432,1,1113.34,206879,260761,-0.6264823018749721,0
2023-07-28 10:50:20,1110.35,533432,1,1113.34,206879,260761,-0.6264823018749721,0
2023-07-28 10:50:20,1110.35,533432,1,1113.34,206879,260761,-0.6264823018749721,0
2023-07-28 10:50:20,1110.25,533432,5,1113.34,206879,260761,-0.6354320490446064,0
2023-07-28 10:50:20,1110.25,533432,5,1113.34,206879,260761,-0.6354320490446064,0
2023-07-28 10:50:23,1110.35,533521,1,1113.34,206899,260784,-0.6264823018749721,0
2023-07-28 10:50:23,1110.35,533521,1,1113.34,206899,260784,-0.6264823018749721,0
2023-07-28 10:50:23,1110.45,533521,13,1113.34,206899,260784,-0.6175325547053174,0
2023-07-28 10:50:23,1110.25,533521,1,1113.34,206899,260784,-0.6354320490446064,0
2023-07-28 10:50:29,1110.35,533626,1,1113.34,206794,261493,-0.6264823018749721,0
2023-07-28 10:50:29,1110.35,533626,20,1113.34,206794,261493,-0.6264823018749721,0
2023-07-28 10:50:29,1110.35,533626,1,1113.34,206794,261493,-0.6264823018749721,0
2023-07-28 10:50:29,1110.45,533626,1,1113.34,206794,261493,-0.6175325547053174,0
2023-07-28 10:50:29,1110.45,533626,1,1113.34,206794,261493,-0.6175325547053174,0
2023-07-28 10:50:33,1110.5,533745,17,1113.34,206633,261139,-0.6130576811205003,0
2023-07-28 10:50:33,1110.25,533745,2,1113.34,206633,261139,-0.6354320490446064,0
2023-07-28 10:50:33,1110.3,533745,1,1113.34,206633,261139,-0.6309571754597892,0
2023-07-28 10:50:38,1110.4,533833,1,1113.34,206720,259099,-0.6220074282901346,0
2023-07-28 10:50:38,1110.4,533833,13,1113.34,206720,259099,-0.6220074282901346,0
2023-07-28 10:50:38,1110.4,533833,1,1113.34,206720,259099,-0.6220074282901346,0
2023-07-28 10:50:38,1110.4,533833,13,1113.34,206720,259099,-0.6220074282901346,0
2023-07-28 10:50:43,1110.3,533908,6,1113.34,206602,259558,-0.6309571754597892,0
2023-07-28 10:50:43,1110.25,533908,11,1113.34,206602,259558,-0.6354320490446064,0
2023-07-28 10:50:43,1110.25,533908,7,1113.34,206602,259558,-0.6354320490446064,0
2023-07-28 10:50:43,1110.25,533908,4,1113.34,206602,259558,-0.6354320490446064,0
2023-07-28 10:50:43,1110.25,533908,2,1113.34,206602,259558,-0.6354320490446064,0
2023-07-28 10:50:46,1110.25,534031,2,1113.34,206620,259446,-0.6354320490446064,0
2023-07-28 10:50:46,1110.4,534031,1,1113.34,206620,259446,-0.6220074282901346,0
2023-07-28 10:50:46,1110.4,534031,14,1113.34,206620,259446,-0.6220074282901346,0
2023-07-28 10:50:46,1110.25,534031,1,1113.34,206620,259446,-0.6354320490446064,0
2023-07-28 10:50:46,1110.4,534031,1,1113.34,206620,259446,-0.6220074282901346,0
2023-07-28 10:50:50,1110.5,534204,25,1113.34,206566,259475,-0.6130576811205003,0
2023-07-28 10:50:50,1110.25,534204,2,1113.34,206566,259475,-0.6354320490446064,0
2023-07-28 10:50:50,1110.4,534204,7,1113.34,206566,259475,-0.6220074282901346,0
2023-07-28 10:50:50,1110.25,534204,1,1113.34,206566,259475,-0.6354320490446064,0
2023-07-28 10:50:55,1110.5,534531,1,1113.34,206459,259532,-0.6130576811205003,0
2023-07-28 10:50:55,1110.5,534531,29,1113.34,206459,259532,-0.6130576811205003,0
2023-07-28 10:50:55,1110.5,534531,2,1113.34,206459,259532,-0.6130576811205003,0
2023-07-28 10:50:55,1110.4,534531,1,1113.34,206459,259532,-0.6220074282901346,0
2023-07-28 10:50:55,1110.25,534531,2,1113.34,206459,259532,-0.6354320490446064,0
2023-07-28 10:50:59,1110.25,534649,2,1113.33,206476,259380,-0.6354320490446064,0
2023-07-28 10:50:59,1110.25,534649,17,1113.33,206476,259380,-0.6354320490446064,0
2023-07-28 10:50:59,1110.4,534649,8,1113.33,206476,259380,-0.6220074282901346,0
2023-07-28 10:51:04,1110.4,534721,2,1113.33,206878,259283,-0.6220074282901346,0
2023-07-28 10:51:04,1110.5,534721,1,1113.33,206878,259283,-0.6130576811205003,0
2023-07-28 10:51:05,1110.5,534736,1,1113.33,207113,259289,-0.6130576811205003,0
2023-07-28 10:51:05,1110.5,534736,2,1113.33,207113,259289,-0.6130576811205003,0
2023-07-28 10:51:07,1110.25,534745,7,1113.33,206449,259619,-0.6354320490446064,0
2023-07-28 10:51:08,1110.4,534798,48,1113.33,207026,259499,-0.6220074282901346,0
2023-07-28 10:51:08,1110.4,534798,4,1113.33,207026,259499,-0.6220074282901346,0
2023-07-28 10:51:09,1110.25,534834,6,1113.33,207226,259492,-0.6354320490446064,0
2023-07-28 10:51:09,1110.4,534834,1,1113.33,207226,259492,-0.6220074282901346,0
2023-07-28 10:51:09,1110.4,534839,1,1113.33,207231,259494,-0.6220074282901346,0
2023-07-28 10:51:11,1110.5,534845,1,1113.33,207293,259220,-0.6130576811205003,0
2023-07-28 10:51:12,1110.25,534849,2,1113.33,207290,259217,-0.6354320490446064,0
2023-07-28 10:51:12,1110.25,534849,1,1113.33,207290,259217,-0.6354320490446064,0
2023-07-28 10:51:13,1110.4,534859,2,1113.33,207239,259257,-0.6220074282901346,0
2023-07-28 10:51:14,1110.4,534875,1,1113.33,207250,259222,-0.6220074282901346,0
2023-07-28 10:51:15,1110.25,534878,1,1113.33,207254,259222,-0.6354320490446064,0
2023-07-28 10:51:15,1110.4,534878,1,1113.33,207254,259222,-0.6220074282901346,0
2023-07-28 10:51:16,1110.4,534888,1,1113.33,207257,259320,-0.6220074282901346,0
2023-07-28 10:51:17,1110.4,534896,1,1113.33,207252,259226,-0.6220074282901346,0
2023-07-28 10:51:18,1110.4,534901,1,1113.33,207252,259239,-0.6220074282901346,0
2023-07-28 10:51:19,1110.4,534926,4,1113.33,207189,259235,-0.6220074282901346,0
2023-07-28 10:51:20,1110.4,534963,4,1113.33,207190,259236,-0.6220074282901346,0
2023-07-28 10:51:21,1110.4,534970,2,1113.33,207203,259232,-0.6220074282901346,0
2023-07-28 10:51:22,1110.25,535000,10,1113.33,207325,259248,-0.6354320490446064,0
2023-07-28 10:51:23,1110.3,535041,5,1113.33,207318,259983,-0.6309571754597892,0
2023-07-28 10:51:24,1110.25,535052,1,1113.33,207332,259977,-0.6354320490446064,0
2023-07-28 10:51:25,1110.3,535057,1,1113.33,207335,260073,-0.6309571754597892,0
2023-07-28 10:51:26,1110.3,535076,7,1113.33,207774,259974,-0.6309571754597892,0
2023-07-28 10:51:26,1110.3,535076,3,1113.33,207774,259974,-0.6309571754597892,0
2023-07-28 10:51:26,1110.25,535079,45,1113.33,207913,259967,-0.6354320490446064,0
2023-07-28 10:51:28,1110.25,535151,3,1113.33,207887,259976,-0.6354320490446064,0
2023-07-28 10:51:28,1110.3,535151,6,1113.33,207887,259976,-0.6309571754597892,0
2023-07-28 10:51:29,1110.3,535185,5,1113.33,207833,259973,-0.6309571754597892,0
2023-07-28 10:51:29,1110.4,535190,12,1113.33,207802,260012,-0.6220074282901346,0
2023-07-28 10:51:31,1110.4,535219,12,1113.33,208747,259983,-0.6220074282901346,0
2023-07-28 10:51:32,1110.3,535226,1,1113.33,208745,259989,-0.6309571754597892,0
2023-07-28 10:51:34,1110.4,535310,4,1113.33,208581,259169,-0.6220074282901346,0
2023-07-28 10:51:34,1110.4,535310,2,1113.33,208581,259169,-0.6220074282901346,0
2023-07-28 10:51:35,1110.3,535319,11,1113.33,208572,259244,-0.6309571754597892,0
2023-07-28 10:51:36,1110.4,535333,1,1113.33,208560,259067,-0.6220074282901346,0
2023-07-28 10:51:36,1110.4,535333,2,1113.33,208560,259067,-0.6220074282901346,0
2023-07-28 10:51:37,1110.3,535439,72,1113.33,208449,259110,-0.6309571754597892,0
2023-07-28 10:51:37,1110.4,535439,16,1113.33,208449,259110,-0.6220074282901346,0
2023-07-28 10:51:37,1110.3,535455,1,1113.33,208601,259152,-0.6309571754597892,0
2023-07-28 10:51:39,1110.4,535462,1,1113.33,208600,259170,-0.6220074282901346,0
2023-07-28 10:51:40,1110.4,535486,3,1113.33,208630,259163,-0.6220074282901346,0
2023-07-28 10:51:41,1110.3,535537,2,1113.33,208438,259243,-0.6309571754597892,0
2023-07-28 10:51:42,1110.4,535615,1,1113.33,208370,259077,-0.6220074282901346,0
2023-07-28 10:51:43,1110.45,535660,6,1113.33,208572,259158,-0.6175325547053174,0
2023-07-28 10:51:44,1110.45,535694,2,1113.33,208499,259167,-0.6175325547053174,0
2023-07-28 10:51:46,1110.3,535725,2,1113.33,208433,259187,-0.6309571754597892,0
2023-07-28 10:51:47,1110.45,535753,4,1113.33,208428,259150,-0.6175325547053174,0
2023-07-28 10:51:47,1110.5,535764,1,1113.33,208440,259347,-0.6130576811205003,0
2023-07-28 10:51:47,1110.7,535764,27,1113.33,208440,259347,-0.5951581867812112,0
2023-07-28 10:51:49,1110.5,536267,1,1113.33,208544,259204,-0.6130576811205003,0
2023-07-28 10:51:49,1110.5,536267,8,1113.33,208544,259204,-0.6130576811205003,0
2023-07-28 10:51:49,1110.5,536350,1,1113.33,208549,259121,-0.6130576811205003,0
2023-07-28 10:51:52,1110.8,536415,9,1113.32,208333,260638,-0.586208439611577,0
2023-07-28 10:51:52,1110.7,536420,2,1113.32,208332,260545,-0.5951581867812112,0
2023-07-28 10:51:52,1110.5,536420,89,1113.32,208332,260545,-0.6130576811205003,0
2023-07-28 10:51:54,1110.7,536530,6,1113.32,208292,260563,-0.5951581867812112,0
2023-07-28 10:51:54,1110.5,536530,10,1113.32,208292,260563,-0.6130576811205003,0
2023-07-28 10:51:54,1110.5,536556,10,1113.32,208282,260524,-0.6130576811205003,0
2023-07-28 10:51:56,1110.85,536617,14,1113.32,208358,260487,-0.5817335660267597,0
2023-07-28 10:51:57,1110.7,536631,1,1113.32,208307,260516,-0.5951581867812112,0
2023-07-28 10:51:57,1110.7,536631,1,1113.32,208307,260516,-0.5951581867812112,0
2023-07-28 10:51:58,1110.75,536644,2,1113.32,208263,260428,-0.5906833131963941,0
2023-07-28 10:51:58,1110.75,536644,7,1113.32,208263,260428,-0.5906833131963941,0
2023-07-28 10:51:58,1110.5,536653,8,1113.32,207746,260557,-0.6130576811205003,0
2023-07-28 10:52:00,1110.75,536672,3,1113.32,207761,260476,-0.5906833131963941,0
2023-07-28 10:52:01,1110.85,536708,5,1113.32,207557,260523,-0.5817335660267597,0
2023-07-28 10:52:02,1110.85,536720,2,1113.32,207867,259661,-0.5817335660267597,0
2023-07-28 10:52:03,1110.85,536726,1,1113.32,207754,260428,-0.5817335660267597,0
2023-07-28 10:52:04,1110.5,536740,11,1113.32,207571,261337,-0.6130576811205003,0
2023-07-28 10:52:04,1110.5,536740,1,1113.32,207571,261337,-0.6130576811205003,0
2023-07-28 10:52:05,1110.5,536745,1,1113.32,207544,261545,-0.6130576811205003,0
2023-07-28 10:52:06,1110.5,536749,1,1113.32,207553,261623,-0.6130576811205003,0
2023-07-28 10:52:07,1110.5,536753,1,1113.32,207614,261499,-0.6130576811205003,0
2023-07-28 10:52:08,1110.7,536758,5,1113.32,207809,261494,-0.5951581867812112,0
2023-07-28 10:52:09,1110.5,536761,1,1113.32,207817,261501,-0.6130576811205003,0
2023-07-28 10:52:10,1110.5,536774,1,1113.32,207626,261980,-0.6130576811205003,0
2023-07-28 10:52:11,1110.6,537481,13,1113.32,208568,260258,-0.6041079339508659,0
2023-07-28 10:52:12,1110.6,537836,14,1113.32,207679,259719,-0.6041079339508659,0
2023-07-28 10:52:13,1110.55,537946,5,1113.32,207640,259705,-0.6085828075356831,0
2023-07-28 10:52:14,1110.5,538003,24,1113.32,207640,259704,-0.6130576811205003,0
2023-07-28 10:52:16,1110.5,538038,1,1113.32,207731,259835,-0.6130576811205003,0
2023-07-28 10:52:16,1110.55,538043,5,1113.32,207751,259791,-0.6085828075356831,0
2023-07-28 10:52:17,1110.5,538119,64,1113.32,207774,259755,-0.6130576811205003,0
2023-07-28 10:52:17,1110.55,538134,1,1113.32,207976,260501,-0.6085828075356831,0
2023-07-28 10:52:17,1110.55,538134,45,1113.32,207976,260501,-0.6085828075356831,0
2023-07-28 10:52:19,1110.65,538258,13,1113.32,207776,260490,-0.5996330603660285,0
2023-07-28 10:52:20,1110.5,538313,33,1113.32,207841,260357,-0.6130576811205003,0
2023-07-28 10:52:21,1110.5,538326,3,1113.32,207876,260351,-0.6130576811205003,0
2023-07-28 10:52:22,1110.55,538359,20,1113.32,207850,260474,-0.6085828075356831,0
2023-07-28 10:52:23,1110.55,538367,3,1113.32,207850,260474,-0.6085828075356831,0
2023-07-28 10:52:24,1110.55,538368,1,1113.32,207933,259770,-0.6085828075356831,0
2023-07-28 10:52:25,1110.55,538427,11,1113.31,207830,260325,-0.6085828075356831,0
2023-07-28 10:52:25,1110.65,538427,9,1113.31,207830,260325,-0.5996330603660285,0
2023-07-28 10:52:26,1110.65,538538,17,1113.31,207736,260185,-0.5996330603660285,0
2023-07-28 10:52:27,1110.6,538763,66,1113.31,207808,260294,-0.6041079339508659,0
2023-07-28 10:52:28,1110.65,538867,16,1113.31,207636,260262,-0.5996330603660285,0
2023-07-28 10:52:29,1110.6,538945,1,1113.31,207578,260275,-0.6041079339508659,0
2023-07-28 10:52:30,1110.65,539107,24,1113.31,207578,260186,-0.5996330603660285,0
2023-07-28 10:52:30,1110.65,539131,3,1113.31,207578,260169,-0.5996330603660285,0
2023-07-28 10:52:32,1110.6,539136,2,1113.31,207576,260166,-0.6041079339508659,0
2023-07-28 10:52:33,1110.65,539232,1,1113.31,207525,260123,-0.5996330603660285,0
2023-07-28 10:52:34,1110.75,539247,4,1113.31,207556,260077,-0.5906833131963941,0
2023-07-28 10:52:34,1110.6,539247,1,1113.31,207556,260077,-0.6041079339508659,0
2023-07-28 10:52:36,1110.6,539271,2,1113.31,207709,260290,-0.6041079339508659,0
2023-07-28 10:52:36,1110.85,539271,2,1113.31,207709,260290,-0.5817335660267597,0
2023-07-28 10:52:36,1110.85,539275,2,1113.31,207422,260089,-0.5817335660267597,0
2023-07-28 10:52:38,1110.6,539279,3,1113.31,207534,260039,-0.6041079339508659,0
2023-07-28 10:52:39,1110.6,539282,2,1113.31,207532,260138,-0.6041079339508659,0
2023-07-28 10:52:39,1110.75,539282,1,1113.31,207532,260138,-0.5906833131963941,0
2023-07-28 10:52:40,1110.6,539296,5,1113.31,207520,259678,-0.6041079339508659,0
2023-07-28 10:52:40,1110.75,539296,2,1113.31,207520,259678,-0.5906833131963941,0
2023-07-28 10:52:40,1110.75,539296,2,1113.31,207520,259678,-0.5906833131963941,0
2023-07-28 10:52:42,1110.75,539319,2,1113.31,207506,260449,-0.5906833131963941,0
2023-07-28 10:52:43,1110.65,539328,7,1113.31,207285,260083,-0.5996330603660285,0
2023-07-28 10:52:43,1110.65,539328,1,1113.31,207285,260083,-0.5996330603660285,0
2023-07-28 10:52:44,1110.6,539338,1,1113.31,207381,260083,-0.6041079339508659,0
2023-07-28 10:52:45,1110.6,539342,2,1113.31,207453,260081,-0.6041079339508659,0
2023-07-28 10:52:46,1110.65,539356,1,1113.31,207442,260122,-0.5996330603660285,0
2023-07-28 10:52:47,1110.6,539447,2,1113.31,207263,260094,-0.6041079339508659,0
2023-07-28 10:52:49,1110.6,539464,2,1113.31,207336,259889,-0.6041079339508659,0
2023-07-28 10:52:49,1110.65,539482,16,1113.31,207410,259865,-0.5996330603660285,0
2023-07-28 10:52:49,1110.65,539482,16,1113.31,207410,259865,-0.5996330603660285,0
2023-07-28 10:52:49,1110.65,539482,2,1113.31,207410,259865,-0.5996330603660285,0
2023-07-28 10:52:51,1110.6,540425,267,1113.31,207327,259698,-0.6041079339508659,0
2023-07-28 10:52:51,1110.85,540566,21,1113.3,207327,260001,-0.5817335660267597,0
2023-07-28 10:52:52,1110.6,540593,2,1113.3,207214,260429,-0.6041079339508659,0
2023-07-28 10:52:53,1110.6,540633,4,1113.3,207347,260513,-0.6041079339508659,0
2023-07-28 10:52:54,1110.6,540640,1,1113.3,207412,260412,-0.6041079339508659,0
2023-07-28 10:52:56,1110.75,540825,2,1113.3,207350,260517,-0.5906833131963941,0
2023-07-28 10:52:56,1110.75,540854,2,1113.3,207258,260011,-0.5906833131963941,0
2023-07-28 10:52:57,1110.75,540859,1,1113.3,207301,259919,-0.5906833131963941,0
2023-07-28 10:52:58,1110.5,540871,7,1113.3,207252,260950,-0.6130576811205003,0
2023-07-28 10:52:58,1110.65,540871,1,1113.3,207252,260950,-0.5996330603660285,0
2023-07-28 10:52:59,1110.4,540892,2,1113.3,207291,260921,-0.6220074282901346,0
2023-07-28 10:52:59,1110.65,540892,3,1113.3,207291,260921,-0.5996330603660285,0
2023-07-28 10:52:59,1110.65,540892,1,1113.3,207291,260921,-0.5996330603660285,0
2023-07-28 10:52:59,1110.6,540892,1,1113.3,207291,260921,-0.6041079339508659,0
2023-07-28 10:53:02,1110.65,540948,3,1113.3,207500,260712,-0.5996330603660285,0
2023-07-28 10:53:02,1110.5,540948,4,1113.3,207500,260712,-0.6130576811205003,0
2023-07-28 10:53:04,1110.65,540961,2,1113.3,207449,260711,-0.5996330603660285,0
2023-07-28 10:53:04,1110.65,540962,1,1113.3,207449,260530,-0.5996330603660285,0
2023-07-28 10:53:04,1110.65,540962,3,1113.3,207449,260530,-0.5996330603660285,0
2023-07-28 10:53:07,1110.65,540972,2,1113.3,207504,260528,-0.5996330603660285,0
2023-07-28 10:53:07,1110.5,540977,2,1113.3,207305,259951,-0.6130576811205003,0
2023-07-28 10:53:08,1110.55,541023,8,1113.3,207435,259914,-0.6085828075356831,0
2023-07-28 10:53:08,1110.55,541023,1,1113.3,207435,259914,-0.6085828075356831,0
2023-07-28 10:53:09,1110.5,541034,2,1113.3,207432,259701,-0.6130576811205003,0
2023-07-28 10:53:09,1110.55,541034,2,1113.3,207432,259701,-0.6085828075356831,0
2023-07-28 10:53:10,1110.55,541038,2,1113.3,207434,259697,-0.6085828075356831,0
2023-07-28 10:53:11,1110.55,541049,2,1113.3,207474,259696,-0.6085828075356831,0
2023-07-28 10:53:12,1110.5,541062,11,1113.3,207402,260480,-0.6130576811205003,0
2023-07-28 10:53:12,1110.5,541062,66,1113.3,207402,260480,-0.6130576811205003,0
2023-07-28 10:53:13,1110.55,541135,1,1113.3,207405,259775,-0.6085828075356831,0
2023-07-28 10:53:13,1110.55,541135,2,1113.3,207405,259775,-0.6085828075356831,0
2023-07-28 10:53:14,1110.8,541383,37,1113.3,207608,259757,-0.586208439611577,0
2023-07-28 10:53:15,1110.8,541427,6,1113.3,207580,259863,-0.586208439611577,0
2023-07-28 10:53:16,1110.8,541439,5,1113.3,207580,259998,-0.586208439611577,0
2023-07-28 10:53:16,1110.8,541439,2,1113.3,207580,259998,-0.586208439611577,0
2023-07-28 10:53:16,1110.5,541441,2,1113.3,207635,260019,-0.6130576811205003,0
2023-07-28 10:53:18,1110.8,541443,1,1113.3,207633,260019,-0.586208439611577,0
2023-07-28 10:53:19,1110.5,541486,42,1113.3,207816,260270,-0.6130576811205003,0
2023-07-28 10:53:21,1110.8,541493,1,1113.3,207692,261241,-0.586208439611577,0
2023-07-28 10:53:21,1110.8,541493,1,1113.3,207692,261241,-0.586208439611577,0
2023-07-28 10:53:21,1110.8,541493,2,1113.3,207692,261241,-0.586208439611577,0
2023-07-28 10:53:22,1110.5,541500,3,1113.3,207662,261285,-0.6130576811205003,0
2023-07-28 10:53:22,1110.5,541500,3,1113.3,207662,261285,-0.6130576811205003,0
2023-07-28 10:53:23,1110.7,541518,3,1113.3,207291,261280,-0.5951581867812112,0
2023-07-28 10:53:23,1110.7,541518,3,1113.3,207291,261280,-0.5951581867812112,0
2023-07-28 10:53:24,1110.5,541529,6,1113.3,207178,261457,-0.6130576811205003,0
2023-07-28 10:53:25,1110.7,541533,1,1113.3,207313,261470,-0.5951581867812112,0
2023-07-28 10:53:25,1110.7,541533,1,1113.3,207313,261470,-0.5951581867812112,0
2023-07-28 10:53:26,1110.7,541585,7,1113.3,207313,261469,-0.5951581867812112,0
2023-07-28 10:53:27,1110.7,541594,2,1113.3,207315,261468,-0.5951581867812112,0
2023-07-28 10:53:28,1110.6,541617,7,1113.3,207318,261476,-0.6041079339508659,0
2023-07-28 10:53:28,1110.6,541617,4,1113.3,207318,261476,-0.6041079339508659,0
2023-07-28 10:53:29,1110.6,541631,2,1113.3,207228,261327,-0.6041079339508659,0
2023-07-28 10:53:30,1110.5,541634,1,1113.3,207227,261325,-0.6130576811205003,0
2023-07-28 10:53:31,1110.6,541644,1,1113.3,207232,261336,-0.6041079339508659,0
2023-07-28 10:53:31,1110.6,541644,2,1113.3,207232,261336,-0.6041079339508659,0
2023-07-28 10:53:33,1110.6,541695,1,1113.3,207247,261323,-0.6041079339508659,0
2023-07-28 10:53:34,1110.75,541733,13,1113.3,207387,261200,-0.5906833131963941,0
2023-07-28 10:53:35,1110.75,541800,6,1113.3,207412,260606,-0.5906833131963941,0
2023-07-28 10:53:36,1110.75,541828,4,1113.3,207673,261143,-0.5906833131963941,0
2023-07-28 10:53:38,1110.65,541858,8,1113.3,207252,260999,-0.5996330603660285,0
2023-07-28 10:53:38,1110.65,541871,8,1113.3,207252,260999,-0.5996330603660285,0
2023-07-28 10:53:39,1110.5,541875,2,1113.3,207250,260992,-0.6130576811205003,0
2023-07-28 10:53:39,1110.5,541875,8,1113.3,207250,260992,-0.6130576811205003,0
2023-07-28 10:53:41,1110.65,541894,1,1113.3,207269,261213,-0.5996330603660285,0
2023-07-28 10:53:41,1110.65,541923,2,1113.3,207269,260352,-0.5996330603660285,0
2023-07-28 10:53:41,1110.65,541923,4,1113.3,207269,260352,-0.5996330603660285,0
2023-07-28 10:53:43,1110.5,541941,1,1113.3,207463,260508,-0.6130576811205003,0
2023-07-28 10:53:44,1110.55,541950,1,1113.3,207660,260497,-0.6085828075356831,0
2023-07-28 10:53:45,1110.55,541955,1,1113.3,207681,260352,-0.6085828075356831,0
2023-07-28 10:53:46,1110.55,541968,2,1113.3,207808,260383,-0.6085828075356831,0
2023-07-28 10:53:47,1110.5,541991,2,1113.3,207704,260472,-0.6130576811205003,0
2023-07-28 10:53:47,1110.55,541991,3,1113.3,207704,260472,-0.6085828075356831,0
2023-07-28 10:53:48,1110.55,542017,4,1113.3,207682,260477,-0.6085828075356831,0
2023-07-28 10:53:49,1110.5,542041,5,1113.3,207682,260471,-0.6130576811205003,0
2023-07-28 10:53:50,1110.55,542045,2,1113.3,207681,260468,-0.6085828075356831,0
2023-07-28 10:53:50,1110.55,542048,2,1113.3,207696,260436,-0.6085828075356831,0
2023-07-28 10:53:50,1110.55,542048,1,1113.3,207696,260436,-0.6085828075356831,0
2023-07-28 10:53:52,1110.55,542141,1,1113.3,207551,260455,-0.6085828075356831,0
2023-07-28 10:53:52,1110.55,542141,7,1113.3,207551,260455,-0.6085828075356831,0
2023-07-28 10:53:53,1110.55,542165,4,1113.3,207547,260548,-0.6085828075356831,0
2023-07-28 10:53:53,1110.55,542169,4,1113.3,207547,260456,-0.6085828075356831,0
2023-07-28 10:53:53,1110.5,542169,22,1113.3,207547,260456,-0.6130576811205003,0
2023-07-28 10:53:55,1110.55,542209,1,1113.3,207551,260467,-0.6085828075356831,0
2023-07-28 10:53:56,1110.55,542216,1,1113.3,207461,260623,-0.6085828075356831,0
2023-07-28 10:53:57,1110.5,542334,22,1113.3,207596,260587,-0.6130576811205003,0
2023-07-28 10:53:58,1110.6,542514,27,1113.29,207587,261191,-0.6041079339508659,0
2023-07-28 10:53:59,1110.6,542564,8,1113.29,207595,260483,-0.6041079339508659,0
2023-07-28 10:54:00,1110.6,542583,11,1113.29,207596,260485,-0.6041079339508659,0
2023-07-28 10:54:00,1110.55,542583,25,1113.29,207596,260485,-0.6085828075356831,0
2023-07-28 10:54:00,1110.55,542611,25,1113.29,207586,260447,-0.6085828075356831,0
2023-07-28 10:54:00,1110.6,542611,4,1113.29,207586,260447,-0.6041079339508659,0
2023-07-28 10:54:02,1110.6,542630,3,1113.29,207591,260281,-0.6041079339508659,0
2023-07-28 10:54:03,1110.6,542648,15,1113.29,207591,260266,-0.6041079339508659,0
2023-07-28 10:54:03,1110.6,542648,1,1113.29,207591,260266,-0.6041079339508659,0
2023-07-28 10:54:05,1110.6,542652,1,1113.29,207593,260283,-0.6041079339508659,0
2023-07-28 10:54:05,1110.55,542652,7,1113.29,207593,260283,-0.6085828075356831,0
2023-07-28 10:54:06,1110.6,542701,6,1113.29,207591,260321,-0.6041079339508659,0
2023-07-28 10:54:06,1110.55,542701,72,1113.29,207591,260321,-0.6085828075356831,0
2023-07-28 10:54:06,1110.6,542701,1,1113.29,207591,260321,-0.6041079339508659,0
2023-07-28 10:54:06,1110.55,542701,4,1113.29,207591,260321,-0.6085828075356831,0
2023-07-28 10:54:06,1110.6,542701,1,1113.29,207591,260321,-0.6041079339508659,0
2023-07-28 10:54:11,1110.6,542802,16,1113.29,207608,260320,-0.6041079339508659,0
2023-07-28 10:54:11,1110.65,542802,5,1113.29,207608,260320,-0.5996330603660285,0
2023-07-28 10:54:11,1110.6,542802,1,1113.29,207608,260320,-0.6041079339508659,0
2023-07-28 10:54:11,1110.55,542802,25,1113.29,207608,260320,-0.6085828075356831,0
2023-07-28 10:54:15,1110.55,542946,11,1113.29,207435,261097,-0.6085828075356831,0
2023-07-28 10:54:15,1110.7,542946,10,1113.29,207435,261097,-0.5951581867812112,0
2023-07-28 10:54:15,1110.7,542946,1,1113.29,207435,261097,-0.5951581867812112,0
2023-07-28 10:54:15,1110.7,542946,1,1113.29,207435,261097,-0.5951581867812112,0
2023-07-28 10:54:19,1110.6,542971,1,1113.29,207757,260993,-0.6041079339508659,0
2023-07-28 10:54:19,1110.7,542971,2,1113.29,207757,260993,-0.5951581867812112,0
2023-07-28 10:54:19,1110.7,542971,2,1113.29,207757,260993,-0.5951581867812112,0
2023-07-28 10:54:19,1110.6,542971,4,1113.29,207757,260993,-0.6041079339508659,0
2023-07-28 10:54:19,1110.6,542971,1,1113.29,207757,260993,-0.6041079339508659,0
2023-07-28 10:54:24,1110.7,543113,18,1113.29,207743,261002,-0.5951581867812112,0
2023-07-28 10:54:24,1110.7,543113,1,1113.29,207743,261002,-0.5951581867812112,0
2023-07-28 10:54:24,1110.7,543113,10,1113.29,207743,261002,-0.5951581867812112,0
2023-07-28 10:54:24,1110.6,543113,66,1113.29,207743,261002,-0.6041079339508659,0
2023-07-28 10:54:28,1110.6,543239,1,1113.29,207746,261043,-0.6041079339508659,0
2023-07-28 10:54:28,1110.7,543239,19,1113.29,207746,261043,-0.5951581867812112,0
2023-07-28 10:54:28,1110.6,543239,6,1113.29,207746,261043,-0.6041079339508659,0
2023-07-28 10:54:28,1110.6,543239,17,1113.29,207746,261043,-0.6041079339508659,0
2023-07-28 10:54:33,1110.7,543295,1,1113.29,207761,261011,-0.5951581867812112,0
2023-07-28 10:54:33,1110.7,543295,9,1113.29,207761,261011,-0.5951581867812112,0
2023-07-28 10:54:33,1110.7,543295,7,1113.29,207761,261011,-0.5951581867812112,0
2023-07-28 10:54:33,1110.6,543295,1,1113.29,207761,261011,-0.6041079339508659,0
2023-07-28 10:54:33,1110.8,543295,5,1113.29,207761,261011,-0.586208439611577,0
2023-07-28 10:54:36,1110.6,543438,4,1113.29,207827,261061,-0.6041079339508659,0
2023-07-28 10:54:36,1110.6,543438,11,1113.29,207827,261061,-0.6041079339508659,0
2023-07-28 10:54:36,1110.75,543438,8,1113.29,207827,261061,-0.5906833131963941,0
2023-07-28 10:54:36,1110.75,543438,2,1113.29,207827,261061,-0.5906833131963941,0
2023-07-28 10:54:40,1110.85,543743,173,1113.29,207826,263528,-0.5817335660267597,0
2023-07-28 10:54:40,1110.8,543743,26,1113.29,207826,263528,-0.586208439611577,0
2023-07-28 10:54:45,1110.85,544375,12,1113.29,208165,264310,-0.5817335660267597,0
2023-07-28 10:54:45,1110.8,544375,1,1113.29,208165,264310,-0.586208439611577,0
2023-07-28 10:54:45,1110.8,544375,2,1113.29,208165,264310,-0.586208439611577,0
2023-07-28 10:54:48,1110.8,544485,2,1113.29,208511,264738,-0.586208439611577,0
2023-07-28 10:54:48,1110.9,544485,16,1113.29,208511,264738,-0.5772586924419223,0
2023-07-28 10:54:48,1110.9,544485,1,1113.29,208511,264738,-0.5772586924419223,0
2023-07-28 10:54:48,1110.9,544485,1,1113.29,208511,264738,-0.5772586924419223,0
2023-07-28 10:54:48,1110.8,544485,32,1113.29,208511,264738,-0.586208439611577,0
2023-07-28 10:54:53,1110.8,545224,2,1113.28,208347,264730,-0.586208439611577,0
2023-07-28 10:54:53,1110.9,545224,4,1113.28,208347,264730,-0.5772586924419223,0
2023-07-28 10:54:53,1110.8,545224,1,1113.28,208347,264730,-0.586208439611577,0
2023-07-28 10:54:53,1110.9,545224,1,1113.28,208347,264730,-0.5772586924419223,0
2023-07-28 10:54:53,1110.8,545224,1,1113.28,208347,264730,-0.586208439611577,0
2023-07-28 10:54:57,1110.8,545734,1,1113.28,208480,265823,-0.586208439611577,0
2023-07-28 10:54:57,1110.9,545734,76,1113.28,208480,265823,-0.5772586924419223,0
2023-07-28 10:54:57,1110.7,545734,192,1113.28,208480,265823,-0.5951581867812112,0
2023-07-28 10:54:57,1110.75,545734,1,1113.28,208480,265823,-0.5906833131963941,0
2023-07-28 10:54:57,1110.75,545734,3,1113.28,208480,265823,-0.5906833131963941,0
2023-07-28 10:55:01,1110.55,546101,5,1113.28,208214,267614,-0.6085828075356831,0
2023-07-28 10:55:01,1110.75,546101,5,1113.28,208214,267614,-0.5906833131963941,0
2023-07-28 10:55:01,1110.75,546101,1,1113.28,208214,267614,-0.5906833131963941,0
2023-07-28 10:55:01,1110.6,546101,1,1113.28,208214,267614,-0.6041079339508659,0
2023-07-28 10:55:05,1110.85,546668,256,1113.28,208328,270087,-0.5817335660267597,0
2023-07-28 10:55:05,1110.75,546668,1,1113.28,208328,270087,-0.5906833131963941,0
2023-07-28 10:55:05,1110.75,546788,1,1113.27,208215,269173,-0.5906833131963941,0
2023-07-28 10:55:05,1110.55,546788,55,1113.27,208215,269173,-0.6085828075356831,0
2023-07-28 10:55:07,1110.65,546862,1,1113.27,208292,270311,-0.5996330603660285,0
2023-07-28 10:55:07,1110.65,546862,11,1113.27,208292,270311,-0.5996330603660285,0
2023-07-28 10:55:08,1110.15,561397,233,1113.19,194801,269922,-0.6443817962142407,0
2023-07-28 10:55:09,1110.15,563692,7,1113.17,195758,270868,-0.6443817962142407,0
2023-07-28 10:55:09,1109.3,563692,26,1113.17,195758,270868,-0.7204546471562139,0
2023-07-28 10:55:09,1109.3,565683,26,1113.16,195238,271594,-0.7204546471562139,0
2023-07-28 10:55:09,1109.95,565683,299,1113.16,195238,271594,-0.6622812905535297,0
2023-07-28 10:55:11,1109.8,566603,138,1113.16,195169,271034,-0.6757059113080015,0
2023-07-28 10:55:12,1109.7,566772,18,1113.16,195342,270519,-0.6846556584776359,0
2023-07-28 10:55:13,1109.7,566815,16,1113.16,195342,270571,-0.6846556584776359,0
2023-07-28 10:55:13,1109.7,566815,10,1113.16,195342,270571,-0.6846556584776359,0
2023-07-28 10:55:15,1109.7,566862,10,1113.15,195480,270529,-0.6846556584776359,0
2023-07-28 10:55:15,1109.45,567064,4,1113.15,195676,270525,-0.707030026401742,0
2023-07-28 10:55:17,1109.55,567250,25,1113.15,195644,270742,-0.6980802792321077,0
2023-07-28 10:55:17,1109.45,567250,3,1113.15,195644,270742,-0.707030026401742,0
2023-07-28 10:55:17,1109.45,567253,3,1113.15,195649,270740,-0.707030026401742,0
2023-07-28 10:55:17,1109.45,567253,1,1113.15,195649,270740,-0.707030026401742,0
2023-07-28 10:55:19,1109.4,567256,1,1113.15,195534,270759,-0.7115048999865592,0
2023-07-28 10:55:19,1109.4,567256,2,1113.15,195534,270759,-0.7115048999865592,0
2023-07-28 10:55:19,1109.3,567258,1,1113.15,195613,270819,-0.7204546471562139,0
2023-07-28 10:55:21,1109.35,567272,2,1113.15,195776,271169,-0.7159797735713966,0
2023-07-28 10:55:22,1109.3,567348,25,1113.15,195505,271214,-0.7204546471562139,0
2023-07-28 10:55:22,1109.35,567435,13,1113.15,195643,271168,-0.7159797735713966,0
2023-07-28 10:55:24,1109.35,567448,2,1113.15,195610,271078,-0.7159797735713966,0
2023-07-28 10:55:25,1109.35,567450,2,1113.15,195567,271076,-0.7159797735713966,0
2023-07-28 10:55:25,1109.35,567450,1,1113.15,195567,271076,-0.7159797735713966,0
2023-07-28 10:55:26,1109.25,567893,20,1113.15,195724,270753,-0.724929520741031,0
2023-07-28 10:55:27,1109.15,567980,13,1113.15,195722,270715,-0.7338792679106653,0
2023-07-28 10:55:29,1109.15,568347,1,1113.14,195817,270757,-0.7338792679106653,0
2023-07-28 10:55:29,1109.15,568418,11,1113.14,195699,270693,-0.7338792679106653,0
2023-07-28 10:55:30,1109.15,568428,10,1113.14,195845,270683,-0.7338792679106653,0
2023-07-28 10:55:31,1109.15,568640,32,1113.14,195319,270237,-0.7338792679106653,0
2023-07-28 10:55:32,1109.15,568672,4,1113.14,195593,271003,-0.7338792679106653,0
2023-07-28 10:55:33,1109.15,568695,4,1113.14,195631,271095,-0.7338792679106653,0
2023-07-28 10:55:34,1109.15,568789,7,1113.14,195631,270994,-0.7338792679106653,0
2023-07-28 10:55:35,1109.15,568803,2,1113.14,195641,271202,-0.7338792679106653,0
2023-07-28 10:55:35,1109.1,568803,29,1113.14,195641,271202,-0.7383541414955028,0
2023-07-28 10:55:37,1109.05,569278,3,1113.14,195901,271162,-0.74282901508032,0
2023-07-28 10:55:39,1109.1,569502,5,1113.14,196106,270392,-0.7383541414955028,0
2023-07-28 10:55:39,1109.1,569538,1,1113.14,196038,270354,-0.7383541414955028,0
2023-07-28 10:55:40,1109.1,569973,1,1113.13,195907,270313,-0.7383541414955028,0
2023-07-28 10:55:41,1109.05,570217,37,1113.13,195321,270510,-0.74282901508032,0
2023-07-28 10:55:42,1109.0,570359,18,1113.13,195721,270431,-0.7473038886651371,0
2023-07-28 10:55:44,1109.0,571979,100,1113.12,193323,270681,-0.7473038886651371,0
2023-07-28 10:55:44,1109.05,572413,17,1113.12,192686,270672,-0.74282901508032,0
2023-07-28 10:55:46,1108.9,572490,1,1113.11,193487,270641,-0.7562536358347715,0
2023-07-28 10:55:46,1108.95,572490,2,1113.11,193487,270641,-0.7517787622499543,0
2023-07-28 10:55:47,1108.95,572493,1,1113.11,193487,270612,-0.7517787622499543,0
2023-07-28 10:55:47,1108.95,572493,1,1113.11,193654,270614,-0.7517787622499543,0
2023-07-28 10:55:47,1108.85,572493,5,1113.11,193654,270614,-0.760728509419609,0
2023-07-28 10:55:49,1108.75,572601,73,1113.11,194192,271114,-0.7696782565892433,0
2023-07-28 10:55:51,1108.9,572618,1,1113.11,194269,271072,-0.7562536358347715,0
2023-07-28 10:55:51,1108.9,572620,1,1113.11,194277,271070,-0.7562536358347715,0
2023-07-28 10:55:52,1108.8,572711,2,1113.11,193883,270134,-0.7652033830044261,0
2023-07-28 10:55:52,1108.75,572711,50,1113.11,193883,270134,-0.7696782565892433,0
2023-07-28 10:55:53,1108.8,572908,31,1113.11,193937,270493,-0.7652033830044261,0
2023-07-28 10:55:53,1108.75,572908,1,1113.11,193937,270493,-0.7696782565892433,0
2023-07-28 10:55:54,1108.8,573048,21,1113.11,194027,270085,-0.7652033830044261,0
2023-07-28 10:55:55,1108.8,573070,3,1113.11,194312,270101,-0.7652033830044261,0
2023-07-28 10:55:56,1108.8,573128,9,1113.11,193873,271147,-0.7652033830044261,0
2023-07-28 10:55:57,1108.5,573613,1,1113.11,193376,270942,-0.7920526245133495,0
2023-07-28 10:55:58,1108.75,573974,70,1113.1,193371,271319,-0.7696782565892433,0
2023-07-28 10:55:58,1108.8,573974,54,1113.1,193371,271319,-0.7652033830044261,0
2023-07-28 10:55:59,1108.75,574030,2,1113.1,193549,271266,-0.7696782565892433,0
2023-07-28 10:56:00,1108.75,574091,2,1113.1,193497,271346,-0.7696782565892433,0
2023-07-28 10:56:00,1108.8,574091,3,1113.1,193497,271346,-0.7652033830044261,0
2023-07-28 10:56:01,1108.75,574140,11,1113.1,194023,271483,-0.7696782565892433,0
2023-07-28 10:56:01,1108.8,574140,7,1113.1,194023,271483,-0.7652033830044261,0
2023-07-28 10:56:01,1108.8,574147,1,1113.1,194023,271369,-0.7652033830044261,0
2023-07-28 10:56:03,1108.75,574150,1,1113.1,194269,271379,-0.7696782565892433,0
2023-07-28 10:56:04,1108.8,574256,62,1113.1,194268,271397,-0.7652033830044261,0
2023-07-28 10:56:04,1108.8,574256,16,1113.1,194268,271397,-0.7652033830044261,0
2023-07-28 10:56:04,1108.8,574272,16,1113.1,194306,271403,-0.7652033830044261,0
2023-07-28 10:56:05,1108.8,574276,2,1113.1,194412,271399,-0.7652033830044261,0
2023-07-28 10:56:05,1108.8,574276,25,1113.1,194412,271399,-0.7652033830044261,0
2023-07-28 10:56:07,1108.8,574375,15,1113.1,194388,271424,-0.7652033830044261,0
2023-07-28 10:56:07,1108.8,574390,1,1113.1,194393,271409,-0.7652033830044261,0
2023-07-28 10:56:09,1108.8,574894,1,1113.1,194261,271110,-0.7652033830044261,0
2023-07-28 10:56:09,1108.8,575038,1,1113.1,194028,271182,-0.7652033830044261,0
2023-07-28 10:56:09,1108.8,575038,20,1113.1,194028,271182,-0.7652033830044261,0
2023-07-28 10:56:10,1108.85,575062,20,1113.1,194359,271131,-0.760728509419609,0
2023-07-28 10:56:12,1108.75,576279,2,1113.09,194941,266250,-0.7696782565892433,0
2023-07-28 10:56:12,1108.75,576279,3,1113.09,194941,266250,-0.7696782565892433,0
2023-07-28 10:56:13,1108.8,576529,50,1113.08,195089,269807,-0.7652033830044261,0
2023-07-28 10:56:14,1108.95,576670,10,1113.08,194963,269922,-0.7517787622499543,0
2023-07-28 10:56:15,1109.0,576693,3,1113.08,194962,269539,-0.7473038886651371,0
2023-07-28 10:56:15,1109.0,576696,3,1113.08,194813,270236,-0.7473038886651371,0
2023-07-28 10:56:17,1109.2,578157,3,1113.07,195776,267861,-0.7294043943258481,0
2023-07-28 10:56:18,1109.25,578376,33,1113.07,195308,267589,-0.724929520741031,0
2023-07-28 10:56:19,1109.25,578412,6,1113.07,195323,268253,-0.724929520741031,0
2023-07-28 10:56:20,1109.25,578418,1,1113.07,195240,268417,-0.724929520741031,0
2023-07-28 10:56:21,1109.0,578420,1,1113.07,195239,268446,-0.7473038886651371,0
2023-07-28 10:56:21,1109.0,578420,1,1113.07,195239,268446,-0.7473038886651371,0
2023-07-28 10:56:23,1109.1,578426,1,1113.07,195232,267622,-0.7383541414955028,0
2023-07-28 10:56:23,1109.1,578426,1,1113.07,195232,267622,-0.7383541414955028,0
2023-07-28 10:56:23,1109.1,578426,1,1113.07,195225,267602,-0.7383541414955028,0
2023-07-28 10:56:25,1109.15,578427,1,1113.07,195214,267601,-0.7338792679106653,0
2023-07-28 10:56:25,1109.15,578427,1,1113.07,195214,267601,-0.7338792679106653,0
2023-07-28 10:56:25,1109.15,578427,1,1113.07,195157,267601,-0.7338792679106653,0
2023-07-28 10:56:25,1109.15,578427,11,1113.07,195157,267601,-0.7338792679106653,0
2023-07-28 10:56:27,1109.05,578438,1,1113.07,195003,267498,-0.74282901508032,0
2023-07-28 10:56:28,1109.05,578439,1,1113.07,195008,267461,-0.74282901508032,0
2023-07-28 10:56:29,1109.05,578442,1,1113.07,194793,267654,-0.74282901508032,0
2023-07-28 10:56:29,1109.05,578442,7,1113.07,194793,267654,-0.74282901508032,0
2023-07-28 10:56:31,1109.05,578509,42,1113.07,194751,267821,-0.74282901508032,0
2023-07-28 10:56:31,1109.15,578509,1,1113.07,194751,267821,-0.7338792679106653,0
2023-07-28 10:56:32,1109.15,578599,13,1113.07,194701,267773,-0.7338792679106653,0
2023-07-28 10:56:33,1109.05,578622,1,1113.07,194701,268471,-0.74282901508032,0
2023-07-28 10:56:34,1109.05,578628,1,1113.07,194669,267700,-0.74282901508032,0
2023-07-28 10:56:34,1109.15,578628,1,1113.07,194669,267700,-0.7338792679106653,0
2023-07-28 10:56:35,1109.15,578639,1,1113.07,194689,267758,-0.7338792679106653,0
2023-07-28 10:56:36,1109.15,578686,46,1113.07,194643,267738,-0.7338792679106653,0
2023-07-28 10:56:36,1109.15,578686,1,1113.07,194643,267738,-0.7338792679106653,0
2023-07-28 10:56:37,1109.05,578766,70,1113.07,194651,267700,-0.74282901508032,0
2023-07-28 10:56:37,1109.25,578766,1,1113.07,194651,267700,-0.724929520741031,0
2023-07-28 10:56:38,1109.25,578785,1,1113.07,194776,267667,-0.724929520741031,0
2023-07-28 10:56:38,1109.25,578785,1,1113.07,194776,267667,-0.724929520741031,0
2023-07-28 10:56:38,1109.25,578788,1,1113.07,194777,268365,-0.724929520741031,0
2023-07-28 10:56:40,1109.05,578791,1,1113.07,194783,268428,-0.74282901508032,0
2023-07-28 10:56:42,1109.25,578795,2,1113.07,194892,268430,-0.724929520741031,0
2023-07-28 10:56:42,1109.25,578796,1,1113.07,194616,267770,-0.724929520741031,0
2023-07-28 10:56:44,1109.25,578897,1,1113.07,194796,268334,-0.724929520741031,0
2023-07-28 10:56:44,1109.25,578897,11,1113.07,194796,268334,-0.724929520741031,0
2023-07-28 10:56:44,1109.25,578912,11,1113.07,194797,268568,-0.724929520741031,0
2023-07-28 10:56:44,1109.25,578912,3,1113.07,194797,268568,-0.724929520741031,0
2023-07-28 10:56:46,1109.05,578916,1,1113.07,194871,268458,-0.74282901508032,0
2023-07-28 10:56:47,1109.25,578940,2,1113.07,194876,268535,-0.724929520741031,0
2023-07-28 10:56:47,1109.3,578940,2,1113.07,194876,268535,-0.7204546471562139,0
2023-07-28 10:56:48,1109.3,579209,18,1113.07,194983,268503,-0.7204546471562139,0
2023-07-28 10:56:48,1109.35,579209,5,1113.07,194983,268503,-0.7159797735713966,0
2023-07-28 10:56:48,1109.35,579249,5,1113.07,195159,268741,-0.7159797735713966,0
2023-07-28 10:56:48,1109.35,579249,1,1113.07,195159,268741,-0.7159797735713966,0
2023-07-28 10:56:50,1109.35,579286,6,1113.07,195289,267956,-0.7159797735713966,0
2023-07-28 10:56:51,1109.35,579310,17,1113.07,195366,268773,-0.7159797735713966,0
2023-07-28 10:56:51,1109.35,579310,4,1113.07,195366,268773,-0.7159797735713966,0
2023-07-28 10:56:52,1109.05,579351,2,1113.07,195340,268867,-0.74282901508032,0
2023-07-28 10:56:54,1109.05,579380,4,1113.06,195336,269134,-0.74282901508032,0
2023-07-28 10:56:54,1109.25,579380,1,1113.06,195336,269134,-0.724929520741031,0
2023-07-28 10:56:55,1109.25,579408,9,1113.06,195285,269129,-0.724929520741031,0
2023-07-28 10:56:55,1109.05,579408,1,1113.06,195285,269129,-0.74282901508032,0
2023-07-28 10:56:56,1109.35,579414,1,1113.06,195385,269251,-0.7159797735713966,0
2023-07-28 10:56:56,1109.35,579414,1,1113.06,195385,269251,-0.7159797735713966,0
2023-07-28 10:56:56,1109.35,579414,1,1113.06,195406,269251,-0.7159797735713966,0
2023-07-28 10:56:56,1109.35,579414,1,1113.06,195403,269285,-0.7159797735713966,0
2023-07-28 10:56:56,1109.05,579414,1,1113.06,195403,269285,-0.74282901508032,0
2023-07-28 10:57:00,1109.25,579420,3,1113.06,195454,269290,-0.724929520741031,0
2023-07-28 10:57:00,1109.25,579421,1,1113.06,195455,269262,-0.724929520741031,0
2023-07-28 10:57:00,1109.25,579421,1,1113.06,195455,269262,-0.724929520741031,0
2023-07-28 10:57:03,1109.25,579451,5,1113.06,195366,270065,-0.724929520741031,0
2023-07-28 10:57:04,1109.25,579461,5,1113.06,195366,270065,-0.724929520741031,0
2023-07-28 10:57:04,1109.25,579465,3,1113.06,195387,270056,-0.724929520741031,0
2023-07-28 10:57:05,1109.25,579482,13,1113.06,196131,269060,-0.724929520741031,0
2023-07-28 10:57:05,1109.3,579482,2,1113.06,196131,269060,-0.7204546471562139,0
2023-07-28 10:57:06,1109.3,579489,5,1113.06,196449,269698,-0.7204546471562139,0
2023-07-28 10:57:08,1109.1,579494,1,1113.06,196413,268906,-0.7383541414955028,0
2023-07-28 10:57:08,1109.1,579494,1,1113.06,196535,268467,-0.7383541414955028,0
2023-07-28 10:57:08,1109.1,579494,1,1113.06,196443,268901,-0.7383541414955028,0
2023-07-28 10:57:08,1109.2,579494,12,1113.06,196443,268901,-0.7294043943258481,0
2023-07-28 10:57:10,1109.2,579539,1,1113.06,196444,268866,-0.7294043943258481,0
2023-07-28 10:57:10,1109.2,579539,1,1113.06,196444,268866,-0.7294043943258481,0
2023-07-28 10:57:10,1109.2,579547,1,1113.06,196445,268875,-0.7294043943258481,0
2023-07-28 10:57:12,1109.1,579549,1,1113.06,196391,268684,-0.7383541414955028,0
2023-07-28 10:57:13,1109.3,579866,73,1113.06,195855,268781,-0.7204546471562139,0
2023-07-28 10:57:13,1109.3,579866,47,1113.06,195855,268781,-0.7204546471562139,0
2023-07-28 10:57:13,1109.3,579913,7,1113.06,196188,269354,-0.7204546471562139,0
2023-07-28 10:57:15,1109.3,580169,249,1113.06,196319,269321,-0.7204546471562139,0
2023-07-28 10:57:17,1109.35,580229,20,1113.06,196291,269197,-0.7159797735713966,0
2023-07-28 10:57:17,1109.35,580239,1,1113.06,196291,269205,-0.7159797735713966,0
2023-07-28 10:57:19,1109.35,580318,77,1113.06,196306,269127,-0.7159797735713966,0
2023-07-28 10:57:19,1109.35,580330,12,1113.06,196384,269248,-0.7159797735713966,0
2023-07-28 10:57:20,1109.35,580333,5,1113.06,188684,268505,-0.7159797735713966,0
2023-07-28 10:57:20,1109.35,580343,2,1113.06,188734,268495,-0.7159797735713966,0
2023-07-28 10:57:22,1109.1,580350,4,1113.06,188998,267859,-0.7383541414955028,0
2023-07-28 10:57:22,1109.25,580350,1,1113.06,188998,267859,-0.724929520741031,0
2023-07-28 10:57:23,1109.25,580370,3,1113.06,189062,267686,-0.724929520741031,0
2023-07-28 10:57:24,1109.35,580496,81,1113.06,189702,267270,-0.7159797735713966,0
2023-07-28 10:57:24,1109.35,580596,81,1113.06,189791,267170,-0.7159797735713966,0
2023-07-28 10:57:24,1109.45,580596,2,1113.06,189791,267170,-0.707030026401742,0
2023-07-28 10:57:26,1109.45,580627,3,1113.06,189824,267518,-0.707030026401742,0
2023-07-28 10:57:26,1109.35,580632,1,1113.06,189260,267247,-0.7159797735713966,0
2023-07-28 10:57:27,1109.35,580633,1,1113.06,196732,268306,-0.7159797735713966,0
2023-07-28 10:57:29,1109.35,580634,1,1113.06,196653,269233,-0.7159797735713966,0
2023-07-28 10:57:29,1109.35,580634,1,1113.06,196674,269006,-0.7159797735713966,0
2023-07-28 10:57:31,1109.3,580645,10,1113.06,196664,268980,-0.7204546471562139,0
2023-07-28 10:57:31,1109.35,580645,2,1113.06,196664,268980,-0.7159797735713966,0
2023-07-28 10:57:32,1109.3,580668,10,1113.06,196678,268967,-0.7204546471562139,0
2023-07-28 10:57:33,1109.35,580762,14,1113.06,196600,269092,-0.7159797735713966,0
2023-07-28 10:57:35,1109.35,580821,25,1113.06,196901,269073,-0.7159797735713966,0
2023-07-28 10:57:35,1109.35,580841,1,1113.06,196895,269078,-0.7159797735713966,0
2023-07-28 10:57:36,1109.35,580845,1,1113.06,196890,269069,-0.7159797735713966,0
2023-07-28 10:57:37,1109.3,580967,8,1113.05,196843,269080,-0.7204546471562139,0
2023-07-28 10:57:37,1109.35,580967,4,1113.05,196843,269080,-0.7159797735713966,0
2023-07-28 10:57:38,1109.35,581686,7,1113.05,195105,269196,-0.7159797735713966,0
2023-07-28 10:57:39,1109.35,581713,10,1113.05,195980,270052,-0.7159797735713966,0
2023-07-28 10:57:39,1109.35,581713,10,1113.05,196017,270133,-0.7159797735713966,0
2023-07-28 10:57:39,1109.35,581713,10,1113.05,196017,269418,-0.7159797735713966,0
2023-07-28 10:57:39,1109.0,581713,19,1113.05,196017,269418,-0.7473038886651371,0
2023-07-28 10:57:43,1109.2,581756,2,1113.05,196122,269293,-0.7294043943258481,0
2023-07-28 10:57:44,1109.2,581760,3,1113.05,196227,269263,-0.7294043943258481,0
2023-07-28 10:57:45,1109.0,581761,1,1113.05,195928,270744,-0.7473038886651371,0
2023-07-28 10:57:45,1109.0,581761,1,1113.05,195750,270853,-0.7473038886651371,0
2023-07-28 10:57:45,1109.0,581761,1,1113.05,196050,270749,-0.7473038886651371,0
2023-07-28 10:57:48,1109.2,582343,1,1113.05,195676,270249,-0.7294043943258481,0
2023-07-28 10:57:49,1109.2,582344,1,1113.05,196002,271013,-0.7294043943258481,0
2023-07-28 10:57:49,1109.2,582344,1,1113.05,196002,271013,-0.7294043943258481,0
2023-07-28 10:57:50,1109.2,582345,1,1113.05,196003,270927,-0.7294043943258481,0
2023-07-28 10:57:51,1108.9,582346,1,1113.05,196032,270929,-0.7562536358347715,0
2023-07-28 10:57:53,1108.85,582976,3,1113.04,196063,270903,-0.760728509419609,0
2023-07-28 10:57:55,1109.1,582987,1,1113.04,196063,270919,-0.7383541414955028,0
2023-07-28 10:57:56,1109.0,583043,55,1113.04,196046,270941,-0.7473038886651371,0
2023-07-28 10:57:56,1108.7,584255,150,1113.03,194789,270932,-0.7741531301740604,0
2023-07-28 10:57:56,1108.6,584255,1,1113.03,194789,270932,-0.7831028773437151,0
2023-07-28 10:57:58,1108.75,584261,4,1113.03,194788,270827,-0.7696782565892433,0
2023-07-28 10:57:59,1108.75,584312,10,1113.03,194788,270429,-0.7696782565892433,0
2023-07-28 10:58:00,1108.15,585217,30,1113.02,194127,270021,-0.8233767396070899,0
2023-07-28 10:58:00,1108.15,585217,30,1113.02,194127,270021,-0.8233767396070899,0
2023-07-28 10:58:00,1108.15,585217,30,1113.02,194187,270009,-0.8233767396070899,0
2023-07-28 10:58:00,1108.65,585217,8,1113.02,194187,270009,-0.7786280037588776,0
2023-07-28 10:58:02,1108.25,585382,5,1113.02,194226,270134,-0.8144269924374555,0
2023-07-28 10:58:03,1108.65,585402,20,1113.02,193949,270134,-0.7786280037588776,0
2023-07-28 10:58:04,1108.25,585423,1,1113.02,193955,270364,-0.8144269924374555,0
2023-07-28 10:58:04,1108.25,585423,1,1113.02,193955,270364,-0.8144269924374555,0
2023-07-28 10:58:04,1108.25,585423,1,1113.02,194114,270379,-0.8144269924374555,0
2023-07-28 10:58:04,1108.25,585423,4,1113.02,194114,270379,-0.8144269924374555,0
2023-07-28 10:58:07,1108.25,585427,66,1113.02,194570,270364,-0.8144269924374555,0
2023-07-28 10:58:07,1108.25,585493,66,1113.02,194466,271252,-0.8144269924374555,0
2023-07-28 10:58:09,1108.5,585494,1,1113.02,194507,271251,-0.7920526245133495,0
2023-07-28 10:58:09,1108.5,585494,4,1113.02,194507,271251,-0.7920526245133495,0
2023-07-28 10:58:10,1108.25,585813,89,1113.02,194597,271140,-0.8144269924374555,0
2023-07-28 10:58:12,1108.15,585914,1,1113.02,194693,271234,-0.8233767396070899,0
2023-07-28 10:58:13,1108.4,585915,1,1113.02,195846,271249,-0.8010023716829837,0
2023-07-28 10:58:13,1108.4,585916,1,1113.02,195754,271248,-0.8010023716829837,0
2023-07-28 10:58:15,1108.1,586390,1,1113.01,195426,270226,-0.8278516131919273,0
2023-07-28 10:58:15,1108.15,586407,1,1113.01,195356,270428,-0.8233767396070899,0
2023-07-28 10:58:17,1108.05,586816,83,1113.01,195168,270249,-0.8323264867767446,0
2023-07-28 10:58:17,1108.05,586816,83,1113.01,195316,270181,-0.8323264867767446,0
2023-07-28 10:58:18,1108.1,586839,1,1113.01,196158,270336,-0.8278516131919273,0
2023-07-28 10:58:19,1108.15,586868,25,1113.01,196099,270406,-0.8233767396070899,0
2023-07-28 10:58:19,1108.1,586868,192,1113.01,196099,270406,-0.8278516131919273,0
2023-07-28 10:58:19,1108.1,587155,192,1113.01,195874,270270,-0.8278516131919273,0
2023-07-28 10:58:19,1108.15,587155,2,1113.01,195874,270270,-0.8233767396070899,0
2023-07-28 10:58:20,1108.1,587157,1,1113.01,195735,270323,-0.8278516131919273,0
2023-07-28 10:58:22,1108.0,587598,64,1113.0,195617,270736,-0.8368013603615617,0
2023-07-28 10:58:23,1107.55,590184,5,1112.98,189100,271656,-0.8770752226249569,0
2023-07-28 10:58:24,1107.65,590309,10,1112.98,192357,272541,-0.8681254754553022,0
2023-07-28 10:58:25,1107.65,590319,10,1112.98,192881,271999,-0.8681254754553022,0
2023-07-28 10:58:25,1107.55,590319,1,1112.98,192881,271999,-0.8770752226249569,0
2023-07-28 10:58:27,1107.55,590321,1,1112.98,192936,272141,-0.8770752226249569,0
2023-07-28 10:58:27,1107.55,590371,50,1112.98,193686,271930,-0.8770752226249569,0
2023-07-28 10:58:28,1107.45,590424,1,1112.98,193707,272080,-0.8860249697945911,0
2023-07-28 10:58:30,1107.45,590426,1,1112.98,193629,272021,-0.8860249697945911,0
2023-07-28 10:58:30,1107.4,590555,2,1112.98,193689,272196,-0.8904998433794084,0
2023-07-28 10:58:30,1107.45,590555,1,1112.98,193689,272196,-0.8860249697945911,0
2023-07-28 10:58:32,1107.4,590559,2,1112.98,193685,272182,-0.8904998433794084,0
2023-07-28 10:58:32,1107.4,590559,2,1112.98,193686,272293,-0.8904998433794084,0
2023-07-28 10:58:33,1107.45,590561,2,1112.98,193621,272575,-0.8860249697945911,0
2023-07-28 10:58:33,1107.45,590561,5,1112.98,193621,272540,-0.8860249697945911,0
2023-07-28 10:58:35,1107.45,590568,2,1112.98,193621,272534,-0.8860249697945911,0
2023-07-28 10:58:36,1107.4,590569,1,1112.98,193584,272561,-0.8904998433794084,0
2023-07-28 10:58:37,1107.45,590665,14,1112.98,193879,272534,-0.8860249697945911,0
2023-07-28 10:58:37,1107.45,590665,14,1112.98,193879,272534,-0.8860249697945911,0
2023-07-28 10:58:38,1107.4,590725,50,1112.98,194181,272454,-0.8904998433794084,0
2023-07-28 10:58:39,1107.4,590727,2,1112.98,194717,272574,-0.8904998433794084,0
2023-07-28 10:58:40,1107.4,590748,1,1112.98,194711,272522,-0.8904998433794084,0
2023-07-28 10:58:41,1107.4,590888,5,1112.97,194718,272552,-0.8904998433794084,0
2023-07-28 10:58:42,1107.45,590956,1,1112.97,194665,272698,-0.8860249697945911,0
2023-07-28 10:58:43,1107.4,590968,12,1112.97,194653,272698,-0.8904998433794084,0
2023-07-28 10:58:44,1107.45,590970,2,1112.97,194728,272363,-0.8860249697945911,0
2023-07-28 10:58:45,1107.45,590971,1,1112.97,194877,272466,-0.8860249697945911,0
2023-07-28 10:58:45,1107.45,590971,1,1112.97,194877,272466,-0.8860249697945911,0
2023-07-28 10:58:46,1107.4,591069,97,1112.97,194741,272731,-0.8904998433794084,0
2023-07-28 10:58:47,1107.45,591121,50,1112.97,194755,272460,-0.8860249697945911,0
2023-07-28 10:58:48,1107.45,591132,10,1112.97,194768,272450,-0.8860249697945911,0
2023-07-28 10:58:49,1107.4,591147,15,1112.97,194748,272752,-0.8904998433794084,0
2023-07-28 10:58:49,1107.45,591147,1,1112.97,194748,272752,-0.8860249697945911,0
2023-07-28 10:58:50,1107.45,591151,1,1112.97,194754,272783,-0.8860249697945911,0
2023-07-28 10:58:51,1107.4,591153,2,1112.97,194739,273051,-0.8904998433794084,0
2023-07-28 10:58:53,1107.45,591250,1,1112.97,194870,273009,-0.8860249697945911,0
2023-07-28 10:58:53,1107.45,591250,1,1112.97,194870,273009,-0.8860249697945911,0
2023-07-28 10:58:54,1107.45,591251,1,1112.97,194869,272828,-0.8860249697945911,0
2023-07-28 10:58:54,1107.4,591252,1,1112.97,194685,272939,-0.8904998433794084,0
2023-07-28 10:58:55,1107.45,591262,1,1112.97,194839,272938,-0.8860249697945911,0
2023-07-28 10:58:55,1107.45,591262,1,1112.97,194840,272938,-0.8860249697945911,0
2023-07-28 10:58:57,1107.4,591328,66,1112.97,194240,272938,-0.8904998433794084,0
2023-07-28 10:58:59,1107.4,591492,1,1112.97,194113,273023,-0.8904998433794084,0
2023-07-28 10:58:59,1107.45,591823,35,1112.97,194113,272795,-0.8860249697945911,0
2023-07-28 10:58:59,1107.4,591823,1,1112.97,194113,272795,-0.8904998433794084,0
2023-07-28 10:59:01,1107.45,591840,10,1112.97,194112,272792,-0.8860249697945911,0
2023-07-28 10:59:01,1107.45,591840,10,1112.97,194112,272792,-0.8860249697945911,0
2023-07-28 10:59:01,1107.45,591840,10,1112.97,194133,272901,-0.8860249697945911,0
2023-07-28 10:59:03,1107.45,591841,1,1112.97,194350,272873,-0.8860249697945911,0
2023-07-28 10:59:04,1107.45,591853,5,1112.97,194356,272677,-0.8860249697945911,0
2023-07-28 10:59:06,1107.6,593111,7,1112.95,195066,272327,-0.8726003490401397,0
2023-07-28 10:59:06,1107.55,593111,2,1112.95,195066,272327,-0.8770752226249569,0
2023-07-28 10:59:07,1107.55,593186,1,1112.95,194768,272362,-0.8770752226249569,0
2023-07-28 10:59:07,1107.55,593186,1,1112.95,194768,272362,-0.8770752226249569,0
2023-07-28 10:59:07,1107.55,593186,47,1112.95,194770,272461,-0.8770752226249569,0
2023-07-28 10:59:08,1107.65,593233,13,1112.95,194780,272500,-0.8681254754553022,0
2023-07-28 10:59:09,1107.65,593346,13,1112.95,195098,272153,-0.8681254754553022,0
2023-07-28 10:59:09,1107.65,593346,25,1112.95,195098,272153,-0.8681254754553022,0
2023-07-28 10:59:11,1107.65,593373,1,1112.95,195099,272554,-0.8681254754553022,0
2023-07-28 10:59:11,1107.55,593373,3,1112.95,195099,272554,-0.8770752226249569,0
2023-07-28 10:59:12,1107.55,593451,67,1112.95,194959,272679,-0.8770752226249569,0
2023-07-28 10:59:13,1107.55,593452,1,1112.95,195036,272541,-0.8770752226249569,0
2023-07-28 10:59:13,1107.55,593452,1,1112.95,194964,272556,-0.8770752226249569,0
2023-07-28 10:59:13,1107.65,593452,9,1112.95,194964,272556,-0.8681254754553022,0
2023-07-28 10:59:15,1107.65,593461,9,1112.95,194968,272514,-0.8681254754553022,0
2023-07-28 10:59:15,1107.65,593461,12,1112.95,194968,272514,-0.8681254754553022,0
2023-07-28 10:59:16,1107.65,593537,1,1112.95,195019,272664,-0.8681254754553022,0
2023-07-28 10:59:17,1107.55,593557,6,1112.95,195044,272381,-0.8770752226249569,0
2023-07-28 10:59:18,1107.55,593566,6,1112.95,195238,272410,-0.8770752226249569,0
2023-07-28 10:59:18,1107.65,593566,1,1112.95,195238,272410,-0.8681254754553022,0
2023-07-28 10:59:19,1107.65,593567,1,1112.95,195298,272607,-0.8681254754553022,0
2023-07-28 10:59:19,1107.65,593567,1,1112.95,195575,272376,-0.8681254754553022,0
2023-07-28 10:59:21,1107.6,593569,1,1112.95,195575,272482,-0.8726003490401397,0
2023-07-28 10:59:21,1107.6,593569,1,1112.95,195575,272482,-0.8726003490401397,0
2023-07-28 10:59:22,1107.6,593819,171,1112.95,195523,272477,-0.8726003490401397,0
2023-07-28 10:59:22,1107.6,593819,171,1112.95,195523,272477,-0.8726003490401397,0
2023-07-28 10:59:23,1107.6,593820,1,1112.95,195518,272420,-0.8726003490401397,0
2023-07-28 10:59:24,1107.35,594844,1,1112.94,194152,273069,-0.8949747169642458,0
2023-07-28 10:59:24,1107.35,594844,1,1112.94,194152,273069,-0.8949747169642458,0
2023-07-28 10:59:24,1107.55,594844,1,1112.94,194152,273069,-0.8770752226249569,0
2023-07-28 10:59:26,1107.45,595025,1,1112.94,194811,272656,-0.8860249697945911,0
2023-07-28 10:59:27,1107.45,595141,17,1112.94,194558,272626,-0.8860249697945911,0
2023-07-28 10:59:28,1107.45,595142,1,1112.94,194940,272666,-0.8860249697945911,0
2023-07-28 10:59:29,1107.45,595143,1,1112.94,194942,272666,-0.8860249697945911,0
2023-07-28 10:59:30,1107.55,595144,1,1112.94,194942,272862,-0.8770752226249569,0
2023-07-28 10:59:30,1107.55,595144,1,1112.94,194942,272862,-0.8770752226249569,0
2023-07-28 10:59:31,1107.55,595145,1,1112.94,194733,272830,-0.8770752226249569,0
2023-07-28 10:59:33,1107.45,595151,1,1112.94,194769,272909,-0.8860249697945911,0
2023-07-28 10:59:33,1107.45,595151,1,1112.94,194769,272909,-0.8860249697945911,0
2023-07-28 10:59:34,1107.5,595153,1,1112.94,194844,272866,-0.881550096209774,0
2023-07-28 10:59:34,1107.5,595153,1,1112.94,194844,272866,-0.881550096209774,0
2023-07-28 10:59:35,1107.45,595188,21,1112.94,194966,272905,-0.8860249697945911,0
2023-07-28 10:59:36,1107.45,595189,1,1112.94,194967,272905,-0.8860249697945911,0
2023-07-28 10:59:37,1107.45,595383,22,1112.93,195246,273074,-0.8860249697945911,0
2023-07-28 10:59:38,1107.55,595385,1,1112.93,195246,273035,-0.8770752226249569,0
2023-07-28 10:59:39,1107.55,595538,95,1112.93,195414,273028,-0.8770752226249569,0
2023-07-28 10:59:41,1107.55,595546,1,1112.93,195434,272868,-0.8770752226249569,0
2023-07-28 10:59:41,1107.55,595546,15,1112.93,195434,272868,-0.8770752226249569,0
2023-07-28 10:59:42,1107.55,595666,66,1112.93,195175,272907,-0.8770752226249569,0
2023-07-28 10:59:43,1107.55,595668,1,1112.93,195174,272973,-0.8770752226249569,0
2023-07-28 10:59:43,1107.55,595668,45,1112.93,195175,272969,-0.8770752226249569,0
2023-07-28 10:59:45,1107.55,595717,3,1112.93,195127,272822,-0.8770752226249569,0
2023-07-28 10:59:45,1107.65,595717,1,1112.93,195127,272822,-0.8681254754553022,0
2023-07-28 10:59:47,1107.65,595718,1,1112.93,195073,272877,-0.8681254754553022,0
2023-07-28 10:59:48,1107.55,595719,1,1112.93,195203,272893,-0.8770752226249569,0
2023-07-28 10:59:48,1107.65,595719,25,1112.93,195203,272893,-0.8681254754553022,0
2023-07-28 10:59:49,1107.65,595744,25,1112.93,195315,272734,-0.8681254754553022,0
2023-07-28 10:59:49,1107.65,595744,2,1112.93,195315,272734,-0.8681254754553022,0
2023-07-28 10:59:50,1107.55,595751,3,1112.93,195327,272855,-0.8770752226249569,0
2023-07-28 10:59:50,1107.55,595751,3,1112.93,195335,273030,-0.8770752226249569,0
2023-07-28 10:59:50,1107.65,595751,1,1112.93,195335,273030,-0.8681254754553022,0
2023-07-28 10:59:52,1107.55,595858,1,1112.93,195834,273197,-0.8770752226249569,0
2023-07-28 10:59:52,1107.65,595858,1,1112.93,195834,273197,-0.8681254754553022,0
2023-07-28 10:59:53,1107.65,595861,1,1112.93,195833,273175,-0.8681254754553022,0
2023-07-28 10:59:54,1107.55,595862,1,1112.93,195842,273115,-0.8770752226249569,0
2023-07-28 10:59:54,1107.65,595862,43,1112.93,195842,273115,-0.8681254754553022,0
2023-07-28 10:59:56,1107.65,595908,43,1112.93,196875,272639,-0.8681254754553022,0
2023-07-28 10:59:56,1107.65,595908,43,1112.93,196902,272624,-0.8681254754553022,0
2023-07-28 10:59:57,1107.55,595974,66,1112.93,196963,272010,-0.8770752226249569,0
2023-07-28 10:59:57,1107.55,595974,1,1112.93,196874,271940,-0.8770752226249569,0
2023-07-28 10:59:59,1107.55,595979,4,1112.93,196828,272053,-0.8770752226249569,0
2023-07-28 11:00:01,1107.65,595994,1,1112.93,196862,272039,-0.8681254754553022,0
2023-07-28 11:00:01,1107.65,596006,1,1112.93,196965,271998,-0.8681254754553022,0
2023-07-28 11:00:02,1107.65,596007,1,1112.93,196968,271968,-0.8681254754553022,0
2023-07-28 11:00:02,1107.65,596007,1,1112.93,189286,271268,-0.8681254754553022,0
2023-07-28 11:00:02,1107.55,596007,5,1112.93,189286,271119,-0.8770752226249569,0
2023-07-28 11:00:02,1107.55,596007,50,1112.93,189286,271119,-0.8770752226249569,0
2023-07-28 11:00:06,1107.65,596066,3,1112.93,189390,271116,-0.8681254754553022,0
2023-07-28 11:00:07,1107.65,596166,5,1112.93,189392,271066,-0.8681254754553022,0
2023-07-28 11:00:08,1107.65,596172,1,1112.93,189778,271104,-0.8681254754553022,0
2023-07-28 11:00:09,1107.65,596179,1,1112.93,189782,270801,-0.8681254754553022,0
2023-07-28 11:00:10,1107.65,596181,2,1112.93,189784,270799,-0.8681254754553022,0
2023-07-28 11:00:10,1107.65,596181,1,1112.93,189784,270799,-0.8681254754553022,0
2023-07-28 11:00:11,1107.55,596182,1,1112.93,189784,270803,-0.8770752226249569,0
2023-07-28 11:00:13,1107.65,596251,1,1112.93,189719,270833,-0.8681254754553022,0
2023-07-28 11:00:13,1107.55,596257,1,1112.93,189716,270830,-0.8770752226249569,0
2023-07-28 11:00:14,1107.55,596325,1,1112.92,189586,270872,-0.8770752226249569,0
2023-07-28 11:00:15,1107.65,596328,3,1112.92,189587,270869,-0.8681254754553022,0
2023-07-28 11:00:17,1107.6,596330,1,1112.92,197291,271604,-0.8726003490401397,0
2023-07-28 11:00:17,1107.5,596330,10,1112.92,197291,271604,-0.881550096209774,0
2023-07-28 11:00:17,1107.5,596818,10,1112.92,197214,271803,-0.881550096209774,0
2023-07-28 11:00:17,1107.5,596818,10,1112.92,197353,271805,-0.881550096209774,0
2023-07-28 11:00:17,1107.45,596818,1,1112.92,197353,271805,-0.8860249697945911,0
2023-07-28 11:00:20,1107.65,596832,1,1112.92,197371,271768,-0.8681254754553022,0
2023-07-28 11:00:21,1107.65,596833,1,1112.92,197390,271539,-0.8681254754553022,0
2023-07-28 11:00:22,1107.65,596934,97,1112.92,197389,271463,-0.8681254754553022,0
2023-07-28 11:00:22,1107.45,596942,4,1112.92,197314,271408,-0.8860249697945911,0
2023-07-28 11:00:22,1107.55,596942,1,1112.92,197339,271465,-0.8770752226249569,0
2023-07-28 11:00:24,1107.55,596944,1,1112.92,197335,271459,-0.8770752226249569,0
2023-07-28 11:00:24,1107.55,596944,1,1112.92,197335,271489,-0.8770752226249569,0
2023-07-28 11:00:24,1107.45,596944,1,1112.92,197335,271489,-0.8860249697945911,0
2023-07-28 11:00:26,1107.45,596947,1,1112.92,197302,271488,-0.8860249697945911,0
2023-07-28 11:00:27,1107.3,597320,1,1112.92,197259,271955,-0.899449590549063,0
2023-07-28 11:00:28,1107.25,597324,4,1112.92,197321,271900,-0.9039244641338802,0
2023-07-28 11:00:28,1107.25,597324,1,1112.92,197321,271900,-0.9039244641338802,0
2023-07-28 11:00:30,1107.25,597328,3,1112.92,197407,271836,-0.9039244641338802,0
2023-07-28 11:00:30,1107.25,597328,3,1112.92,197407,271836,-0.9039244641338802,0
2023-07-28 11:00:31,1107.25,597330,1,1112.92,197404,271814,-0.9039244641338802,0
2023-07-28 11:00:31,1107.25,597330,1,1112.92,197484,271814,-0.9039244641338802,0
2023-07-28 11:00:31,1107.25,597330,67,1112.92,197484,271814,-0.9039244641338802,0
2023-07-28 11:00:32,1107.25,597397,67,1112.92,197418,271811,-0.9039244641338802,0
2023-07-28 11:00:32,1107.25,597397,67,1112.92,197527,271088,-0.9039244641338802,0
2023-07-28 11:00:32,1107.55,597397,5,1112.92,197527,271088,-0.8770752226249569,0
2023-07-28 11:00:34,1107.55,597402,5,1112.92,197667,271417,-0.8770752226249569,0
2023-07-28 11:00:36,1107.55,597735,2,1112.91,197465,271717,-0.8770752226249569,0
2023-07-28 11:00:36,1107.55,597735,25,1112.91,197465,271717,-0.8770752226249569,0
2023-07-28 11:00:37,1107.45,597932,60,1112.91,197900,271570,-0.8860249697945911,0
2023-07-28 11:00:37,1107.55,597952,20,1112.91,197446,271701,-0.8770752226249569,0
2023-07-28 11:00:37,1107.55,597952,1,1112.91,197446,271701,-0.8770752226249569,0
2023-07-28 11:00:38,1107.55,597991,1,1112.91,197530,271700,-0.8770752226249569,0
2023-07-28 11:00:38,1107.55,597991,1,1112.91,197530,271786,-0.8770752226249569,0
2023-07-28 11:00:40,1107.55,598195,1,1112.91,197069,271945,-0.8770752226249569,0
2023-07-28 11:00:41,1107.55,598196,1,1112.91,197069,271874,-0.8770752226249569,0
2023-07-28 11:00:41,1107.55,598196,1,1112.91,197069,271874,-0.8770752226249569,0
2023-07-28 11:00:42,1107.45,598217,20,1112.91,197064,271735,-0.8860249697945911,0
2023-07-28 11:00:44,1107.4,598226,9,1112.91,197070,271677,-0.8904998433794084,0
2023-07-28 11:00:44,1107.4,598317,90,1112.91,197079,271855,-0.8904998433794084,0
2023-07-28 11:00:44,1107.4,598317,1,1112.91,197079,271855,-0.8904998433794084,0
2023-07-28 11:00:47,1107.45,598320,1,1112.91,197061,271913,-0.8860249697945911,0
2023-07-28 11:00:47,1107.45,598320,2,1112.91,197061,271913,-0.8860249697945911,0
2023-07-28 11:00:48,1107.4,598666,9,1112.9,196383,272380,-0.8904998433794084,0
2023-07-28 11:00:48,1107.4,598776,10,1112.9,196397,272446,-0.8904998433794084,0
2023-07-28 11:00:50,1107.4,598909,7,1112.9,197042,272439,-0.8904998433794084,0
2023-07-28 11:00:50,1107.5,598909,1,1112.9,197042,272439,-0.881550096209774,0
2023-07-28 11:00:50,1107.5,599010,1,1112.9,189371,271790,-0.881550096209774,0
2023-07-28 11:00:52,1107.4,599091,31,1112.9,189575,271780,-0.8904998433794084,0
2023-07-28 11:00:52,1107.4,599091,2,1112.9,189575,271780,-0.8904998433794084,0
2023-07-28 11:00:54,1107.5,599129,20,1112.9,189673,271769,-0.881550096209774,0
2023-07-28 11:00:54,1107.5,599129,20,1112.9,189673,271769,-0.881550096209774,0
2023-07-28 11:00:54,1107.5,599129,20,1112.9,189244,272066,-0.881550096209774,0
2023-07-28 11:00:54,1107.4,599129,4,1112.9,189244,272066,-0.8904998433794084,0
2023-07-28 11:00:54,1107.4,599129,1,1112.9,189244,272066,-0.8904998433794084,0
2023-07-28 11:00:57,1107.5,599152,1,1112.9,189016,271855,-0.881550096209774,0
2023-07-28 11:00:57,1107.4,599219,8,1112.9,196774,272554,-0.8904998433794084,0
2023-07-28 11:00:58,1107.4,599364,103,1112.9,196650,272554,-0.8904998433794084,0
2023-07-28 11:00:59,1107.55,599379,11,1112.9,196741,272539,-0.8770752226249569,0
2023-07-28 11:00:59,1107.4,599379,16,1112.9,196741,272539,-0.8904998433794084,0
2023-07-28 11:01:01,1107.4,599792,16,1112.89,196333,273751,-0.8904998433794084,0
2023-07-28 11:01:01,1107.25,599792,1,1112.89,196333,273751,-0.9039244641338802,0
2023-07-28 11:01:02,1107.25,599819,20,1112.89,196340,273635,-0.9039244641338802,0
2023-07-28 11:01:02,1107.25,599819,20,1112.89,196401,273894,-0.9039244641338802,0
2023-07-28 11:01:03,1107.4,599829,10,1112.89,196401,273800,-0.8904998433794084,0
2023-07-28 11:01:04,1107.4,599929,100,1112.89,196516,273857,-0.8904998433794084,0
2023-07-28 11:01:04,1107.3,599929,1,1112.89,196516,273857,-0.899449590549063,0
2023-07-28 11:01:05,1107.3,599930,1,1112.89,196495,273870,-0.899449590549063,0
2023-07-28 11:01:05,1107.3,599930,1,1112.89,196496,273870,-0.899449590549063,0
2023-07-28 11:01:05,1107.3,599930,4,1112.89,196496,273870,-0.899449590549063,0
2023-07-28 11:01:07,1107.25,599934,26,1112.89,196723,273543,-0.9039244641338802,0
2023-07-28 11:01:09,1107.3,599991,1,1112.89,196756,274014,-0.899449590549063,0
2023-07-28 11:01:09,1107.3,599992,1,1112.89,196756,274020,-0.899449590549063,0
2023-07-28 11:01:10,1107.3,599997,2,1112.89,196766,274084,-0.899449590549063,0
2023-07-28 11:01:11,1107.3,600000,3,1112.89,196766,273991,-0.899449590549063,0
2023-07-28 11:01:12,1107.25,600075,66,1112.89,196708,273983,-0.9039244641338802,0
2023-07-28 11:01:13,1107.3,600085,10,1112.89,196765,273973,-0.899449590549063,0
2023-07-28 11:01:13,1107.3,600085,10,1112.89,196809,274134,-0.899449590549063,0
2023-07-28 11:01:13,1107.25,600085,1,1112.89,196809,274134,-0.9039244641338802,0
2023-07-28 11:01:16,1107.15,600312,1,1112.89,196726,274103,-0.9128742113035144,0
2023-07-28 11:01:16,1107.3,600328,1,1112.89,196752,274155,-0.899449590549063,0
2023-07-28 11:01:17,1107.1,600444,35,1112.89,196517,274096,-0.917349084888352,0
2023-07-28 11:01:19,1107.1,600448,3,1112.89,196515,274095,-0.917349084888352,0
2023-07-28 11:01:19,1107.1,600448,3,1112.89,196519,274095,-0.917349084888352,0
2023-07-28 11:01:20,1107.1,600449,1,1112.89,196206,274095,-0.917349084888352,0
2023-07-28 11:01:20,1107.3,600449,1,1112.89,196206,274095,-0.899449590549063,0
2023-07-28 11:01:21,1107.3,600450,1,1112.89,196434,273758,-0.899449590549063,0
2023-07-28 11:01:22,1107.1,600453,3,1112.89,197046,273913,-0.917349084888352,0
2023-07-28 11:01:24,1107.2,600475,1,1112.89,197336,274168,-0.9083993377186973,0
2023-07-28 11:01:24,1107.2,600475,1,1112.89,197336,274168,-0.9083993377186973,0
2023-07-28 11:01:25,1107.1,600482,5,1112.89,197350,274226,-0.917349084888352,0
2023-07-28 11:01:25,1107.1,600482,5,1112.89,197350,274184,-0.917349084888352,0
2023-07-28 11:01:25,1107.1,600482,5,1112.89,197353,274214,-0.917349084888352,0
2023-07-28 11:01:25,1107.2,600482,1,1112.89,197353,274214,-0.9083993377186973,0
2023-07-28 11:01:27,1107.1,600550,66,1112.89,197360,274212,-0.917349084888352,0
2023-07-28 11:01:27,1107.2,600550,1,1112.89,197361,274205,-0.9083993377186973,0
2023-07-28 11:01:27,1107.1,600550,1,1112.89,197361,274205,-0.917349084888352,0
2023-07-28 11:01:30,1107.1,600553,1,1112.89,197359,274206,-0.917349084888352,0
2023-07-28 11:01:30,1107.05,600907,18,1112.88,197210,274257,-0.9218239584731691,0
2023-07-28 11:01:32,1107.2,600982,1,1112.88,197140,274273,-0.9083993377186973,0
2023-07-28 11:01:32,1107.05,601045,32,1112.88,197106,274265,-0.9218239584731691,0
2023-07-28 11:01:33,1107.05,601048,1,1112.88,197354,274261,-0.9218239584731691,0
2023-07-28 11:01:33,1107.1,601048,2,1112.88,197354,274261,-0.917349084888352,0
2023-07-28 11:01:35,1107.1,601246,148,1112.88,197209,274074,-0.917349084888352,0
2023-07-28 11:01:35,1107.1,601246,148,1112.88,197857,274020,-0.917349084888352,0
2023-07-28 11:01:37,1107.1,601319,1,1112.88,197857,274017,-0.917349084888352,0
2023-07-28 11:01:38,1107.1,601321,1,1112.88,197814,273966,-0.917349084888352,0
2023-07-28 11:01:38,1107.1,601321,1,1112.88,197814,273966,-0.917349084888352,0
2023-07-28 11:01:39,1107.1,601322,1,1112.88,197944,274051,-0.917349084888352,0
2023-07-28 11:01:39,1107.1,601322,1,1112.88,197658,273888,-0.917349084888352,0
2023-07-28 11:01:39,1107.05,601322,1,1112.88,197658,273888,-0.9218239584731691,0
2023-07-28 11:01:42,1107.05,601324,66,1112.88,197570,274528,-0.9218239584731691,0
2023-07-28 11:01:42,1107.05,601390,66,1112.88,197404,274524,-0.9218239584731691,0
2023-07-28 11:01:45,1106.65,602510,1,1112.87,194021,275100,-0.9576229471517268,0
2023-07-28 11:01:45,1106.3,602813,2,1112.86,186343,274609,-0.9889470622454876,0
2023-07-28 11:01:46,1106.3,602974,2,1112.86,195330,274813,-0.9889470622454876,0
2023-07-28 11:01:47,1106.55,603054,64,1112.86,195723,274305,-0.9665726943213814,0
2023-07-28 11:01:49,1106.25,603876,10,1112.85,196093,274314,-0.9934219358303047,0
2023-07-28 11:01:49,1106.25,603970,10,1112.85,196223,274204,-0.9934219358303047,0
2023-07-28 11:01:49,1106.35,603970,109,1112.85,196223,274204,-0.9844721886606704,0
2023-07-28 11:01:51,1106.35,604081,109,1112.85,196052,274134,-0.9844721886606704,0
2023-07-28 11:01:51,1106.55,604081,2,1112.85,196052,274134,-0.9665726943213814,0
2023-07-28 11:01:52,1106.35,604085,1,1112.85,196116,273760,-0.9844721886606704,0
2023-07-28 11:01:53,1106.05,604337,19,1112.85,196670,274470,-1.0113214301695936,0
2023-07-28 11:01:53,1106.15,604414,38,1112.85,196693,274470,-1.002371682999939,0
2023-07-28 11:01:54,1106.45,604416,2,1112.85,196642,274182,-0.9755224414910157,0
2023-07-28 11:01:56,1106.4,604417,22,1112.85,196632,274094,-0.9799973150758329,0
2023-07-28 11:01:56,1106.45,604417,5,1112.85,196632,274094,-0.9755224414910157,0
2023-07-28 11:01:57,1106.45,604466,5,1112.85,196756,274151,-0.9755224414910157,0
2023-07-28 11:01:57,1106.45,604533,1,1112.85,196796,274242,-0.9755224414910157,0
2023-07-28 11:01:58,1106.45,604535,2,1112.85,196765,273942,-0.9755224414910157,0
2023-07-28 11:02:00,1106.4,604578,1,1112.84,197232,274053,-0.9799973150758329,0
2023-07-28 11:02:00,1106.45,604579,1,1112.84,197294,273988,-0.9755224414910157,0
2023-07-28 11:02:02,1106.55,604933,2,1112.84,197940,270001,-0.9665726943213814,0
2023-07-28 11:02:02,1106.55,604933,2,1112.84,197940,270001,-0.9665726943213814,0
2023-07-28 11:02:02,1106.55,604956,2,1112.84,197681,274148,-0.9665726943213814,0
2023-07-28 11:02:02,1106.5,604956,1,1112.84,197681,274148,-0.9710475679061986,0
2023-07-28 11:02:04,1106.55,604958,1,1112.84,197690,274136,-0.9665726943213814,0
2023-07-28 11:02:04,1106.55,604958,1,1112.84,197690,274136,-0.9665726943213814,0
2023-07-28 11:02:05,1106.55,604964,1,1112.84,197906,272530,-0.9665726943213814,0
2023-07-28 11:02:06,1106.55,604969,3,1112.84,197906,273977,-0.9665726943213814,0
2023-07-28 11:02:06,1106.55,604969,1,1112.84,197906,273977,-0.9665726943213814,0
2023-07-28 11:02:08,1106.5,605055,5,1112.84,197832,274177,-0.9710475679061986,0
2023-07-28 11:02:08,1106.55,605078,15,1112.84,197838,274154,-0.9665726943213814,0
2023-07-28 11:02:08,1106.5,605078,100,1112.84,197838,274154,-0.9710475679061986,0
2023-07-28 11:02:10,1106.5,605184,100,1112.84,197789,274153,-0.9710475679061986,0
2023-07-28 11:02:10,1106.1,605184,1,1112.84,197789,274153,-1.0068465565847766,0
2023-07-28 11:02:11,1106.5,605945,1,1112.83,197048,274004,-0.9710475679061986,0
2023-07-28 11:02:12,1106.5,605955,7,1112.83,197486,273980,-0.9710475679061986,0
2023-07-28 11:02:12,1106.5,605957,2,1112.83,197277,274243,-0.9710475679061986,0
2023-07-28 11:02:13,1106.45,605959,1,1112.83,197285,274409,-0.9755224414910157,0
2023-07-28 11:02:13,1106.45,605959,1,1112.83,197285,274409,-0.9755224414910157,0
2023-07-28 11:02:13,1106.45,605959,1,1112.83,197266,274453,-0.9755224414910157,0
2023-07-28 11:02:13,1106.45,605959,2,1112.83,197407,274190,-0.9755224414910157,0
2023-07-28 11:02:17,1106.45,606084,48,1112.83,197564,274009,-0.9755224414910157,0
2023-07-28 11:02:17,1106.15,606084,53,1112.83,197564,274009,-1.002371682999939,0
2023-07-28 11:02:18,1106.15,606561,53,1112.82,197372,273448,-1.002371682999939,0
2023-07-28 11:02:18,1106.3,606561,11,1112.82,197489,273498,-0.9889470622454876,0
2023-07-28 11:02:21,1106.15,606856,34,1112.82,197388,273667,-1.002371682999939,0
2023-07-28 11:02:21,1106.15,606856,34,1112.82,192907,269419,-1.002371682999939,0
2023-07-28 11:02:21,1106.15,606856,3,1112.82,192907,269419,-1.002371682999939,0
2023-07-28 11:02:22,1106.15,606918,59,1112.82,197790,273833,-1.002371682999939,0
2023-07-28 11:02:22,1106.15,606918,59,1112.82,197790,273833,-1.002371682999939,0
2023-07-28 11:02:23,1106.3,606955,1,1112.82,198938,273866,-0.9889470622454876,0
2023-07-28 11:02:23,1106.15,606955,1,1112.82,198938,273866,-1.002371682999939,0
2023-07-28 11:02:24,1106.15,606956,1,1112.82,199044,273928,-1.002371682999939,0
2023-07-28 11:02:24,1106.15,606956,1,1112.82,199095,274010,-1.002371682999939,0
2023-07-28 11:02:26,1106.3,607196,3,1112.82,199115,273816,-0.9889470622454876,0
2023-07-28 11:02:28,1106.2,607197,1,1112.82,199733,273764,-0.9978968094151219,0
2023-07-28 11:02:28,1106.15,607247,23,1112.82,199601,273711,-1.002371682999939,0
2023-07-28 11:02:30,1106.15,607492,22,1112.81,199682,273552,-1.002371682999939,0
2023-07-28 11:02:30,1106.15,607492,22,1112.81,199934,273845,-1.002371682999939,0
2023-07-28 11:02:30,1106.2,607492,1,1112.81,199934,273845,-0.9978968094151219,0
2023-07-28 11:02:32,1106.3,607828,5,1112.81,199736,273555,-0.9889470622454876,0
2023-07-28 11:02:33,1106.3,607829,1,1112.81,199700,273613,-0.9889470622454876,0
2023-07-28 11:02:33,1106.3,607829,1,1112.81,199711,273613,-0.9889470622454876,0
2023-07-28 11:02:33,1106.3,607829,1,1112.81,199813,273616,-0.9889470622454876,0
2023-07-28 11:02:33,1106.3,607829,1,1112.81,199839,273663,-0.9889470622454876,0
2023-07-28 11:02:33,1106.35,607829,13,1112.81,199839,273663,-0.9844721886606704,0
2023-07-28 11:02:37,1106.55,608679,2,1112.8,199748,273513,-0.9665726943213814,0
2023-07-28 11:02:38,1106.55,608683,4,1112.8,199948,273489,-0.9665726943213814,0
2023-07-28 11:02:40,1106.4,608704,21,1112.8,199917,273695,-0.9799973150758329,0
2023-07-28 11:02:40,1106.55,608705,1,1112.8,200024,273869,-0.9665726943213814,0
2023-07-28 11:02:40,1106.55,608705,1,1112.8,200024,273869,-0.9665726943213814,0
2023-07-28 11:02:41,1106.4,608785,80,1112.8,200173,273448,-0.9799973150758329,0
2023-07-28 11:02:42,1106.8,608795,10,1112.8,200253,273621,-0.9441983263972753,0
2023-07-28 11:02:42,1106.8,608795,10,1112.8,200287,273695,-0.9441983263972753,0
2023-07-28 11:02:44,1106.4,608796,1,1112.8,200286,273715,-0.9799973150758329,0
2023-07-28 11:02:46,1106.7,608801,4,1112.8,200687,273701,-0.9531480735669096,0
2023-07-28 11:02:46,1106.55,608801,4,1112.8,200698,273701,-0.9665726943213814,0
2023-07-28 11:02:48,1106.55,608805,4,1112.8,200655,273804,-0.9665726943213814,0
2023-07-28 11:02:48,1106.7,608805,13,1112.8,200655,273764,-0.9531480735669096,0
2023-07-28 11:02:50,1106.55,608821,1,1112.8,200664,273749,-0.9665726943213814,0
2023-07-28 11:02:51,1106.55,608822,1,1112.8,200663,273749,-0.9665726943213814,0
2023-07-28 11:02:52,1106.55,608880,46,1112.8,200750,273722,-0.9665726943213814,0
2023-07-28 11:02:52,1106.6,608880,1,1112.8,200750,273722,-0.9620978207365642,0
2023-07-28 11:02:54,1106.55,608892,10,1112.8,200768,273785,-0.9665726943213814,0
2023-07-28 11:02:55,1106.6,608933,1,1112.8,200733,274063,-0.9620978207365642,0
2023-07-28 11:02:55,1106.6,608933,1,1112.8,200756,274063,-0.9620978207365642,0
2023-07-28 11:02:55,1106.6,608933,25,1112.8,200776,274063,-0.9620978207365642,0
2023-07-28 11:02:58,1106.55,609025,1,1112.8,200688,274066,-0.9665726943213814,0
2023-07-28 11:02:58,1106.55,609025,1,1112.8,200688,274066,-0.9665726943213814,0
2023-07-28 11:02:59,1106.6,609030,5,1112.8,200741,274017,-0.9620978207365642,0
2023-07-28 11:03:00,1106.6,609033,3,1112.8,200586,274248,-0.9620978207365642,0
2023-07-28 11:03:01,1106.6,609034,1,1112.8,200586,274202,-0.9620978207365642,0
2023-07-28 11:03:02,1106.6,609069,1,1112.8,200555,274159,-0.9620978207365642,0
2023-07-28 11:03:04,1106.55,609074,3,1112.8,200392,274156,-0.9665726943213814,0
2023-07-28 11:03:04,1106.6,609074,1,1112.8,200517,273972,-0.9620978207365642,0
2023-07-28 11:03:07,1106.55,609149,72,1112.8,200470,273997,-0.9665726943213814,0
2023-07-28 11:03:07,1106.55,609149,34,1112.8,200470,273997,-0.9665726943213814,0
2023-07-28 11:03:07,1106.55,609183,34,1112.8,200446,273994,-0.9665726943213814,0
2023-07-28 11:03:08,1106.6,609184,1,1112.8,200446,273993,-0.9620978207365642,0
2023-07-28 11:03:10,1106.6,609187,1,1112.8,200446,273962,-0.9620978207365642,0
2023-07-28 11:03:10,1106.55,609187,10,1112.8,200445,273962,-0.9665726943213814,0
2023-07-28 11:03:10,1106.6,609187,1,1112.8,200445,273962,-0.9620978207365642,0
2023-07-28 11:03:11,1106.6,609248,1,1112.8,200435,273961,-0.9620978207365642,0
2023-07-28 11:03:12,1106.55,609320,66,1112.79,200416,273867,-0.9665726943213814,0
2023-07-28 11:03:13,1106.6,609370,30,1112.79,200416,273865,-0.9620978207365642,0
2023-07-28 11:03:15,1106.6,609371,1,1112.79,200516,273864,-0.9620978207365642,0
2023-07-28 11:03:15,1106.6,609371,15,1112.79,200516,273864,-0.9620978207365642,0
2023-07-28 11:03:16,1106.6,609387,1,1112.79,200606,273856,-0.9620978207365642,0
2023-07-28 11:03:17,1106.6,609507,111,1112.79,200750,274058,-0.9620978207365642,0
2023-07-28 11:03:18,1106.6,609515,8,1112.79,200792,273979,-0.9620978207365642,0
2023-07-28 11:03:18,1106.75,609516,1,1112.79,200802,273978,-0.9486731999820924,0
2023-07-28 11:03:18,1106.75,609516,1,1112.79,200802,273978,-0.9486731999820924,0
2023-07-28 11:03:20,1106.6,609618,29,1112.79,200699,274128,-0.9620978207365642,0
2023-07-28 11:03:20,1106.6,609618,29,1112.79,200699,274119,-0.9620978207365642,0
2023-07-28 11:03:21,1106.6,609623,5,1112.79,200705,274139,-0.9620978207365642,0
2023-07-28 11:03:22,1106.6,609628,4,1112.79,200765,274156,-0.9620978207365642,0
2023-07-28 11:03:23,1106.65,609629,1,1112.79,200942,273954,-0.9576229471517268,0
2023-07-28 11:03:24,1106.6,609689,60,1112.79,200888,274187,-0.9620978207365642,0
2023-07-28 11:03:26,1106.65,609690,1,1112.79,200863,274157,-0.9576229471517268,0
2023-07-28 11:03:26,1106.6,609720,30,1112.79,201030,274149,-0.9620978207365642,0
2023-07-28 11:03:27,1106.6,609791,11,1112.79,200836,273933,-0.9620978207365642,0
2023-07-28 11:03:28,1106.65,609792,1,1112.79,200837,273903,-0.9576229471517268,0
2023-07-28 11:03:28,1106.6,609792,1,1112.79,200837,273903,-0.9620978207365642,0
2023-07-28 11:03:30,1106.65,609823,22,1112.79,203012,273727,-0.9576229471517268,0
2023-07-28 11:03:30,1106.6,609827,4,1112.79,203108,273727,-0.9620978207365642,0
2023-07-28 11:03:32,1106.6,609831,1,1112.79,203122,273738,-0.9620978207365642,0
2023-07-28 11:03:32,1106.6,609831,1,1112.79,203122,273738,-0.9620978207365642,0
2023-07-28 11:03:32,1106.6,609870,1,1112.79,203132,273572,-0.9620978207365642,0
2023-07-28 11:03:32,1106.75,609870,5,1112.79,203132,273572,-0.9486731999820924,0
2023-07-28 11:03:33,1106.75,609876,5,1112.79,203109,273567,-0.9486731999820924,0
2023-07-28 11:03:33,1106.75,609876,9,1112.79,203109,273567,-0.9486731999820924,0
2023-07-28 11:03:35,1106.75,609977,9,1112.79,203194,273600,-0.9486731999820924,0
2023-07-28 11:03:35,1106.6,609977,1,1112.79,203194,273600,-0.9620978207365642,0
2023-07-28 11:03:36,1106.6,609981,15,1112.79,203160,273761,-0.9620978207365642,0
2023-07-28 11:03:37,1106.6,610281,15,1112.78,203040,273859,-0.9620978207365642,0
2023-07-28 11:03:37,1106.6,610281,1,1112.78,203045,273868,-0.9620978207365642,0
2023-07-28 11:03:39,1106.6,610283,1,1112.78,203043,273868,-0.9620978207365642,0
2023-07-28 11:03:40,1106.65,610293,2,1112.78,202982,273813,-0.9576229471517268,0
2023-07-28 11:03:43,1106.6,610589,1,1112.78,203370,273167,-0.9620978207365642,0
2023-07-28 11:03:44,1106.65,610590,1,1112.78,203354,273954,-0.9576229471517268,0
2023-07-28 11:03:44,1106.65,610590,1,1112.78,203454,273954,-0.9576229471517268,0
2023-07-28 11:03:44,1106.6,610590,1,1112.78,203454,273954,-0.9620978207365642,0
2023-07-28 11:03:46,1106.6,610593,1,1112.78,203483,273833,-0.9620978207365642,0
2023-07-28 11:03:46,1106.65,610593,1,1112.78,203483,273833,-0.9576229471517268,0
2023-07-28 11:03:47,1106.6,610658,33,1112.78,203447,273755,-0.9620978207365642,0
2023-07-28 11:03:48,1106.6,610693,1,1112.78,203405,273761,-0.9620978207365642,0
2023-07-28 11:03:50,1106.6,610698,5,1112.78,203406,273856,-0.9620978207365642,0
2023-07-28 11:03:51,1106.6,610703,5,1112.78,203465,273870,-0.9620978207365642,0
2023-07-28 11:03:51,1106.6,610703,71,1112.78,203385,273828,-0.9620978207365642,0
2023-07-28 11:03:51,1106.6,610703,2,1112.78,203385,273828,-0.9620978207365642,0
2023-07-28 11:03:54,1106.65,610778,1,1112.78,203335,273744,-0.9576229471517268,0
2023-07-28 11:03:54,1106.65,610778,1,1112.78,203334,273764,-0.9576229471517268,0
2023-07-28 11:03:54,1106.65,610778,1,1112.78,203344,273764,-0.9576229471517268,0
2023-07-28 11:03:54,1106.65,610778,5,1112.78,203344,273764,-0.9576229471517268,0
2023-07-28 11:03:57,1106.6,610859,66,1112.78,203278,273694,-0.9620978207365642,0
2023-07-28 11:03:58,1106.65,610892,13,1112.78,206258,273640,-0.9576229471517268,0
2023-07-28 11:03:58,1106.3,610892,21,1112.78,206258,273640,-0.9889470622454876,0
2023-07-28 11:04:00,1105.75,616905,37,1112.72,201386,274031,-1.038170671678517,0
2023-07-28 11:04:01,1105.65,622832,12,1112.65,194477,275091,-1.0471204188481513,0
2023-07-28 11:04:03,1105.35,623870,107,1112.64,194124,274275,-1.073969660357095,0
2023-07-28 11:04:04,1105.65,623901,1,1112.64,194353,274065,-1.0471204188481513,0
2023-07-28 11:04:04,1105.25,624476,8,1112.63,194048,274093,-1.0829194075267292,0
2023-07-28 11:04:05,1105.45,624478,2,1112.63,193736,273687,-1.0650199131874403,0
2023-07-28 11:04:07,1105.55,626326,5,1112.61,193722,272670,-1.056070166017806,0
2023-07-28 11:04:07,1105.55,626326,5,1112.61,194076,272701,-1.056070166017806,0
2023-07-28 11:04:07,1105.55,626326,5,1112.61,194076,272699,-1.056070166017806,0
2023-07-28 11:04:10,1105.45,626327,1,1112.61,194076,272698,-1.0650199131874403,0
2023-07-28 11:04:10,1105.45,626327,1,1112.61,194077,272698,-1.0650199131874403,0
2023-07-28 11:04:10,1105.45,626327,1,1112.61,194077,272698,-1.0650199131874403,0
2023-07-28 11:04:11,1105.45,626340,1,1112.61,193534,272900,-1.0650199131874403,0
2023-07-28 11:04:11,1105.45,626340,1,1112.61,193600,272902,-1.0650199131874403,0
2023-07-28 11:04:11,1105.35,626340,1,1112.61,193600,272902,-1.073969660357095,0
2023-07-28 11:04:11,1105.35,626340,11,1112.61,193600,272902,-1.073969660357095,0
2023-07-28 11:04:14,1105.05,627781,10,1112.59,193137,273160,-1.1008189018660184,0
2023-07-28 11:04:14,1105.0,627781,5,1112.59,193137,273160,-1.1052937754508354,0
2023-07-28 11:04:16,1105.0,633705,68,1112.52,187638,273272,-1.1052937754508354,0
2023-07-28 11:04:16,1105.0,633705,36,1112.52,187638,273272,-1.1052937754508354,0
2023-07-28 11:04:17,1105.0,633912,5,1112.52,187575,273366,-1.1052937754508354,0
2023-07-28 11:04:17,1105.05,633912,3,1112.52,187575,273366,-1.1008189018660184,0
2023-07-28 11:04:18,1105.2,634069,1,1112.52,188027,273789,-1.0873942811115465,0
2023-07-28 11:04:18,1105.0,634069,36,1112.52,188027,273789,-1.1052937754508354,0
2023-07-28 11:04:19,1105.0,634108,36,1112.52,188454,273920,-1.1052937754508354,0
2023-07-28 11:04:21,1105.0,634121,1,1112.52,188374,274130,-1.1052937754508354,0
2023-07-28 11:04:21,1105.0,634121,1,1112.52,188374,274130,-1.1052937754508354,0
2023-07-28 11:04:21,1105.0,634122,1,1112.52,188203,274178,-1.1052937754508354,0
2023-07-28 11:04:22,1104.75,634228,46,1112.52,188158,274205,-1.1276681433749416,0
2023-07-28 11:04:23,1104.8,634231,2,1112.52,188811,274096,-1.1231932697901243,0
2023-07-28 11:04:24,1104.9,634322,30,1112.52,188812,274017,-1.1142435226204699,0
2023-07-28 11:04:26,1104.9,634338,2,1112.52,188954,274061,-1.1142435226204699,0
2023-07-28 11:04:26,1104.85,634342,1,1112.52,189053,273855,-1.1187183962053073,0
2023-07-28 11:04:27,1104.65,634542,121,1112.51,187433,273830,-1.1366178905445758,0
2023-07-28 11:04:28,1104.9,634553,9,1112.51,188150,273902,-1.1142435226204699,0
2023-07-28 11:04:29,1104.9,634578,9,1112.51,188145,273930,-1.1142435226204699,0
2023-07-28 11:04:29,1104.9,634578,26,1112.51,188145,273930,-1.1142435226204699,0
2023-07-28 11:04:30,1104.9,635665,1,1112.5,188892,273864,-1.1142435226204699,0
2023-07-28 11:04:30,1104.9,635665,1,1112.5,188892,273864,-1.1142435226204699,0
2023-07-28 11:04:33,1104.9,635668,1,1112.5,188850,274100,-1.1142435226204699,0
2023-07-28 11:04:33,1104.9,635668,1,1112.5,188722,274100,-1.1142435226204699,0
2023-07-28 11:04:33,1104.9,635668,1,1112.5,188722,276100,-1.1142435226204699,0
2023-07-28 11:04:36,1104.9,635669,1,1112.5,188727,276099,-1.1142435226204699,0
2023-07-28 11:04:36,1104.9,635669,1,1112.5,188727,276099,-1.1142435226204699,0
2023-07-28 11:04:37,1104.85,635671,1,1112.5,188421,276113,-1.1187183962053073,0
2023-07-28 11:04:38,1104.9,635672,1,1112.5,188432,276698,-1.1142435226204699,0
2023-07-28 11:04:38,1104.9,635672,1,1112.5,188472,276696,-1.1142435226204699,0
2023-07-28 11:04:38,1104.7,635672,19,1112.5,188472,276696,-1.1321430169597588,0
2023-07-28 11:04:40,1104.7,635709,19,1112.5,188468,276841,-1.1321430169597588,0
2023-07-28 11:04:40,1104.7,635709,19,1112.5,188539,276869,-1.1321430169597588,0
2023-07-28 11:04:40,1104.7,635709,19,1112.5,188504,277375,-1.1321430169597588,0
2023-07-28 11:04:40,1104.85,635709,5,1112.5,188504,277414,-1.1187183962053073,0
2023-07-28 11:04:44,1104.85,635769,5,1112.5,188432,277491,-1.1187183962053073,0
2023-07-28 11:04:44,1104.85,635769,1,1112.5,188203,277513,-1.1187183962053073,0
2023-07-28 11:04:46,1104.65,635771,1,1112.5,188159,277512,-1.1366178905445758,0
2023-07-28 11:04:47,1104.85,635776,5,1112.5,180712,276727,-1.1187183962053073,0
2023-07-28 11:04:48,1104.55,635815,52,1112.5,180741,276743,-1.1455676377142305,0
2023-07-28 11:04:49,1104.55,636025,52,1112.5,180993,276888,-1.1455676377142305,0
2023-07-28 11:04:49,1104.6,636025,1,1112.5,180993,276888,-1.1410927641294135,0
2023-07-28 11:04:49,1104.55,636025,180,1112.5,180993,276888,-1.1455676377142305,0
2023-07-28 11:04:51,1104.7,636326,1,1112.49,181000,277021,-1.1321430169597588,0
2023-07-28 11:04:52,1104.7,636367,27,1112.49,181965,277078,-1.1321430169597588,0
2023-07-28 11:04:53,1104.7,636382,10,1112.49,181917,277080,-1.1321430169597588,0
2023-07-28 11:04:53,1104.8,636382,111,1112.49,181917,277080,-1.1231932697901243,0
2023-07-28 11:04:54,1104.8,636515,111,1112.49,182101,277095,-1.1231932697901243,0
2023-07-28 11:04:54,1104.7,636515,6,1112.49,182101,277095,-1.1321430169597588,0
2023-07-28 11:04:55,1104.7,636521,6,1112.49,182454,277244,-1.1321430169597588,0
2023-07-28 11:04:57,1104.8,636529,7,1112.49,190152,277961,-1.1231932697901243,0
2023-07-28 11:04:57,1104.8,636529,7,1112.49,190152,277961,-1.1231932697901243,0
2023-07-28 11:04:58,1104.8,636531,1,1112.49,190152,278165,-1.1231932697901243,0
2023-07-28 11:04:58,1104.8,636531,1,1112.49,190154,278265,-1.1231932697901243,0
2023-07-28 11:05:00,1104.8,636541,10,1112.49,190155,278455,-1.1231932697901243,0
2023-07-28 11:05:00,1104.8,636601,1,1112.49,190314,276298,-1.1231932697901243,0
2023-07-28 11:05:01,1104.6,636602,1,1112.49,190226,276153,-1.1410927641294135,0
2023-07-28 11:05:03,1104.8,636619,15,1112.49,190311,276147,-1.1231932697901243,0
2023-07-28 11:05:03,1104.8,636655,10,1112.49,190513,276158,-1.1231932697901243,0
2023-07-28 11:05:03,1104.8,636655,10,1112.49,190527,276201,-1.1231932697901243,0
2023-07-28 11:05:03,1104.7,636655,53,1112.49,190527,276201,-1.1321430169597588,0
2023-07-28 11:05:06,1104.8,636714,6,1112.49,190602,275695,-1.1231932697901243,0
2023-07-28 11:05:06,1104.8,636714,6,1112.49,190602,275703,-1.1231932697901243,0
2023-07-28 11:05:06,1104.8,636714,20,1112.49,190602,275703,-1.1231932697901243,0
2023-07-28 11:05:08,1104.8,636760,10,1112.49,190712,275728,-1.1231932697901243,0
2023-07-28 11:05:08,1104.8,636760,10,1112.49,190712,275728,-1.1231932697901243,0
2023-07-28 11:05:08,1104.8,636760,9,1112.49,190712,275728,-1.1231932697901243,0
2023-07-28 11:05:10,1104.8,636824,1,1112.49,190676,275531,-1.1231932697901243,0
2023-07-28 11:05:11,1104.8,637024,14,1112.48,190981,275523,-1.1231932697901243,0
2023-07-28 11:05:11,1104.8,637024,14,1112.48,190981,275523,-1.1231932697901243,0
2023-07-28 11:05:11,1104.75,637024,50,1112.48,190981,275523,-1.1276681433749416,0
2023-07-28 11:05:12,1104.75,637076,50,1112.48,191089,275529,-1.1276681433749416,0
2023-07-28 11:05:13,1104.6,637100,24,1112.48,191090,275686,-1.1410927641294135,0
2023-07-28 11:05:13,1104.75,637100,1,1112.48,191090,275686,-1.1276681433749416,0
2023-07-28 11:05:14,1104.75,637103,1,1112.48,191076,275698,-1.1276681433749416,0
2023-07-28 11:05:16,1104.55,637107,59,1112.48,191180,275708,-1.1455676377142305,0
2023-07-28 11:05:17,1104.75,637203,1,1112.48,191036,275710,-1.1276681433749416,0
2023-07-28 11:05:19,1104.75,637209,2,1112.48,191061,275706,-1.1276681433749416,0
2023-07-28 11:05:20,1104.6,637483,1,1112.48,191145,275591,-1.1410927641294135,0
2023-07-28 11:05:21,1104.75,637495,2,1112.48,191348,275589,-1.1276681433749416,0
2023-07-28 11:05:21,1104.75,637495,28,1112.48,191348,275589,-1.1276681433749416,0
2023-07-28 11:05:22,1104.75,637596,1,1112.48,191442,275635,-1.1276681433749416,0
2023-07-28 11:05:22,1104.7,637599,3,1112.48,191539,275534,-1.1321430169597588,0
2023-07-28 11:05:22,1104.7,637599,3,1112.48,191539,275534,-1.1321430169597588,0
2023-07-28 11:05:23,1104.55,637755,14,1112.47,191258,275554,-1.1455676377142305,0
2023-07-28 11:05:24,1104.75,637757,1,1112.47,187352,275562,-1.1276681433749416,0
2023-07-28 11:05:24,1104.75,637757,1,1112.47,187352,275562,-1.1276681433749416,0
2023-07-28 11:05:25,1104.6,637777,20,1112.47,191202,275542,-1.1410927641294135,0
2023-07-28 11:05:26,1104.6,637789,9,1112.47,191082,275525,-1.1410927641294135,0
2023-07-28 11:05:28,1104.75,637832,1,1112.47,191084,276016,-1.1276681433749416,0
2023-07-28 11:05:29,1104.75,637834,2,1112.47,191204,276014,-1.1276681433749416,0
2023-07-28 11:05:29,1104.6,637834,1,1112.47,191204,276014,-1.1410927641294135,0
2023-07-28 11:05:30,1104.75,637837,1,1112.47,191229,276311,-1.1276681433749416,0
2023-07-28 11:05:31,1104.75,637838,1,1112.47,191229,276310,-1.1276681433749416,0
2023-07-28 11:05:31,1104.75,637838,1,1112.47,191329,276310,-1.1276681433749416,0
2023-07-28 11:05:33,1104.75,637877,3,1112.47,191342,276271,-1.1276681433749416,0
2023-07-28 11:05:34,1104.75,637879,1,1112.47,191547,275786,-1.1276681433749416,0
2023-07-28 11:05:34,1104.6,637891,1,1112.47,188819,276473,-1.1410927641294135,0
2023-07-28 11:05:36,1104.75,637908,15,1112.47,190366,276817,-1.1276681433749416,0
2023-07-28 11:05:37,1104.6,637909,1,1112.47,190476,276817,-1.1410927641294135,0
2023-07-28 11:05:37,1104.6,637918,4,1112.47,190348,276811,-1.1410927641294135,0
2023-07-28 11:05:38,1104.75,637928,8,1112.47,190376,276823,-1.1276681433749416,0
2023-07-28 11:05:40,1104.75,637948,5,1112.47,190596,276953,-1.1276681433749416,0
2023-07-28 11:05:41,1104.75,637950,1,1112.47,190637,276952,-1.1276681433749416,0
2023-07-28 11:05:41,1104.75,637951,1,1112.47,190637,276976,-1.1276681433749416,0
2023-07-28 11:05:41,1104.75,637951,1,1112.47,190637,276976,-1.1276681433749416,0
2023-07-28 11:05:42,1104.75,637952,1,1112.47,190756,276981,-1.1276681433749416,0
2023-07-28 11:05:44,1104.75,637954,1,1112.47,190818,276979,-1.1276681433749416,0
2023-07-28 11:05:45,1104.65,637956,1,1112.47,191286,276978,-1.1366178905445758,0
2023-07-28 11:05:45,1104.75,637956,1,1112.47,191286,276978,-1.1276681433749416,0
2023-07-28 11:05:45,1104.75,637957,1,1112.47,191299,276977,-1.1276681433749416,0
2023-07-28 11:05:47,1104.75,637959,2,1112.47,191486,276985,-1.1276681433749416,0
2023-07-28 11:05:47,1104.75,637959,2,1112.47,191642,276941,-1.1276681433749416,0
2023-07-28 11:05:47,1104.65,637959,1,1112.47,191642,276941,-1.1366178905445758,0
2023-07-28 11:05:49,1104.65,637961,1,1112.47,191641,276941,-1.1366178905445758,0
2023-07-28 11:05:50,1104.7,637971,1,1112.47,191424,276803,-1.1321430169597588,0
2023-07-28 11:05:50,1104.7,637971,1,1112.47,191424,276803,-1.1321430169597588,0
2023-07-28 11:05:51,1104.7,637973,1,1112.47,191373,276903,-1.1321430169597588,0
2023-07-28 11:05:52,1104.7,637979,1,1112.47,191374,276920,-1.1321430169597588,0
2023-07-28 11:05:53,1104.55,638483,32,1112.47,191018,276957,-1.1455676377142305,0
2023-07-28 11:05:53,1104.55,638483,32,1112.47,191021,276957,-1.1455676377142305,0
2023-07-28 11:05:53,1104.55,638483,1,1112.47,191021,276957,-1.1455676377142305,0
2023-07-28 11:05:53,1104.65,638483,1,1112.47,191021,276957,-1.1366178905445758,0
2023-07-28 11:05:56,1104.55,638497,11,1112.46,190993,277972,-1.1455676377142305,0
2023-07-28 11:05:56,1104.65,638497,3,1112.46,190993,277972,-1.1366178905445758,0
2023-07-28 11:05:57,1104.65,638521,9,1112.46,191102,278425,-1.1366178905445758,0
2023-07-28 11:05:57,1104.65,638521,1,1112.46,191102,278425,-1.1366178905445758,0
2023-07-28 11:05:58,1104.65,638523,1,1112.46,191131,278485,-1.1366178905445758,0
2023-07-28 11:06:00,1104.65,638525,1,1112.46,191331,278447,-1.1366178905445758,0
2023-07-28 11:06:01,1104.6,638527,1,1112.46,191331,278445,-1.1410927641294135,0
2023-07-28 11:06:03,1104.65,638674,10,1112.46,191287,278300,-1.1366178905445758,0
2023-07-28 11:06:03,1104.65,638674,10,1112.46,191287,278300,-1.1366178905445758,0
2023-07-28 11:06:03,1104.65,638689,10,1112.46,191343,278285,-1.1366178905445758,0
2023-07-28 11:06:05,1104.55,638695,3,1112.46,191330,278295,-1.1455676377142305,0
2023-07-28 11:06:05,1104.55,638695,3,1112.46,191330,278295,-1.1455676377142305,0
2023-07-28 11:06:06,1104.65,638698,1,1112.46,191357,278245,-1.1366178905445758,0
2023-07-28 11:06:06,1104.55,638698,1,1112.46,191357,278245,-1.1455676377142305,0
2023-07-28 11:06:06,1104.65,638698,1,1112.46,191357,278245,-1.1366178905445758,0
2023-07-28 11:06:06,1104.65,638698,2,1112.46,191357,278245,-1.1366178905445758,0
2023-07-28 11:06:10,1104.65,638806,1,1112.46,187223,278305,-1.1366178905445758,0
2023-07-28 11:06:10,1104.55,638806,14,1112.46,187223,278305,-1.1455676377142305,0
2023-07-28 11:06:10,1104.6,638806,1,1112.46,187223,278305,-1.1410927641294135,0
2023-07-28 11:06:10,1104.55,638806,1,1112.46,187223,278305,-1.1455676377142305,0
2023-07-28 11:06:15,1104.55,638875,2,1112.46,190705,278038,-1.1455676377142305,0
2023-07-28 11:06:15,1104.6,638875,3,1112.46,190705,278038,-1.1410927641294135,0
2023-07-28 11:06:15,1104.6,638875,1,1112.46,190705,278038,-1.1410927641294135,0
2023-07-28 11:06:15,1104.6,638875,6,1112.46,190705,278038,-1.1410927641294135,0
2023-07-28 11:06:18,1104.6,638941,1,1112.46,190668,278137,-1.1410927641294135,0
2023-07-28 11:06:18,1104.5,638941,1,1112.46,190668,278137,-1.1500425112990478,0
2023-07-28 11:06:18,1104.5,638941,1,1112.46,190668,278137,-1.1500425112990478,0
2023-07-28 11:06:18,1104.6,638941,10,1112.46,190668,278137,-1.1410927641294135,0
2023-07-28 11:06:18,1104.55,638941,2,1112.46,190668,278137,-1.1455676377142305,0
2023-07-28 11:06:23,1104.6,639681,56,1112.45,190885,277431,-1.1410927641294135,0
2023-07-28 11:06:23,1104.65,639681,1,1112.45,190885,277431,-1.1366178905445758,0
2023-07-28 11:06:23,1104.65,639681,1,1112.45,190885,277431,-1.1366178905445758,0
2023-07-28 11:06:27,1104.65,639857,1,1112.45,191247,277423,-1.1366178905445758,0
2023-07-28 11:06:27,1104.6,639857,1,1112.45,191247,277423,-1.1410927641294135,0
2023-07-28 11:06:27,1104.6,639857,3,1112.45,191247,277423,-1.1410927641294135,0
2023-07-28 11:06:27,1104.6,639857,1,1112.45,191247,277423,-1.1410927641294135,0
2023-07-28 11:06:31,1104.6,639878,1,1112.45,191170,277423,-1.1410927641294135,0
2023-07-28 11:06:31,1104.6,639878,1,1112.45,191170,277423,-1.1410927641294135,0
2023-07-28 11:06:31,1104.6,639878,50,1112.45,191170,277423,-1.1410927641294135,0
2023-07-28 11:06:31,1105.0,639878,2,1112.45,191170,277423,-1.1052937754508354,0
2023-07-28 11:06:31,1104.85,639878,32,1112.45,191170,277423,-1.1187183962053073,0
2023-07-28 11:06:34,1104.85,643533,32,1112.4,194504,275042,-1.1187183962053073,0
2023-07-28 11:06:34,1104.75,643533,1,1112.4,194504,275042,-1.1276681433749416,0
2023-07-28 11:06:34,1105.0,643533,1,1112.4,194504,275042,-1.1052937754508354,0
2023-07-28 11:06:39,1105.0,643559,2,1112.4,194498,275174,-1.1052937754508354,0
2023-07-28 11:06:39,1104.65,643559,1,1112.4,194498,275174,-1.1366178905445758,0
2023-07-28 11:06:39,1104.65,643559,2,1112.4,194498,275174,-1.1366178905445758,0
2023-07-28 11:06:39,1104.65,643559,1,1112.4,194498,275174,-1.1366178905445758,0
2023-07-28 11:06:41,1104.65,643563,1,1112.4,194588,275381,-1.1366178905445758,0
2023-07-28 11:06:41,1104.85,643563,81,1112.4,194588,275381,-1.1187183962053073,0
2023-07-28 11:06:41,1104.85,643563,1,1112.4,194588,275381,-1.1187183962053073,0
2023-07-28 11:06:41,1104.65,643563,2,1112.4,194588,275381,-1.1366178905445758,0
2023-07-28 11:06:47,1104.85,643827,3,1112.4,194852,275312,-1.1187183962053073,0
