2023-07-28 10:49:30,1656.0,4948284,1,1658.0,512111,619367,-1.025012700594692,0
2023-07-28 10:49:29,1656.1,4947372,12,1658.01,510936,619224,-1.0190359501539121,0
2023-07-28 10:49:31,1656.0,4949412,1,1658.0,511209,618565,-1.025012700594692,0
2023-07-28 10:49:31,1655.65,4949412,1,1658.0,511209,618565,-1.0459313271374353,0
2023-07-28 10:49:32,1656.05,4949601,1,1658.0,510781,620184,-1.022024325374302,0
2023-07-28 10:49:33,1656.05,4949617,1,1658.0,510909,620177,-1.022024325374302,0
2023-07-28 10:49:34,1655.6,4949893,1,1658.0,510822,619011,-1.048919702357839,0
2023-07-28 10:49:34,1656.1,4949893,3,1658.0,510822,619011,-1.0190359501539121,0
2023-07-28 10:49:35,1656.1,4949981,1,1658.0,511999,619619,-1.0190359501539121,0
2023-07-28 10:49:36,1656.1,4950294,1,1658.0,512179,620110,-1.0190359501539121,0
2023-07-28 10:49:36,1656.1,4950294,1,1658.0,512179,620110,-1.0190359501539121,0
2023-07-28 10:49:37,1656.2,4950364,5,1658.0,512500,619948,-1.0130591997131186,0
2023-07-28 10:49:38,1656.0,4950928,5,1658.0,512123,618801,-1.025012700594692,0
2023-07-28 10:49:39,1656.0,4950964,1,1658.0,510717,618889,-1.025012700594692,0
2023-07-28 10:49:39,1656.0,4950964,1,1658.0,510717,618889,-1.025012700594692,0
2023-07-28 10:49:41,1656.1,4950999,5,1658.0,513075,618657,-1.0190359501539121,0
2023-07-28 10:49:41,1655.9,4950999,1,1658.0,513075,618657,-1.030989451035472,0
2023-07-28 10:49:42,1656.1,4951155,85,1658.0,511678,618020,-1.0190359501539121,0
2023-07-28 10:49:43,1656.05,4951179,1,1658.0,506191,618010,-1.022024325374302,0
2023-07-28 10:49:44,1656.05,4951493,1,1658.0,510939,617966,-1.022024325374302,0
2023-07-28 10:49:45,1655.9,4951544,1,1658.0,509762,617976,-1.030989451035472,0
2023-07-28 10:49:46,1655.9,4951579,1,1658.0,510713,617044,-1.030989451035472,0
2023-07-28 10:49:47,1655.9,4951660,1,1658.0,508585,618714,-1.030989451035472,0
2023-07-28 10:49:48,1655.85,4951709,4,1658.0,511143,618508,-1.0339778262558754,0
2023-07-28 10:49:49,1656.0,4951777,75,1658.0,508697,619231,-1.025012700594692,0
2023-07-28 10:49:50,1655.7,4951950,1,1658.0,511093,619138,-1.0429429519170454,0
2023-07-28 10:49:52,1655.7,4952653,1,1658.0,508555,618854,-1.0429429519170454,0
2023-07-28 10:49:53,1655.75,4952671,1,1658.0,511339,618848,-1.0399545766966554,0
2023-07-28 10:49:54,1655.75,4952744,1,1658.0,511314,618798,-1.0399545766966554,0
2023-07-28 10:49:55,1655.75,4952760,1,1658.0,510799,618315,-1.0399545766966554,0
2023-07-28 10:49:56,1655.75,4952808,8,1658.0,511287,618305,-1.0399545766966554,0
2023-07-28 10:49:57,1655.7,4953021,2,1658.0,511123,618832,-1.0429429519170454,0
2023-07-28 10:49:58,1655.6,4953176,1,1658.0,508319,620513,-1.048919702357839,0
2023-07-28 10:49:59,1655.6,4953609,5,1658.0,510640,620226,-1.048919702357839,0
2023-07-28 10:49:59,1655.6,4953612,3,1658.0,516695,628145,-1.048919702357839,0
2023-07-28 10:49:59,1655.6,4953612,16,1658.0,516695,628145,-1.048919702357839,0
2023-07-28 10:50:01,1655.6,4955308,11,1658.0,516252,626426,-1.048919702357839,0
2023-07-28 10:50:01,1655.6,4955308,2,1658.0,516252,626426,-1.048919702357839,0
2023-07-28 10:50:03,1655.6,4956019,5,1658.0,513566,626504,-1.048919702357839,0
2023-07-28 10:50:04,1655.6,4956032,1,1658.0,513054,626533,-1.048919702357839,0
2023-07-28 10:50:04,1655.6,4956032,1,1658.0,513054,626533,-1.048919702357839,0
2023-07-28 10:50:04,1655.6,4956032,1,1658.0,517334,626844,-1.048919702357839,0
2023-07-28 10:50:06,1655.45,4957637,1,1658.0,514405,619134,-1.0578848280190087,0
2023-07-28 10:50:06,1655.6,4957637,3,1658.0,514405,619134,-1.048919702357839,0
2023-07-28 10:50:07,1655.55,4957694,1,1658.0,514394,619338,-1.0519080775782288,0
2023-07-28 10:50:08,1655.6,4957863,4,1658.0,514351,619205,-1.048919702357839,0
2023-07-28 10:50:10,1655.4,4958679,1,1658.0,514437,619274,-1.0608732032393986,0
2023-07-28 10:50:11,1655.55,4958790,10,1658.0,514459,619344,-1.0519080775782288,0
2023-07-28 10:50:11,1655.55,4958790,1,1658.0,514459,619344,-1.0519080775782288,0
2023-07-28 10:50:12,1655.55,4958831,8,1658.0,514598,617658,-1.0519080775782288,0
2023-07-28 10:50:13,1655.4,4958975,79,1658.0,514615,619311,-1.0608732032393986,0
2023-07-28 10:50:14,1655.4,4959458,1,1658.0,514158,619552,-1.0608732032393986,0
2023-07-28 10:50:14,1655.4,4959458,1,1658.0,514158,619552,-1.0608732032393986,0
2023-07-28 10:50:15,1655.4,4959535,1,1658.0,514519,619726,-1.0608732032393986,0
2023-07-28 10:50:15,1655.4,4959535,1,1658.0,514519,619726,-1.0608732032393986,0
2023-07-28 10:50:16,1655.4,4959591,2,1658.0,515526,619743,-1.0608732032393986,0
2023-07-28 10:50:16,1655.4,4959591,1,1658.0,515526,619743,-1.0608732032393986,0
2023-07-28 10:50:16,1655.35,4959591,1,1658.0,515526,619743,-1.0638615784598022,0
2023-07-28 10:50:18,1655.35,4959738,1,1658.0,512435,620547,-1.0638615784598022,0
2023-07-28 10:50:18,1655.35,4959738,1,1658.0,512435,620547,-1.0638615784598022,0
2023-07-28 10:50:19,1655.35,4959747,1,1658.0,512447,620612,-1.0638615784598022,0
2023-07-28 10:50:20,1655.4,4960821,1,1658.0,512545,619699,-1.0608732032393986,0
2023-07-28 10:50:20,1655.4,4960821,1,1658.0,512545,619699,-1.0608732032393986,0
2023-07-28 10:50:22,1655.4,4961339,5,1658.0,513204,620043,-1.0608732032393986,0
2023-07-28 10:50:22,1655.4,4961339,5,1658.0,513204,620043,-1.0608732032393986,0
2023-07-28 10:50:23,1655.35,4961503,1,1658.0,513127,620076,-1.0638615784598022,0
2023-07-28 10:50:23,1655.4,4961503,16,1658.0,513127,620076,-1.0608732032393986,0
2023-07-28 10:50:24,1655.4,4962064,5,1658.0,512562,619604,-1.0608732032393986,0
2023-07-28 10:50:24,1655.4,4962064,3,1658.0,512562,619604,-1.0608732032393986,0
2023-07-28 10:50:24,1655.35,4962064,1,1658.0,512562,619604,-1.0638615784598022,0
2023-07-28 10:50:26,1655.35,4962111,1,1658.0,512601,620324,-1.0638615784598022,0
2023-07-28 10:50:27,1655.35,4962815,1,1658.0,514326,619580,-1.0638615784598022,0
2023-07-28 10:50:27,1655.35,4962815,1,1658.0,514326,619580,-1.0638615784598022,0
2023-07-28 10:50:28,1655.45,4963953,4,1658.0,513679,621437,-1.0578848280190087,0
2023-07-28 10:50:29,1655.45,4964138,2,1658.0,513698,621471,-1.0578848280190087,0
2023-07-28 10:50:31,1655.55,4965575,32,1658.0,514556,621272,-1.0519080775782288,0
2023-07-28 10:50:31,1655.4,4965575,1,1658.0,514556,621272,-1.0608732032393986,0
2023-07-28 10:50:32,1655.25,4966779,77,1658.0,506978,620444,-1.0698383289005822,0
2023-07-28 10:50:33,1655.25,4967225,16,1658.0,513212,621562,-1.0698383289005822,0
2023-07-28 10:50:33,1655.25,4967225,1,1658.0,513212,621562,-1.0698383289005822,0
2023-07-28 10:50:34,1655.25,4968619,1,1657.99,512762,620711,-1.0698383289005822,0
2023-07-28 10:50:35,1655.2,4968666,1,1657.99,512795,620766,-1.072826704120972,0
2023-07-28 10:50:37,1655.25,4969416,8,1657.99,513359,621582,-1.0698383289005822,0
2023-07-28 10:50:38,1655.25,4969472,3,1657.99,513894,621597,-1.0698383289005822,0
2023-07-28 10:50:39,1655.2,4969502,5,1657.99,513800,621667,-1.072826704120972,0
2023-07-28 10:50:40,1655.6,4970191,5,1657.99,512281,621525,-1.048919702357839,0
2023-07-28 10:50:42,1655.6,4970651,1,1657.99,510169,621650,-1.048919702357839,0
2023-07-28 10:50:42,1655.2,4970651,5,1657.99,510169,621650,-1.072826704120972,0
2023-07-28 10:50:43,1655.65,4971145,1,1657.99,510186,621593,-1.0459313271374353,0
2023-07-28 10:50:44,1655.65,4971754,1,1657.99,511280,620545,-1.0459313271374353,0
2023-07-28 10:50:44,1655.65,4971754,24,1657.99,511280,620545,-1.0459313271374353,0
2023-07-28 10:50:45,1655.65,4971890,5,1657.99,511438,621607,-1.0459313271374353,0
2023-07-28 10:50:45,1655.6,4971890,112,1657.99,511438,621607,-1.048919702357839,0
2023-07-28 10:50:46,1655.65,4972753,1,1657.99,510094,621556,-1.0459313271374353,0
2023-07-28 10:50:48,1655.65,4972758,1,1657.99,508737,621783,-1.0459313271374353,0
2023-07-28 10:50:48,1655.6,4972783,6,1657.99,509450,621794,-1.048919702357839,0
2023-07-28 10:50:49,1655.65,4972786,1,1657.99,510173,621211,-1.0459313271374353,0
2023-07-28 10:50:50,1655.65,4973186,17,1657.99,510096,621794,-1.0459313271374353,0
2023-07-28 10:50:51,1655.65,4973189,3,1657.99,510096,621849,-1.0459313271374353,0
2023-07-28 10:50:52,1655.65,4973200,3,1657.99,510200,622599,-1.0459313271374353,0
2023-07-28 10:50:53,1655.6,4974103,95,1657.99,503942,621940,-1.048919702357839,0
2023-07-28 10:50:53,1655.5,4974103,1,1657.99,503942,621940,-1.0548964527986189,0
2023-07-28 10:50:54,1655.5,4974217,1,1657.99,509465,622082,-1.0548964527986189,0
2023-07-28 10:50:54,1655.5,4974217,78,1657.99,509465,622082,-1.0548964527986189,0
2023-07-28 10:50:55,1655.5,4974420,3,1657.99,510036,621818,-1.0548964527986189,0
2023-07-28 10:50:56,1655.5,4974429,11,1657.99,510528,621849,-1.0548964527986189,0
2023-07-28 10:50:57,1655.5,4974769,4,1657.99,510562,621915,-1.0548964527986189,0
2023-07-28 10:50:57,1655.5,4974769,56,1657.99,510562,621915,-1.0548964527986189,0
2023-07-28 10:50:58,1655.5,4975053,4,1657.99,509311,620609,-1.0548964527986189,0
2023-07-28 10:50:59,1655.5,4975090,3,1657.99,509327,622234,-1.0548964527986189,0
2023-07-28 10:51:01,1655.15,4975274,1,1657.99,510460,622183,-1.0758150793413621,0
2023-07-28 10:51:02,1655.25,4975278,1,1657.99,508838,622036,-1.0698383289005822,0
2023-07-28 10:51:02,1655.25,4975278,7,1657.99,508838,622036,-1.0698383289005822,0
2023-07-28 10:51:03,1655.35,4975318,1,1657.99,508389,623905,-1.0638615784598022,0
2023-07-28 10:51:03,1655.15,4975318,1,1657.99,508389,623905,-1.0758150793413621,0
2023-07-28 10:51:04,1655.15,4978256,1,1657.99,509694,620655,-1.0758150793413621,0
2023-07-28 10:51:04,1655.15,4978256,1,1657.99,509694,620655,-1.0758150793413621,0
2023-07-28 10:51:05,1655.15,4978488,15,1657.99,508515,620228,-1.0758150793413621,0
2023-07-28 10:51:06,1655.15,4978704,1,1657.99,509236,621193,-1.0758150793413621,0
2023-07-28 10:51:06,1655.15,4978704,1,1657.99,509236,621193,-1.0758150793413621,0
2023-07-28 10:51:07,1655.5,4979235,2,1657.99,509789,621062,-1.0548964527986189,0
2023-07-28 10:51:08,1655.2,4979243,1,1657.99,509974,621060,-1.072826704120972,0
2023-07-28 10:51:08,1655.15,4979243,10,1657.99,509974,621060,-1.0758150793413621,0
2023-07-28 10:51:09,1655.15,4979263,1,1657.99,510502,620678,-1.0758150793413621,0
2023-07-28 10:51:10,1655.15,4979509,39,1657.99,513203,628280,-1.0758150793413621,0
2023-07-28 10:51:11,1655.5,4981159,1,1657.99,513109,620224,-1.0548964527986189,0
2023-07-28 10:51:12,1655.6,4982749,80,1657.99,511612,620017,-1.048919702357839,0
2023-07-28 10:51:13,1655.6,4983252,4,1657.99,511574,619972,-1.048919702357839,0
2023-07-28 10:51:14,1655.6,4983263,1,1657.99,512211,619984,-1.048919702357839,0
2023-07-28 10:51:16,1655.45,4984210,15,1657.99,514034,619317,-1.0578848280190087,0
2023-07-28 10:51:17,1655.45,4984687,1,1657.99,514974,619609,-1.0578848280190087,0
2023-07-28 10:51:17,1655.4,4984687,240,1657.99,514974,619609,-1.0608732032393986,0
2023-07-28 10:51:18,1655.45,4984996,1,1657.99,512784,619634,-1.0578848280190087,0
2023-07-28 10:51:18,1655.25,4984996,33,1657.99,512784,619634,-1.0698383289005822,0
2023-07-28 10:51:19,1655.55,4985368,6,1657.99,513300,619731,-1.0519080775782288,0
2023-07-28 10:51:19,1655.35,4985368,1,1657.99,513300,619731,-1.0638615784598022,0
2023-07-28 10:51:20,1655.1,4985724,91,1657.99,514375,619600,-1.0788034545617655,0
2023-07-28 10:51:21,1655.15,4986431,1,1657.99,514879,620086,-1.0758150793413621,0
2023-07-28 10:51:22,1655.35,4986841,35,1657.99,515251,620066,-1.0638615784598022,0
2023-07-28 10:51:24,1655.1,4987672,1,1657.98,515056,620019,-1.0788034545617655,0
2023-07-28 10:51:24,1655.35,4987686,1,1657.98,514790,619905,-1.0638615784598022,0
2023-07-28 10:51:24,1655.4,4987686,8,1657.98,514790,619905,-1.0608732032393986,0
2023-07-28 10:51:25,1655.55,4988285,1,1657.98,512321,620559,-1.0519080775782288,0
2023-07-28 10:51:25,1655.2,4988285,117,1657.98,512321,620559,-1.072826704120972,0
2023-07-28 10:51:26,1655.5,4989144,3,1657.98,513464,620048,-1.0548964527986189,0
2023-07-28 10:51:27,1655.15,4989660,1,1657.98,512378,620116,-1.0758150793413621,0
2023-07-28 10:51:28,1655.5,4990052,1,1657.98,512775,620251,-1.0548964527986189,0
2023-07-28 10:51:29,1655.5,4990575,1,1657.98,513131,620494,-1.0548964527986189,0
2023-07-28 10:51:31,1655.5,4991030,9,1657.98,512796,620483,-1.0548964527986189,0
2023-07-28 10:51:32,1655.7,4991422,1,1657.98,512475,620642,-1.0429429519170454,0
2023-07-28 10:51:32,1655.25,4991422,1,1657.98,512475,620642,-1.0698383289005822,0
2023-07-28 10:51:33,1655.25,4991957,1,1657.98,513835,620374,-1.0698383289005822,0
2023-07-28 10:51:33,1655.15,4991957,1,1657.98,513835,620374,-1.0758150793413621,0
2023-07-28 10:51:34,1655.2,4992654,1,1657.98,512718,620447,-1.072826704120972,0
2023-07-28 10:51:35,1655.1,4992996,1,1657.98,515222,620671,-1.0788034545617655,0
2023-07-28 10:51:36,1655.1,4993819,1,1657.98,513003,620845,-1.0788034545617655,0
2023-07-28 10:51:38,1655.7,4995408,1,1657.98,515523,621930,-1.0429429519170454,0
2023-07-28 10:51:38,1655.1,4995408,301,1657.98,515523,621930,-1.0788034545617655,0
2023-07-28 10:51:39,1655.7,4995870,4,1657.98,514440,621929,-1.0429429519170454,0
2023-07-28 10:51:40,1655.1,4996654,62,1657.98,513680,621754,-1.0788034545617655,0
2023-07-28 10:51:40,1655.1,4996654,62,1657.98,513680,621754,-1.0788034545617655,0
2023-07-28 10:51:41,1655.6,4997327,6,1657.98,513550,621683,-1.048919702357839,0
2023-07-28 10:51:42,1655.6,4997690,50,1657.98,514217,621897,-1.048919702357839,0
2023-07-28 10:51:44,1655.6,4998842,39,1657.98,518122,629719,-1.048919702357839,0
2023-07-28 10:51:44,1655.15,4998842,1,1657.98,518122,629719,-1.0758150793413621,0
2023-07-28 10:51:45,1655.15,4999543,1,1657.98,513723,621782,-1.0758150793413621,0
2023-07-28 10:51:45,1655.1,4999543,115,1657.98,513723,621782,-1.0788034545617655,0
2023-07-28 10:51:46,1655.55,4999866,29,1657.98,512881,622144,-1.0519080775782288,0
2023-07-28 10:51:46,1655.55,4999866,1,1657.98,512881,622144,-1.0519080775782288,0
2023-07-28 10:51:47,1655.15,4999952,1,1657.98,514055,622354,-1.0758150793413621,0
2023-07-28 10:51:48,1655.55,4999995,4,1657.98,514702,623807,-1.0519080775782288,0
2023-07-28 10:51:50,1655.15,5001453,1,1657.98,514619,622398,-1.0758150793413621,0
2023-07-28 10:51:50,1655.15,5001453,1,1657.98,514619,622398,-1.0758150793413621,0
2023-07-28 10:51:51,1655.15,5001459,1,1657.98,514634,622394,-1.0758150793413621,0
2023-07-28 10:51:51,1655.15,5001459,1,1657.98,514634,622394,-1.0758150793413621,0
2023-07-28 10:51:52,1655.55,5001465,1,1657.98,515272,622680,-1.0519080775782288,0
2023-07-28 10:51:52,1655.15,5001465,17,1657.98,515272,622680,-1.0758150793413621,0
2023-07-28 10:51:53,1655.55,5001815,2,1657.98,515894,622620,-1.0519080775782288,0
2023-07-28 10:51:53,1655.2,5001815,1,1657.98,515894,622620,-1.072826704120972,0
2023-07-28 10:51:54,1655.55,5001837,5,1657.98,513434,622711,-1.0519080775782288,0
2023-07-28 10:51:55,1655.55,5001957,1,1657.98,512761,622691,-1.0519080775782288,0
2023-07-28 10:51:56,1655.55,5002813,3,1657.98,517466,629958,-1.0519080775782288,0
2023-07-28 10:51:57,1655.2,5002923,1,1657.98,518010,629961,-1.072826704120972,0
2023-07-28 10:51:59,1655.15,5003009,1,1657.98,517469,630893,-1.0758150793413621,0
2023-07-28 10:51:59,1655.15,5003009,1,1657.98,517469,630893,-1.0758150793413621,0
2023-07-28 10:52:00,1655.4,5003028,1,1657.98,516959,624040,-1.0608732032393986,0
2023-07-28 10:52:00,1655.4,5003028,1,1657.98,516959,624040,-1.0608732032393986,0
2023-07-28 10:52:01,1655.4,5003142,9,1657.98,517306,623963,-1.0608732032393986,0
2023-07-28 10:52:01,1655.4,5003142,1,1657.98,517306,623963,-1.0608732032393986,0
2023-07-28 10:52:02,1655.45,5003240,7,1657.98,518174,624015,-1.0578848280190087,0
2023-07-28 10:52:03,1655.45,5003248,1,1657.98,514996,624004,-1.0578848280190087,0
2023-07-28 10:52:04,1655.45,5003287,1,1657.98,514991,624141,-1.0578848280190087,0
2023-07-28 10:52:06,1655.4,5003356,1,1657.98,509499,625572,-1.0608732032393986,0
2023-07-28 10:52:07,1655.4,5003756,1,1657.98,513164,625491,-1.0608732032393986,0
2023-07-28 10:52:08,1655.4,5003833,1,1657.98,510338,625768,-1.0608732032393986,0
2023-07-28 10:52:08,1655.4,5003833,1,1657.98,510338,625768,-1.0608732032393986,0
2023-07-28 10:52:09,1655.2,5003962,1,1657.98,513794,625336,-1.072826704120972,0
2023-07-28 10:52:09,1655.2,5003962,1,1657.98,513794,625336,-1.072826704120972,0
2023-07-28 10:52:10,1655.2,5004063,1,1657.98,514317,625349,-1.072826704120972,0
2023-07-28 10:52:10,1655.2,5004063,1,1657.98,514317,625349,-1.072826704120972,0
2023-07-28 10:52:11,1655.4,5004192,4,1657.98,514815,625439,-1.0608732032393986,0
2023-07-28 10:52:11,1655.1,5004192,1,1657.98,514815,625439,-1.0788034545617655,0
2023-07-28 10:52:12,1655.15,5004198,1,1657.98,518728,633184,-1.0758150793413621,0
2023-07-28 10:52:14,1655.4,5005070,14,1657.98,518751,633022,-1.0608732032393986,0
2023-07-28 10:52:14,1655.2,5005070,4,1657.98,518751,633022,-1.072826704120972,0
2023-07-28 10:52:15,1655.2,5005208,1,1657.98,518934,632842,-1.072826704120972,0
2023-07-28 10:52:15,1655.15,5005208,1,1657.98,518934,632842,-1.0758150793413621,0
2023-07-28 10:52:16,1655.15,5005326,1,1657.98,518947,632937,-1.0758150793413621,0
2023-07-28 10:52:16,1655.4,5005326,7,1657.98,518947,632937,-1.0608732032393986,0
2023-07-28 10:52:17,1655.45,5006491,1,1657.97,518523,633192,-1.0578848280190087,0
2023-07-28 10:52:18,1655.4,5006595,1,1657.97,512732,625482,-1.0608732032393986,0
2023-07-28 10:52:19,1655.45,5006603,1,1657.97,512949,625473,-1.0578848280190087,0
2023-07-28 10:52:20,1655.4,5006605,1,1657.97,512788,625591,-1.0608732032393986,0
2023-07-28 10:52:20,1655.4,5006605,1,1657.97,512788,625591,-1.0608732032393986,0
2023-07-28 10:52:23,1655.1,5007181,122,1657.97,513129,624974,-1.0788034545617655,0
2023-07-28 10:52:24,1655.4,5007414,6,1657.97,513178,624907,-1.0608732032393986,0
2023-07-28 10:52:24,1655.1,5007490,1,1657.97,514094,624733,-1.0788034545617655,0
2023-07-28 10:52:26,1655.2,5007798,34,1657.97,514141,625301,-1.072826704120972,0
2023-07-28 10:52:27,1655.2,5007924,2,1657.97,514127,624722,-1.072826704120972,0
2023-07-28 10:52:27,1655.2,5007924,2,1657.97,515024,624864,-1.072826704120972,0
2023-07-28 10:52:27,1655.2,5007924,1,1657.97,515024,624864,-1.072826704120972,0
2023-07-28 10:52:28,1655.2,5008407,5,1657.97,515073,625313,-1.072826704120972,0
2023-07-28 10:52:28,1655.15,5008407,23,1657.97,515073,625313,-1.0758150793413621,0
2023-07-28 10:52:29,1655.2,5008521,1,1657.97,515093,625290,-1.072826704120972,0
2023-07-28 10:52:30,1655.15,5008610,1,1657.97,515218,624291,-1.0758150793413621,0
2023-07-28 10:52:31,1655.15,5009452,1,1657.97,515168,625241,-1.0758150793413621,0
2023-07-28 10:52:31,1655.15,5009452,1,1657.97,515168,625241,-1.0758150793413621,0
2023-07-28 10:52:32,1655.15,5009481,1,1657.97,515036,625388,-1.0758150793413621,0
2023-07-28 10:52:33,1655.15,5009506,1,1657.97,515095,625657,-1.0758150793413621,0
2023-07-28 10:52:35,1655.2,5010601,9,1657.97,517198,623579,-1.072826704120972,0
2023-07-28 10:52:37,1655.3,5011083,6,1657.97,516107,624719,-1.066849953680192,0
2023-07-28 10:52:37,1655.3,5011158,1,1657.97,515606,624897,-1.066849953680192,0
2023-07-28 10:52:39,1655.3,5011293,1,1657.97,516425,624907,-1.066849953680192,0
2023-07-28 10:52:39,1655.4,5011354,14,1657.97,516388,624888,-1.0608732032393986,0
2023-07-28 10:52:39,1655.4,5011354,1,1657.97,516388,624888,-1.0608732032393986,0
2023-07-28 10:52:40,1655.4,5011678,1,1657.97,515744,624898,-1.0608732032393986,0
2023-07-28 10:52:40,1655.15,5011678,1,1657.97,515744,624898,-1.0758150793413621,0
2023-07-28 10:52:41,1655.4,5012662,30,1657.97,515853,624325,-1.0608732032393986,0
2023-07-28 10:52:41,1655.4,5012662,1,1657.97,515853,624325,-1.0608732032393986,0
2023-07-28 10:52:42,1655.25,5012681,1,1657.97,515973,624893,-1.0698383289005822,0
2023-07-28 10:52:43,1655.4,5013160,1,1657.97,515865,624676,-1.0608732032393986,0
2023-07-28 10:52:44,1655.35,5013358,1,1657.97,516294,624062,-1.0638615784598022,0
2023-07-28 10:52:45,1655.25,5013380,1,1657.97,516255,624659,-1.0698383289005822,0
2023-07-28 10:52:47,1655.2,5013423,1,1657.97,516267,624715,-1.072826704120972,0
2023-07-28 10:52:48,1655.35,5014185,31,1657.97,516706,623985,-1.0638615784598022,0
2023-07-28 10:52:48,1655.25,5014466,1,1657.97,516788,624185,-1.0698383289005822,0
2023-07-28 10:52:50,1655.45,5015356,1,1657.97,514701,624186,-1.0578848280190087,0
2023-07-28 10:52:50,1655.4,5015356,1,1657.97,514701,624186,-1.0608732032393986,0
2023-07-28 10:52:51,1655.5,5015535,14,1657.97,507626,624635,-1.0548964527986189,0
2023-07-28 10:52:51,1655.45,5015535,1,1657.97,507626,624635,-1.0578848280190087,0
2023-07-28 10:52:52,1655.45,5015574,1,1657.97,515210,624025,-1.0578848280190087,0
2023-07-28 10:52:53,1655.4,5015848,1,1657.97,515386,624093,-1.0608732032393986,0
2023-07-28 10:52:55,1655.5,5016064,1,1657.97,518445,624035,-1.0548964527986189,0
2023-07-28 10:52:56,1655.4,5016143,1,1657.97,509563,624007,-1.0608732032393986,0
2023-07-28 10:52:56,1655.45,5016143,1,1657.97,509563,624007,-1.0578848280190087,0
2023-07-28 10:52:57,1655.6,5017699,1,1657.97,513722,624584,-1.048919702357839,0
2023-07-28 10:52:57,1655.5,5017699,326,1657.97,513722,624584,-1.0548964527986189,0
2023-07-28 10:52:58,1655.5,5018133,1,1657.97,514420,625205,-1.0548964527986189,0
2023-07-28 10:52:58,1655.5,5018133,1,1657.97,514420,625205,-1.0548964527986189,0
2023-07-28 10:52:59,1655.5,5018265,1,1657.97,514593,624697,-1.0548964527986189,0
2023-07-28 10:53:00,1655.5,5018279,1,1657.97,515920,624693,-1.0548964527986189,0
2023-07-28 10:53:01,1655.5,5018352,40,1657.97,515101,626057,-1.0548964527986189,0
2023-07-28 10:53:03,1655.55,5020105,7,1657.97,515116,625104,-1.0519080775782288,0
2023-07-28 10:53:03,1655.5,5020105,1,1657.97,515116,625104,-1.0548964527986189,0
2023-07-28 10:53:04,1655.5,5020211,1,1657.97,513193,626201,-1.0548964527986189,0
2023-07-28 10:53:04,1655.5,5020211,1,1657.97,513193,626201,-1.0548964527986189,0
2023-07-28 10:53:05,1655.5,5020226,1,1657.97,512979,626197,-1.0548964527986189,0
2023-07-28 10:53:06,1655.55,5020447,20,1657.97,513045,626155,-1.0519080775782288,0
2023-07-28 10:53:06,1655.55,5020447,1,1657.97,513045,626155,-1.0519080775782288,0
2023-07-28 10:53:07,1655.5,5020547,8,1657.97,513543,626217,-1.0548964527986189,0
2023-07-28 10:53:08,1655.55,5021259,45,1657.97,512998,625785,-1.0519080775782288,0
2023-07-28 10:53:08,1655.5,5021259,1,1657.97,512998,625785,-1.0548964527986189,0
2023-07-28 10:53:09,1655.55,5021603,3,1657.97,513006,625110,-1.0519080775782288,0
2023-07-28 10:53:09,1655.45,5021603,1,1657.97,513006,625110,-1.0578848280190087,0
2023-07-28 10:53:10,1655.55,5021613,1,1657.97,513051,625219,-1.0519080775782288,0
2023-07-28 10:53:11,1655.45,5021871,1,1657.97,513004,625064,-1.0578848280190087,0
2023-07-28 10:53:12,1655.5,5021878,1,1657.97,513125,626056,-1.0548964527986189,0
2023-07-28 10:53:12,1655.5,5021878,1,1657.97,513125,626056,-1.0548964527986189,0
2023-07-28 10:53:13,1655.45,5021944,1,1657.97,513124,625546,-1.0578848280190087,0
2023-07-28 10:53:14,1655.45,5022529,1,1657.97,513179,624038,-1.0578848280190087,0
2023-07-28 10:53:15,1655.45,5022591,1,1657.97,513140,625269,-1.0578848280190087,0
2023-07-28 10:53:15,1655.45,5022591,1,1657.97,513140,625269,-1.0578848280190087,0
2023-07-28 10:53:16,1655.4,5024795,3,1657.97,511526,624524,-1.0608732032393986,0
2023-07-28 10:53:17,1655.05,5025100,1,1657.97,511681,624974,-1.0817918297821556,0
2023-07-28 10:53:17,1655.4,5025100,6,1657.97,511681,624974,-1.0608732032393986,0
2023-07-28 10:53:19,1655.4,5025247,1,1657.97,511781,624896,-1.0608732032393986,0
2023-07-28 10:53:20,1655.35,5025567,2,1657.96,512917,625032,-1.0638615784598022,0
2023-07-28 10:53:21,1655.0,5025574,4,1657.96,513389,624902,-1.0847802050025455,0
2023-07-28 10:53:21,1655.05,5025574,1,1657.96,513389,624902,-1.0817918297821556,0
2023-07-28 10:53:22,1655.0,5025599,1,1657.96,513439,624926,-1.0847802050025455,0
2023-07-28 10:53:22,1655.0,5025599,1,1657.96,513439,624926,-1.0847802050025455,0
2023-07-28 10:53:23,1655.0,5025631,1,1657.96,513370,624928,-1.0847802050025455,0
2023-07-28 10:53:23,1655.0,5025631,1,1657.96,513370,624928,-1.0847802050025455,0
2023-07-28 10:53:24,1655.0,5025773,1,1657.96,513651,624356,-1.0847802050025455,0
2023-07-28 10:53:25,1655.0,5025815,1,1657.96,514361,624238,-1.0847802050025455,0
2023-07-28 10:53:25,1655.05,5025815,2,1657.96,514361,624238,-1.0817918297821556,0
2023-07-28 10:53:26,1655.05,5025836,1,1657.96,514935,621824,-1.0817918297821556,0
2023-07-28 10:53:27,1655.05,5025841,4,1657.96,514936,624929,-1.0817918297821556,0
2023-07-28 10:53:29,1655.05,5025922,1,1657.96,514482,625046,-1.0817918297821556,0
2023-07-28 10:53:30,1655.05,5025951,1,1657.96,514321,625059,-1.0817918297821556,0
2023-07-28 10:53:30,1655.05,5025951,2,1657.96,514321,625059,-1.0817918297821556,0
2023-07-28 10:53:31,1655.05,5026309,2,1657.96,513398,624848,-1.0817918297821556,0
2023-07-28 10:53:31,1655.05,5026309,5,1657.96,513398,624848,-1.0817918297821556,0
2023-07-28 10:53:32,1655.4,5026632,100,1657.96,512733,625116,-1.0608732032393986,0
2023-07-28 10:53:33,1655.4,5027859,109,1657.96,512744,624907,-1.0608732032393986,0
2023-07-28 10:53:33,1655.4,5027859,103,1657.96,512744,624907,-1.0608732032393986,0
2023-07-28 10:53:33,1655.4,5029490,3,1657.96,512117,624673,-1.0608732032393986,0
2023-07-28 10:53:35,1655.25,5029567,37,1657.96,511622,624964,-1.0698383289005822,0
2023-07-28 10:53:36,1655.4,5029998,5,1657.96,511786,624460,-1.0608732032393986,0
2023-07-28 10:53:37,1655.4,5030078,6,1657.96,511566,625193,-1.0608732032393986,0
2023-07-28 10:53:37,1655.3,5030078,2,1657.96,511566,625193,-1.066849953680192,0
2023-07-28 10:53:38,1655.25,5030417,1,1657.96,508517,626581,-1.0698383289005822,0
2023-07-28 10:53:39,1655.25,5031308,1,1657.96,511369,626169,-1.0698383289005822,0
2023-07-28 10:53:40,1655.25,5031324,1,1657.96,511384,626434,-1.0698383289005822,0
2023-07-28 10:53:40,1655.25,5031324,1,1657.96,511384,626434,-1.0698383289005822,0
2023-07-28 10:53:42,1655.4,5031594,1,1657.96,511303,625891,-1.0608732032393986,0
2023-07-28 10:53:42,1655.3,5031594,1,1657.96,511303,625891,-1.066849953680192,0
2023-07-28 10:53:44,1655.3,5032631,1,1657.96,512395,624757,-1.066849953680192,0
2023-07-28 10:53:45,1655.3,5032733,1,1657.96,511852,625384,-1.066849953680192,0
2023-07-28 10:53:45,1655.3,5032733,1,1657.96,511852,625384,-1.066849953680192,0
2023-07-28 10:53:46,1655.3,5032761,1,1657.96,511331,625290,-1.066849953680192,0
2023-07-28 10:53:46,1655.3,5032761,1,1657.96,511331,625290,-1.066849953680192,0
2023-07-28 10:53:47,1655.3,5032989,1,1657.96,511316,626157,-1.066849953680192,0
2023-07-28 10:53:48,1655.3,5033040,1,1657.96,511325,626257,-1.066849953680192,0
2023-07-28 10:53:49,1655.3,5033255,1,1657.96,512915,625430,-1.066849953680192,0
2023-07-28 10:53:50,1655.3,5034096,1,1657.96,507988,624696,-1.066849953680192,0
2023-07-28 10:53:51,1655.3,5034586,1,1657.96,513006,625190,-1.066849953680192,0
2023-07-28 10:53:51,1655.3,5034586,1,1657.96,513006,625190,-1.066849953680192,0
2023-07-28 10:53:52,1655.3,5037450,1,1657.96,514176,625323,-1.066849953680192,0
2023-07-28 10:53:53,1655.3,5037921,1,1657.96,514364,625793,-1.066849953680192,0
2023-07-28 10:53:54,1655.3,5038665,7,1657.96,513437,625509,-1.066849953680192,0
2023-07-28 10:53:54,1655.05,5038665,1,1657.96,513437,625509,-1.0817918297821556,0
2023-07-28 10:53:55,1655.05,5038716,1,1657.96,513464,625519,-1.0817918297821556,0
2023-07-28 10:53:56,1655.35,5040271,1,1657.96,514149,625018,-1.0638615784598022,0
2023-07-28 10:53:56,1655.35,5040271,1,1657.96,514149,625018,-1.0638615784598022,0
2023-07-28 10:53:57,1655.35,5040634,4,1657.96,513055,625554,-1.0638615784598022,0
2023-07-28 10:53:59,1655.3,5040821,1,1657.96,513074,625899,-1.066849953680192,0
2023-07-28 10:53:59,1655.35,5040821,1,1657.96,513074,625899,-1.0638615784598022,0
2023-07-28 10:54:00,1655.3,5040921,6,1657.96,513319,624230,-1.066849953680192,0
2023-07-28 10:54:01,1655.3,5041220,20,1657.96,513521,625277,-1.066849953680192,0
2023-07-28 10:54:02,1655.3,5041248,1,1657.96,513020,625218,-1.066849953680192,0
2023-07-28 10:54:02,1655.1,5041248,1,1657.96,513020,625218,-1.0788034545617655,0
2023-07-28 10:54:03,1655.3,5041271,20,1657.96,506283,625252,-1.066849953680192,0
2023-07-28 10:54:03,1655.1,5041271,1,1657.96,506283,625252,-1.0788034545617655,0
2023-07-28 10:54:03,1655.05,5041271,1,1657.96,506283,625252,-1.0817918297821556,0
2023-07-28 10:54:05,1655.0,5041462,1,1657.96,514914,625471,-1.0847802050025455,0
2023-07-28 10:54:05,1655.05,5041462,1,1657.96,514914,625471,-1.0817918297821556,0
2023-07-28 10:54:08,1655.15,5041928,1,1657.96,513457,625682,-1.0758150793413621,0
2023-07-28 10:54:08,1655.15,5041928,1,1657.96,513457,625682,-1.0758150793413621,0
2023-07-28 10:54:09,1655.1,5042364,1,1657.96,513205,625549,-1.0788034545617655,0
2023-07-28 10:54:09,1655.25,5042364,1,1657.96,513205,625549,-1.0698383289005822,0
2023-07-28 10:54:11,1655.2,5042508,1,1657.96,512621,625423,-1.072826704120972,0
2023-07-28 10:54:11,1655.15,5042513,1,1657.96,512627,625738,-1.0758150793413621,0
2023-07-28 10:54:13,1655.05,5042528,1,1657.96,513173,625705,-1.0817918297821556,0
2023-07-28 10:54:14,1655.1,5042607,1,1657.96,513325,625636,-1.0788034545617655,0
2023-07-28 10:54:14,1655.05,5042607,1,1657.96,513325,625636,-1.0817918297821556,0
2023-07-28 10:54:15,1655.05,5042629,1,1657.96,513321,625635,-1.0817918297821556,0
2023-07-28 10:54:15,1655.05,5042629,1,1657.96,513321,625635,-1.0817918297821556,0
2023-07-28 10:54:16,1655.1,5044151,1,1657.95,512702,625307,-1.0788034545617655,0
2023-07-28 10:54:16,1655.05,5044151,1,1657.95,512702,625307,-1.0817918297821556,0
2023-07-28 10:54:17,1655.1,5044196,2,1657.95,513417,625397,-1.0788034545617655,0
2023-07-28 10:54:18,1655.1,5044573,4,1657.95,513459,625464,-1.0788034545617655,0
2023-07-28 10:54:19,1655.1,5044621,1,1657.95,513473,625551,-1.0788034545617655,0
2023-07-28 10:54:20,1655.1,5044658,5,1657.95,513468,625670,-1.0788034545617655,0
2023-07-28 10:54:21,1655.1,5044853,1,1657.95,513370,625456,-1.0788034545617655,0
2023-07-28 10:54:23,1655.1,5044897,1,1657.95,512102,625526,-1.0788034545617655,0
2023-07-28 10:54:24,1655.05,5044933,1,1657.95,513202,624538,-1.0817918297821556,0
2023-07-28 10:54:25,1655.05,5045157,1,1657.95,512449,625314,-1.0817918297821556,0
2023-07-28 10:54:25,1655.1,5045159,1,1657.95,512449,625391,-1.0788034545617655,0
2023-07-28 10:54:25,1655.1,5045159,2,1657.95,512449,625391,-1.0788034545617655,0
2023-07-28 10:54:26,1655.1,5045166,11,1657.95,512449,625457,-1.0788034545617655,0
2023-07-28 10:54:27,1655.1,5045328,6,1657.95,512470,625464,-1.0788034545617655,0
2023-07-28 10:54:28,1655.25,5048146,100,1657.95,511716,625262,-1.0698383289005822,0
2023-07-28 10:54:28,1655.05,5048146,2,1657.95,511716,625262,-1.0817918297821556,0
2023-07-28 10:54:29,1655.05,5048418,27,1657.95,511836,625423,-1.0817918297821556,0
2023-07-28 10:54:29,1655.05,5048418,4,1657.95,511836,625423,-1.0817918297821556,0
2023-07-28 10:54:32,1655.05,5049553,5,1657.95,511863,625320,-1.0817918297821556,0
2023-07-28 10:54:33,1655.0,5049664,1,1657.95,511356,625576,-1.0847802050025455,0
2023-07-28 10:54:33,1655.0,5049664,1,1657.95,511356,625576,-1.0847802050025455,0
2023-07-28 10:54:34,1655.0,5049712,1,1657.95,511362,624498,-1.0847802050025455,0
2023-07-28 10:54:34,1655.0,5049712,4,1657.95,511362,624498,-1.0847802050025455,0
2023-07-28 10:54:35,1655.05,5050185,4,1657.95,511451,625619,-1.0817918297821556,0
2023-07-28 10:54:36,1655.0,5050588,1,1657.95,511936,625673,-1.0847802050025455,0
2023-07-28 10:54:38,1655.0,5050732,1,1657.95,510263,626024,-1.0847802050025455,0
2023-07-28 10:54:38,1655.0,5050732,1,1657.95,510263,626024,-1.0847802050025455,0
2023-07-28 10:54:39,1655.0,5051761,1,1657.95,510445,626116,-1.0847802050025455,0
2023-07-28 10:54:39,1655.0,5051762,1,1657.95,510136,626161,-1.0847802050025455,0
2023-07-28 10:54:40,1655.0,5052358,1,1657.95,511572,625246,-1.0847802050025455,0
2023-07-28 10:54:41,1655.05,5052675,1,1657.95,512203,625065,-1.0817918297821556,0
2023-07-28 10:54:42,1655.05,5052756,6,1657.95,512190,626162,-1.0817918297821556,0
2023-07-28 10:54:42,1655.05,5052756,5,1657.95,512190,626162,-1.0817918297821556,0
2023-07-28 10:54:43,1655.05,5053005,1,1657.95,505016,626157,-1.0817918297821556,0
2023-07-28 10:54:44,1655.05,5053201,7,1657.95,512091,626496,-1.0817918297821556,0
2023-07-28 10:54:45,1655.0,5053218,1,1657.95,512109,626555,-1.0847802050025455,0
2023-07-28 10:54:47,1655.0,5053273,1,1657.95,512319,624960,-1.0847802050025455,0
2023-07-28 10:54:48,1655.0,5053438,1,1657.95,512265,626530,-1.0847802050025455,0
2023-07-28 10:54:49,1655.0,5053500,1,1657.95,511084,627065,-1.0847802050025455,0
2023-07-28 10:54:49,1655.0,5053502,1,1657.95,511083,627067,-1.0847802050025455,0
2023-07-28 10:54:49,1655.0,5053502,1,1657.95,511083,627067,-1.0847802050025455,0
2023-07-28 10:54:50,1655.05,5053719,6,1657.95,512148,626965,-1.0817918297821556,0
2023-07-28 10:54:51,1655.05,5054042,1,1657.95,511920,626880,-1.0817918297821556,0
2023-07-28 10:54:52,1655.0,5054272,1,1657.95,511211,626498,-1.0847802050025455,0
2023-07-28 10:54:52,1655.1,5054272,1,1657.95,511211,626498,-1.0788034545617655,0
2023-07-28 10:54:54,1655.05,5054655,1,1657.95,510005,626484,-1.0817918297821556,0
2023-07-28 10:54:55,1655.1,5055047,46,1657.95,512837,627349,-1.0788034545617655,0
2023-07-28 10:54:56,1655.1,5055072,1,1657.95,512852,627665,-1.0788034545617655,0
2023-07-28 10:54:57,1655.1,5055076,1,1657.95,512850,627662,-1.0788034545617655,0
2023-07-28 10:54:57,1655.15,5055076,1,1657.95,512850,627662,-1.0758150793413621,0
2023-07-28 10:54:58,1655.5,5055653,248,1657.95,512413,627721,-1.0548964527986189,0
2023-07-28 10:54:59,1655.35,5055713,1,1657.95,512051,627709,-1.0638615784598022,0
2023-07-28 10:54:59,1655.15,5055713,1,1657.95,512051,627709,-1.0758150793413621,0
2023-07-28 10:55:00,1655.15,5055719,1,1657.95,513772,627775,-1.0758150793413621,0
2023-07-28 10:55:00,1655.15,5055719,1,1657.95,513772,627775,-1.0758150793413621,0
2023-07-28 10:55:01,1655.15,5055728,1,1657.95,512022,627388,-1.0758150793413621,0
2023-07-28 10:55:01,1655.15,5055728,1,1657.95,512022,627388,-1.0758150793413621,0
2023-07-28 10:55:02,1655.2,5055732,1,1657.95,512228,627203,-1.072826704120972,0
2023-07-28 10:55:03,1655.15,5055738,1,1657.95,512384,628576,-1.0758150793413621,0
2023-07-28 10:55:05,1655.4,5055843,8,1657.95,512179,626999,-1.0608732032393986,0
2023-07-28 10:55:05,1655.15,5055843,1,1657.95,512179,626999,-1.0758150793413621,0
2023-07-28 10:55:06,1655.4,5056183,16,1657.95,511720,628055,-1.0608732032393986,0
2023-07-28 10:55:07,1655.4,5056247,1,1657.95,511746,628081,-1.0608732032393986,0
2023-07-28 10:55:08,1655.25,5056256,1,1657.95,513273,628651,-1.0698383289005822,0
2023-07-28 10:55:08,1655.4,5056256,2,1657.95,513273,628651,-1.0608732032393986,0
2023-07-28 10:55:09,1655.35,5056314,6,1657.95,512689,626857,-1.0638615784598022,0
2023-07-28 10:55:10,1655.3,5056342,2,1657.95,513801,628193,-1.066849953680192,0
2023-07-28 10:55:10,1655.3,5056345,2,1657.95,513897,626492,-1.066849953680192,0
2023-07-28 10:55:12,1655.3,5056358,2,1657.95,513347,627868,-1.066849953680192,0
2023-07-28 10:55:12,1655.3,5056358,1,1657.95,513347,627868,-1.066849953680192,0
2023-07-28 10:55:13,1655.3,5056517,1,1657.95,514014,628422,-1.066849953680192,0
2023-07-28 10:55:14,1655.25,5056680,77,1657.95,513963,627979,-1.0698383289005822,0
2023-07-28 10:55:16,1655.25,5056788,2,1657.95,514281,627995,-1.0698383289005822,0
2023-07-28 10:55:17,1655.25,5056801,4,1657.95,514290,628698,-1.0698383289005822,0
2023-07-28 10:55:17,1655.25,5056801,2,1657.95,514290,628698,-1.0698383289005822,0
2023-07-28 10:55:17,1655.2,5056801,1,1657.95,514290,628698,-1.072826704120972,0
2023-07-28 10:55:19,1655.25,5057085,2,1657.95,514053,628310,-1.0698383289005822,0
2023-07-28 10:55:19,1655.25,5057085,50,1657.95,514053,628310,-1.0698383289005822,0
2023-07-28 10:55:20,1655.05,5057201,3,1657.95,513581,627646,-1.0817918297821556,0
2023-07-28 10:55:21,1655.25,5067089,10,1657.94,504462,628276,-1.0698383289005822,0
2023-07-28 10:55:23,1655.0,5068397,1,1657.94,509401,630391,-1.0847802050025455,0
2023-07-28 10:55:23,1655.0,5068397,1,1657.94,509401,630391,-1.0847802050025455,0
2023-07-28 10:55:24,1655.2,5068950,11,1657.94,510137,630227,-1.072826704120972,0
2023-07-28 10:55:24,1655.15,5068997,10,1657.94,508739,631222,-1.0758150793413621,0
2023-07-28 10:55:25,1655.2,5069682,54,1657.94,509288,630635,-1.072826704120972,0
2023-07-28 10:55:25,1655.2,5069682,15,1657.94,509288,630635,-1.072826704120972,0
2023-07-28 10:55:26,1655.15,5070044,1,1657.94,508430,630817,-1.0758150793413621,0
2023-07-28 10:55:27,1655.2,5071081,10,1657.94,508957,630801,-1.072826704120972,0
2023-07-28 10:55:27,1655.2,5071081,5,1657.94,508957,630801,-1.072826704120972,0
2023-07-28 10:55:28,1655.2,5071439,5,1657.94,510488,630922,-1.072826704120972,0
2023-07-28 10:55:28,1655.0,5071439,172,1657.94,510488,630922,-1.0847802050025455,0
2023-07-28 10:55:29,1655.0,5071684,1,1657.94,510900,629781,-1.0847802050025455,0
2023-07-28 10:55:29,1655.0,5071684,1,1657.94,510900,629781,-1.0847802050025455,0
2023-07-28 10:55:30,1655.0,5071760,1,1657.94,510326,629299,-1.0847802050025455,0
2023-07-28 10:55:31,1655.0,5071844,1,1657.94,510341,630371,-1.0847802050025455,0
2023-07-28 10:55:32,1655.05,5072175,9,1657.94,511188,630159,-1.0817918297821556,0
2023-07-28 10:55:32,1655.0,5072175,1,1657.94,511188,630159,-1.0847802050025455,0
2023-07-28 10:55:33,1655.05,5072246,4,1657.94,511687,629307,-1.0817918297821556,0
2023-07-28 10:55:34,1655.05,5072283,3,1657.94,511788,629902,-1.0817918297821556,0
2023-07-28 10:55:36,1655.05,5072549,10,1657.94,511779,629820,-1.0817918297821556,0
2023-07-28 10:55:36,1655.0,5073777,1,1657.94,511722,629927,-1.0847802050025455,0
2023-07-28 10:55:37,1655.0,5073925,1,1657.94,511823,630454,-1.0847802050025455,0
2023-07-28 10:55:37,1655.05,5073925,1,1657.94,511823,630454,-1.0817918297821556,0
2023-07-28 10:55:38,1655.05,5073949,13,1657.94,508495,630157,-1.0817918297821556,0
2023-07-28 10:55:39,1655.05,5075145,42,1657.94,509625,628941,-1.0817918297821556,0
2023-07-28 10:55:39,1655.05,5075145,4,1657.94,509625,628941,-1.0817918297821556,0
2023-07-28 10:55:40,1655.0,5075361,1,1657.94,507833,630359,-1.0847802050025455,0
2023-07-28 10:55:40,1655.0,5075361,1,1657.94,507833,630359,-1.0847802050025455,0
2023-07-28 10:55:41,1655.0,5075392,1,1657.94,509188,630520,-1.0847802050025455,0
2023-07-28 10:55:42,1655.0,5075471,1,1657.94,510177,630651,-1.0847802050025455,0
2023-07-28 10:55:43,1655.0,5075675,1,1657.94,510174,631765,-1.0847802050025455,0
2023-07-28 10:55:44,1655.0,5075694,1,1657.94,510173,631947,-1.0847802050025455,0
2023-07-28 10:55:45,1655.0,5075729,1,1657.94,510186,631947,-1.0847802050025455,0
2023-07-28 10:55:46,1655.05,5075860,100,1657.94,510312,631843,-1.0817918297821556,0
2023-07-28 10:55:46,1655.05,5075860,100,1657.94,510312,631843,-1.0817918297821556,0
2023-07-28 10:55:47,1655.05,5076054,4,1657.94,510152,631811,-1.0817918297821556,0
2023-07-28 10:55:47,1655.05,5076054,40,1657.94,510152,631811,-1.0817918297821556,0
2023-07-28 10:55:48,1655.05,5077650,335,1657.94,509305,631427,-1.0817918297821556,0
2023-07-28 10:55:49,1655.05,5078039,4,1657.94,509595,631725,-1.0817918297821556,0
2023-07-28 10:55:51,1655.05,5078180,2,1657.94,509058,631674,-1.0817918297821556,0
2023-07-28 10:55:51,1655.0,5078180,1,1657.94,509058,631674,-1.0847802050025455,0
2023-07-28 10:55:52,1655.05,5078203,1,1657.94,508413,631798,-1.0817918297821556,0
2023-07-28 10:55:52,1655.0,5078203,1,1657.94,508413,631798,-1.0847802050025455,0
2023-07-28 10:55:53,1655.0,5078209,1,1657.94,508854,631841,-1.0847802050025455,0
2023-07-28 10:55:54,1655.05,5078228,1,1657.94,508946,631831,-1.0817918297821556,0
2023-07-28 10:55:55,1655.05,5078239,1,1657.94,509602,630755,-1.0817918297821556,0
2023-07-28 10:55:55,1655.05,5078239,5,1657.94,509602,630755,-1.0817918297821556,0
2023-07-28 10:55:56,1655.0,5078273,1,1657.94,508693,631798,-1.0847802050025455,0
2023-07-28 10:55:57,1655.0,5078283,55,1657.94,509441,632213,-1.0847802050025455,0
2023-07-28 10:55:58,1655.0,5078602,1,1657.94,510116,631563,-1.0847802050025455,0
2023-07-28 10:55:59,1655.0,5078609,1,1657.94,509523,632155,-1.0847802050025455,0
2023-07-28 10:55:59,1655.05,5078609,5,1657.94,509523,632155,-1.0817918297821556,0
2023-07-28 10:56:01,1655.0,5079189,1,1657.93,509131,632074,-1.0847802050025455,0
2023-07-28 10:56:01,1655.0,5079189,1,1657.93,509131,632074,-1.0847802050025455,0
2023-07-28 10:56:02,1655.05,5079232,6,1657.93,509110,632113,-1.0817918297821556,0
2023-07-28 10:56:02,1655.0,5079232,1,1657.93,509110,632113,-1.0847802050025455,0
2023-07-28 10:56:03,1655.0,5079279,1,1657.93,508626,632775,-1.0847802050025455,0
2023-07-28 10:56:04,1655.0,5080178,1,1657.93,508628,632613,-1.0847802050025455,0
2023-07-28 10:56:04,1655.0,5080178,1,1657.93,508628,632613,-1.0847802050025455,0
2023-07-28 10:56:05,1655.0,5080349,1,1657.93,508561,632828,-1.0847802050025455,0
2023-07-28 10:56:06,1655.0,5080851,1,1657.93,508406,632552,-1.0847802050025455,0
2023-07-28 10:56:06,1655.0,5080851,1,1657.93,508406,632552,-1.0847802050025455,0
2023-07-28 10:56:07,1655.0,5080876,1,1657.93,508409,632427,-1.0847802050025455,0
2023-07-28 10:56:07,1655.0,5080876,1,1657.93,508409,632427,-1.0847802050025455,0
2023-07-28 10:56:08,1655.0,5080996,1,1657.93,508052,633341,-1.0847802050025455,0
2023-07-28 10:56:08,1655.0,5080996,1,1657.93,508052,633341,-1.0847802050025455,0
2023-07-28 10:56:09,1655.05,5081363,14,1657.93,507556,633196,-1.0817918297821556,0
2023-07-28 10:56:11,1655.0,5081410,1,1657.93,507673,633179,-1.0847802050025455,0
2023-07-28 10:56:11,1655.0,5081449,1,1657.93,507666,633170,-1.0847802050025455,0
2023-07-28 10:56:13,1655.05,5081672,19,1657.93,507797,632949,-1.0817918297821556,0
2023-07-28 10:56:13,1655.0,5081672,1,1657.93,507797,632949,-1.0847802050025455,0
2023-07-28 10:56:14,1655.0,5081708,1,1657.93,507975,631669,-1.0847802050025455,0
2023-07-28 10:56:14,1655.05,5081708,2,1657.93,507975,631669,-1.0817918297821556,0
2023-07-28 10:56:15,1655.0,5081748,1,1657.93,507843,631645,-1.0847802050025455,0
2023-07-28 10:56:16,1655.05,5081769,1,1657.93,508286,631612,-1.0817918297821556,0
2023-07-28 10:56:16,1655.05,5081769,6,1657.93,508286,631612,-1.0817918297821556,0
2023-07-28 10:56:18,1655.05,5082370,6,1657.93,509803,630846,-1.0817918297821556,0
2023-07-28 10:56:18,1655.05,5082370,5,1657.93,509803,630846,-1.0817918297821556,0
2023-07-28 10:56:19,1655.05,5082469,1,1657.93,511279,631508,-1.0817918297821556,0
2023-07-28 10:56:19,1655.0,5082469,1,1657.93,511279,631508,-1.0847802050025455,0
2023-07-28 10:56:20,1655.0,5082486,1,1657.93,511722,628746,-1.0847802050025455,0
2023-07-28 10:56:20,1655.0,5082486,1,1657.93,511722,628746,-1.0847802050025455,0
2023-07-28 10:56:21,1655.0,5082510,1,1657.93,511842,631550,-1.0847802050025455,0
2023-07-28 10:56:21,1655.0,5082510,1,1657.93,511842,631550,-1.0847802050025455,0
2023-07-28 10:56:23,1655.0,5082535,1,1657.93,511896,631707,-1.0847802050025455,0
2023-07-28 10:56:23,1655.05,5082535,2,1657.93,511896,631707,-1.0817918297821556,0
2023-07-28 10:56:24,1655.0,5082577,1,1657.93,511886,631431,-1.0847802050025455,0
2023-07-28 10:56:24,1655.0,5082577,1,1657.93,511886,631431,-1.0847802050025455,0
2023-07-28 10:56:25,1655.0,5082594,1,1657.93,506935,626146,-1.0847802050025455,0
2023-07-28 10:56:25,1655.0,5082594,1,1657.93,506935,626146,-1.0847802050025455,0
2023-07-28 10:56:26,1655.0,5082614,1,1657.93,511637,631556,-1.0847802050025455,0
2023-07-28 10:56:26,1655.0,5082614,1,1657.93,511637,631556,-1.0847802050025455,0
2023-07-28 10:56:27,1655.05,5082634,1,1657.93,511961,631581,-1.0817918297821556,0
2023-07-28 10:56:29,1655.05,5082691,1,1657.93,511120,631061,-1.0817918297821556,0
2023-07-28 10:56:30,1655.05,5083920,11,1657.93,510573,631470,-1.0817918297821556,0
2023-07-28 10:56:30,1655.05,5083920,31,1657.93,510573,631470,-1.0817918297821556,0
2023-07-28 10:56:31,1655.05,5084415,1,1657.93,510599,632553,-1.0817918297821556,0
2023-07-28 10:56:31,1655.05,5084415,110,1657.93,510599,632553,-1.0817918297821556,0
2023-07-28 10:56:32,1655.0,5084542,1,1657.93,510406,631457,-1.0847802050025455,0
2023-07-28 10:56:33,1655.05,5084649,10,1657.93,510330,633551,-1.0817918297821556,0
2023-07-28 10:56:35,1655.05,5085725,2,1657.93,510255,633446,-1.0817918297821556,0
2023-07-28 10:56:36,1655.05,5086241,110,1657.93,510223,633448,-1.0817918297821556,0
2023-07-28 10:56:36,1655.0,5086241,1,1657.93,510223,633448,-1.0847802050025455,0
2023-07-28 10:56:37,1655.05,5086297,4,1657.93,510218,632519,-1.0817918297821556,0
2023-07-28 10:56:37,1655.05,5086297,10,1657.93,510218,632519,-1.0817918297821556,0
2023-07-28 10:56:38,1655.0,5086342,1,1657.93,510144,632813,-1.0847802050025455,0
2023-07-28 10:56:39,1655.05,5086360,1,1657.93,510139,632811,-1.0817918297821556,0
2023-07-28 10:56:40,1655.0,5086387,1,1657.93,494738,632775,-1.0847802050025455,0
2023-07-28 10:56:40,1655.0,5086387,1,1657.93,494738,632775,-1.0847802050025455,0
2023-07-28 10:56:41,1655.0,5086397,1,1657.93,510087,633114,-1.0847802050025455,0
2023-07-28 10:56:42,1655.0,5086476,1,1657.93,510198,632722,-1.0847802050025455,0
2023-07-28 10:56:43,1655.05,5086729,3,1657.93,510369,632472,-1.0817918297821556,0
2023-07-28 10:56:45,1655.05,5086749,2,1657.93,510372,632757,-1.0817918297821556,0
2023-07-28 10:56:46,1655.0,5086779,1,1657.93,509796,632788,-1.0847802050025455,0
2023-07-28 10:56:46,1655.0,5086783,1,1657.93,509794,632786,-1.0847802050025455,0
2023-07-28 10:56:47,1655.0,5086841,10,1657.93,510329,632700,-1.0847802050025455,0
2023-07-28 10:56:49,1655.05,5086957,4,1657.93,510326,632597,-1.0817918297821556,0
2023-07-28 10:56:50,1655.0,5087013,1,1657.93,510288,632821,-1.0847802050025455,0
2023-07-28 10:56:51,1655.05,5087070,1,1657.93,510412,632782,-1.0817918297821556,0
2023-07-28 10:56:51,1655.05,5087114,4,1657.93,509385,631539,-1.0817918297821556,0
2023-07-28 10:56:52,1655.05,5087376,1,1657.93,511105,632488,-1.0817918297821556,0
2023-07-28 10:56:54,1655.05,5087739,30,1657.93,509917,632474,-1.0817918297821556,0
2023-07-28 10:56:55,1655.0,5087828,6,1657.93,509741,631109,-1.0847802050025455,0
2023-07-28 10:56:56,1655.0,5087856,2,1657.93,509844,633022,-1.0847802050025455,0
2023-07-28 10:56:56,1655.05,5087856,1,1657.93,509844,633022,-1.0817918297821556,0
2023-07-28 10:56:56,1655.05,5087861,1,1657.93,511381,634515,-1.0817918297821556,0
2023-07-28 10:56:56,1655.0,5087861,1,1657.93,511381,634515,-1.0847802050025455,0
2023-07-28 10:56:58,1655.0,5087889,1,1657.93,510270,634546,-1.0847802050025455,0
2023-07-28 10:56:58,1655.0,5087889,1,1657.93,510270,634546,-1.0847802050025455,0
2023-07-28 10:56:59,1655.0,5087912,1,1657.93,511463,634535,-1.0847802050025455,0
2023-07-28 10:57:01,1655.05,5087928,9,1657.93,511440,634748,-1.0817918297821556,0
2023-07-28 10:57:02,1655.0,5087937,1,1657.93,510274,634758,-1.0847802050025455,0
2023-07-28 10:57:02,1655.05,5087937,2,1657.93,510274,634758,-1.0817918297821556,0
2023-07-28 10:57:03,1655.0,5087958,1,1657.93,510544,635104,-1.0847802050025455,0
2023-07-28 10:57:03,1655.0,5087958,1,1657.93,510544,635104,-1.0847802050025455,0
2023-07-28 10:57:03,1655.0,5087958,1,1657.93,510544,635104,-1.0847802050025455,0
2023-07-28 10:57:05,1655.0,5088267,1,1657.93,507249,635069,-1.0847802050025455,0
2023-07-28 10:57:06,1655.0,5088534,1,1657.93,511607,634661,-1.0847802050025455,0
2023-07-28 10:57:08,1655.05,5088724,5,1657.93,511543,634614,-1.0817918297821556,0
2023-07-28 10:57:08,1655.0,5088724,8,1657.93,511543,634614,-1.0847802050025455,0
2023-07-28 10:57:09,1655.05,5089002,10,1657.93,511345,634625,-1.0817918297821556,0
2023-07-28 10:57:10,1655.0,5089074,1,1657.93,511393,634884,-1.0847802050025455,0
2023-07-28 10:57:11,1655.0,5089132,1,1657.93,510678,634859,-1.0847802050025455,0
2023-07-28 10:57:11,1655.0,5089153,1,1657.93,511219,634839,-1.0847802050025455,0
2023-07-28 10:57:12,1655.0,5089182,1,1657.93,511216,635365,-1.0847802050025455,0
2023-07-28 10:57:12,1655.05,5089182,1,1657.93,511216,635365,-1.0817918297821556,0
2023-07-28 10:57:13,1655.05,5089622,57,1657.93,510912,635455,-1.0817918297821556,0
2023-07-28 10:57:14,1655.05,5090272,1,1657.93,510562,635625,-1.0817918297821556,0
2023-07-28 10:57:16,1655.05,5090510,4,1657.93,510537,635863,-1.0817918297821556,0
2023-07-28 10:57:17,1655.05,5090517,1,1657.93,510629,635766,-1.0817918297821556,0
2023-07-28 10:57:18,1655.05,5091688,5,1657.93,510759,634947,-1.0817918297821556,0
2023-07-28 10:57:18,1654.85,5095689,24,1657.93,507208,638344,-1.093745330663729,0
2023-07-28 10:57:19,1654.85,5096127,1,1657.93,508790,638257,-1.093745330663729,0
2023-07-28 10:57:19,1654.8,5096127,1,1657.93,508790,638257,-1.096733705884119,0
2023-07-28 10:57:20,1654.75,5096387,23,1657.93,508570,636706,-1.0997220811045088,0
2023-07-28 10:57:21,1654.55,5096774,1,1657.92,499054,633745,-1.1116755819860822,0
2023-07-28 10:57:22,1654.75,5096796,1,1657.92,499034,634362,-1.0997220811045088,0
2023-07-28 10:57:22,1654.6,5096796,1,1657.92,499034,634362,-1.1086872067656923,0
2023-07-28 10:57:23,1654.6,5097155,1,1657.92,498057,634518,-1.1086872067656923,0
2023-07-28 10:57:24,1654.55,5097166,1,1657.92,499444,633960,-1.1116755819860822,0
2023-07-28 10:57:24,1654.75,5097166,1,1657.92,499444,633960,-1.0997220811045088,0
2023-07-28 10:57:25,1654.55,5098786,1,1657.92,496202,634769,-1.1116755819860822,0
2023-07-28 10:57:25,1654.6,5098786,8,1657.92,496202,634769,-1.1086872067656923,0
2023-07-28 10:57:26,1654.45,5098886,8,1657.92,496665,633540,-1.1176523324268621,0
2023-07-28 10:57:27,1654.45,5099025,10,1657.92,496899,633649,-1.1176523324268621,0
2023-07-28 10:57:27,1654.45,5099025,1,1657.92,496899,633649,-1.1176523324268621,0
2023-07-28 10:57:28,1654.35,5099071,1,1657.92,508547,638146,-1.1236290828676556,0
2023-07-28 10:57:28,1654.4,5099071,10,1657.92,508547,638146,-1.1206407076472522,0
2023-07-28 10:57:29,1654.3,5099200,1,1657.92,508516,638647,-1.1266174580880457,0
2023-07-28 10:57:30,1654.3,5099332,1,1657.92,497288,638686,-1.1266174580880457,0
2023-07-28 10:57:30,1654.3,5099332,16,1657.92,497288,638686,-1.1266174580880457,0
2023-07-28 10:57:31,1654.4,5106531,132,1657.92,507094,633246,-1.1206407076472522,0
2023-07-28 10:57:31,1654.45,5106531,1,1657.92,507094,633246,-1.1176523324268621,0
2023-07-28 10:57:32,1654.45,5107791,81,1657.92,507425,634175,-1.1176523324268621,0
2023-07-28 10:57:33,1654.45,5107806,5,1657.92,508812,633485,-1.1176523324268621,0
2023-07-28 10:57:34,1654.45,5109334,2,1657.92,508230,633310,-1.1176523324268621,0
2023-07-28 10:57:35,1654.45,5109445,4,1657.92,509473,633479,-1.1176523324268621,0
2023-07-28 10:57:36,1654.45,5110054,5,1657.92,509628,632838,-1.1176523324268621,0
2023-07-28 10:57:36,1654.4,5110054,1,1657.92,509628,632838,-1.1206407076472522,0
2023-07-28 10:57:37,1654.45,5110163,6,1657.92,508999,632814,-1.1176523324268621,0
2023-07-28 10:57:38,1654.4,5110295,1,1657.92,507363,632840,-1.1206407076472522,0
2023-07-28 10:57:39,1654.4,5110442,1,1657.92,509007,632720,-1.1206407076472522,0
2023-07-28 10:57:40,1654.45,5110514,1,1657.92,508896,632733,-1.1176523324268621,0
2023-07-28 10:57:41,1654.45,5110632,1,1657.92,507890,632715,-1.1176523324268621,0
2023-07-28 10:57:42,1654.45,5110642,1,1657.92,508575,633531,-1.1176523324268621,0
2023-07-28 10:57:44,1654.45,5111228,5,1657.91,508609,633724,-1.1176523324268621,0
2023-07-28 10:57:45,1654.75,5111295,3,1657.91,508730,633914,-1.0997220811045088,0
2023-07-28 10:57:45,1654.6,5111322,1,1657.91,506925,633274,-1.1086872067656923,0
2023-07-28 10:57:46,1654.55,5111408,1,1657.91,504677,641720,-1.1116755819860822,0
2023-07-28 10:57:46,1654.55,5111408,4,1657.91,504677,641720,-1.1116755819860822,0
2023-07-28 10:57:46,1654.5,5111408,1,1657.91,504677,641720,-1.1146639572064723,0
2023-07-28 10:57:48,1654.45,5111555,24,1657.91,505358,634310,-1.1176523324268621,0
2023-07-28 10:57:48,1654.5,5111555,1,1657.91,505358,634310,-1.1146639572064723,0
2023-07-28 10:57:49,1654.5,5112159,1,1657.91,500850,634631,-1.1146639572064723,0
2023-07-28 10:57:49,1654.45,5112159,25,1657.91,500850,634631,-1.1176523324268621,0
2023-07-28 10:57:50,1654.3,5112443,1,1657.91,506277,633833,-1.1266174580880457,0
2023-07-28 10:57:51,1654.1,5112466,1,1657.91,506634,632976,-1.1385709589696191,0
2023-07-28 10:57:51,1654.1,5112466,1,1657.91,506634,632976,-1.1385709589696191,0
2023-07-28 10:57:52,1654.3,5113899,1000,1657.91,506999,634156,-1.1266174580880457,0
2023-07-28 10:57:53,1654.3,5114085,18,1657.91,507221,633766,-1.1266174580880457,0
2023-07-28 10:57:54,1654.3,5114236,7,1657.91,507220,634114,-1.1266174580880457,0
2023-07-28 10:57:56,1654.3,5114261,2,1657.91,507291,633492,-1.1266174580880457,0
2023-07-28 10:57:56,1654.3,5114279,1,1657.91,507285,633475,-1.1266174580880457,0
2023-07-28 10:57:56,1654.15,5114279,26,1657.91,507285,633475,-1.1355825837492155,0
2023-07-28 10:57:58,1654.3,5114324,10,1657.91,506715,633474,-1.1266174580880457,0
2023-07-28 10:57:59,1654.3,5114365,2,1657.91,507271,633438,-1.1266174580880457,0
2023-07-28 10:57:59,1654.3,5114365,3,1657.91,507271,633438,-1.1266174580880457,0
2023-07-28 10:58:00,1654.3,5114429,7,1657.91,509534,640416,-1.1266174580880457,0
2023-07-28 10:58:00,1654.15,5114429,1,1657.91,509534,640416,-1.1355825837492155,0
2023-07-28 10:58:01,1654.3,5114433,1,1657.91,513197,640779,-1.1266174580880457,0
2023-07-28 10:58:01,1654.3,5114433,1,1657.91,513197,640779,-1.1266174580880457,0
2023-07-28 10:58:02,1654.2,5114464,1,1657.91,513189,640774,-1.1325942085288256,0
2023-07-28 10:58:03,1654.25,5114469,1,1657.91,513761,632901,-1.1296058333084356,0
2023-07-28 10:58:03,1654.25,5114469,4,1657.91,513761,632901,-1.1296058333084356,0
2023-07-28 10:58:04,1654.25,5114474,3,1657.91,512802,633862,-1.1296058333084356,0
2023-07-28 10:58:05,1654.2,5114496,1,1657.91,512809,633989,-1.1325942085288256,0
2023-07-28 10:58:07,1654.25,5114737,21,1657.91,512844,634198,-1.1296058333084356,0
2023-07-28 10:58:07,1654.25,5114746,1,1657.91,511753,633135,-1.1296058333084356,0
2023-07-28 10:58:07,1654.2,5114746,4,1657.91,511753,633135,-1.1325942085288256,0
2023-07-28 10:58:09,1654.25,5115276,30,1657.91,507308,631585,-1.1296058333084356,0
2023-07-28 10:58:09,1654.25,5115276,3,1657.91,507308,631585,-1.1296058333084356,0
2023-07-28 10:58:10,1654.2,5115594,68,1657.91,507531,631271,-1.1325942085288256,0
2023-07-28 10:58:11,1654.25,5115687,1,1657.91,508070,631471,-1.1296058333084356,0
2023-07-28 10:58:13,1654.25,5116305,75,1657.91,508942,630942,-1.1296058333084356,0
2023-07-28 10:58:14,1654.25,5117351,5,1657.91,511547,628785,-1.1296058333084356,0
2023-07-28 10:58:15,1654.25,5117568,2,1657.91,511443,630146,-1.1296058333084356,0
2023-07-28 10:58:15,1654.25,5117568,1,1657.91,511443,630146,-1.1296058333084356,0
2023-07-28 10:58:16,1654.25,5117577,1,1657.91,508915,628595,-1.1296058333084356,0
2023-07-28 10:58:16,1654.2,5117577,1,1657.91,508915,628595,-1.1325942085288256,0
2023-07-28 10:58:17,1654.2,5117747,7,1657.91,508626,630288,-1.1325942085288256,0
2023-07-28 10:58:18,1654.15,5117771,16,1657.91,509276,628974,-1.1355825837492155,0
2023-07-28 10:58:20,1654.15,5117921,13,1657.91,509281,631946,-1.1355825837492155,0
2023-07-28 10:58:21,1654.05,5117927,1,1657.91,508679,632332,-1.141559334190009,0
2023-07-28 10:58:22,1654.05,5117934,1,1657.91,508675,632330,-1.141559334190009,0
2023-07-28 10:58:23,1654.15,5117957,2,1657.91,508133,630764,-1.1355825837492155,0
2023-07-28 10:58:23,1654.1,5117958,1,1657.91,508136,630772,-1.1385709589696191,0
2023-07-28 10:58:24,1654.05,5118012,1,1657.91,509791,630718,-1.141559334190009,0
2023-07-28 10:58:26,1654.1,5118195,3,1657.91,509753,629848,-1.1385709589696191,0
2023-07-28 10:58:27,1654.05,5118227,1,1657.91,509646,630111,-1.141559334190009,0
2023-07-28 10:58:28,1654.05,5118239,1,1657.91,509851,629832,-1.141559334190009,0
2023-07-28 10:58:29,1654.05,5118313,1,1657.91,509831,629856,-1.141559334190009,0
2023-07-28 10:58:29,1654.05,5118313,1,1657.91,509831,629856,-1.141559334190009,0
2023-07-28 10:58:29,1654.05,5118313,1,1657.91,509831,629856,-1.141559334190009,0
2023-07-28 10:58:31,1654.05,5118538,1,1657.91,509880,629710,-1.141559334190009,0
2023-07-28 10:58:31,1654.05,5118538,1,1657.91,509880,629710,-1.141559334190009,0
2023-07-28 10:58:32,1654.05,5118548,1,1657.91,509876,629763,-1.141559334190009,0
2023-07-28 10:58:33,1654.1,5118568,1,1657.91,509427,630033,-1.1385709589696191,0
2023-07-28 10:58:35,1654.05,5118586,1,1657.91,509993,629384,-1.141559334190009,0
2023-07-28 10:58:36,1654.05,5118595,1,1657.91,510233,630015,-1.141559334190009,0
2023-07-28 10:58:37,1654.1,5119092,1,1657.91,507585,630304,-1.1385709589696191,0
2023-07-28 10:58:38,1654.1,5119339,1,1657.91,510191,630297,-1.1385709589696191,0
2023-07-28 10:58:38,1654.1,5119350,8,1657.91,509912,630420,-1.1385709589696191,0
2023-07-28 10:58:39,1654.1,5119727,1,1657.91,510924,630669,-1.1385709589696191,0
2023-07-28 10:58:40,1654.1,5119823,1,1657.91,510974,630674,-1.1385709589696191,0
2023-07-28 10:58:40,1654.15,5119823,2,1657.91,510974,630674,-1.1355825837492155,0
2023-07-28 10:58:41,1654.15,5119934,1,1657.91,510910,630620,-1.1355825837492155,0
2023-07-28 10:58:42,1654.1,5120367,7,1657.91,510625,630360,-1.1385709589696191,0
2023-07-28 10:58:42,1654.0,5120367,1,1657.91,510625,630360,-1.1445477094103989,0
2023-07-28 10:58:43,1654.05,5120383,1,1657.91,510684,630428,-1.141559334190009,0
2023-07-28 10:58:43,1654.05,5120383,1,1657.91,510684,630428,-1.141559334190009,0
2023-07-28 10:58:46,1654.0,5120450,1,1657.91,506990,630540,-1.1445477094103989,0
2023-07-28 10:58:47,1654.0,5120750,1,1657.91,508930,630508,-1.1445477094103989,0
2023-07-28 10:58:47,1654.0,5120750,1,1657.91,508930,630508,-1.1445477094103989,0
2023-07-28 10:58:48,1654.0,5120796,25,1657.91,509145,630439,-1.1445477094103989,0
2023-07-28 10:58:48,1654.0,5120796,1,1657.91,509145,630439,-1.1445477094103989,0
2023-07-28 10:58:49,1654.1,5121348,7,1657.91,507264,630040,-1.1385709589696191,0
2023-07-28 10:58:50,1654.05,5121714,1,1657.91,509876,630005,-1.141559334190009,0
2023-07-28 10:58:52,1654.1,5122091,17,1657.91,509905,630146,-1.1385709589696191,0
2023-07-28 10:58:53,1654.05,5122147,1,1657.91,509616,630696,-1.141559334190009,0
2023-07-28 10:58:53,1654.05,5122147,1,1657.91,509616,630696,-1.141559334190009,0
2023-07-28 10:58:54,1654.05,5122188,1,1657.91,509084,630353,-1.141559334190009,0
2023-07-28 10:58:55,1654.05,5122267,1,1657.91,509243,630438,-1.141559334190009,0
2023-07-28 10:58:56,1654.05,5122386,1,1657.91,509647,630427,-1.141559334190009,0
2023-07-28 10:58:57,1654.05,5122425,7,1657.91,509674,629887,-1.141559334190009,0
2023-07-28 10:58:57,1654.1,5122425,13,1657.91,509674,629887,-1.1385709589696191,0
2023-07-28 10:58:59,1654.1,5122516,8,1657.91,508052,630498,-1.1385709589696191,0
2023-07-28 10:58:59,1654.05,5122516,1,1657.91,508052,630498,-1.141559334190009,0
2023-07-28 10:59:00,1654.05,5122686,1,1657.91,509718,630476,-1.141559334190009,0
2023-07-28 10:59:01,1654.05,5122717,1,1657.91,509993,630528,-1.141559334190009,0
2023-07-28 10:59:01,1654.05,5122717,1,1657.91,509993,630528,-1.141559334190009,0
2023-07-28 10:59:02,1654.1,5122843,1,1657.91,509623,630517,-1.1385709589696191,0
2023-07-28 10:59:02,1654.05,5122843,1,1657.91,509623,630517,-1.141559334190009,0
2023-07-28 10:59:03,1654.0,5124583,1,1657.91,508447,630449,-1.1445477094103989,0
2023-07-28 10:59:05,1654.0,5124663,1,1657.91,507878,630508,-1.1445477094103989,0
2023-07-28 10:59:06,1654.15,5125355,1,1657.9,506687,631568,-1.1355825837492155,0
2023-07-28 10:59:07,1654.1,5125813,22,1657.9,507239,634156,-1.1385709589696191,0
2023-07-28 10:59:07,1654.0,5125813,1,1657.9,507239,634156,-1.1445477094103989,0
2023-07-28 10:59:08,1654.0,5126081,1,1657.9,508112,634565,-1.1445477094103989,0
2023-07-28 10:59:09,1654.05,5127215,290,1657.9,507111,634513,-1.141559334190009,0
2023-07-28 10:59:09,1654.05,5127215,1,1657.9,507111,634513,-1.141559334190009,0
2023-07-28 10:59:10,1654.0,5128980,10,1657.9,501986,633418,-1.1445477094103989,0
2023-07-28 10:59:10,1654.05,5128980,10,1657.9,501986,633418,-1.141559334190009,0
2023-07-28 10:59:11,1653.75,5129305,14,1657.9,503826,632703,-1.1594895855123624,0
2023-07-28 10:59:12,1653.85,5129785,10,1657.9,506180,631251,-1.1535128350715824,0
2023-07-28 10:59:12,1653.85,5129785,21,1657.9,506180,631251,-1.1535128350715824,0
2023-07-28 10:59:13,1653.85,5129879,5,1657.9,502925,631003,-1.1535128350715824,0
2023-07-28 10:59:13,1653.75,5129879,1,1657.9,502925,631003,-1.1594895855123624,0
2023-07-28 10:59:14,1653.75,5129899,1,1657.9,505604,630993,-1.1594895855123624,0
2023-07-28 10:59:15,1653.85,5129937,5,1657.9,506707,631014,-1.1535128350715824,0
2023-07-28 10:59:16,1653.75,5129959,1,1657.9,506770,630904,-1.1594895855123624,0
2023-07-28 10:59:16,1653.8,5129959,1,1657.9,506770,630904,-1.1565012102919723,0
2023-07-28 10:59:18,1653.7,5130217,1,1657.9,506837,631992,-1.1624779607327522,0
2023-07-28 10:59:19,1653.75,5130226,3,1657.9,506865,632252,-1.1594895855123624,0
2023-07-28 10:59:19,1653.7,5130226,10,1657.9,506865,632252,-1.1624779607327522,0
2023-07-28 10:59:20,1653.65,5130311,1,1657.9,506925,632219,-1.1654663359531423,0
2023-07-28 10:59:21,1653.65,5130328,1,1657.9,507472,632504,-1.1654663359531423,0
2023-07-28 10:59:21,1653.65,5130328,1,1657.9,507472,632504,-1.1654663359531423,0
2023-07-28 10:59:22,1653.6,5130343,1,1657.9,507025,633266,-1.1684547111735457,0
2023-07-28 10:59:23,1653.6,5130350,1,1657.9,507021,633260,-1.1684547111735457,0
2023-07-28 10:59:23,1653.6,5130350,1,1657.9,507021,633260,-1.1684547111735457,0
2023-07-28 10:59:25,1653.65,5130492,10,1657.9,505468,633241,-1.1654663359531423,0
2023-07-28 10:59:25,1653.65,5130492,10,1657.9,505468,633241,-1.1654663359531423,0
2023-07-28 10:59:26,1653.6,5130517,1,1657.9,507658,633230,-1.1684547111735457,0
2023-07-28 10:59:26,1653.65,5130552,1,1657.9,507646,633260,-1.1654663359531423,0
2023-07-28 10:59:27,1653.6,5130574,1,1657.9,505965,633293,-1.1684547111735457,0
2023-07-28 10:59:28,1653.65,5130886,15,1657.9,507168,633261,-1.1654663359531423,0
2023-07-28 10:59:29,1653.6,5130994,1,1657.9,507127,634038,-1.1684547111735457,0
2023-07-28 10:59:31,1653.65,5131022,8,1657.9,507113,634017,-1.1654663359531423,0
2023-07-28 10:59:32,1653.65,5131085,4,1657.9,507360,632980,-1.1654663359531423,0
2023-07-28 10:59:32,1653.6,5131085,1,1657.9,507360,632980,-1.1684547111735457,0
2023-07-28 10:59:33,1653.65,5131102,2,1657.9,507358,632908,-1.1654663359531423,0
2023-07-28 10:59:33,1653.6,5131102,1,1657.9,507358,632908,-1.1684547111735457,0
2023-07-28 10:59:34,1653.6,5131112,1,1657.9,507019,632904,-1.1684547111735457,0
2023-07-28 10:59:35,1653.6,5131118,1,1657.9,507523,634003,-1.1684547111735457,0
2023-07-28 10:59:35,1653.6,5131118,1,1657.9,507523,634003,-1.1684547111735457,0
2023-07-28 10:59:36,1653.6,5131375,1,1657.9,507498,633871,-1.1684547111735457,0
2023-07-28 10:59:36,1653.65,5131375,150,1657.9,507498,633871,-1.1654663359531423,0
2023-07-28 10:59:37,1653.65,5131614,10,1657.9,507563,633873,-1.1654663359531423,0
2023-07-28 10:59:37,1653.65,5131614,1,1657.9,507563,633873,-1.1654663359531423,0
2023-07-28 10:59:38,1653.6,5131672,1,1657.9,507300,630563,-1.1684547111735457,0
2023-07-28 10:59:39,1653.6,5131701,1,1657.9,507476,630451,-1.1684547111735457,0
2023-07-28 10:59:41,1653.6,5131707,1,1657.9,508259,633296,-1.1684547111735457,0
2023-07-28 10:59:42,1653.65,5131715,1,1657.9,505865,634401,-1.1654663359531423,0
2023-07-28 10:59:43,1654.25,5141114,1,1657.89,508116,629201,-1.1296058333084356,0
2023-07-28 10:59:43,1655.25,5149031,67,1657.89,507959,621579,-1.0698383289005822,0
2023-07-28 10:59:43,1655.25,5149031,50,1657.89,507959,621579,-1.0698383289005822,0
2023-07-28 10:59:45,1655.15,5163257,6,1657.88,504379,622827,-1.0758150793413621,0
2023-07-28 10:59:47,1654.55,5163580,1,1657.88,506530,624673,-1.1116755819860822,0
2023-07-28 10:59:47,1654.45,5163580,10,1657.88,506530,624673,-1.1176523324268621,0
2023-07-28 10:59:49,1654.3,5163856,1,1657.88,506742,625999,-1.1266174580880457,0
2023-07-28 10:59:50,1654.2,5164165,1,1657.88,507203,625034,-1.1325942085288256,0
2023-07-28 10:59:51,1654.25,5164620,1,1657.88,506588,623653,-1.1296058333084356,0
2023-07-28 10:59:52,1654.15,5164652,1,1657.88,506989,624970,-1.1355825837492155,0
2023-07-28 10:59:53,1654.1,5164660,1,1657.88,507548,624655,-1.1385709589696191,0
2023-07-28 10:59:53,1654.05,5164660,1,1657.88,507548,624655,-1.141559334190009,0
2023-07-28 10:59:54,1654.1,5164758,7,1657.88,507541,624643,-1.1385709589696191,0
2023-07-28 10:59:55,1654.0,5165062,14,1657.88,507999,624946,-1.1445477094103989,0
2023-07-28 10:59:56,1653.95,5165620,5,1657.88,507947,625128,-1.147536084630789,0
2023-07-28 10:59:56,1653.95,5166119,28,1657.88,507471,625019,-1.147536084630789,0
2023-07-28 10:59:56,1653.75,5166119,24,1657.88,507471,625019,-1.1594895855123624,0
2023-07-28 10:59:57,1653.8,5166446,1,1657.88,508374,624676,-1.1565012102919723,0
2023-07-28 10:59:58,1653.85,5166466,1,1657.88,507828,624791,-1.1535128350715824,0
2023-07-28 10:59:58,1653.75,5166466,1,1657.88,507828,624791,-1.1594895855123624,0
2023-07-28 11:00:00,1653.85,5166513,2,1657.88,509403,624587,-1.1535128350715824,0
2023-07-28 11:00:01,1653.85,5167096,1,1657.88,509579,624846,-1.1535128350715824,0
2023-07-28 11:00:01,1653.8,5167096,1,1657.88,509579,624846,-1.1565012102919723,0
2023-07-28 11:00:01,1653.85,5167096,1,1657.88,509579,624846,-1.1535128350715824,0
2023-07-28 11:00:03,1653.8,5168060,1,1657.88,498973,619724,-1.1565012102919723,0
2023-07-28 11:00:04,1653.8,5168295,12,1657.88,499205,619680,-1.1565012102919723,0
2023-07-28 11:00:04,1653.8,5168295,10,1657.88,499205,619680,-1.1565012102919723,0
2023-07-28 11:00:05,1653.8,5168519,1,1657.88,499204,619641,-1.1565012102919723,0
2023-07-28 11:00:06,1653.85,5168759,1,1657.88,499785,618571,-1.1535128350715824,0
2023-07-28 11:00:08,1653.95,5168942,1,1657.88,496407,620632,-1.147536084630789,0
2023-07-28 11:00:08,1653.65,5168942,1,1657.88,496407,620632,-1.1654663359531423,0
2023-07-28 11:00:09,1653.95,5170209,4,1657.88,497303,619828,-1.147536084630789,0
2023-07-28 11:00:10,1653.95,5170282,3,1657.88,495601,619892,-1.147536084630789,0
2023-07-28 11:00:11,1653.65,5170496,1,1657.88,507730,626695,-1.1654663359531423,0
2023-07-28 11:00:13,1653.85,5170698,1,1657.88,508232,626641,-1.1535128350715824,0
2023-07-28 11:00:14,1653.65,5170720,1,1657.88,507033,626420,-1.1654663359531423,0
2023-07-28 11:00:14,1653.65,5170720,1,1657.88,507033,626420,-1.1654663359531423,0
2023-07-28 11:00:15,1653.65,5170760,1,1657.88,506599,626494,-1.1654663359531423,0
2023-07-28 11:00:16,1653.8,5171137,1,1657.88,506816,626636,-1.1565012102919723,0
2023-07-28 11:00:16,1653.65,5171137,1,1657.88,506816,626636,-1.1654663359531423,0
2023-07-28 11:00:17,1653.7,5171688,1,1657.88,507036,626694,-1.1624779607327522,0
2023-07-28 11:00:18,1653.7,5171695,1,1657.88,507188,626158,-1.1624779607327522,0
2023-07-28 11:00:18,1653.7,5171897,1,1657.88,507708,626679,-1.1624779607327522,0
2023-07-28 11:00:19,1653.8,5173296,1,1657.87,508126,625626,-1.1565012102919723,0
2023-07-28 11:00:20,1653.7,5173456,5,1657.87,508265,628722,-1.1624779607327522,0
2023-07-28 11:00:21,1653.7,5173589,1,1657.87,508267,628824,-1.1624779607327522,0
2023-07-28 11:00:21,1653.7,5173589,12,1657.87,508267,628824,-1.1624779607327522,0
2023-07-28 11:00:21,1653.7,5173589,11,1657.87,508267,628824,-1.1624779607327522,0
2023-07-28 11:00:24,1653.7,5175659,30,1657.87,508989,628079,-1.1624779607327522,0
2023-07-28 11:00:25,1653.7,5175671,1,1657.87,509735,628167,-1.1624779607327522,0
2023-07-28 11:00:26,1653.65,5175709,2,1657.87,510218,628291,-1.1654663359531423,0
2023-07-28 11:00:26,1653.7,5175709,2,1657.87,510218,628291,-1.1624779607327522,0
2023-07-28 11:00:27,1653.7,5175940,2,1657.87,510116,627996,-1.1624779607327522,0
2023-07-28 11:00:27,1653.7,5175940,5,1657.87,510116,627996,-1.1624779607327522,0
2023-07-28 11:00:28,1653.65,5176037,17,1657.87,510000,627922,-1.1654663359531423,0
2023-07-28 11:00:28,1653.7,5176154,1,1657.87,509911,627814,-1.1624779607327522,0
2023-07-28 11:00:30,1653.7,5176170,3,1657.87,507007,627305,-1.1624779607327522,0
2023-07-28 11:00:31,1653.7,5177934,59,1657.87,512266,626582,-1.1624779607327522,0
2023-07-28 11:00:31,1653.7,5178147,1,1657.87,512178,626317,-1.1624779607327522,0
2023-07-28 11:00:32,1653.7,5178264,1,1657.87,512228,626816,-1.1624779607327522,0
2023-07-28 11:00:34,1654.1,5179458,4,1657.87,508902,625604,-1.1385709589696191,0
2023-07-28 11:00:35,1654.4,5179567,1,1657.87,512162,626081,-1.1206407076472522,0
2023-07-28 11:00:36,1654.35,5179793,20,1657.87,512871,626101,-1.1236290828676556,0
2023-07-28 11:00:36,1654.35,5179793,1,1657.87,512871,626101,-1.1236290828676556,0
2023-07-28 11:00:37,1654.0,5180206,250,1657.87,509372,626311,-1.1445477094103989,0
2023-07-28 11:00:38,1654.3,5180375,2,1657.87,511178,625821,-1.1266174580880457,0
2023-07-28 11:00:38,1654.3,5180375,1,1657.87,511178,625821,-1.1266174580880457,0
2023-07-28 11:00:40,1654.0,5181000,223,1657.87,508191,625525,-1.1445477094103989,0
2023-07-28 11:00:40,1654.3,5181000,7,1657.87,508191,625525,-1.1266174580880457,0
2023-07-28 11:00:41,1654.1,5181418,1,1657.87,511042,626150,-1.1385709589696191,0
2023-07-28 11:00:42,1654.15,5181437,1,1657.87,511052,626147,-1.1355825837492155,0
2023-07-28 11:00:44,1654.25,5181498,1,1657.87,510721,626016,-1.1296058333084356,0
2023-07-28 11:00:45,1654.25,5182173,23,1657.87,511003,626224,-1.1296058333084356,0
2023-07-28 11:00:45,1654.25,5182173,1,1657.87,511003,626224,-1.1296058333084356,0
2023-07-28 11:00:46,1654.25,5182267,1,1657.87,511210,625854,-1.1296058333084356,0
2023-07-28 11:00:46,1654.25,5182267,3,1657.87,511210,625854,-1.1296058333084356,0
2023-07-28 11:00:46,1654.05,5182267,1,1657.87,511210,625854,-1.141559334190009,0
2023-07-28 11:00:48,1654.05,5182674,1,1657.87,510875,625827,-1.141559334190009,0
2023-07-28 11:00:48,1654.05,5182811,1,1657.87,512508,627085,-1.141559334190009,0
2023-07-28 11:00:49,1653.8,5183259,7,1657.87,511812,627012,-1.1565012102919723,0
2023-07-28 11:00:49,1654.1,5183259,1,1657.87,511812,627012,-1.1385709589696191,0
2023-07-28 11:00:50,1654.0,5183292,1,1657.87,511950,626909,-1.1445477094103989,0
2023-07-28 11:00:52,1654.1,5183305,1,1657.87,499065,621432,-1.1385709589696191,0
2023-07-28 11:00:52,1654.25,5183724,5,1657.87,499710,621340,-1.1296058333084356,0
2023-07-28 11:00:53,1654.05,5183839,2,1657.87,500213,621959,-1.141559334190009,0
2023-07-28 11:00:55,1654.05,5184084,176,1657.87,499716,622060,-1.141559334190009,0
2023-07-28 11:00:56,1654.0,5184284,44,1657.87,500118,622053,-1.1445477094103989,0
2023-07-28 11:00:56,1654.3,5184485,2,1657.87,500190,622140,-1.1266174580880457,0
2023-07-28 11:00:56,1654.2,5184485,10,1657.87,510191,627564,-1.1325942085288256,0
2023-07-28 11:00:59,1654.2,5184507,1,1657.87,510728,628058,-1.1325942085288256,0
2023-07-28 11:01:00,1654.25,5184678,1,1657.87,510656,627964,-1.1296058333084356,0
2023-07-28 11:01:01,1654.2,5184697,1,1657.87,510209,627834,-1.1325942085288256,0
2023-07-28 11:01:02,1654.2,5184722,3,1657.87,510224,627292,-1.1325942085288256,0
2023-07-28 11:01:02,1654.2,5184722,1,1657.87,510224,627292,-1.1325942085288256,0
2023-07-28 11:01:04,1654.2,5184731,1,1657.87,510436,627869,-1.1325942085288256,0
2023-07-28 11:01:04,1654.2,5184731,3,1657.87,510436,627869,-1.1325942085288256,0
2023-07-28 11:01:05,1654.2,5184770,1,1657.87,510520,627863,-1.1325942085288256,0
2023-07-28 11:01:07,1654.25,5185490,41,1657.86,508704,625903,-1.1296058333084356,0
2023-07-28 11:01:08,1654.15,5185832,3,1657.86,509139,626285,-1.1355825837492155,0
2023-07-28 11:01:09,1654.2,5185855,1,1657.86,509322,626035,-1.1325942085288256,0
2023-07-28 11:01:09,1654.1,5185855,1,1657.86,509322,626035,-1.1385709589696191,0
2023-07-28 11:01:11,1654.15,5185923,1,1657.86,509348,626658,-1.1355825837492155,0
2023-07-28 11:01:12,1654.1,5185951,1,1657.86,509023,627235,-1.1385709589696191,0
2023-07-28 11:01:12,1654.1,5185951,14,1657.86,509023,627235,-1.1385709589696191,0
2023-07-28 11:01:15,1654.1,5186286,1,1657.86,510816,628196,-1.1385709589696191,0
2023-07-28 11:01:15,1654.1,5186286,1,1657.86,510816,628196,-1.1385709589696191,0
2023-07-28 11:01:16,1654.0,5186295,1,1657.86,510890,628204,-1.1445477094103989,0
2023-07-28 11:01:16,1654.0,5186295,1,1657.86,510890,628204,-1.1445477094103989,0
2023-07-28 11:01:17,1654.1,5186308,2,1657.86,512415,628383,-1.1385709589696191,0
2023-07-28 11:01:18,1654.1,5186334,2,1657.86,512287,628086,-1.1385709589696191,0
2023-07-28 11:01:19,1654.15,5186920,38,1657.86,512019,627564,-1.1355825837492155,0
2023-07-28 11:01:19,1654.05,5186920,120,1657.86,512019,627564,-1.141559334190009,0
2023-07-28 11:01:20,1654.05,5187169,70,1657.86,513000,627522,-1.141559334190009,0
2023-07-28 11:01:21,1654.05,5187386,2,1657.86,512811,627557,-1.141559334190009,0
2023-07-28 11:01:23,1654.0,5187407,1,1657.86,512818,624817,-1.1445477094103989,0
2023-07-28 11:01:23,1654.0,5187412,1,1657.86,514441,626313,-1.1445477094103989,0
2023-07-28 11:01:25,1654.05,5187691,8,1657.86,514368,631411,-1.141559334190009,0
2023-07-28 11:01:25,1654.0,5187713,1,1657.86,514394,631767,-1.1445477094103989,0
2023-07-28 11:01:25,1654.0,5187713,1,1657.86,514394,631767,-1.1445477094103989,0
2023-07-28 11:01:25,1654.0,5187713,200,1657.86,514394,631767,-1.1445477094103989,0
2023-07-28 11:01:28,1654.05,5188688,1,1657.86,512029,634946,-1.141559334190009,0
2023-07-28 11:01:29,1654.05,5188740,1,1657.86,512022,635049,-1.141559334190009,0
2023-07-28 11:01:29,1654.15,5188740,16,1657.86,512022,635049,-1.1355825837492155,0
2023-07-28 11:01:30,1654.15,5188912,1,1657.86,511976,634952,-1.1355825837492155,0
2023-07-28 11:01:30,1654.05,5188912,1,1657.86,511976,634952,-1.141559334190009,0
2023-07-28 11:01:30,1654.05,5188916,1,1657.86,512557,634349,-1.141559334190009,0
2023-07-28 11:01:30,1654.0,5188916,50,1657.86,512557,634349,-1.1445477094103989,0
2023-07-28 11:01:32,1654.0,5188982,40,1657.86,512850,634804,-1.1445477094103989,0
2023-07-28 11:01:33,1654.0,5189032,1,1657.86,512766,634910,-1.1445477094103989,0
2023-07-28 11:01:34,1654.05,5189255,4,1657.86,512168,634912,-1.141559334190009,0
2023-07-28 11:01:36,1654.05,5189282,1,1657.86,512722,634984,-1.141559334190009,0
2023-07-28 11:01:36,1654.1,5189512,7,1657.86,512450,635011,-1.1385709589696191,0
2023-07-28 11:01:37,1654.1,5189543,1,1657.86,515196,634983,-1.1385709589696191,0
2023-07-28 11:01:38,1654.1,5189546,1,1657.86,511765,634980,-1.1385709589696191,0
2023-07-28 11:01:39,1654.1,5189558,52,1657.86,515431,635518,-1.1385709589696191,0
2023-07-28 11:01:40,1654.1,5189618,1,1657.86,515311,635436,-1.1385709589696191,0
2023-07-28 11:01:40,1654.15,5189618,1,1657.86,515311,635436,-1.1355825837492155,0
2023-07-28 11:01:41,1654.15,5189641,2,1657.86,516588,635459,-1.1355825837492155,0
2023-07-28 11:01:42,1654.15,5189650,1,1657.86,516271,635463,-1.1355825837492155,0
2023-07-28 11:01:43,1654.2,5189929,12,1657.86,516008,635435,-1.1325942085288256,0
2023-07-28 11:01:43,1654.2,5189929,9,1657.86,516008,635435,-1.1325942085288256,0
2023-07-28 11:01:44,1654.15,5189941,1,1657.86,516558,635464,-1.1355825837492155,0
2023-07-28 11:01:46,1654.1,5190176,104,1657.86,514970,635763,-1.1385709589696191,0
2023-07-28 11:01:47,1654.15,5190681,379,1657.86,515944,635652,-1.1355825837492155,0
2023-07-28 11:01:48,1654.2,5191098,1,1657.86,516115,635306,-1.1325942085288256,0
2023-07-28 11:01:49,1654.2,5191152,1,1657.86,516025,635302,-1.1325942085288256,0
2023-07-28 11:01:49,1654.2,5191152,4,1657.86,516025,635302,-1.1325942085288256,0
2023-07-28 11:01:50,1654.2,5191159,2,1657.86,516086,635323,-1.1325942085288256,0
2023-07-28 11:01:51,1654.2,5191234,5,1657.86,515217,635299,-1.1325942085288256,0
2023-07-28 11:01:51,1654.15,5191259,1,1657.86,514577,635306,-1.1355825837492155,0
2023-07-28 11:01:54,1654.2,5191390,1,1657.86,514912,635299,-1.1325942085288256,0
2023-07-28 11:01:55,1654.2,5191477,2,1657.86,515100,635278,-1.1325942085288256,0
2023-07-28 11:01:55,1655.2,5198704,66,1657.86,514535,631057,-1.072826704120972,0
2023-07-28 11:01:56,1654.65,5199157,1,1657.86,513752,632503,-1.1056988315452887,0
2023-07-28 11:01:57,1654.75,5199362,2,1657.86,515423,631616,-1.0997220811045088,0
2023-07-28 11:01:58,1654.4,5199388,3,1657.86,515290,633272,-1.1206407076472522,0
2023-07-28 11:01:59,1654.3,5199399,1,1657.86,515040,631561,-1.1266174580880457,0
2023-07-28 11:01:59,1654.2,5199399,1,1657.86,515040,631561,-1.1325942085288256,0
2023-07-28 11:02:02,1654.3,5200209,51,1657.85,515368,632483,-1.1266174580880457,0
2023-07-28 11:02:02,1654.3,5200209,8,1657.85,515368,632483,-1.1266174580880457,0
2023-07-28 11:02:03,1654.4,5200299,7,1657.85,515330,632398,-1.1206407076472522,0
2023-07-28 11:02:04,1654.3,5200387,5,1657.85,515332,632436,-1.1266174580880457,0
2023-07-28 11:02:05,1654.4,5201431,72,1657.85,514483,632287,-1.1206407076472522,0
2023-07-28 11:02:05,1654.3,5201431,1,1657.85,514483,632287,-1.1266174580880457,0
2023-07-28 11:02:06,1654.3,5202103,1,1657.85,514586,632526,-1.1266174580880457,0
2023-07-28 11:02:07,1654.4,5202165,1,1657.85,514591,632467,-1.1206407076472522,0
2023-07-28 11:02:08,1654.4,5202249,8,1657.85,514520,632731,-1.1206407076472522,0
2023-07-28 11:02:08,1654.35,5202549,3,1657.85,514744,633372,-1.1236290828676556,0
2023-07-28 11:02:09,1654.35,5202569,20,1657.85,515425,633352,-1.1236290828676556,0
2023-07-28 11:02:11,1654.35,5202580,1,1657.85,515487,633242,-1.1236290828676556,0
2023-07-28 11:02:11,1654.3,5202580,50,1657.85,515487,633242,-1.1266174580880457,0
2023-07-28 11:02:12,1654.3,5202865,7,1657.85,515322,633368,-1.1266174580880457,0
2023-07-28 11:02:12,1654.3,5202865,51,1657.85,515322,633368,-1.1266174580880457,0
2023-07-28 11:02:13,1654.3,5203975,5,1657.85,514394,632729,-1.1266174580880457,0
2023-07-28 11:02:14,1654.4,5204619,39,1657.85,514428,632553,-1.1206407076472522,0
2023-07-28 11:02:15,1654.25,5204761,1,1657.85,514960,632543,-1.1296058333084356,0
2023-07-28 11:02:15,1654.35,5204761,1,1657.85,514960,632543,-1.1236290828676556,0
2023-07-28 11:02:16,1654.4,5204897,12,1657.85,514478,632525,-1.1206407076472522,0
2023-07-28 11:02:16,1654.35,5204897,59,1657.85,514478,632525,-1.1236290828676556,0
2023-07-28 11:02:17,1654.25,5204978,1,1657.85,514421,632525,-1.1296058333084356,0
2023-07-28 11:02:18,1654.4,5204983,1,1657.85,514501,632585,-1.1206407076472522,0
2023-07-28 11:02:19,1654.4,5205012,50,1657.85,514453,632619,-1.1206407076472522,0
2023-07-28 11:02:20,1654.4,5205161,2,1657.85,514398,632447,-1.1206407076472522,0
2023-07-28 11:02:21,1654.4,5205177,9,1657.85,514401,632431,-1.1206407076472522,0
2023-07-28 11:02:22,1654.4,5205205,1,1657.85,514510,632413,-1.1206407076472522,0
2023-07-28 11:02:22,1654.35,5205205,1,1657.85,514510,632413,-1.1236290828676556,0
2023-07-28 11:02:22,1654.95,5205205,20,1657.85,514510,632413,-1.0877685802229355,0
2023-07-28 11:02:24,1654.9,5208725,9,1657.85,514052,630986,-1.0907569554433254,0
2023-07-28 11:02:25,1654.95,5210034,10,1657.85,514343,630945,-1.0877685802229355,0
2023-07-28 11:02:25,1654.95,5210034,10,1657.85,514343,630945,-1.0877685802229355,0
2023-07-28 11:02:26,1654.65,5210436,3,1657.85,515538,631322,-1.1056988315452887,0
2023-07-28 11:02:26,1654.65,5210437,1,1657.85,515548,631919,-1.1056988315452887,0
2023-07-28 11:02:26,1654.65,5210437,1,1657.85,515548,631919,-1.1056988315452887,0
2023-07-28 11:02:27,1654.65,5210969,5,1657.85,513671,631826,-1.1056988315452887,0
2023-07-28 11:02:28,1654.6,5210988,1,1657.85,513704,632210,-1.1086872067656923,0
2023-07-28 11:02:29,1654.55,5211078,1,1657.85,514029,631628,-1.1116755819860822,0
2023-07-28 11:02:31,1654.55,5211156,14,1657.85,514011,632248,-1.1116755819860822,0
2023-07-28 11:02:31,1654.6,5211156,1,1657.85,514011,632248,-1.1086872067656923,0
2023-07-28 11:02:33,1654.6,5211291,4,1657.85,514501,632219,-1.1086872067656923,0
2023-07-28 11:02:33,1654.6,5211291,4,1657.85,514519,632433,-1.1086872067656923,0
2023-07-28 11:02:33,1654.6,5211291,4,1657.85,514732,632178,-1.1086872067656923,0
2023-07-28 11:02:35,1654.6,5211294,1,1657.85,514535,632210,-1.1086872067656923,0
2023-07-28 11:02:36,1654.55,5211644,58,1657.85,514727,631835,-1.1116755819860822,0
2023-07-28 11:02:37,1654.6,5211764,4,1657.85,514667,631575,-1.1086872067656923,0
2023-07-28 11:02:37,1654.6,5211764,4,1657.85,514667,631575,-1.1086872067656923,0
2023-07-28 11:02:38,1654.6,5211794,1,1657.85,514647,631608,-1.1086872067656923,0
2023-07-28 11:02:39,1654.55,5211796,1,1657.85,514698,631580,-1.1116755819860822,0
2023-07-28 11:02:41,1654.55,5212418,1,1657.85,515313,631522,-1.1116755819860822,0
2023-07-28 11:02:41,1654.9,5212418,3,1657.85,515313,631522,-1.0907569554433254,0
2023-07-28 11:02:42,1654.9,5217148,1,1657.85,513768,630891,-1.0907569554433254,0
2023-07-28 11:02:42,1655.45,5218550,48,1657.84,512584,631570,-1.0578848280190087,0
2023-07-28 11:02:43,1655.2,5219356,33,1657.84,512089,632335,-1.072826704120972,0
2023-07-28 11:02:43,1655.65,5219356,2,1657.84,512089,632335,-1.0459313271374353,0
2023-07-28 11:02:44,1655.5,5219373,11,1657.84,513158,631979,-1.0548964527986189,0
2023-07-28 11:02:46,1655.35,5222701,1,1657.84,512358,632833,-1.0638615784598022,0
2023-07-28 11:02:46,1655.0,5222825,1,1657.84,513084,632139,-1.0847802050025455,0
2023-07-28 11:02:47,1654.9,5223084,1,1657.84,512209,632286,-1.0907569554433254,0
2023-07-28 11:02:49,1654.9,5223794,39,1657.84,512157,632470,-1.0907569554433254,0
2023-07-28 11:02:50,1655.0,5224333,49,1657.84,509408,632082,-1.0847802050025455,0
2023-07-28 11:02:51,1655.0,5224413,41,1657.84,510988,631305,-1.0847802050025455,0
2023-07-28 11:02:52,1655.0,5224521,1,1657.84,512625,631900,-1.0847802050025455,0
2023-07-28 11:02:53,1655.3,5224583,5,1657.84,512688,631940,-1.066849953680192,0
2023-07-28 11:02:54,1655.0,5224697,3,1657.84,512598,630927,-1.0847802050025455,0
2023-07-28 11:02:55,1654.7,5224975,1,1657.84,511698,632413,-1.1027104563248988,0
2023-07-28 11:02:55,1654.7,5224975,1,1657.84,511698,632413,-1.1027104563248988,0
2023-07-28 11:02:56,1655.0,5225415,1,1657.84,512110,634227,-1.0847802050025455,0
2023-07-28 11:02:57,1655.0,5226541,1,1657.84,510319,633876,-1.0847802050025455,0
2023-07-28 11:02:58,1655.05,5226544,1,1657.84,511750,634474,-1.0817918297821556,0
2023-07-28 11:02:59,1655.0,5226780,1,1657.84,512021,634529,-1.0847802050025455,0
2023-07-28 11:03:00,1655.0,5227205,25,1657.84,513050,633954,-1.0847802050025455,0
2023-07-28 11:03:01,1655.05,5227309,2,1657.84,513156,633997,-1.0817918297821556,0
2023-07-28 11:03:01,1655.05,5227309,2,1657.84,513156,633997,-1.0817918297821556,0
2023-07-28 11:03:01,1655.05,5227309,363,1657.84,513156,633997,-1.0817918297821556,0
2023-07-28 11:03:03,1655.75,5236644,40,1657.84,511127,631338,-1.0399545766966554,0
2023-07-28 11:03:04,1655.75,5236851,1,1657.84,510429,631725,-1.0399545766966554,0
2023-07-28 11:03:06,1655.75,5236930,23,1657.84,511841,631742,-1.0399545766966554,0
2023-07-28 11:03:06,1655.75,5236930,8,1657.84,511841,631742,-1.0399545766966554,0
2023-07-28 11:03:06,1655.75,5237295,8,1657.84,511830,631452,-1.0399545766966554,0
2023-07-28 11:03:08,1655.45,5237306,24,1657.84,512885,631072,-1.0578848280190087,0
2023-07-28 11:03:09,1655.15,5237586,20,1657.84,511728,631609,-1.0758150793413621,0
2023-07-28 11:03:09,1655.15,5237586,20,1657.84,511728,631609,-1.0758150793413621,0
2023-07-28 11:03:10,1655.2,5237592,4,1657.84,512568,631786,-1.072826704120972,0
2023-07-28 11:03:11,1655.2,5237602,10,1657.84,513303,631210,-1.072826704120972,0
2023-07-28 11:03:11,1655.2,5237602,10,1657.84,511756,631265,-1.072826704120972,0
2023-07-28 11:03:11,1655.2,5237602,10,1657.84,511756,631265,-1.072826704120972,0
2023-07-28 11:03:12,1655.2,5237612,10,1657.84,513509,631396,-1.072826704120972,0
2023-07-28 11:03:14,1655.1,5237658,86,1657.84,513745,631096,-1.0788034545617655,0
2023-07-28 11:03:15,1655.05,5237820,4,1657.84,513547,633174,-1.0817918297821556,0
2023-07-28 11:03:16,1655.0,5238752,336,1657.83,512795,633197,-1.0847802050025455,0
2023-07-28 11:03:17,1654.85,5238760,1,1657.83,513166,632885,-1.093745330663729,0
2023-07-28 11:03:19,1655.0,5239477,1,1657.83,513106,632824,-1.0847802050025455,0
2023-07-28 11:03:20,1655.0,5239489,1,1657.83,513111,633410,-1.0847802050025455,0
2023-07-28 11:03:20,1655.0,5239489,1,1657.83,513111,633410,-1.0847802050025455,0
2023-07-28 11:03:21,1655.0,5239777,1,1657.83,513259,633395,-1.0847802050025455,0
2023-07-28 11:03:22,1655.0,5239975,1,1657.83,513242,633467,-1.0847802050025455,0
2023-07-28 11:03:23,1655.0,5239986,1,1657.83,513649,633721,-1.0847802050025455,0
2023-07-28 11:03:23,1655.0,5239986,1,1657.83,513649,633721,-1.0847802050025455,0
2023-07-28 11:03:24,1655.05,5240011,20,1657.83,513759,633814,-1.0817918297821556,0
2023-07-28 11:03:25,1655.05,5240086,1,1657.83,513148,633206,-1.0817918297821556,0
2023-07-28 11:03:26,1655.0,5240094,1,1657.83,513724,633261,-1.0847802050025455,0
2023-07-28 11:03:26,1655.05,5240094,8,1657.83,513724,633261,-1.0817918297821556,0
2023-07-28 11:03:26,1655.05,5240112,8,1657.83,513722,633362,-1.0817918297821556,0
2023-07-28 11:03:27,1655.05,5240118,4,1657.83,513722,633365,-1.0817918297821556,0
2023-07-28 11:03:29,1655.0,5240170,13,1657.83,513179,633338,-1.0847802050025455,0
2023-07-28 11:03:30,1655.0,5240434,1,1657.83,513459,631899,-1.0847802050025455,0
2023-07-28 11:03:30,1655.0,5240488,1,1657.83,513545,631928,-1.0847802050025455,0
2023-07-28 11:03:31,1655.05,5240490,2,1657.83,513555,631894,-1.0817918297821556,0
2023-07-28 11:03:31,1655.05,5240490,1,1657.83,513555,631894,-1.0817918297821556,0
2023-07-28 11:03:33,1655.0,5241008,6,1657.83,513320,632349,-1.0847802050025455,0
2023-07-28 11:03:33,1655.0,5241008,25,1657.83,513320,632349,-1.0847802050025455,0
2023-07-28 11:03:34,1655.0,5241255,26,1657.83,513243,633200,-1.0847802050025455,0
2023-07-28 11:03:34,1655.05,5241255,2,1657.83,513243,633200,-1.0817918297821556,0
2023-07-28 11:03:35,1655.05,5241431,15,1657.83,513226,633350,-1.0817918297821556,0
2023-07-28 11:03:36,1655.0,5241630,1,1657.83,513203,633190,-1.0847802050025455,0
2023-07-28 11:03:37,1655.0,5241864,1,1657.83,509720,634228,-1.0847802050025455,0
2023-07-28 11:03:37,1655.05,5241864,8,1657.83,509720,634228,-1.0817918297821556,0
2023-07-28 11:03:39,1655.0,5241881,2,1657.83,511365,634187,-1.0847802050025455,0
2023-07-28 11:03:40,1655.0,5241909,1,1657.83,513670,634129,-1.0847802050025455,0
2023-07-28 11:03:40,1655.0,5241909,1,1657.83,513670,634129,-1.0847802050025455,0
2023-07-28 11:03:42,1655.05,5242324,7,1657.83,513709,634470,-1.0817918297821556,0
2023-07-28 11:03:43,1655.0,5242330,1,1657.83,513700,634478,-1.0847802050025455,0
2023-07-28 11:03:43,1655.05,5242330,6,1657.83,513700,634478,-1.0817918297821556,0
2023-07-28 11:03:44,1655.0,5242429,1,1657.83,513623,634770,-1.0847802050025455,0
2023-07-28 11:03:45,1655.0,5242707,8,1657.83,514307,634766,-1.0847802050025455,0
2023-07-28 11:03:46,1655.0,5242715,25,1657.83,514290,634646,-1.0847802050025455,0
2023-07-28 11:03:48,1655.05,5242827,1,1657.83,514449,633620,-1.0817918297821556,0
2023-07-28 11:03:49,1655.0,5243369,218,1657.83,513793,633736,-1.0847802050025455,0
2023-07-28 11:03:49,1654.95,5243369,99,1657.83,513793,633736,-1.0877685802229355,0
2023-07-28 11:03:49,1654.95,5243632,99,1657.83,513723,632963,-1.0877685802229355,0
2023-07-28 11:03:51,1655.05,5243637,3,1657.83,513797,633628,-1.0817918297821556,0
2023-07-28 11:03:52,1655.05,5243669,2,1657.83,513247,633512,-1.0817918297821556,0
2023-07-28 11:03:52,1655.05,5243669,1,1657.83,513247,633512,-1.0817918297821556,0
2023-07-28 11:03:53,1655.0,5243685,14,1657.83,513542,633499,-1.0847802050025455,0
2023-07-28 11:03:54,1655.05,5243850,10,1657.83,514119,633224,-1.0817918297821556,0
2023-07-28 11:03:55,1655.05,5244114,15,1657.83,514031,633213,-1.0817918297821556,0
2023-07-28 11:03:55,1655.0,5244114,155,1657.83,514031,633213,-1.0847802050025455,0
2023-07-28 11:03:56,1655.05,5244836,9,1657.83,514080,633099,-1.0817918297821556,0
2023-07-28 11:03:57,1654.95,5244937,80,1657.83,514373,633039,-1.0877685802229355,0
2023-07-28 11:03:58,1655.05,5245055,25,1657.83,514330,633036,-1.0817918297821556,0
2023-07-28 11:03:58,1655.05,5245055,1,1657.83,514330,633036,-1.0817918297821556,0
2023-07-28 11:04:00,1655.0,5245072,75,1657.83,514350,633315,-1.0847802050025455,0
2023-07-28 11:04:00,1654.95,5245208,1,1657.83,514378,633240,-1.0877685802229355,0
2023-07-28 11:04:02,1655.0,5245220,5,1657.83,514435,633623,-1.0847802050025455,0
2023-07-28 11:04:03,1655.05,5245310,2,1657.83,515016,633643,-1.0817918297821556,0
2023-07-28 11:04:03,1655.05,5245310,2,1657.83,515016,633643,-1.0817918297821556,0
2023-07-28 11:04:04,1655.05,5245319,1,1657.83,516928,633017,-1.0817918297821556,0
2023-07-28 11:04:04,1655.0,5245319,8,1657.83,516928,633017,-1.0847802050025455,0
2023-07-28 11:04:05,1655.05,5245339,73,1657.83,516767,637364,-1.0817918297821556,0
2023-07-28 11:04:06,1655.05,5246758,32,1657.83,516859,633765,-1.0817918297821556,0
2023-07-28 11:04:07,1655.1,5246764,4,1657.83,516243,635290,-1.0788034545617655,0
2023-07-28 11:04:07,1655.05,5246764,1,1657.83,516243,635290,-1.0817918297821556,0
2023-07-28 11:04:08,1655.05,5246805,1,1657.83,516534,635430,-1.0817918297821556,0
2023-07-28 11:04:09,1655.05,5247039,1,1657.83,516550,635916,-1.0817918297821556,0
2023-07-28 11:04:09,1655.05,5247039,1,1657.83,516550,635916,-1.0817918297821556,0
2023-07-28 11:04:11,1655.05,5247044,1,1657.83,516034,635945,-1.0817918297821556,0
2023-07-28 11:04:12,1655.05,5247084,1,1657.83,516772,635937,-1.0817918297821556,0
2023-07-28 11:04:13,1655.05,5247120,1,1657.83,516777,635933,-1.0817918297821556,0
2023-07-28 11:04:13,1655.1,5247120,6,1657.83,516777,635933,-1.0788034545617655,0
2023-07-28 11:04:14,1655.05,5247138,1,1657.83,516790,635975,-1.0817918297821556,0
2023-07-28 11:04:15,1655.05,5247152,1,1657.83,517346,636093,-1.0817918297821556,0
2023-07-28 11:04:16,1655.1,5247167,3,1657.83,517691,636133,-1.0788034545617655,0
2023-07-28 11:04:17,1655.1,5247412,2,1657.83,516307,636348,-1.0788034545617655,0
2023-07-28 11:04:17,1655.05,5247412,1,1657.83,516307,636348,-1.0817918297821556,0
2023-07-28 11:04:18,1655.05,5247487,1,1657.83,516217,636225,-1.0817918297821556,0
2023-07-28 11:04:19,1655.05,5247490,1,1657.83,516215,636225,-1.0817918297821556,0
2023-07-28 11:04:20,1655.05,5247491,1,1657.83,516214,636226,-1.0817918297821556,0
2023-07-28 11:04:20,1655.05,5247494,1,1657.83,516111,636250,-1.0817918297821556,0
2023-07-28 11:04:20,1655.05,5247494,5,1657.83,516111,636250,-1.0817918297821556,0
2023-07-28 11:04:22,1655.0,5249053,1,1657.83,513843,636255,-1.0847802050025455,0
2023-07-28 11:04:22,1655.0,5249053,1,1657.83,513843,636255,-1.0847802050025455,0
2023-07-28 11:04:24,1654.95,5249069,1,1657.83,514051,636669,-1.0877685802229355,0
2023-07-28 11:04:25,1654.95,5249071,1,1657.83,514015,636685,-1.0877685802229355,0
2023-07-28 11:04:25,1654.95,5249071,2,1657.83,514015,636685,-1.0877685802229355,0
2023-07-28 11:04:26,1655.05,5249224,4,1657.83,514051,636860,-1.0817918297821556,0
2023-07-28 11:04:27,1655.05,5249431,2,1657.83,514067,636817,-1.0817918297821556,0
2023-07-28 11:04:28,1655.0,5249470,1,1657.83,512975,636266,-1.0847802050025455,0
2023-07-28 11:04:29,1655.1,5250190,110,1657.83,514184,635732,-1.0788034545617655,0
2023-07-28 11:04:30,1654.95,5250231,1,1657.83,513736,636202,-1.0877685802229355,0
2023-07-28 11:04:30,1654.95,5250231,81,1657.83,513736,636202,-1.0877685802229355,0
2023-07-28 11:04:31,1655.05,5250474,36,1657.83,514246,636501,-1.0817918297821556,0
2023-07-28 11:04:31,1655.05,5250474,2,1657.83,514246,636501,-1.0817918297821556,0
2023-07-28 11:04:32,1654.95,5250591,1,1657.83,514304,636499,-1.0877685802229355,0
2023-07-28 11:04:32,1655.0,5250591,1,1657.83,514304,636499,-1.0847802050025455,0
2023-07-28 11:04:33,1655.05,5250597,9,1657.83,514823,636997,-1.0817918297821556,0
2023-07-28 11:04:35,1655.05,5250621,1,1657.83,514873,637048,-1.0817918297821556,0
2023-07-28 11:04:35,1655.05,5250621,4,1657.83,514873,637048,-1.0817918297821556,0
2023-07-28 11:04:37,1655.05,5251008,4,1657.83,514919,636869,-1.0817918297821556,0
2023-07-28 11:04:37,1655.05,5251008,1,1657.83,514919,636869,-1.0817918297821556,0
2023-07-28 11:04:38,1655.0,5251016,2,1657.83,514791,636863,-1.0847802050025455,0
2023-07-28 11:04:39,1655.05,5251042,23,1657.83,514491,637103,-1.0817918297821556,0
2023-07-28 11:04:39,1655.05,5251042,12,1657.83,514491,637103,-1.0817918297821556,0
2023-07-28 11:04:39,1655.05,5251152,12,1657.83,514965,637141,-1.0817918297821556,0
2023-07-28 11:04:39,1655.0,5251152,1,1657.83,514965,637141,-1.0847802050025455,0
2023-07-28 11:04:41,1655.05,5251171,2,1657.83,515036,636891,-1.0817918297821556,0
2023-07-28 11:04:42,1655.05,5251177,6,1657.83,515057,636907,-1.0817918297821556,0
2023-07-28 11:04:42,1655.0,5251177,5,1657.83,515057,636907,-1.0847802050025455,0
2023-07-28 11:04:43,1655.05,5251385,19,1657.83,515059,636932,-1.0817918297821556,0
2023-07-28 11:04:43,1655.05,5252033,5,1657.83,515106,636454,-1.0817918297821556,0
2023-07-28 11:04:44,1655.0,5252106,66,1657.83,515108,636943,-1.0847802050025455,0
2023-07-28 11:04:45,1655.0,5252197,1,1657.83,513946,637497,-1.0847802050025455,0
2023-07-28 11:04:45,1655.1,5252197,14,1657.83,513946,637497,-1.0788034545617655,0
2023-07-28 11:04:47,1655.2,5257396,200,1657.82,502243,628466,-1.072826704120972,0
2023-07-28 11:04:48,1655.35,5258247,1,1657.82,504358,628969,-1.0638615784598022,0
2023-07-28 11:04:48,1655.3,5258247,23,1657.82,504358,628969,-1.066849953680192,0
2023-07-28 11:04:49,1655.35,5258316,15,1657.82,504994,628901,-1.0638615784598022,0
2023-07-28 11:04:49,1655.3,5258316,1,1657.82,504994,628901,-1.066849953680192,0
2023-07-28 11:04:50,1655.3,5258360,1,1657.82,505321,628649,-1.066849953680192,0
2023-07-28 11:04:51,1655.3,5258362,2,1657.82,505432,628843,-1.066849953680192,0
2023-07-28 11:04:51,1655.2,5258362,10,1657.82,503532,628993,-1.072826704120972,0
2023-07-28 11:04:52,1655.2,5258381,2,1657.82,505204,629309,-1.072826704120972,0
2023-07-28 11:04:54,1655.2,5258409,8,1657.82,505594,629293,-1.072826704120972,0
2023-07-28 11:04:54,1655.2,5258412,3,1657.82,505521,629161,-1.072826704120972,0
2023-07-28 11:04:56,1655.1,5258583,3,1657.82,514789,634179,-1.0788034545617655,0
2023-07-28 11:04:57,1655.15,5258738,119,1657.82,514860,635191,-1.0758150793413621,0
2023-07-28 11:04:57,1655.1,5258777,3,1657.82,515437,633921,-1.0788034545617655,0
2023-07-28 11:04:57,1655.1,5258777,2,1657.82,515437,633921,-1.0788034545617655,0
2023-07-28 11:05:00,1655.1,5258806,2,1657.82,510778,635173,-1.0788034545617655,0
2023-07-28 11:05:00,1655.1,5258861,18,1657.82,514647,635116,-1.0788034545617655,0
2023-07-28 11:05:01,1655.1,5259177,4,1657.82,515206,635579,-1.0788034545617655,0
2023-07-28 11:05:03,1655.05,5259303,2,1657.82,514653,635510,-1.0817918297821556,0
2023-07-28 11:05:03,1655.05,5259369,7,1657.82,514520,634790,-1.0817918297821556,0
2023-07-28 11:05:05,1655.05,5259395,5,1657.82,515146,635816,-1.0817918297821556,0
2023-07-28 11:05:06,1655.0,5259715,1,1657.82,516990,635582,-1.0847802050025455,0
2023-07-28 11:05:07,1655.05,5259777,6,1657.82,516989,635266,-1.0817918297821556,0
2023-07-28 11:05:07,1655.05,5259839,5,1657.82,517168,635236,-1.0817918297821556,0
2023-07-28 11:05:08,1655.0,5259864,3,1657.82,517145,635240,-1.0847802050025455,0
2023-07-28 11:05:10,1655.05,5259901,2,1657.82,516978,635245,-1.0817918297821556,0
2023-07-28 11:05:10,1655.05,5259901,2,1657.82,516978,635245,-1.0817918297821556,0
2023-07-28 11:05:11,1655.1,5259913,25,1657.82,516760,635242,-1.0788034545617655,0
2023-07-28 11:05:13,1655.1,5260016,8,1657.82,517203,635156,-1.0788034545617655,0
2023-07-28 11:05:14,1655.1,5260052,3,1657.82,517289,635205,-1.0788034545617655,0
2023-07-28 11:05:15,1655.05,5260055,1,1657.82,517288,635203,-1.0817918297821556,0
2023-07-28 11:05:16,1655.05,5260069,5,1657.82,516741,635218,-1.0817918297821556,0
2023-07-28 11:05:17,1655.1,5260081,10,1657.82,516743,635156,-1.0788034545617655,0
2023-07-28 11:05:17,1655.1,5260086,1,1657.82,516746,635329,-1.0788034545617655,0
2023-07-28 11:05:17,1655.05,5260086,1,1657.82,516746,635329,-1.0817918297821556,0
2023-07-28 11:05:18,1655.05,5260986,1,1657.82,516901,635297,-1.0817918297821556,0
2023-07-28 11:05:19,1655.05,5261003,1,1657.82,516901,635295,-1.0817918297821556,0
2023-07-28 11:05:20,1655.15,5261355,20,1657.82,516570,635034,-1.0758150793413621,0
2023-07-28 11:05:21,1655.1,5261451,91,1657.82,515996,635166,-1.0788034545617655,0
2023-07-28 11:05:22,1655.05,5261561,83,1657.82,515983,635163,-1.0817918297821556,0
2023-07-28 11:05:22,1655.05,5261561,83,1657.82,515983,635163,-1.0817918297821556,0
2023-07-28 11:05:23,1655.15,5261587,15,1657.82,516091,635137,-1.0758150793413621,0
2023-07-28 11:05:23,1655.15,5261587,50,1657.82,516091,635137,-1.0758150793413621,0
2023-07-28 11:05:25,1655.0,5262149,8,1657.82,516204,635036,-1.0847802050025455,0
2023-07-28 11:05:25,1655.15,5262149,26,1657.82,516204,635036,-1.0758150793413621,0
2023-07-28 11:05:26,1655.1,5262383,3,1657.82,516171,634981,-1.0788034545617655,0
2023-07-28 11:05:28,1655.1,5262389,1,1657.82,516161,634975,-1.0788034545617655,0
2023-07-28 11:05:29,1655.05,5262510,3,1657.82,517193,634960,-1.0817918297821556,0
2023-07-28 11:05:30,1655.05,5262531,5,1657.82,517176,635197,-1.0817918297821556,0
2023-07-28 11:05:30,1655.0,5262531,1,1657.82,517176,635197,-1.0847802050025455,0
2023-07-28 11:05:31,1655.05,5262538,1,1657.82,517240,635203,-1.0817918297821556,0
2023-07-28 11:05:32,1655.05,5262861,2,1657.82,517214,634912,-1.0817918297821556,0
2023-07-28 11:05:32,1655.1,5262861,59,1657.82,517214,634912,-1.0788034545617655,0
2023-07-28 11:05:33,1655.1,5262983,8,1657.82,516547,634838,-1.0788034545617655,0
2023-07-28 11:05:33,1655.1,5262983,5,1657.82,516547,634838,-1.0788034545617655,0
2023-07-28 11:05:33,1655.0,5262983,4,1657.82,516547,634838,-1.0847802050025455,0
2023-07-28 11:05:36,1655.1,5263252,110,1657.82,516527,635468,-1.0788034545617655,0
2023-07-28 11:05:37,1655.1,5263273,1,1657.82,516551,636091,-1.0788034545617655,0
2023-07-28 11:05:37,1655.1,5263273,143,1657.82,516551,636091,-1.0788034545617655,0
2023-07-28 11:05:38,1655.1,5263433,15,1657.82,516579,635934,-1.0788034545617655,0
2023-07-28 11:05:38,1655.05,5263654,146,1657.82,517322,636092,-1.0817918297821556,0
2023-07-28 11:05:40,1655.0,5263709,1,1657.82,517322,636067,-1.0847802050025455,0
2023-07-28 11:05:40,1655.05,5263709,6,1657.82,517322,636067,-1.0817918297821556,0
2023-07-28 11:05:41,1655.1,5263841,24,1657.82,516648,636040,-1.0788034545617655,0
2023-07-28 11:05:42,1655.1,5264728,6,1657.82,515939,636138,-1.0788034545617655,0
2023-07-28 11:05:42,1655.1,5264728,9,1657.82,515939,636138,-1.0788034545617655,0
2023-07-28 11:05:43,1655.05,5264745,7,1657.82,516052,636047,-1.0817918297821556,0
2023-07-28 11:05:45,1655.1,5264778,25,1657.82,516062,636011,-1.0788034545617655,0
2023-07-28 11:05:45,1655.05,5264807,3,1657.82,516842,635430,-1.0817918297821556,0
2023-07-28 11:05:46,1655.1,5264811,3,1657.82,516855,636027,-1.0788034545617655,0
2023-07-28 11:05:47,1655.1,5264815,4,1657.82,516855,636090,-1.0788034545617655,0
2023-07-28 11:05:47,1655.05,5264815,3,1657.82,516855,636090,-1.0817918297821556,0
2023-07-28 11:05:49,1655.1,5264958,50,1657.82,516106,636044,-1.0788034545617655,0
2023-07-28 11:05:50,1655.0,5265269,1,1657.82,514332,636376,-1.0847802050025455,0
2023-07-28 11:05:50,1655.1,5265269,8,1657.82,514332,636376,-1.0788034545617655,0
2023-07-28 11:05:52,1655.1,5265350,7,1657.82,515331,637507,-1.0788034545617655,0
2023-07-28 11:05:53,1655.1,5265359,1,1657.82,514827,637570,-1.0788034545617655,0
2023-07-28 11:05:53,1655.1,5265363,4,1657.82,515283,637649,-1.0788034545617655,0
2023-07-28 11:05:54,1655.1,5265400,4,1657.82,515422,637619,-1.0788034545617655,0
2023-07-28 11:05:56,1655.05,5265438,2,1657.82,515171,638633,-1.0817918297821556,0
