2023-07-28 10:49:25,2515.45,321054,6,2502.79,62650,78422,2.81200825618702,0
2023-07-28 10:49:25,2515.45,321054,6,2502.79,62508,78433,2.81200825618702,0
2023-07-28 10:49:25,2515.45,321054,6,2502.79,62545,78387,2.81200825618702,0
2023-07-28 10:49:25,2515.45,321054,6,2502.79,62548,78387,2.81200825618702,0
2023-07-28 10:49:25,2515.45,321054,6,2502.79,62550,78411,2.81200825618702,0
2023-07-28 10:49:25,2515.45,321054,6,2502.79,62513,78436,2.81200825618702,0
2023-07-28 10:49:25,2515.45,321054,2,2502.79,62517,78435,2.81200825618702,0
2023-07-28 10:49:37,2515.45,321061,2,2502.79,62502,78430,2.81200825618702,0
2023-07-28 10:49:37,2515.45,321061,2,2502.79,62506,78430,2.81200825618702,0
2023-07-28 10:49:37,2515.45,321061,2,2502.79,62528,78415,2.81200825618702,0
2023-07-28 10:49:37,2515.45,321061,6,2502.79,62528,78415,2.81200825618702,0
2023-07-28 10:49:41,2515.45,321067,6,2502.79,62522,78444,2.81200825618702,0
2023-07-28 10:49:41,2515.45,321067,6,2502.79,62562,78437,2.81200825618702,0
2023-07-28 10:49:41,2515.45,321067,6,2502.79,62562,78496,2.81200825618702,0
2023-07-28 10:49:41,2515.45,321067,6,2502.79,62605,78359,2.81200825618702,0
2023-07-28 10:49:41,2515.45,321067,6,2502.79,62541,78386,2.81200825618702,0
2023-07-28 10:49:41,2515.45,321067,6,2502.79,62603,78389,2.81200825618702,0
2023-07-28 10:49:48,2515.45,321107,26,2502.79,62606,78380,2.81200825618702,0
2023-07-28 10:49:48,2515.45,321107,26,2502.79,62584,78400,2.81200825618702,0
2023-07-28 10:49:48,2515.45,321107,26,2502.79,62608,78398,2.81200825618702,0
2023-07-28 10:49:51,2515.0,321128,1,2502.79,62499,78525,2.793615760325339,0
2023-07-28 10:49:51,2515.0,321128,1,2502.79,62499,78525,2.793615760325339,0
2023-07-28 10:49:51,2515.0,321128,1,2502.79,62497,78514,2.793615760325339,0
2023-07-28 10:49:51,2515.0,321128,2,2502.79,62503,78514,2.793615760325339,0
2023-07-28 10:49:54,2515.0,321137,5,2502.79,62480,78513,2.793615760325339,0
2023-07-28 10:49:54,2515.0,321137,5,2502.79,62514,78545,2.793615760325339,0
2023-07-28 10:49:54,2515.0,321137,5,2502.79,62514,78545,2.793615760325339,0
2023-07-28 10:49:56,2515.0,321147,1,2502.79,62468,78545,2.793615760325339,0
2023-07-28 10:49:56,2515.0,321148,1,2502.79,62537,78545,2.793615760325339,0
2023-07-28 10:49:56,2515.5,321148,16,2502.79,62537,78545,2.814051866838326,0
2023-07-28 10:49:56,2514.9,321148,1,2502.79,62537,78545,2.7895285390227453,0
2023-07-28 10:49:59,2514.9,321165,1,2502.79,62278,78432,2.7895285390227453,0
2023-07-28 10:49:59,2514.9,321165,1,2502.79,62264,78462,2.7895285390227453,0
2023-07-28 10:49:59,2514.9,321165,1,2502.79,62259,78462,2.7895285390227453,0
2023-07-28 10:49:59,2514.9,321165,1,2502.79,62291,78472,2.7895285390227453,0
2023-07-28 10:49:59,2514.9,321165,1,2502.79,62284,78472,2.7895285390227453,0
2023-07-28 10:49:59,2514.9,321165,1,2502.79,62271,78484,2.7895285390227453,0
2023-07-28 10:49:59,2514.9,321165,1,2502.79,62321,78498,2.7895285390227453,0
2023-07-28 10:49:59,2514.9,321165,1,2502.79,62321,78518,2.7895285390227453,0
2023-07-28 10:49:59,2515.45,321165,1,2502.79,62321,78503,2.81200825618702,0
2023-07-28 10:50:10,2515.45,321175,1,2502.79,62363,78500,2.81200825618702,0
2023-07-28 10:50:12,2514.9,321182,5,2502.79,62392,78452,2.7895285390227453,0
2023-07-28 10:50:12,2514.9,321182,5,2502.79,62392,78453,2.7895285390227453,0
2023-07-28 10:50:12,2514.9,321182,5,2502.79,62387,78474,2.7895285390227453,0
2023-07-28 10:50:12,2514.9,321182,5,2502.79,62424,78461,2.7895285390227453,0
2023-07-28 10:50:12,2514.9,321182,5,2502.79,62399,78453,2.7895285390227453,0
2023-07-28 10:50:12,2514.9,321182,5,2502.79,62378,78462,2.7895285390227453,0
2023-07-28 10:50:12,2514.9,321182,5,2502.79,62178,78462,2.7895285390227453,0
2023-07-28 10:50:12,2514.9,321182,5,2502.79,62178,78462,2.7895285390227453,0
2023-07-28 10:50:12,2514.9,321182,5,2502.79,62217,78462,2.7895285390227453,0
2023-07-28 10:50:12,2514.9,321182,5,2502.79,62217,78462,2.7895285390227453,0
2023-07-28 10:50:12,2514.9,321182,5,2502.79,62252,78455,2.7895285390227453,0
2023-07-28 10:50:12,2514.9,321182,5,2502.79,62252,78455,2.7895285390227453,0
2023-07-28 10:50:12,2514.9,321182,5,2502.79,62176,78462,2.7895285390227453,0
2023-07-28 10:50:12,2514.9,321182,5,2502.79,62176,78462,2.7895285390227453,0
2023-07-28 10:50:12,2514.9,321182,5,2502.79,62253,78462,2.7895285390227453,0
2023-07-28 10:50:12,2514.9,321182,5,2502.79,62253,78462,2.7895285390227453,0
2023-07-28 10:50:12,2514.9,321182,3,2502.79,62219,78462,2.7895285390227453,0
2023-07-28 10:50:12,2514.9,321182,3,2502.79,62219,78462,2.7895285390227453,0
2023-07-28 10:50:25,2514.9,321186,3,2502.79,62179,78442,2.7895285390227453,0
2023-07-28 10:50:25,2514.9,321186,3,2502.79,62366,78403,2.7895285390227453,0
2023-07-28 10:50:25,2514.9,321186,3,2502.79,62245,78452,2.7895285390227453,0
2023-07-28 10:50:25,2515.5,321186,157,2502.79,62266,78403,2.814051866838326,0
2023-07-28 10:50:31,2515.5,321384,157,2502.8,62370,78340,2.814051866838326,0
2023-07-28 10:50:32,2516.45,321582,80,2502.81,62569,78124,2.852880469212994,0
2023-07-28 10:50:33,2516.75,321869,34,2502.82,62704,78122,2.865142133120794,0
2023-07-28 10:50:35,2515.0,321871,2,2502.82,62613,78196,2.793615760325339,0
2023-07-28 10:50:35,2515.0,321871,2,2502.82,62720,78219,2.793615760325339,0
2023-07-28 10:50:36,2516.45,321903,1,2502.82,62660,78257,2.852880469212994,0
2023-07-28 10:50:36,2516.45,321903,1,2502.82,62660,78257,2.852880469212994,0
2023-07-28 10:50:36,2516.45,321903,1,2502.82,62542,78287,2.852880469212994,0
2023-07-28 10:50:36,2516.45,321903,1,2502.82,62576,77813,2.852880469212994,0
2023-07-28 10:50:36,2516.45,321903,1,2502.82,62556,77811,2.852880469212994,0
2023-07-28 10:50:36,2516.45,321903,1,2502.82,62593,77803,2.852880469212994,0
2023-07-28 10:50:36,2516.45,321903,1,2502.82,62587,77759,2.852880469212994,0
2023-07-28 10:50:43,2515.0,321950,2,2502.82,62371,77881,2.793615760325339,0
2023-07-28 10:50:44,2515.0,321952,1,2502.82,62497,77861,2.793615760325339,0
2023-07-28 10:50:44,2515.0,321952,1,2502.82,62597,77838,2.793615760325339,0
2023-07-28 10:50:46,2515.0,322022,16,2502.83,62382,77981,2.793615760325339,0
2023-07-28 10:50:48,2515.0,322025,3,2502.83,62385,78007,2.793615760325339,0
2023-07-28 10:50:48,2516.0,322025,49,2502.83,62385,78007,2.834487973351313,0
2023-07-28 10:50:49,2516.0,322075,49,2502.83,62376,77990,2.834487973351313,0
2023-07-28 10:50:50,2514.25,322246,8,2502.83,62172,78280,2.762961600555858,0
2023-07-28 10:50:50,2514.25,322246,8,2502.83,62172,78280,2.762961600555858,0
2023-07-28 10:50:51,2514.25,322247,1,2502.83,62308,78219,2.762961600555858,0
2023-07-28 10:50:51,2514.25,322247,1,2502.83,62308,78219,2.762961600555858,0
2023-07-28 10:50:52,2515.7,322248,1,2502.83,62308,78188,2.8222263094435136,0
2023-07-28 10:50:53,2515.7,322252,4,2502.83,62389,78087,2.8222263094435136,0
2023-07-28 10:50:53,2515.7,322252,4,2502.83,62396,78087,2.8222263094435136,0
2023-07-28 10:50:55,2515.95,322256,1,2502.83,62410,78065,2.832444362700007,0
2023-07-28 10:50:55,2515.95,322256,1,2502.83,62284,78094,2.832444362700007,0
2023-07-28 10:50:55,2515.95,322256,1,2502.83,62421,78094,2.832444362700007,0
2023-07-28 10:50:55,2515.95,322256,1,2502.83,62379,78133,2.832444362700007,0
2023-07-28 10:50:55,2515.95,322256,1,2502.83,62540,77978,2.832444362700007,0
2023-07-28 10:50:55,2515.95,322256,1,2502.83,62631,77949,2.832444362700007,0
2023-07-28 10:50:55,2515.95,322256,1,2502.83,62621,77980,2.832444362700007,0
2023-07-28 10:50:55,2515.95,322256,1,2502.83,62611,78009,2.832444362700007,0
2023-07-28 10:51:03,2514.8,322273,2,2502.83,62634,77997,2.7854413177201516,0
2023-07-28 10:51:03,2514.8,322273,2,2502.83,62662,77997,2.7854413177201516,0
2023-07-28 10:51:03,2514.8,322273,2,2502.83,62666,77997,2.7854413177201516,0
2023-07-28 10:51:03,2516.0,322273,13,2502.83,62657,77997,2.834487973351313,0
2023-07-28 10:51:08,2514.95,322364,7,2502.84,62647,77892,2.7915721496740327,0
2023-07-28 10:51:08,2514.95,322364,7,2502.84,62652,77923,2.7915721496740327,0
2023-07-28 10:51:08,2514.95,322364,7,2502.84,62632,77911,2.7915721496740327,0
2023-07-28 10:51:08,2514.95,322364,7,2502.84,62633,77911,2.7915721496740327,0
2023-07-28 10:51:08,2514.95,322364,7,2502.84,62636,77911,2.7915721496740327,0
2023-07-28 10:51:08,2516.15,322364,13,2502.84,62590,78057,2.8406188053052133,0
2023-07-28 10:51:18,2516.15,322411,13,2502.84,62767,77794,2.8406188053052133,0
2023-07-28 10:51:18,2515.15,322411,1,2502.84,62745,77784,2.799746592279239,0
2023-07-28 10:51:21,2515.15,322412,1,2502.84,62685,77818,2.799746592279239,0
2023-07-28 10:51:21,2515.15,322412,1,2502.84,62677,77889,2.799746592279239,0
2023-07-28 10:51:21,2515.15,322412,1,2502.84,62677,77879,2.799746592279239,0
2023-07-28 10:51:26,2516.0,322482,44,2502.84,62758,77797,2.834487973351313,0
2023-07-28 10:51:26,2516.0,322482,44,2502.84,62765,77798,2.834487973351313,0
2023-07-28 10:51:29,2515.0,322486,4,2502.84,62736,77795,2.793615760325339,0
2023-07-28 10:51:29,2514.9,322486,3,2502.84,62765,77804,2.7895285390227453,0
2023-07-28 10:51:31,2514.9,322536,3,2502.84,62678,77821,2.7895285390227453,0
2023-07-28 10:51:31,2514.9,322536,3,2502.84,62680,77831,2.7895285390227453,0
2023-07-28 10:51:31,2514.9,322536,3,2502.84,62686,77831,2.7895285390227453,0
2023-07-28 10:51:31,2514.9,322536,3,2502.84,62709,77837,2.7895285390227453,0
2023-07-28 10:51:31,2514.9,322536,2,2502.84,62709,77837,2.7895285390227453,0
2023-07-28 10:51:35,2514.9,322550,2,2502.85,62678,77872,2.7895285390227453,0
2023-07-28 10:51:35,2514.9,322550,2,2502.85,62706,78138,2.7895285390227453,0
2023-07-28 10:51:35,2515.0,322550,5,2502.85,62706,78138,2.793615760325339,0
2023-07-28 10:51:38,2515.0,322560,5,2502.85,62708,78140,2.793615760325339,0
2023-07-28 10:51:38,2515.0,322560,5,2502.85,62714,78140,2.793615760325339,0
2023-07-28 10:51:38,2515.0,322560,5,2502.85,62745,78140,2.793615760325339,0
2023-07-28 10:51:41,2514.9,322570,10,2502.85,62734,78142,2.7895285390227453,0
2023-07-28 10:51:41,2514.9,322570,10,2502.85,62709,78084,2.7895285390227453,0
2023-07-28 10:51:41,2514.9,322570,10,2502.85,62717,78157,2.7895285390227453,0
2023-07-28 10:51:41,2515.0,322570,15,2502.85,62717,78157,2.793615760325339,0
2023-07-28 10:51:45,2515.0,322585,15,2502.85,62919,77795,2.793615760325339,0
2023-07-28 10:51:46,2515.1,322586,1,2502.85,62767,77839,2.797702981627933,0
2023-07-28 10:51:46,2515.1,322586,1,2502.85,62693,77836,2.797702981627933,0
2023-07-28 10:51:46,2515.1,322586,1,2502.85,62768,77856,2.797702981627933,0
2023-07-28 10:51:46,2515.1,322586,1,2502.85,62737,77867,2.797702981627933,0
2023-07-28 10:51:46,2515.1,322586,1,2502.85,62732,77864,2.797702981627933,0
2023-07-28 10:51:46,2515.1,322586,1,2502.85,62732,77864,2.797702981627933,0
2023-07-28 10:51:53,2514.85,322646,10,2502.85,62206,77949,2.7874849283714394,0
2023-07-28 10:51:53,2514.85,322646,10,2502.85,62636,78015,2.7874849283714394,0
2023-07-28 10:51:55,2515.1,322651,5,2502.85,62708,77900,2.797702981627933,0
2023-07-28 10:51:55,2515.1,322651,5,2502.85,62883,77615,2.797702981627933,0
2023-07-28 10:51:55,2515.0,322651,5,2502.85,62479,77836,2.793615760325339,0
2023-07-28 10:51:57,2515.0,322698,5,2502.85,62414,77942,2.793615760325339,0
2023-07-28 10:51:57,2515.0,322698,5,2502.85,62432,77936,2.793615760325339,0
2023-07-28 10:51:57,2514.95,322698,4,2502.85,62454,77927,2.7915721496740327,0
2023-07-28 10:52:01,2514.95,322703,4,2502.85,62411,77923,2.7915721496740327,0
2023-07-28 10:52:01,2514.95,322703,4,2502.85,62430,77927,2.7915721496740327,0
2023-07-28 10:52:01,2514.95,322703,4,2502.85,62458,77949,2.7915721496740327,0
2023-07-28 10:52:01,2514.95,322703,4,2502.85,62458,77964,2.7915721496740327,0
2023-07-28 10:52:01,2514.95,322703,4,2502.85,62565,77970,2.7915721496740327,0
2023-07-28 10:52:01,2514.95,322703,4,2502.85,62536,77958,2.7915721496740327,0
2023-07-28 10:52:01,2514.95,322703,4,2502.85,62614,77917,2.7915721496740327,0
2023-07-28 10:52:01,2514.95,322703,4,2502.85,62614,77920,2.7915721496740327,0
2023-07-28 10:52:01,2514.95,322703,4,2502.85,62572,77912,2.7915721496740327,0
2023-07-28 10:52:01,2515.5,322703,6,2502.85,62572,77912,2.814051866838326,0
2023-07-28 10:52:10,2515.5,322709,6,2502.85,62588,77912,2.814051866838326,0
2023-07-28 10:52:12,2515.5,322715,5,2502.85,62583,77898,2.814051866838326,0
2023-07-28 10:52:12,2515.5,322715,5,2502.85,62741,77913,2.814051866838326,0
2023-07-28 10:52:12,2515.5,322715,5,2502.85,62741,77916,2.814051866838326,0
2023-07-28 10:52:12,2515.5,322715,5,2502.85,62741,77916,2.814051866838326,0
2023-07-28 10:52:12,2515.5,322715,5,2502.85,62746,77929,2.814051866838326,0
2023-07-28 10:52:12,2515.5,322715,5,2502.85,62699,77928,2.814051866838326,0
2023-07-28 10:52:12,2515.5,322715,5,2502.85,62732,77929,2.814051866838326,0
2023-07-28 10:52:12,2515.5,322715,5,2502.85,62747,77924,2.814051866838326,0
2023-07-28 10:52:12,2515.5,322715,5,2502.85,62710,78016,2.814051866838326,0
2023-07-28 10:52:12,2515.5,322715,5,2502.85,62710,78008,2.814051866838326,0
2023-07-28 10:52:12,2515.0,322715,4,2502.85,62710,78008,2.793615760325339,0
2023-07-28 10:52:22,2515.0,322740,4,2502.85,62659,77986,2.793615760325339,0
2023-07-28 10:52:22,2515.0,322740,4,2502.85,62680,78008,2.793615760325339,0
2023-07-28 10:52:22,2515.0,322740,4,2502.85,62696,78008,2.793615760325339,0
2023-07-28 10:52:22,2514.95,322740,1,2502.85,62696,78008,2.7915721496740327,0
2023-07-28 10:52:25,2514.95,322741,1,2502.85,62699,78018,2.7915721496740327,0
2023-07-28 10:52:27,2514.95,322742,1,2502.85,62663,78060,2.7915721496740327,0
2023-07-28 10:52:27,2515.15,322742,1,2502.85,62663,78060,2.799746592279239,0
2023-07-28 10:52:28,2515.15,322743,1,2502.85,62697,78059,2.799746592279239,0
2023-07-28 10:52:28,2514.95,322743,7,2502.85,62697,78059,2.7915721496740327,0
2023-07-28 10:52:29,2514.95,322750,7,2502.85,62690,78136,2.7915721496740327,0
2023-07-28 10:52:29,2514.95,322750,7,2502.85,62711,78136,2.7915721496740327,0
2023-07-28 10:52:29,2514.95,322750,7,2502.85,62711,78130,2.7915721496740327,0
2023-07-28 10:52:29,2514.95,322750,7,2502.85,62711,78134,2.7915721496740327,0
2023-07-28 10:52:29,2514.95,322750,7,2502.85,62714,78134,2.7915721496740327,0
2023-07-28 10:52:29,2514.95,322750,7,2502.85,62714,78133,2.7915721496740327,0
2023-07-28 10:52:29,2514.95,322750,7,2502.85,62714,78133,2.7915721496740327,0
2023-07-28 10:52:36,2516.0,322789,6,2502.85,62850,78014,2.834487973351313,0
2023-07-28 10:52:36,2516.0,322789,6,2502.85,62854,78086,2.834487973351313,0
2023-07-28 10:52:38,2515.1,322791,2,2502.85,62851,78059,2.797702981627933,0
2023-07-28 10:52:38,2515.1,322791,2,2502.85,62852,78051,2.797702981627933,0
2023-07-28 10:52:38,2514.85,322791,1,2502.85,62852,78051,2.7874849283714394,0
2023-07-28 10:52:40,2514.85,322891,1,2502.86,62265,78179,2.7874849283714394,0
2023-07-28 10:52:40,2515.1,322891,5,2502.86,62265,78179,2.797702981627933,0
2023-07-28 10:52:41,2515.1,322896,5,2502.86,62564,78130,2.797702981627933,0
2023-07-28 10:52:41,2515.1,322896,5,2502.86,62653,78123,2.797702981627933,0
2023-07-28 10:52:41,2515.1,322896,5,2502.86,62636,78138,2.797702981627933,0
2023-07-28 10:52:41,2515.1,322896,5,2502.86,62329,78248,2.797702981627933,0
2023-07-28 10:52:41,2515.1,322896,5,2502.86,62537,78157,2.797702981627933,0
2023-07-28 10:52:41,2515.1,322896,5,2502.86,62512,78145,2.797702981627933,0
2023-07-28 10:52:41,2515.1,322896,5,2502.86,62522,78176,2.797702981627933,0
2023-07-28 10:52:50,2516.8,323200,46,2502.87,62828,77877,2.8671857437721,0
2023-07-28 10:52:51,2516.9,323261,53,2502.87,63000,77854,2.8712729650746938,0
2023-07-28 10:52:51,2516.9,323261,53,2502.87,63000,77854,2.8712729650746938,0
2023-07-28 10:52:52,2515.55,323319,8,2502.88,62700,77918,2.816095477489632,0
2023-07-28 10:52:52,2515.55,323319,8,2502.88,62700,77918,2.816095477489632,0
2023-07-28 10:52:53,2515.7,323325,6,2502.88,62830,77879,2.8222263094435136,0
2023-07-28 10:52:53,2515.7,323325,6,2502.88,62907,77881,2.8222263094435136,0
2023-07-28 10:52:53,2515.7,323325,6,2502.88,62907,77846,2.8222263094435136,0
2023-07-28 10:52:53,2515.7,323325,6,2502.88,62863,77865,2.8222263094435136,0
2023-07-28 10:52:53,2515.7,323325,6,2502.88,62979,77847,2.8222263094435136,0
2023-07-28 10:52:53,2515.7,323325,6,2502.88,62847,78122,2.8222263094435136,0
2023-07-28 10:52:53,2515.7,323325,6,2502.88,62765,78103,2.8222263094435136,0
2023-07-28 10:52:53,2515.7,323325,6,2502.88,62573,78057,2.8222263094435136,0
2023-07-28 10:52:53,2515.7,323325,6,2502.88,62593,78064,2.8222263094435136,0
2023-07-28 10:52:53,2515.7,323325,6,2502.88,62593,78059,2.8222263094435136,0
2023-07-28 10:52:53,2515.7,323325,6,2502.88,62575,78066,2.8222263094435136,0
2023-07-28 10:52:53,2515.7,323325,6,2502.88,62799,78083,2.8222263094435136,0
2023-07-28 10:52:53,2515.7,323325,6,2502.88,62815,78083,2.8222263094435136,0
2023-07-28 10:52:53,2516.45,323325,2,2502.88,62813,78082,2.852880469212994,0
2023-07-28 10:53:08,2516.45,323335,2,2502.88,62854,77891,2.852880469212994,0
2023-07-28 10:53:08,2516.45,323335,2,2502.88,62857,77978,2.852880469212994,0
2023-07-28 10:53:08,2516.45,323335,2,2502.88,62871,77920,2.852880469212994,0
2023-07-28 10:53:08,2516.45,323335,2,2502.88,62886,77897,2.852880469212994,0
2023-07-28 10:53:13,2516.2,323345,10,2502.88,62885,77864,2.8426624159565006,0
2023-07-28 10:53:13,2516.2,323345,10,2502.88,62909,77832,2.8426624159565006,0
2023-07-28 10:53:13,2516.2,323345,10,2502.88,62696,77928,2.8426624159565006,0
2023-07-28 10:53:13,2515.6,323345,3,2502.88,62712,77911,2.81813908814092,0
2023-07-28 10:53:18,2515.6,323368,20,2502.88,62696,77886,2.81813908814092,0
2023-07-28 10:53:18,2515.6,323368,20,2502.88,62696,77886,2.81813908814092,0
2023-07-28 10:53:18,2515.6,323368,20,2502.88,62697,77894,2.81813908814092,0
2023-07-28 10:53:18,2515.6,323368,20,2502.88,62697,77886,2.81813908814092,0
2023-07-28 10:53:18,2515.6,323368,20,2502.88,62697,77886,2.81813908814092,0
2023-07-28 10:53:18,2515.6,323368,20,2502.88,62653,77862,2.81813908814092,0
2023-07-28 10:53:18,2515.6,323368,20,2502.88,64247,77884,2.81813908814092,0
2023-07-28 10:53:23,2516.9,323868,176,2502.9,64331,77529,2.8712729650746938,0
2023-07-28 10:53:23,2516.9,323868,176,2502.9,64305,77831,2.8712729650746938,0
2023-07-28 10:53:23,2516.9,323868,176,2502.9,64305,77831,2.8712729650746938,0
2023-07-28 10:53:24,2516.35,323997,129,2502.9,64333,77737,2.848793247910401,0
2023-07-28 10:53:24,2516.35,323997,129,2502.9,64333,77737,2.848793247910401,0
2023-07-28 10:53:24,2516.35,323997,129,2502.9,64278,77765,2.848793247910401,0
2023-07-28 10:53:24,2515.7,323997,6,2502.9,64278,77765,2.8222263094435136,0
2023-07-28 10:53:27,2515.7,324006,6,2502.9,64178,78021,2.8222263094435136,0
2023-07-28 10:53:27,2515.55,324006,7,2502.9,64178,78021,2.816095477489632,0
2023-07-28 10:53:28,2516.35,324184,1,2502.91,64120,77730,2.848793247910401,0
2023-07-28 10:53:29,2516.35,324185,1,2502.91,64127,77946,2.848793247910401,0
2023-07-28 10:53:29,2516.35,324185,1,2502.91,64150,77947,2.848793247910401,0
2023-07-28 10:53:31,2515.85,324195,10,2502.91,64110,77921,2.8283571413974133,0
2023-07-28 10:53:31,2515.8,324195,46,2502.91,64110,77921,2.826313530746126,0
2023-07-28 10:53:32,2515.8,324241,46,2502.91,64135,77897,2.826313530746126,0
2023-07-28 10:53:32,2515.8,324241,46,2502.91,64135,77896,2.826313530746126,0
2023-07-28 10:53:32,2515.8,324241,46,2502.91,64156,77896,2.826313530746126,0
2023-07-28 10:53:32,2515.55,324241,10,2502.91,64156,77896,2.816095477489632,0
2023-07-28 10:53:35,2515.55,324251,10,2502.91,64155,77896,2.816095477489632,0
2023-07-28 10:53:36,2515.55,324252,1,2502.91,64154,77904,2.816095477489632,0
2023-07-28 10:53:37,2515.55,324286,28,2502.92,64064,78108,2.816095477489632,0
2023-07-28 10:53:37,2515.55,324286,28,2502.92,64096,78004,2.816095477489632,0
2023-07-28 10:53:37,2515.55,324286,28,2502.92,64097,78031,2.816095477489632,0
2023-07-28 10:53:37,2515.55,324286,28,2502.92,64097,78028,2.816095477489632,0
2023-07-28 10:53:37,2515.55,324286,28,2502.92,64103,78058,2.816095477489632,0
2023-07-28 10:53:37,2515.55,324286,28,2502.92,64131,78058,2.816095477489632,0
2023-07-28 10:53:37,2515.55,324286,28,2502.92,64111,78063,2.816095477489632,0
2023-07-28 10:53:44,2515.4,324291,5,2502.92,64113,78058,2.8099646455357323,0
2023-07-28 10:53:44,2515.4,324291,5,2502.92,64113,78063,2.8099646455357323,0
2023-07-28 10:53:44,2515.4,324291,5,2502.92,64114,78063,2.8099646455357323,0
2023-07-28 10:53:44,2515.4,324291,5,2502.92,64122,78098,2.8099646455357323,0
2023-07-28 10:53:44,2515.4,324291,5,2502.92,64116,78088,2.8099646455357323,0
2023-07-28 10:53:44,2515.4,324291,5,2502.92,64116,78063,2.8099646455357323,0
2023-07-28 10:53:44,2515.4,324291,5,2502.92,64116,78065,2.8099646455357323,0
2023-07-28 10:53:44,2515.4,324291,5,2502.92,64116,78065,2.8099646455357323,0
2023-07-28 10:53:44,2515.4,324291,5,2502.92,64081,78070,2.8099646455357323,0
2023-07-28 10:53:44,2515.4,324291,5,2502.92,64081,78070,2.8099646455357323,0
2023-07-28 10:53:44,2515.4,324291,5,2502.92,64081,78085,2.8099646455357323,0
2023-07-28 10:53:44,2515.4,324291,5,2502.92,64081,78085,2.8099646455357323,0
2023-07-28 10:53:56,2515.4,324296,5,2502.92,64081,78580,2.8099646455357323,0
2023-07-28 10:53:56,2515.4,324296,5,2502.92,64081,78580,2.8099646455357323,0
2023-07-28 10:53:56,2515.0,324296,53,2502.92,64081,78580,2.793615760325339,0
2023-07-28 10:54:00,2515.4,324362,1,2502.92,64036,78572,2.8099646455357323,0
2023-07-28 10:54:00,2515.4,324362,1,2502.92,64036,78572,2.8099646455357323,0
2023-07-28 10:54:00,2515.4,324362,1,2502.92,64087,78571,2.8099646455357323,0
2023-07-28 10:54:00,2515.0,324362,10,2502.92,64087,78571,2.793615760325339,0
2023-07-28 10:54:03,2515.0,324372,10,2502.92,64117,78579,2.793615760325339,0
2023-07-28 10:54:03,2515.0,324372,300,2502.92,64117,78579,2.793615760325339,0
2023-07-28 10:54:03,2515.4,324372,63,2502.92,64117,78579,2.8099646455357323,0
2023-07-28 10:54:04,2515.4,324754,63,2502.93,63766,78514,2.8099646455357323,0
2023-07-28 10:54:04,2515.0,324754,6,2502.93,63771,78374,2.793615760325339,0
2023-07-28 10:54:06,2515.0,324760,6,2502.93,63776,78513,2.793615760325339,0
2023-07-28 10:54:06,2515.0,324760,6,2502.93,63756,78525,2.793615760325339,0
2023-07-28 10:54:09,2515.2,324765,1,2502.93,63788,78524,2.8017902029305266,0
2023-07-28 10:54:09,2515.0,324765,1,2502.93,63788,78524,2.793615760325339,0
2023-07-28 10:54:11,2515.0,324773,1,2502.93,63744,78523,2.793615760325339,0
2023-07-28 10:54:11,2515.0,324773,1,2502.93,63744,78523,2.793615760325339,0
2023-07-28 10:54:14,2515.0,325043,270,2502.94,63475,78495,2.793615760325339,0
2023-07-28 10:54:14,2515.0,325043,270,2502.94,63475,78495,2.793615760325339,0
2023-07-28 10:54:14,2515.0,325043,270,2502.94,63409,78495,2.793615760325339,0
2023-07-28 10:54:14,2515.0,325043,270,2502.94,63471,78515,2.793615760325339,0
2023-07-28 10:54:19,2515.2,325045,2,2502.94,63471,78514,2.8017902029305266,0
2023-07-28 10:54:19,2515.2,325045,2,2502.94,63436,78514,2.8017902029305266,0
2023-07-28 10:54:19,2515.2,325045,2,2502.94,63436,78514,2.8017902029305266,0
2023-07-28 10:54:19,2515.2,325045,2,2502.94,63436,78514,2.8017902029305266,0
2023-07-28 10:54:19,2515.2,325045,2,2502.94,63415,78519,2.8017902029305266,0
2023-07-28 10:54:27,2515.0,325070,25,2502.94,63394,78520,2.793615760325339,0
2023-07-28 10:54:27,2515.0,325070,25,2502.94,63425,78520,2.793615760325339,0
2023-07-28 10:54:28,2515.0,325071,1,2502.94,63424,78510,2.793615760325339,0
2023-07-28 10:54:28,2515.0,325071,1,2502.94,63426,78509,2.793615760325339,0
2023-07-28 10:54:28,2515.0,325071,1,2502.94,63418,78529,2.793615760325339,0
2023-07-28 10:54:28,2515.0,325071,1,2502.94,63418,78529,2.793615760325339,0
2023-07-28 10:54:28,2515.0,325071,1,2502.94,63418,78679,2.793615760325339,0
2023-07-28 10:54:28,2515.0,325071,1,2502.94,63418,78812,2.793615760325339,0
2023-07-28 10:54:28,2515.0,325071,1,2502.94,63418,78812,2.793615760325339,0
2023-07-28 10:54:28,2515.0,325071,1,2502.94,63418,78946,2.793615760325339,0
2023-07-28 10:54:42,2515.0,325251,180,2502.95,63270,78931,2.793615760325339,0
2023-07-28 10:54:42,2515.0,325251,180,2502.95,63408,78823,2.793615760325339,0
2023-07-28 10:54:42,2515.0,325251,180,2502.95,63398,78932,2.793615760325339,0
2023-07-28 10:54:42,2515.0,325251,10,2502.95,63398,78932,2.793615760325339,0
2023-07-28 10:54:44,2515.0,325261,10,2502.95,63388,78934,2.793615760325339,0
2023-07-28 10:54:44,2515.0,325261,10,2502.95,63388,78934,2.793615760325339,0
2023-07-28 10:54:44,2515.0,325261,10,2502.95,63388,79101,2.793615760325339,0
2023-07-28 10:54:44,2515.0,325261,25,2502.95,63388,79101,2.793615760325339,0
2023-07-28 10:54:48,2515.0,325286,25,2502.95,63333,79114,2.793615760325339,0
2023-07-28 10:54:48,2515.0,325286,25,2502.95,63333,79114,2.793615760325339,0
2023-07-28 10:54:53,2515.1,325477,21,2502.96,63573,79295,2.797702981627933,0
2023-07-28 10:54:53,2515.1,325477,77,2502.96,63573,79295,2.797702981627933,0
2023-07-28 10:54:53,2515.1,325845,77,2502.97,63550,78865,2.797702981627933,0
2023-07-28 10:54:53,2515.15,325845,3,2502.97,63550,78865,2.799746592279239,0
2023-07-28 10:54:55,2515.15,325848,3,2502.97,63330,79331,2.799746592279239,0
2023-07-28 10:54:55,2515.15,325848,3,2502.97,63346,79286,2.799746592279239,0
2023-07-28 10:54:55,2515.15,325848,3,2502.97,63361,79464,2.799746592279239,0
2023-07-28 10:54:55,2515.15,325848,3,2502.97,63397,79565,2.799746592279239,0
2023-07-28 10:54:55,2515.15,325848,3,2502.97,63394,79687,2.799746592279239,0
2023-07-28 10:54:55,2515.15,325848,3,2502.97,63364,79687,2.799746592279239,0
2023-07-28 10:54:55,2515.15,325848,3,2502.97,63364,79838,2.799746592279239,0
2023-07-28 10:54:55,2515.15,325848,3,2502.97,63364,79880,2.799746592279239,0
2023-07-28 10:54:55,2515.15,325848,3,2502.97,63366,79860,2.799746592279239,0
2023-07-28 10:55:05,2515.1,325909,20,2502.98,63094,79848,2.797702981627933,0
2023-07-28 10:55:05,2515.1,325909,20,2502.98,63216,79848,2.797702981627933,0
2023-07-28 10:55:05,2515.1,325909,2,2502.98,63216,79848,2.797702981627933,0
2023-07-28 10:55:07,2515.1,325911,2,2502.98,63229,81230,2.797702981627933,0
2023-07-28 10:55:07,2515.1,325911,1,2502.98,63229,81230,2.797702981627933,0
2023-07-28 10:55:07,2515.1,325911,16,2502.98,63229,81230,2.797702981627933,0
2023-07-28 10:55:13,2516.1,325991,23,2502.98,63293,81120,2.838575194653907,0
2023-07-28 10:55:13,2515.05,325991,3,2502.98,63293,81120,2.795659370976645,0
2023-07-28 10:55:13,2515.0,325991,77,2502.98,63293,81120,2.793615760325339,0
2023-07-28 10:55:16,2515.0,326408,77,2502.99,63138,81151,2.793615760325339,0
2023-07-28 10:55:16,2515.0,326408,5,2502.99,63138,81151,2.793615760325339,0
2023-07-28 10:55:16,2515.8,326408,10,2502.99,63138,81151,2.826313530746126,0
2023-07-28 10:55:22,2515.45,326424,1,2503.0,63285,81328,2.81200825618702,0
2023-07-28 10:55:22,2515.85,326424,10,2503.0,63285,81328,2.8283571413974133,0
2023-07-28 10:55:22,2515.0,326424,1,2503.0,63285,81328,2.793615760325339,0
2023-07-28 10:55:22,2515.0,326424,19,2503.0,63285,81328,2.793615760325339,0
2023-07-28 10:55:25,2515.0,327174,19,2503.02,62622,81930,2.793615760325339,0
2023-07-28 10:55:25,2515.0,327174,8,2503.02,62622,81930,2.793615760325339,0
2023-07-28 10:55:25,2515.0,327174,1,2503.02,62622,81930,2.793615760325339,0
2023-07-28 10:55:31,2515.0,327189,1,2503.02,62981,82174,2.793615760325339,0
2023-07-28 10:55:31,2515.0,327189,2,2503.02,62981,82174,2.793615760325339,0
2023-07-28 10:55:31,2515.0,327189,1,2503.02,62981,82174,2.793615760325339,0
2023-07-28 10:55:34,2515.0,327192,4,2503.02,62997,82427,2.793615760325339,0
2023-07-28 10:55:36,2515.0,327197,4,2503.02,62994,82449,2.793615760325339,0
2023-07-28 10:55:36,2515.75,327197,9,2503.02,62994,82449,2.8242699200948196,0
2023-07-28 10:55:44,2515.8,327208,25,2503.02,63006,82440,2.826313530746126,0
2023-07-28 10:55:44,2515.0,327208,3,2503.02,63006,82440,2.793615760325339,0
2023-07-28 10:55:44,2515.85,327208,50,2503.02,63006,82440,2.8283571413974133,0
2023-07-28 10:55:49,2515.85,327294,2,2503.03,63076,82300,2.8283571413974133,0
2023-07-28 10:55:49,2515.85,327294,2,2503.03,63063,82302,2.8283571413974133,0
2023-07-28 10:55:49,2515.0,327294,2,2503.03,63063,82302,2.793615760325339,0
2023-07-28 10:55:49,2515.0,327294,6,2503.03,63063,82302,2.793615760325339,0
2023-07-28 10:55:57,2515.0,327322,6,2503.03,63062,82303,2.793615760325339,0
2023-07-28 10:55:57,2515.0,327322,6,2503.03,63022,82345,2.793615760325339,0
2023-07-28 10:55:57,2515.0,327322,6,2503.03,63022,82345,2.793615760325339,0
2023-07-28 10:56:06,2515.0,327327,5,2503.03,63025,82345,2.793615760325339,0
2023-07-28 10:56:06,2515.0,327327,5,2503.03,63025,82345,2.793615760325339,0
2023-07-28 10:56:06,2515.0,327327,5,2503.03,63025,82370,2.793615760325339,0
2023-07-28 10:56:06,2515.0,327327,5,2503.03,63163,82238,2.793615760325339,0
2023-07-28 10:56:06,2515.0,327327,5,2503.03,63163,82338,2.793615760325339,0
2023-07-28 10:56:06,2515.0,327327,5,2503.03,63163,82447,2.793615760325339,0
2023-07-28 10:56:17,2515.0,327337,7,2503.03,63144,82461,2.793615760325339,0
2023-07-28 10:56:17,2515.0,327337,7,2503.03,63152,82539,2.793615760325339,0
2023-07-28 10:56:17,2515.0,327337,7,2503.03,63194,82539,2.793615760325339,0
2023-07-28 10:56:17,2515.0,327337,7,2503.03,63201,82511,2.793615760325339,0
2023-07-28 10:56:17,2515.0,327337,7,2503.03,63201,82511,2.793615760325339,0
2023-07-28 10:56:17,2515.0,327337,7,2503.03,63201,82511,2.793615760325339,0
2023-07-28 10:56:17,2515.0,327337,7,2503.03,63265,82445,2.793615760325339,0
2023-07-28 10:56:17,2515.0,327337,7,2503.03,63265,82445,2.793615760325339,0
2023-07-28 10:56:17,2515.0,327337,7,2503.03,63265,82445,2.793615760325339,0
2023-07-28 10:56:17,2515.0,327337,7,2503.03,63265,82445,2.793615760325339,0
2023-07-28 10:56:17,2515.0,327337,7,2503.03,63265,82445,2.793615760325339,0
2023-07-28 10:56:17,2515.0,327337,7,2503.03,63265,82445,2.793615760325339,0
2023-07-28 10:56:17,2515.0,327337,7,2503.03,63219,82445,2.793615760325339,0
2023-07-28 10:56:17,2515.8,327337,16,2503.03,63219,82445,2.826313530746126,0
2023-07-28 10:56:32,2515.0,327371,11,2503.03,63199,82491,2.793615760325339,0
2023-07-28 10:56:32,2515.0,327371,11,2503.03,63199,82491,2.793615760325339,0
2023-07-28 10:56:32,2515.0,327371,11,2503.03,63199,82491,2.793615760325339,0
2023-07-28 10:56:32,2515.0,327371,11,2503.03,63210,82492,2.793615760325339,0
2023-07-28 10:56:32,2515.0,327371,11,2503.03,63181,82484,2.793615760325339,0
2023-07-28 10:56:32,2515.0,327371,11,2503.03,63156,82484,2.793615760325339,0
2023-07-28 10:56:32,2515.0,327371,11,2503.03,63122,82599,2.793615760325339,0
2023-07-28 10:56:32,2515.0,327371,11,2503.03,63090,82599,2.793615760325339,0
2023-07-28 10:56:32,2515.0,327371,11,2503.03,63113,82600,2.793615760325339,0
2023-07-28 10:56:45,2515.0,327549,4,2503.04,62942,82689,2.793615760325339,0
2023-07-28 10:56:45,2515.0,327549,4,2503.04,63031,82815,2.793615760325339,0
2023-07-28 10:56:45,2515.0,327549,4,2503.04,63047,82820,2.793615760325339,0
2023-07-28 10:56:45,2515.0,327549,4,2503.04,63047,82825,2.793615760325339,0
2023-07-28 10:56:45,2515.0,327549,4,2503.04,63068,82825,2.793615760325339,0
2023-07-28 10:56:50,2515.0,327551,2,2503.04,63054,82842,2.793615760325339,0
2023-07-28 10:56:50,2515.0,327551,4,2503.04,63054,82842,2.793615760325339,0
2023-07-28 10:56:51,2515.0,327651,4,2503.04,63017,82853,2.793615760325339,0
2023-07-28 10:56:51,2515.0,327651,4,2503.04,63026,82853,2.793615760325339,0
2023-07-28 10:56:51,2515.0,327651,4,2503.04,63026,82853,2.793615760325339,0
2023-07-28 10:56:51,2515.0,327651,4,2503.04,63026,82852,2.793615760325339,0
2023-07-28 10:56:51,2515.0,327651,4,2503.04,63026,82852,2.793615760325339,0
2023-07-28 10:56:51,2515.0,327651,11,2503.04,63026,82852,2.793615760325339,0
2023-07-28 10:56:56,2515.0,327662,11,2503.04,64515,84352,2.793615760325339,0
2023-07-28 10:56:56,2515.0,327662,11,2503.04,64515,84357,2.793615760325339,0
2023-07-28 10:56:56,2515.0,327662,11,2503.04,64515,84357,2.793615760325339,0
2023-07-28 10:57:00,2515.0,327692,5,2503.04,64529,84362,2.793615760325339,0
2023-07-28 10:57:00,2515.0,327692,3,2503.04,64529,84362,2.793615760325339,0
2023-07-28 10:57:02,2515.0,327704,3,2503.04,64528,84362,2.793615760325339,0
2023-07-28 10:57:02,2515.0,327704,3,2503.04,64528,84362,2.793615760325339,0
2023-07-28 10:57:02,2515.0,327704,3,2503.04,64521,84386,2.793615760325339,0
2023-07-28 10:57:05,2515.0,327706,2,2503.04,64514,84377,2.793615760325339,0
2023-07-28 10:57:05,2515.0,327706,5,2503.04,64514,84377,2.793615760325339,0
2023-07-28 10:57:05,2514.6,327706,1,2503.04,64514,84377,2.7772668751149454,0
2023-07-28 10:57:08,2514.6,327962,1,2503.05,64131,84550,2.7772668751149454,0
2023-07-28 10:57:10,2514.6,327963,1,2503.05,64100,84613,2.7772668751149454,0
2023-07-28 10:57:18,2513.45,328264,20,2503.06,63500,84788,2.7302638301350712,0
2023-07-28 10:57:18,2513.75,328264,47,2503.06,63500,84788,2.742525494042871,0
2023-07-28 10:57:18,2513.5,328264,1,2503.06,63500,84788,2.7323074407863777,0
2023-07-28 10:57:20,2513.5,328315,1,2503.06,63606,84856,2.7323074407863777,0
2023-07-28 10:57:20,2513.5,328315,1,2503.06,63621,84804,2.7323074407863777,0
2023-07-28 10:57:20,2514.05,328315,29,2503.06,63621,84804,2.7547871579506706,0
2023-07-28 10:57:20,2514.05,328315,5,2503.06,63621,84804,2.7547871579506706,0
2023-07-28 10:57:29,2514.05,328390,5,2503.07,63572,84815,2.7547871579506706,0
2023-07-28 10:57:29,2514.05,328390,9,2503.07,63572,84815,2.7547871579506706,0
2023-07-28 10:57:32,2514.05,328405,9,2503.07,63576,84839,2.7547871579506706,0
2023-07-28 10:57:32,2514.85,328405,109,2503.07,63576,84839,2.7874849283714394,0
2023-07-28 10:57:37,2514.85,328556,109,2503.07,63635,84511,2.7874849283714394,0
2023-07-28 10:57:37,2514.45,328556,5,2503.07,63635,84511,2.7711360431610457,0
2023-07-28 10:57:37,2514.45,328556,3,2503.07,63635,84511,2.7711360431610457,0
2023-07-28 10:57:40,2514.45,328569,3,2503.07,63601,84489,2.7711360431610457,0
2023-07-28 10:57:40,2514.45,328569,4,2503.07,63601,84489,2.7711360431610457,0
2023-07-28 10:57:47,2514.45,328573,4,2503.07,63539,84609,2.7711360431610457,0
2023-07-28 10:57:47,2514.45,328573,3,2503.07,63539,84609,2.7711360431610457,0
2023-07-28 10:57:54,2514.45,328725,1,2503.08,63542,84653,2.7711360431610457,0
2023-07-28 10:57:54,2514.45,328725,5,2503.08,63542,84653,2.7711360431610457,0
2023-07-28 10:57:56,2514.45,328775,5,2503.08,63560,84634,2.7711360431610457,0
2023-07-28 10:57:56,2514.45,328775,5,2503.08,63572,84580,2.7711360431610457,0
2023-07-28 10:57:56,2514.45,328775,4,2503.08,63572,84580,2.7711360431610457,0
2023-07-28 10:58:03,2514.45,328779,4,2503.08,63540,84593,2.7711360431610457,0
2023-07-28 10:58:03,2514.85,328779,1,2503.08,63540,84593,2.7874849283714394,0
2023-07-28 10:58:11,2514.45,328781,16,2503.08,63580,84593,2.7711360431610457,0
2023-07-28 10:58:11,2514.85,328781,16,2503.08,63580,84593,2.7874849283714394,0
2023-07-28 10:58:14,2514.85,328817,2,2503.08,63597,84564,2.7874849283714394,0
2023-07-28 10:58:15,2514.85,328819,2,2503.08,63587,84643,2.7874849283714394,0
2023-07-28 10:58:15,2514.85,328819,2,2503.08,63587,84643,2.7874849283714394,0
2023-07-28 10:58:15,2514.45,328819,102,2503.08,63587,84643,2.7711360431610457,0
2023-07-28 10:58:25,2514.45,328991,102,2503.09,63631,84527,2.7711360431610457,0
2023-07-28 10:58:25,2514.4,328991,1,2503.09,63631,84527,2.7690924325097583,0
2023-07-28 10:58:30,2514.35,328992,5,2503.09,63627,84544,2.767048821858452,0
2023-07-28 10:58:30,2514.85,328992,2,2503.09,63627,84544,2.7874849283714394,0
2023-07-28 10:58:30,2514.35,328992,6,2503.09,63627,84544,2.767048821858452,0
2023-07-28 10:58:33,2514.35,329010,6,2503.09,63672,84526,2.767048821858452,0
2023-07-28 10:58:33,2514.9,329010,1,2503.09,63672,84526,2.7895285390227453,0
2023-07-28 10:58:33,2514.35,329010,5,2503.09,63672,84526,2.767048821858452,0
2023-07-28 10:58:37,2514.35,329020,5,2503.09,63630,84523,2.767048821858452,0
2023-07-28 10:58:37,2514.35,329020,2,2503.09,63630,84523,2.767048821858452,0
2023-07-28 10:58:42,2514.35,329022,2,2503.09,63574,84408,2.767048821858452,0
2023-07-28 10:58:42,2515.0,329022,35,2503.09,63574,84408,2.793615760325339,0
2023-07-28 10:58:42,2514.5,329022,2,2503.09,63574,84408,2.7731796538123517,0
2023-07-28 10:58:47,2514.5,329468,2,2503.1,64012,83995,2.7731796538123517,0
2023-07-28 10:58:47,2515.75,329468,2,2503.1,64012,83995,2.8242699200948196,0
2023-07-28 10:58:47,2514.55,329468,3,2503.1,64012,83995,2.775223264463658,0
2023-07-28 10:58:49,2514.55,329473,3,2503.1,63695,84334,2.775223264463658,0
2023-07-28 10:58:49,2514.5,329473,8,2503.1,63695,84334,2.7731796538123517,0
2023-07-28 10:58:55,2514.5,329581,62,2503.11,63366,84428,2.7731796538123517,0
2023-07-28 10:58:55,2514.5,329581,62,2503.11,63366,84428,2.7731796538123517,0
2023-07-28 10:58:55,2514.5,329581,10,2503.11,63366,84428,2.7731796538123517,0
2023-07-28 10:58:56,2514.5,329603,10,2503.11,63346,84397,2.7731796538123517,0
2023-07-28 10:58:56,2514.05,329603,1,2503.11,63346,84397,2.7547871579506706,0
2023-07-28 10:59:01,2514.05,329604,1,2503.11,63398,84363,2.7547871579506706,0
2023-07-28 10:59:01,2514.5,329604,3,2503.11,63398,84363,2.7731796538123517,0
2023-07-28 10:59:01,2514.5,329604,7,2503.11,63398,84363,2.7731796538123517,0
2023-07-28 10:59:01,2514.05,329604,10,2503.11,63398,84363,2.7547871579506706,0
2023-07-28 10:59:06,2514.5,329635,11,2503.11,63453,84803,2.7731796538123517,0
2023-07-28 10:59:06,2514.5,329635,11,2503.11,63491,84803,2.7731796538123517,0
2023-07-28 10:59:06,2514.5,329635,11,2503.11,63461,84817,2.7731796538123517,0
2023-07-28 10:59:06,2514.5,329635,11,2503.11,63461,84839,2.7731796538123517,0
2023-07-28 10:59:06,2514.5,329635,11,2503.11,63468,84839,2.7731796538123517,0
2023-07-28 10:59:06,2514.5,329635,11,2503.11,63472,84849,2.7731796538123517,0
2023-07-28 10:59:06,2514.5,329635,11,2503.11,63472,84899,2.7731796538123517,0
2023-07-28 10:59:06,2514.5,329635,11,2503.11,63474,84889,2.7731796538123517,0
2023-07-28 10:59:06,2514.05,329635,2,2503.11,63474,84889,2.7547871579506706,0
2023-07-28 10:59:14,2514.05,329675,2,2503.11,63361,84979,2.7547871579506706,0
2023-07-28 10:59:15,2514.05,329676,1,2503.11,63194,84948,2.7547871579506706,0
2023-07-28 10:59:15,2514.05,329676,1,2503.11,63375,84992,2.7547871579506706,0
2023-07-28 10:59:17,2514.05,329686,10,2503.11,63365,84992,2.7547871579506706,0
2023-07-28 10:59:17,2514.05,329686,10,2503.11,63468,84992,2.7547871579506706,0
2023-07-28 10:59:17,2514.05,329686,10,2503.11,63657,85022,2.7547871579506706,0
2023-07-28 10:59:17,2514.05,329686,10,2503.11,63657,85027,2.7547871579506706,0
2023-07-28 10:59:17,2514.05,329686,9,2503.11,63657,85027,2.7547871579506706,0
2023-07-28 10:59:21,2514.05,329706,9,2503.11,63661,85028,2.7547871579506706,0
2023-07-28 10:59:21,2514.05,329706,9,2503.11,63661,85028,2.7547871579506706,0
2023-07-28 10:59:21,2514.05,329706,9,2503.11,63661,85028,2.7547871579506706,0
2023-07-28 10:59:21,2514.05,329706,9,2503.11,63661,85028,2.7547871579506706,0
2023-07-28 10:59:21,2514.05,329706,9,2503.11,63661,85008,2.7547871579506706,0
2023-07-28 10:59:21,2514.05,329706,1,2503.11,63661,85008,2.7547871579506706,0
2023-07-28 10:59:21,2514.05,329706,1,2503.11,63661,85008,2.7547871579506706,0
2023-07-28 10:59:25,2514.05,329707,1,2503.11,63613,85008,2.7547871579506706,0
2023-07-28 10:59:25,2514.05,329707,1,2503.11,63608,85008,2.7547871579506706,0
2023-07-28 10:59:25,2514.05,329707,1,2503.11,63608,85008,2.7547871579506706,0
2023-07-28 10:59:25,2514.05,329707,1,2503.11,63608,85008,2.7547871579506706,0
2023-07-28 10:59:25,2514.05,329707,1,2503.11,63577,85008,2.7547871579506706,0
2023-07-28 10:59:25,2514.05,329707,1,2503.11,63432,85095,2.7547871579506706,0
2023-07-28 10:59:25,2514.05,329707,1,2503.11,63466,85095,2.7547871579506706,0
2023-07-28 10:59:25,2514.05,329707,1,2503.11,63439,85159,2.7547871579506706,0
2023-07-28 10:59:25,2512.3,329707,5,2503.11,63439,85159,2.6832607851552157,0
2023-07-28 10:59:33,2512.3,330190,5,2503.13,61886,86070,2.6832607851552157,0
2023-07-28 10:59:33,2514.1,330190,18,2503.13,61886,86070,2.7568307686019584,0
2023-07-28 10:59:33,2514.1,330437,18,2503.13,62378,85409,2.7568307686019584,0
2023-07-28 10:59:33,2514.1,330437,18,2503.13,62347,85513,2.7568307686019584,0
2023-07-28 10:59:33,2514.1,330437,18,2503.13,62349,85521,2.7568307686019584,0
2023-07-28 10:59:33,2514.1,330437,18,2503.13,62190,85551,2.7568307686019584,0
2023-07-28 10:59:38,2512.4,330447,6,2503.14,62758,85590,2.6873480064578095,0
2023-07-28 10:59:38,2512.4,330447,34,2503.14,62758,85590,2.6873480064578095,0
2023-07-28 10:59:40,2512.4,330533,52,2503.14,62799,85562,2.6873480064578095,0
2023-07-28 10:59:43,2512.4,330556,16,2503.14,62586,85561,2.6873480064578095,0
2023-07-28 10:59:43,2512.4,330556,16,2503.14,62590,85576,2.6873480064578095,0
2023-07-28 10:59:43,2512.4,330556,16,2503.14,62624,85609,2.6873480064578095,0
2023-07-28 10:59:43,2512.4,330556,16,2503.14,62624,85609,2.6873480064578095,0
2023-07-28 10:59:43,2512.4,330556,16,2503.14,62625,85609,2.6873480064578095,0
2023-07-28 10:59:43,2512.0,330556,17,2503.14,62625,85609,2.6709991212474162,0
2023-07-28 10:59:47,2512.0,330682,17,2503.14,62572,85614,2.6709991212474162,0
2023-07-28 10:59:49,2512.1,330993,5,2503.15,62618,85364,2.67508634255001,0
2023-07-28 10:59:49,2512.1,330993,5,2503.15,62618,85364,2.67508634255001,0
2023-07-28 10:59:49,2512.1,330993,5,2503.15,62478,85655,2.67508634255001,0
2023-07-28 10:59:49,2512.1,330993,5,2503.15,62503,85655,2.67508634255001,0
2023-07-28 10:59:49,2512.1,330993,9,2503.15,62503,85605,2.67508634255001,0
2023-07-28 10:59:52,2512.1,331002,9,2503.15,62730,85544,2.67508634255001,0
2023-07-28 10:59:54,2512.1,331004,2,2503.15,62707,85508,2.67508634255001,0
2023-07-28 10:59:54,2514.35,331650,8,2503.17,63659,84805,2.767048821858452,0
2023-07-28 10:59:54,2514.35,331650,8,2503.17,63625,85181,2.767048821858452,0
2023-07-28 10:59:54,2514.35,331650,8,2503.17,63445,85204,2.767048821858452,0
2023-07-28 10:59:57,2513.5,331666,5,2503.17,63330,85232,2.7323074407863777,0
2023-07-28 10:59:58,2513.35,331766,22,2503.17,63096,85267,2.7261766088324775,0
2023-07-28 10:59:58,2513.35,331766,22,2503.17,63050,85329,2.7261766088324775,0
2023-07-28 10:59:58,2513.35,331766,22,2503.17,63050,85330,2.7261766088324775,0
2023-07-28 10:59:58,2513.35,331766,22,2503.17,62828,85321,2.7261766088324775,0
2023-07-28 10:59:58,2512.85,331766,53,2503.17,62828,85321,2.7057405023194905,0
2023-07-28 11:00:01,2512.85,332069,53,2503.18,62785,85248,2.7057405023194905,0
2023-07-28 11:00:01,2512.85,332069,53,2503.18,62893,85348,2.7057405023194905,0
2023-07-28 11:00:01,2512.85,332069,7,2503.18,62878,85319,2.7057405023194905,0
2023-07-28 11:00:05,2512.85,332098,15,2503.18,62807,85394,2.7057405023194905,0
2023-07-28 11:00:05,2512.85,332098,15,2503.18,62769,85339,2.7057405023194905,0
2023-07-28 11:00:05,2512.85,332098,36,2503.18,62714,85384,2.7057405023194905,0
2023-07-28 11:00:08,2512.85,332135,36,2503.19,62683,85406,2.7057405023194905,0
2023-07-28 11:00:08,2512.85,332135,36,2503.19,62683,85406,2.7057405023194905,0
2023-07-28 11:00:08,2512.85,332135,36,2503.19,62683,85406,2.7057405023194905,0
2023-07-28 11:00:08,2512.85,332135,36,2503.19,62730,85376,2.7057405023194905,0
2023-07-28 11:00:08,2512.85,332135,36,2503.19,62894,85370,2.7057405023194905,0
2023-07-28 11:00:08,2512.85,332135,36,2503.19,62960,85407,2.7057405023194905,0
2023-07-28 11:00:08,2512.55,332135,1,2503.19,62950,85274,2.693478838411709,0
2023-07-28 11:00:16,2512.55,332139,3,2503.19,62940,85274,2.693478838411709,0
2023-07-28 11:00:16,2512.55,332139,3,2503.19,62940,85274,2.693478838411709,0
2023-07-28 11:00:16,2512.55,332139,3,2503.19,62948,85274,2.693478838411709,0
2023-07-28 11:00:16,2512.55,332139,3,2503.19,62948,85274,2.693478838411709,0
2023-07-28 11:00:16,2512.55,332139,3,2503.19,62948,85216,2.693478838411709,0
2023-07-28 11:00:16,2513.15,332139,80,2503.19,62948,85216,2.7180021662272904,0
2023-07-28 11:00:22,2513.15,332249,80,2503.19,62922,85096,2.7180021662272904,0
2023-07-28 11:00:22,2513.15,332249,80,2503.19,63103,85037,2.7180021662272904,0
2023-07-28 11:00:22,2513.15,332249,80,2503.19,63114,85022,2.7180021662272904,0
2023-07-28 11:00:22,2513.15,332249,80,2503.19,63104,85022,2.7180021662272904,0
2023-07-28 11:00:22,2513.15,332249,80,2503.19,63104,85075,2.7180021662272904,0
2023-07-28 11:00:22,2513.15,332249,80,2503.19,63120,85090,2.7180021662272904,0
2023-07-28 11:00:22,2513.15,332249,80,2503.19,63070,85111,2.7180021662272904,0
2023-07-28 11:00:22,2513.15,332249,80,2503.19,63070,85111,2.7180021662272904,0
2023-07-28 11:00:22,2513.15,332249,80,2503.19,63071,85132,2.7180021662272904,0
2023-07-28 11:00:31,2512.65,332254,5,2503.19,63038,85132,2.697566059714303,0
2023-07-28 11:00:31,2513.25,332254,5,2503.19,63038,85132,2.722089387529884,0
2023-07-28 11:00:32,2513.25,332259,5,2503.19,63032,85102,2.722089387529884,0
2023-07-28 11:00:32,2513.25,332259,5,2503.19,63032,85115,2.722089387529884,0
2023-07-28 11:00:32,2513.15,332259,1,2503.19,63032,85115,2.7180021662272904,0
2023-07-28 11:00:34,2513.15,332260,1,2503.19,63032,85107,2.7180021662272904,0
2023-07-28 11:00:35,2512.65,332261,1,2503.19,63025,85128,2.697566059714303,0
2023-07-28 11:00:35,2512.65,332261,1,2503.19,63026,85130,2.697566059714303,0
2023-07-28 11:00:35,2512.65,332261,1,2503.19,63026,85130,2.697566059714303,0
2023-07-28 11:00:35,2513.15,332261,1,2503.19,63026,85130,2.7180021662272904,0
2023-07-28 11:00:39,2513.15,332262,1,2503.19,63036,85129,2.7180021662272904,0
2023-07-28 11:00:39,2513.15,332262,1,2503.19,63032,85152,2.7180021662272904,0
2023-07-28 11:00:39,2513.15,332262,1,2503.19,63047,85173,2.7180021662272904,0
2023-07-28 11:00:39,2512.65,332262,9,2503.19,63047,85173,2.697566059714303,0
2023-07-28 11:00:45,2512.65,332284,9,2503.19,63226,85177,2.697566059714303,0
2023-07-28 11:00:45,2512.65,332284,9,2503.19,63223,85177,2.697566059714303,0
2023-07-28 11:00:45,2512.6,332284,27,2503.19,63233,85156,2.695522449062997,0
2023-07-28 11:00:47,2512.6,332462,27,2503.2,63219,85681,2.695522449062997,0
2023-07-28 11:00:50,2512.95,332463,1,2503.2,63219,85681,2.7098277236220842,0
2023-07-28 11:00:50,2512.95,332463,1,2503.2,63237,85682,2.7098277236220842,0
2023-07-28 11:00:50,2512.95,332463,1,2503.2,63247,85703,2.7098277236220842,0
2023-07-28 11:00:50,2512.95,332463,1,2503.2,63237,85682,2.7098277236220842,0
2023-07-28 11:00:50,2512.95,332463,1,2503.2,63237,85687,2.7098277236220842,0
2023-07-28 11:00:50,2512.95,332463,1,2503.2,63237,85687,2.7098277236220842,0
2023-07-28 11:00:50,2512.6,332463,20,2503.2,63237,85687,2.695522449062997,0
2023-07-28 11:00:55,2512.6,332513,2,2503.2,63239,85708,2.695522449062997,0
2023-07-28 11:00:55,2512.6,332513,2,2503.2,63236,85676,2.695522449062997,0
2023-07-28 11:00:55,2512.6,332513,2,2503.2,63246,85710,2.695522449062997,0
2023-07-28 11:00:55,2512.55,332513,4,2503.2,63246,85710,2.693478838411709,0
2023-07-28 11:00:58,2512.55,332517,4,2503.2,63232,85672,2.693478838411709,0
2023-07-28 11:00:59,2512.55,332521,4,2503.2,63219,85689,2.693478838411709,0
2023-07-28 11:00:59,2512.55,332521,4,2503.2,63205,85689,2.693478838411709,0
2023-07-28 11:00:59,2512.55,332521,4,2503.2,63205,85686,2.693478838411709,0
2023-07-28 11:01:03,2512.55,332530,9,2503.2,63193,85686,2.693478838411709,0
2023-07-28 11:01:03,2512.55,332530,9,2503.2,63193,85686,2.693478838411709,0
2023-07-28 11:01:05,2513.15,332531,1,2503.2,63192,85685,2.7180021662272904,0
2023-07-28 11:01:05,2512.55,332531,132,2503.2,63192,85685,2.693478838411709,0
2023-07-28 11:01:05,2513.1,332531,11,2503.2,63192,85685,2.715958555575984,0
2023-07-28 11:01:05,2513.05,332531,11,2503.2,63192,85685,2.7139149449246966,0
2023-07-28 11:01:09,2513.05,332685,11,2503.2,61470,84208,2.7139149449246966,0
2023-07-28 11:01:09,2512.55,332685,2,2503.2,61470,84208,2.693478838411709,0
2023-07-28 11:01:14,2512.25,332965,4,2503.21,61380,83801,2.6812171745039097,0
2023-07-28 11:01:14,2512.2,332965,3,2503.21,61380,83801,2.6791735638526037,0
2023-07-28 11:01:14,2512.25,332965,1,2503.21,61380,83801,2.6812171745039097,0
2023-07-28 11:01:18,2512.25,332977,1,2503.21,61537,84052,2.6812171745039097,0
2023-07-28 11:01:18,2512.25,332977,1,2503.21,61452,84051,2.6812171745039097,0
2023-07-28 11:01:18,2512.2,332977,7,2503.21,61452,84051,2.6791735638526037,0
2023-07-28 11:01:25,2512.2,332992,7,2503.21,62873,85650,2.6791735638526037,0
2023-07-28 11:01:25,2512.2,332992,3,2503.21,62873,85650,2.6791735638526037,0
2023-07-28 11:01:29,2512.2,332998,3,2503.21,62937,85765,2.6791735638526037,0
2023-07-28 11:01:29,2513.0,332998,5,2503.21,62937,85765,2.71187133427339,0
2023-07-28 11:01:29,2512.25,332998,11,2503.21,62937,85765,2.6812171745039097,0
2023-07-28 11:01:34,2512.25,333024,11,2503.21,62992,86177,2.6812171745039097,0
2023-07-28 11:01:34,2513.15,333024,1,2503.21,62992,86177,2.7180021662272904,0
2023-07-28 11:01:39,2513.15,333025,1,2503.21,62792,86180,2.7180021662272904,0
2023-07-28 11:01:39,2512.4,333025,1,2503.21,62792,86180,2.6873480064578095,0
2023-07-28 11:01:41,2512.4,333038,1,2503.21,62752,86180,2.6873480064578095,0
2023-07-28 11:01:41,2512.4,333038,1,2503.21,62815,86189,2.6873480064578095,0
2023-07-28 11:01:41,2513.15,333038,3,2503.21,62815,86189,2.7180021662272904,0
2023-07-28 11:01:41,2512.4,333038,3,2503.21,62815,86189,2.6873480064578095,0
2023-07-28 11:01:49,2512.4,333045,3,2503.21,62830,86249,2.6873480064578095,0
2023-07-28 11:01:49,2512.4,333045,3,2503.21,62806,86273,2.6873480064578095,0
2023-07-28 11:01:49,2512.4,333045,7,2503.21,62806,86273,2.6873480064578095,0
2023-07-28 11:01:56,2512.4,333052,7,2503.21,62899,86273,2.6873480064578095,0
2023-07-28 11:01:56,2513.45,333052,1,2503.21,62899,86273,2.7302638301350712,0
2023-07-28 11:02:02,2513.45,333377,1,2503.22,62855,85948,2.7302638301350712,0
2023-07-28 11:02:02,2512.4,333377,15,2503.22,62855,85948,2.6873480064578095,0
2023-07-28 11:02:05,2512.4,333392,15,2503.22,62878,86230,2.6873480064578095,0
2023-07-28 11:02:06,2513.6,333407,7,2503.22,62860,86212,2.7363946620889714,0
2023-07-28 11:02:06,2513.6,333407,7,2503.22,62907,86173,2.7363946620889714,0
2023-07-28 11:02:06,2513.6,333407,7,2503.22,62905,86173,2.7363946620889714,0
2023-07-28 11:02:06,2513.6,333407,7,2503.22,62905,86173,2.7363946620889714,0
2023-07-28 11:02:06,2513.6,333407,7,2503.22,62900,86173,2.7363946620889714,0
2023-07-28 11:02:06,2513.6,333407,7,2503.22,62905,86173,2.7363946620889714,0
2023-07-28 11:02:06,2513.6,333407,7,2503.22,62895,86110,2.7363946620889714,0
2023-07-28 11:02:14,2512.5,333408,1,2503.22,62869,86140,2.6914352277604032,0
2023-07-28 11:02:14,2512.5,333408,1,2503.22,62866,86142,2.6914352277604032,0
2023-07-28 11:02:14,2512.5,333408,1,2503.22,62866,86169,2.6914352277604032,0
2023-07-28 11:02:14,2514.9,333408,12,2503.22,62866,86169,2.7895285390227453,0
2023-07-28 11:02:17,2514.9,333777,5,2503.23,63448,85683,2.7895285390227453,0
2023-07-28 11:02:17,2514.9,333777,5,2503.23,63521,85703,2.7895285390227453,0
2023-07-28 11:02:17,2514.9,333777,5,2503.23,63527,85671,2.7895285390227453,0
2023-07-28 11:02:17,2513.55,333777,5,2503.23,63527,85671,2.7343510514376836,0
2023-07-28 11:02:20,2513.55,333782,5,2503.24,63421,85690,2.7343510514376836,0
2023-07-28 11:02:20,2513.55,333782,5,2503.24,63384,85690,2.7343510514376836,0
2023-07-28 11:02:20,2513.55,333782,5,2503.24,63435,85651,2.7343510514376836,0
2023-07-28 11:02:20,2513.55,333782,5,2503.24,63435,85651,2.7343510514376836,0
2023-07-28 11:02:20,2513.55,333782,5,2503.24,63435,85651,2.7343510514376836,0
2023-07-28 11:02:20,2513.55,333782,5,2503.24,63412,85657,2.7343510514376836,0
2023-07-28 11:02:20,2513.55,333782,5,2503.24,63426,85633,2.7343510514376836,0
2023-07-28 11:02:20,2513.55,333782,5,2503.24,63426,85633,2.7343510514376836,0
2023-07-28 11:02:20,2513.55,333782,5,2503.24,63402,85627,2.7343510514376836,0
2023-07-28 11:02:20,2513.55,333782,5,2503.24,63406,85627,2.7343510514376836,0
2023-07-28 11:02:20,2513.55,333782,5,2503.24,63406,85627,2.7343510514376836,0
2023-07-28 11:02:20,2513.55,333782,5,2503.24,63431,85627,2.7343510514376836,0
2023-07-28 11:02:28,2513.55,333803,1,2503.24,63398,85627,2.7343510514376836,0
2023-07-28 11:02:28,2513.55,333803,1,2503.24,63369,85605,2.7343510514376836,0
2023-07-28 11:02:28,2513.55,333803,1,2503.24,63435,85602,2.7343510514376836,0
2023-07-28 11:02:28,2513.55,333803,1,2503.24,63369,85584,2.7343510514376836,0
2023-07-28 11:02:28,2513.55,333803,1,2503.24,63462,85633,2.7343510514376836,0
2023-07-28 11:02:28,2513.55,333803,1,2503.24,63404,85635,2.7343510514376836,0
2023-07-28 11:02:28,2514.0,333803,1,2503.24,63404,85635,2.7527435472993647,0
2023-07-28 11:02:35,2514.0,333814,12,2503.24,63424,85624,2.7527435472993647,0
2023-07-28 11:02:36,2514.0,333826,12,2503.24,63351,85642,2.7527435472993647,0
2023-07-28 11:02:36,2514.0,333826,12,2503.24,63375,85677,2.7527435472993647,0
2023-07-28 11:02:36,2514.0,333826,12,2503.24,63447,85714,2.7527435472993647,0
2023-07-28 11:02:36,2514.0,333826,25,2503.24,63447,85714,2.7527435472993647,0
2023-07-28 11:02:41,2514.0,333851,25,2503.24,63239,85788,2.7527435472993647,0
2023-07-28 11:02:41,2514.0,333851,25,2503.24,63283,85750,2.7527435472993647,0
2023-07-28 11:02:41,2514.0,333851,25,2503.24,63283,85750,2.7527435472993647,0
2023-07-28 11:02:41,2514.0,333851,25,2503.24,63283,85752,2.7527435472993647,0
2023-07-28 11:02:41,2514.0,333851,25,2503.24,63348,85764,2.7527435472993647,0
2023-07-28 11:02:41,2514.0,333851,25,2503.24,63347,85764,2.7527435472993647,0
2023-07-28 11:02:41,2514.0,333851,22,2503.24,63347,85764,2.7527435472993647,0
2023-07-28 11:02:48,2514.0,333901,22,2503.24,63337,85756,2.7527435472993647,0
2023-07-28 11:02:48,2514.0,333901,22,2503.24,63332,85752,2.7527435472993647,0
2023-07-28 11:02:48,2514.0,333901,22,2503.24,63226,85791,2.7527435472993647,0
2023-07-28 11:02:48,2514.0,333901,22,2503.24,63207,85819,2.7527435472993647,0
2023-07-28 11:02:48,2514.0,333901,22,2503.24,63207,85850,2.7527435472993647,0
2023-07-28 11:02:48,2514.0,333901,22,2503.24,63207,85850,2.7527435472993647,0
2023-07-28 11:02:48,2514.0,333901,22,2503.24,63238,85839,2.7527435472993647,0
2023-07-28 11:02:48,2514.0,333901,22,2503.24,63243,85786,2.7527435472993647,0
2023-07-28 11:02:56,2513.65,333902,1,2503.24,63202,85813,2.7384382727402774,0
2023-07-28 11:02:56,2513.65,333902,1,2503.24,63259,85779,2.7384382727402774,0
2023-07-28 11:02:56,2513.65,333902,1,2503.24,63229,85782,2.7384382727402774,0
2023-07-28 11:02:56,2513.65,333902,1,2503.24,63226,85788,2.7384382727402774,0
2023-07-28 11:02:56,2515.0,333902,1,2503.24,63192,85834,2.793615760325339,0
2023-07-28 11:03:01,2515.0,333903,1,2503.24,63202,85812,2.793615760325339,0
2023-07-28 11:03:03,2513.65,333909,2,2503.24,63229,85832,2.7384382727402774,0
2023-07-28 11:03:03,2513.65,333909,2,2503.24,63213,85782,2.7384382727402774,0
2023-07-28 11:03:03,2513.65,333909,2,2503.24,63218,85803,2.7384382727402774,0
2023-07-28 11:03:07,2515.0,333910,1,2503.24,63234,85746,2.793615760325339,0
2023-07-28 11:03:07,2515.0,333910,1,2503.24,63234,85747,2.793615760325339,0
2023-07-28 11:03:07,2515.0,333910,1,2503.24,63229,85747,2.793615760325339,0
2023-07-28 11:03:07,2513.65,333910,1,2503.24,63131,85802,2.7384382727402774,0
2023-07-28 11:03:10,2513.4,333951,14,2503.24,63007,85810,2.728220219483784,0
2023-07-28 11:03:10,2513.4,333951,14,2503.24,63007,85810,2.728220219483784,0
2023-07-28 11:03:11,2514.0,333952,1,2503.24,63057,85793,2.7527435472993647,0
2023-07-28 11:03:12,2513.45,333957,4,2503.24,63085,85848,2.7302638301350712,0
2023-07-28 11:03:12,2513.45,333957,4,2503.24,63053,85848,2.7302638301350712,0
2023-07-28 11:03:12,2513.45,333957,4,2503.24,63095,85848,2.7302638301350712,0
2023-07-28 11:03:12,2513.45,333957,4,2503.24,63079,85888,2.7302638301350712,0
2023-07-28 11:03:12,2513.45,333957,4,2503.24,63022,85906,2.7302638301350712,0
2023-07-28 11:03:12,2513.45,333957,4,2503.24,63068,85852,2.7302638301350712,0
2023-07-28 11:03:12,2513.45,333957,4,2503.24,63057,85886,2.7302638301350712,0
2023-07-28 11:03:12,2513.45,333957,4,2503.24,63034,85897,2.7302638301350712,0
2023-07-28 11:03:12,2513.45,333957,4,2503.24,63034,85891,2.7302638301350712,0
2023-07-28 11:03:22,2513.45,333962,5,2503.24,63051,85864,2.7302638301350712,0
2023-07-28 11:03:22,2513.45,333962,5,2503.24,63028,85887,2.7302638301350712,0
2023-07-28 11:03:22,2513.45,333962,5,2503.24,63064,85864,2.7302638301350712,0
2023-07-28 11:03:22,2513.45,333962,5,2503.24,63036,85882,2.7302638301350712,0
2023-07-28 11:03:22,2513.45,333962,5,2503.24,63034,85897,2.7302638301350712,0
2023-07-28 11:03:22,2513.45,333962,3,2503.24,62996,85941,2.7302638301350712,0
2023-07-28 11:03:27,2513.45,333972,3,2503.24,62990,85948,2.7302638301350712,0
2023-07-28 11:03:27,2513.45,333972,3,2503.24,63058,85837,2.7302638301350712,0
2023-07-28 11:03:27,2513.45,333972,3,2503.24,63044,85863,2.7302638301350712,0
2023-07-28 11:03:27,2513.45,333972,3,2503.24,63044,85903,2.7302638301350712,0
2023-07-28 11:03:27,2513.45,333972,3,2503.24,63044,85864,2.7302638301350712,0
2023-07-28 11:03:27,2513.45,333972,3,2503.24,63117,85887,2.7302638301350712,0
2023-07-28 11:03:27,2513.45,333972,87,2503.24,63117,85887,2.7302638301350712,0
2023-07-28 11:03:34,2513.45,334072,87,2503.24,62845,85113,2.7302638301350712,0
2023-07-28 11:03:34,2513.45,334072,87,2503.24,62867,85020,2.7302638301350712,0
2023-07-28 11:03:34,2513.45,334072,87,2503.24,62737,85069,2.7302638301350712,0
2023-07-28 11:03:36,2513.45,334122,15,2503.25,62825,85002,2.7302638301350712,0
2023-07-28 11:03:36,2513.45,334122,15,2503.25,62789,85075,2.7302638301350712,0
2023-07-28 11:03:36,2513.45,334122,15,2503.25,62862,85001,2.7302638301350712,0
2023-07-28 11:03:36,2513.4,334122,1,2503.25,62856,85034,2.728220219483784,0
2023-07-28 11:03:40,2513.4,334125,1,2503.25,62849,85057,2.728220219483784,0
2023-07-28 11:03:40,2513.4,334125,1,2503.25,62847,85107,2.728220219483784,0
2023-07-28 11:03:40,2513.4,334125,1,2503.25,62823,85081,2.728220219483784,0
2023-07-28 11:03:40,2514.0,334125,8,2503.25,62823,85081,2.7527435472993647,0
2023-07-28 11:03:44,2514.0,334133,8,2503.25,63165,85050,2.7527435472993647,0
2023-07-28 11:03:44,2514.0,334133,8,2503.25,63168,85045,2.7527435472993647,0
2023-07-28 11:03:44,2514.0,334133,8,2503.25,63186,85034,2.7527435472993647,0
2023-07-28 11:03:44,2514.6,334133,1,2503.25,63186,85034,2.7772668751149454,0
2023-07-28 11:03:46,2514.6,334134,1,2503.25,63075,84998,2.7772668751149454,0
2023-07-28 11:03:46,2514.6,334134,1,2503.25,63097,84993,2.7772668751149454,0
2023-07-28 11:03:46,2514.6,334134,1,2503.25,63032,84959,2.7772668751149454,0
2023-07-28 11:03:46,2515.0,334134,1,2503.25,63032,84959,2.793615760325339,0
2023-07-28 11:03:50,2515.0,334135,1,2503.25,63115,84994,2.793615760325339,0
2023-07-28 11:03:50,2515.0,334135,1,2503.25,63186,84905,2.793615760325339,0
2023-07-28 11:03:50,2515.0,334135,1,2503.25,63160,84967,2.793615760325339,0
2023-07-28 11:03:50,2515.0,334135,1,2503.25,63129,84932,2.793615760325339,0
2023-07-28 11:03:50,2515.0,334135,1,2503.25,63080,85008,2.793615760325339,0
2023-07-28 11:03:50,2515.0,334135,1,2503.25,63223,84983,2.793615760325339,0
2023-07-28 11:03:50,2515.0,334135,1,2503.25,63127,84950,2.793615760325339,0
2023-07-28 11:03:50,2515.0,334135,1,2503.25,63283,84956,2.793615760325339,0
2023-07-28 11:03:50,2515.0,334135,1,2503.25,63070,84970,2.793615760325339,0
2023-07-28 11:03:50,2515.0,334135,1,2503.25,63078,84970,2.793615760325339,0
2023-07-28 11:03:50,2515.0,334135,1,2503.25,63155,84901,2.793615760325339,0
2023-07-28 11:03:50,2513.85,334135,1,2503.25,63319,84901,2.746612715345465,0
2023-07-28 11:04:01,2513.85,334136,1,2503.25,63163,84886,2.746612715345465,0
2023-07-28 11:04:03,2515.0,334145,9,2503.25,63115,84881,2.793615760325339,0
2023-07-28 11:04:03,2515.0,334145,9,2503.25,62942,84933,2.793615760325339,0
2023-07-28 11:04:03,2515.0,334145,9,2503.25,63048,84878,2.793615760325339,0
2023-07-28 11:04:03,2515.0,334145,9,2503.25,63021,84932,2.793615760325339,0
2023-07-28 11:04:03,2515.0,334145,9,2503.25,62988,84839,2.793615760325339,0
2023-07-28 11:04:03,2515.0,334145,9,2503.25,63037,84956,2.793615760325339,0
2023-07-28 11:04:03,2515.0,334145,9,2503.25,63171,84920,2.793615760325339,0
2023-07-28 11:04:11,2515.0,334166,21,2503.25,63022,84891,2.793615760325339,0
2023-07-28 11:04:11,2515.0,334166,21,2503.25,62864,84942,2.793615760325339,0
2023-07-28 11:04:11,2515.0,334166,21,2503.25,62991,84898,2.793615760325339,0
2023-07-28 11:04:15,2513.65,334168,2,2503.25,63091,84885,2.7384382727402774,0
2023-07-28 11:04:15,2513.65,334168,2,2503.25,63117,84914,2.7384382727402774,0
2023-07-28 11:04:15,2513.65,334168,2,2503.25,62886,84879,2.7384382727402774,0
2023-07-28 11:04:15,2513.65,334168,2,2503.25,62883,87304,2.7384382727402774,0
2023-07-28 11:04:15,2513.65,334168,2,2503.25,62916,87336,2.7384382727402774,0
2023-07-28 11:04:15,2513.65,334168,2,2503.25,63084,87345,2.7384382727402774,0
2023-07-28 11:04:15,2513.65,334168,2,2503.25,63002,87414,2.7384382727402774,0
2023-07-28 11:04:15,2515.0,334168,18,2503.25,63002,87414,2.793615760325339,0
2023-07-28 11:04:22,2515.0,334186,18,2503.25,63095,87294,2.793615760325339,0
2023-07-28 11:04:22,2515.0,334186,18,2503.25,63061,87297,2.793615760325339,0
2023-07-28 11:04:22,2513.75,334186,2,2503.25,63061,87297,2.742525494042871,0
2023-07-28 11:04:24,2513.75,334196,2,2503.25,63114,87319,2.742525494042871,0
2023-07-28 11:04:24,2513.75,334196,2,2503.25,63114,87324,2.742525494042871,0
2023-07-28 11:04:24,2513.75,334196,2,2503.25,63119,87348,2.742525494042871,0
2023-07-28 11:04:24,2513.75,334196,2,2503.25,63153,87316,2.742525494042871,0
2023-07-28 11:04:24,2513.75,334196,2,2503.25,63155,87376,2.742525494042871,0
2023-07-28 11:04:24,2513.75,334196,2,2503.25,63144,87401,2.742525494042871,0
2023-07-28 11:04:24,2513.75,334196,2,2503.25,63081,87485,2.742525494042871,0
2023-07-28 11:04:24,2515.0,334196,240,2503.25,63081,87485,2.793615760325339,0
2023-07-28 11:04:33,2515.0,334583,240,2503.26,63099,87070,2.793615760325339,0
2023-07-28 11:04:33,2515.0,334583,240,2503.26,63115,87076,2.793615760325339,0
2023-07-28 11:04:33,2515.0,334583,240,2503.26,63244,87069,2.793615760325339,0
2023-07-28 11:04:33,2515.0,334583,240,2503.26,63314,87065,2.793615760325339,0
2023-07-28 11:04:33,2514.9,334583,13,2503.26,63314,87065,2.7895285390227453,0
2023-07-28 11:04:33,2513.75,334583,1,2503.26,63314,87065,2.742525494042871,0
2023-07-28 11:04:39,2513.65,334623,9,2503.26,63312,87126,2.7384382727402774,0
2023-07-28 11:04:39,2513.65,334623,9,2503.26,63293,87153,2.7384382727402774,0
2023-07-28 11:04:39,2513.65,334623,9,2503.26,63259,87172,2.7384382727402774,0
2023-07-28 11:04:39,2513.65,334623,9,2503.26,63264,87165,2.7384382727402774,0
2023-07-28 11:04:39,2513.65,334623,9,2503.26,63295,87121,2.7384382727402774,0
2023-07-28 11:04:39,2513.65,334623,9,2503.26,63333,87129,2.7384382727402774,0
2023-07-28 11:04:39,2513.65,334623,9,2503.26,63328,87129,2.7384382727402774,0
2023-07-28 11:04:39,2513.65,334623,9,2503.26,63333,87129,2.7384382727402774,0
2023-07-28 11:04:39,2513.65,334623,9,2503.26,63296,87129,2.7384382727402774,0
2023-07-28 11:04:39,2513.65,334623,9,2503.26,63175,87145,2.7384382727402774,0
2023-07-28 11:04:39,2513.65,334623,7,2503.26,63175,87145,2.7384382727402774,0
2023-07-28 11:04:49,2513.65,334631,7,2503.26,63301,87103,2.7384382727402774,0
2023-07-28 11:04:49,2513.65,334631,7,2503.26,63264,87061,2.7384382727402774,0
2023-07-28 11:04:49,2513.65,334631,7,2503.26,63272,87059,2.7384382727402774,0
2023-07-28 11:04:49,2513.65,334631,7,2503.26,63295,87030,2.7384382727402774,0
2023-07-28 11:04:49,2513.65,334631,7,2503.26,63331,87271,2.7384382727402774,0
2023-07-28 11:04:49,2513.65,334631,7,2503.26,63263,87299,2.7384382727402774,0
2023-07-28 11:04:49,2513.65,334631,7,2503.26,63107,87282,2.7384382727402774,0
2023-07-28 11:04:58,2513.65,334632,1,2503.26,63036,87324,2.7384382727402774,0
2023-07-28 11:04:58,2513.65,334632,1,2503.26,63141,87256,2.7384382727402774,0
2023-07-28 11:04:58,2513.65,334632,1,2503.26,63080,87282,2.7384382727402774,0
2023-07-28 11:04:58,2513.65,334632,1,2503.26,63056,87304,2.7384382727402774,0
2023-07-28 11:04:58,2513.65,334632,1,2503.26,63052,87335,2.7384382727402774,0
2023-07-28 11:04:58,2513.65,334632,1,2503.26,63058,87305,2.7384382727402774,0
2023-07-28 11:04:58,2513.65,334632,1,2503.26,63113,87342,2.7384382727402774,0
2023-07-28 11:04:58,2513.65,334632,1,2503.26,63084,87347,2.7384382727402774,0
2023-07-28 11:04:58,2513.65,334632,1,2503.26,63020,87363,2.7384382727402774,0
2023-07-28 11:04:58,2513.65,334632,1,2503.26,63094,87332,2.7384382727402774,0
2023-07-28 11:04:58,2513.65,334632,1,2503.26,62798,87646,2.7384382727402774,0
2023-07-28 11:04:58,2513.65,334632,1,2503.26,62826,87646,2.7384382727402774,0
2023-07-28 11:04:58,2513.65,334632,1,2503.26,62826,87643,2.7384382727402774,0
2023-07-28 11:04:58,2513.65,334632,1,2503.26,62805,87626,2.7384382727402774,0
2023-07-28 11:04:58,2513.65,334632,1,2503.26,62826,87618,2.7384382727402774,0
2023-07-28 11:04:58,2513.65,334632,1,2503.26,62826,87620,2.7384382727402774,0
2023-07-28 11:04:58,2513.65,334632,1,2503.26,62826,87659,2.7384382727402774,0
2023-07-28 11:04:58,2513.65,334632,1,2503.26,62826,87681,2.7384382727402774,0
2023-07-28 11:04:58,2513.65,334632,1,2503.26,62805,87690,2.7384382727402774,0
2023-07-28 11:04:58,2513.65,334632,1,2503.26,62824,87693,2.7384382727402774,0
2023-07-28 11:04:58,2513.65,334632,1,2503.26,62821,87601,2.7384382727402774,0
2023-07-28 11:04:58,2513.65,334632,1,2503.26,62746,87752,2.7384382727402774,0
2023-07-28 11:05:21,2514.0,334634,2,2503.26,62896,87635,2.7527435472993647,0
2023-07-28 11:05:21,2514.0,334634,2,2503.26,62877,87744,2.7527435472993647,0
2023-07-28 11:05:21,2514.0,334634,2,2503.26,62918,87661,2.7527435472993647,0
2023-07-28 11:05:21,2514.0,334634,2,2503.26,62918,87661,2.7527435472993647,0
2023-07-28 11:05:21,2514.0,334634,2,2503.26,62878,87685,2.7527435472993647,0
2023-07-28 11:05:21,2514.0,334634,2,2503.26,62878,87685,2.7527435472993647,0
2023-07-28 11:05:25,2513.65,334638,4,2503.26,63005,87724,2.7384382727402774,0
2023-07-28 11:05:25,2513.65,334638,4,2503.26,63005,87724,2.7384382727402774,0
2023-07-28 11:05:26,2514.7,334657,8,2503.26,63285,87373,2.781354096417539,0
2023-07-28 11:05:26,2514.7,334657,8,2503.26,63285,87373,2.781354096417539,0
2023-07-28 11:05:27,2513.65,334682,16,2503.26,63212,87425,2.7384382727402774,0
2023-07-28 11:05:27,2514.9,334682,6,2503.26,63304,87403,2.7895285390227453,0
2023-07-28 11:05:29,2514.9,334688,6,2503.27,63395,87490,2.7895285390227453,0
2023-07-28 11:05:29,2514.9,334688,6,2503.27,63390,87555,2.7895285390227453,0
2023-07-28 11:05:29,2514.9,334688,6,2503.27,63390,87532,2.7895285390227453,0
2023-07-28 11:05:29,2514.85,334688,1,2503.27,63390,87479,2.7874849283714394,0
2023-07-28 11:05:34,2514.85,334689,1,2503.27,63415,87444,2.7874849283714394,0
2023-07-28 11:05:34,2514.85,334689,1,2503.27,63423,87478,2.7874849283714394,0
2023-07-28 11:05:34,2514.85,334689,1,2503.27,63457,87499,2.7874849283714394,0
2023-07-28 11:05:34,2514.85,334689,1,2503.27,63423,87500,2.7874849283714394,0
2023-07-28 11:05:34,2514.85,334689,1,2503.27,63423,87501,2.7874849283714394,0
2023-07-28 11:05:34,2514.85,334689,2,2503.27,63423,87501,2.7874849283714394,0
2023-07-28 11:05:46,2513.65,334704,5,2503.27,63420,87496,2.7384382727402774,0
2023-07-28 11:05:46,2513.65,334704,5,2503.27,63420,87546,2.7384382727402774,0
2023-07-28 11:05:46,2513.65,334704,5,2503.27,63421,87546,2.7384382727402774,0
2023-07-28 11:05:50,2513.3,334858,2,2503.27,62983,88460,2.72413299818119,0
2023-07-28 11:05:50,2512.55,334858,7,2503.27,62983,88460,2.693478838411709,0
2023-07-28 11:05:51,2512.55,335006,7,2503.27,62915,88420,2.693478838411709,0
2023-07-28 11:05:51,2512.55,335006,7,2503.27,62928,88351,2.693478838411709,0
2023-07-28 11:05:51,2512.55,335006,7,2503.27,62346,88402,2.693478838411709,0
2023-07-28 11:05:51,2512.55,335006,7,2503.27,62347,88436,2.693478838411709,0
2023-07-28 11:05:51,2512.55,335006,7,2503.27,62392,88369,2.693478838411709,0
2023-07-28 11:05:51,2512.55,335006,7,2503.27,62459,88369,2.693478838411709,0
2023-07-28 11:05:51,2512.55,335006,7,2503.27,62459,88353,2.693478838411709,0
2023-07-28 11:05:51,2512.55,335006,7,2503.27,62476,88316,2.693478838411709,0
2023-07-28 11:05:51,2512.55,335006,7,2503.27,62481,88316,2.693478838411709,0
2023-07-28 11:05:51,2511.5,335006,1,2503.27,62481,88316,2.650563014734429,0
2023-07-28 11:06:02,2511.5,335386,1,2503.28,61812,88162,2.650563014734429,0
2023-07-28 11:06:02,2513.25,335563,2,2503.29,62184,87954,2.722089387529884,0
2023-07-28 11:06:02,2513.25,335563,2,2503.29,62195,87973,2.722089387529884,0
2023-07-28 11:06:02,2513.25,335563,2,2503.29,62337,87789,2.722089387529884,0
2023-07-28 11:06:02,2513.25,335563,2,2503.29,62303,87863,2.722089387529884,0
2023-07-28 11:06:02,2512.25,335563,1,2503.29,62142,88156,2.6812171745039097,0
2023-07-28 11:06:08,2512.25,335575,11,2503.29,62207,88631,2.6812171745039097,0
2023-07-28 11:06:10,2513.45,335804,201,2503.3,62173,88003,2.7302638301350712,0
2023-07-28 11:06:11,2512.25,335823,16,2503.3,62193,88099,2.6812171745039097,0
2023-07-28 11:06:11,2511.35,335823,1,2503.3,62193,88099,2.644432182780529,0
2023-07-28 11:06:12,2512.1,335931,5,2503.3,62837,87984,2.67508634255001,0
2023-07-28 11:06:12,2512.1,335931,5,2503.3,63005,87962,2.67508634255001,0
2023-07-28 11:06:15,2512.3,335934,3,2503.3,63023,87987,2.6832607851552157,0
2023-07-28 11:06:15,2512.3,335934,3,2503.3,62789,88015,2.6832607851552157,0
2023-07-28 11:06:15,2513.25,335934,8,2503.3,62789,88015,2.722089387529884,0
2023-07-28 11:06:17,2513.25,335950,8,2503.3,62631,88105,2.722089387529884,0
2023-07-28 11:06:17,2513.25,335950,8,2503.3,62412,88179,2.722089387529884,0
2023-07-28 11:06:17,2512.3,335950,1,2503.3,62439,88145,2.6832607851552157,0
2023-07-28 11:06:21,2512.3,335951,1,2503.3,62473,88246,2.6832607851552157,0
2023-07-28 11:06:21,2512.3,335951,1,2503.3,62505,88254,2.6832607851552157,0
2023-07-28 11:06:21,2512.3,335951,1,2503.3,62400,88160,2.6832607851552157,0
2023-07-28 11:06:21,2512.3,335951,1,2503.3,62505,88170,2.6832607851552157,0
2023-07-28 11:06:21,2512.3,335951,1,2503.3,62555,88262,2.6832607851552157,0
2023-07-28 11:06:21,2512.3,335951,1,2503.3,62499,88269,2.6832607851552157,0
2023-07-28 11:06:21,2512.3,335951,1,2503.3,62523,88269,2.6832607851552157,0
2023-07-28 11:06:21,2512.3,335951,1,2503.3,62551,88330,2.6832607851552157,0
2023-07-28 11:06:21,2512.3,335951,6,2503.3,62551,88330,2.6832607851552157,0
2023-07-28 11:06:30,2512.3,335961,6,2503.3,62566,88338,2.6832607851552157,0
2023-07-28 11:06:30,2512.3,335961,5,2503.3,62566,88338,2.6832607851552157,0
2023-07-28 11:06:32,2512.3,335971,5,2503.3,62559,88353,2.6832607851552157,0
2023-07-28 11:06:32,2512.3,335971,5,2503.3,62192,88617,2.6832607851552157,0
2023-07-28 11:06:32,2512.3,335971,5,2503.3,62190,88628,2.6832607851552157,0
2023-07-28 11:06:32,2512.3,335971,5,2503.3,62203,88688,2.6832607851552157,0
2023-07-28 11:06:38,2512.3,335987,10,2503.3,62190,88522,2.6832607851552157,0
2023-07-28 11:06:38,2512.3,335987,10,2503.3,62173,88583,2.6832607851552157,0
2023-07-28 11:06:40,2513.1,335992,5,2503.3,62050,88609,2.715958555575984,0
2023-07-28 11:06:41,2512.25,336186,90,2503.31,61845,88462,2.6812171745039097,0
2023-07-28 11:06:41,2512.3,336186,1,2503.31,62247,88752,2.6832607851552157,0
2023-07-28 11:06:43,2511.45,336271,20,2503.31,62137,88774,2.648519404083123,0
2023-07-28 11:06:44,2512.3,336321,50,2503.31,62116,88697,2.6832607851552157,0
2023-07-28 11:06:44,2512.3,336321,50,2503.31,62108,88725,2.6832607851552157,0
2023-07-28 11:06:47,2511.45,336336,5,2503.31,62095,88757,2.648519404083123,0
2023-07-28 11:06:47,2511.45,336336,5,2503.31,62111,88790,2.648519404083123,0
2023-07-28 11:06:47,2512.3,336336,1,2503.31,62111,88790,2.6832607851552157,0
2023-07-28 11:06:48,2512.3,336337,1,2503.31,62137,88762,2.6832607851552157,0
2023-07-28 11:06:48,2512.3,336337,1,2503.31,62109,88769,2.6832607851552157,0
2023-07-28 11:06:52,2511.45,336352,5,2503.31,62145,88738,2.648519404083123,0
2023-07-28 11:06:52,2511.45,336352,5,2503.31,62145,88738,2.648519404083123,0
2023-07-28 11:06:52,2511.45,336352,5,2503.31,62080,88888,2.648519404083123,0
2023-07-28 11:06:52,2511.45,336352,5,2503.31,62108,88766,2.648519404083123,0
2023-07-28 11:06:52,2512.3,336352,5,2503.31,62108,88766,2.6832607851552157,0
2023-07-28 11:06:55,2512.3,336357,5,2503.31,61850,88775,2.6832607851552157,0
2023-07-28 11:06:55,2512.3,336357,5,2503.31,62044,88770,2.6832607851552157,0
2023-07-28 11:06:55,2512.3,336357,5,2503.31,61940,88742,2.6832607851552157,0
2023-07-28 11:06:59,2511.45,336367,7,2503.31,61894,88799,2.648519404083123,0
2023-07-28 11:06:59,2511.45,336367,7,2503.31,61845,88844,2.648519404083123,0
2023-07-28 11:06:59,2512.25,336367,2,2503.31,61877,88813,2.6812171745039097,0
2023-07-28 11:07:01,2512.25,336369,2,2503.31,61877,88822,2.6812171745039097,0
2023-07-28 11:07:01,2512.25,336369,2,2503.31,61879,88806,2.6812171745039097,0
2023-07-28 11:07:01,2512.25,336369,2,2503.31,61899,88807,2.6812171745039097,0
2023-07-28 11:07:01,2512.4,336369,101,2503.31,61899,88807,2.6873480064578095,0
2023-07-28 11:07:05,2512.4,337073,101,2503.33,62189,87950,2.6873480064578095,0
2023-07-28 11:07:05,2512.4,337073,101,2503.33,62202,88005,2.6873480064578095,0
2023-07-28 11:07:05,2512.15,337073,2,2503.33,62202,88005,2.677129953201316,0
2023-07-28 11:07:07,2512.15,337083,2,2503.33,62342,87953,2.677129953201316,0
2023-07-28 11:07:07,2512.15,337083,2,2503.33,62185,87961,2.677129953201316,0
2023-07-28 11:07:07,2512.15,337083,2,2503.33,62511,87933,2.677129953201316,0
2023-07-28 11:07:07,2512.15,337083,1,2503.33,62511,87933,2.677129953201316,0
2023-07-28 11:07:09,2512.15,337092,1,2503.33,62484,87946,2.677129953201316,0
2023-07-28 11:07:09,2512.15,337092,1,2503.33,62250,88020,2.677129953201316,0
2023-07-28 11:07:09,2512.15,337092,5,2503.33,62268,87988,2.677129953201316,0
2023-07-28 11:07:09,2513.2,337092,2,2503.33,62268,87988,2.7200457768785777,0
2023-07-28 11:07:13,2513.2,337099,2,2503.33,62351,87986,2.7200457768785777,0
2023-07-28 11:07:13,2513.2,337099,2,2503.33,62277,87886,2.7200457768785777,0
2023-07-28 11:07:13,2513.2,337099,1,2503.33,62277,87886,2.7200457768785777,0
2023-07-28 11:07:15,2513.2,337100,1,2503.33,62411,87887,2.7200457768785777,0
2023-07-28 11:07:15,2512.15,337100,9,2503.33,62200,87901,2.677129953201316,0
2023-07-28 11:07:17,2512.15,337211,2,2503.33,62387,87958,2.677129953201316,0
2023-07-28 11:07:17,2512.15,337211,2,2503.33,62322,87949,2.677129953201316,0
2023-07-28 11:07:17,2512.15,337211,2,2503.33,62319,87952,2.677129953201316,0
2023-07-28 11:07:17,2512.15,337211,2,2503.33,62363,87961,2.677129953201316,0
2023-07-28 11:07:23,2513.0,337214,3,2503.33,63017,87599,2.71187133427339,0
2023-07-28 11:07:23,2514.55,337214,3,2503.33,62836,87690,2.775223264463658,0
2023-07-28 11:07:23,2513.4,337214,2,2503.33,62836,87690,2.728220219483784,0
2023-07-28 11:07:25,2513.4,337260,2,2503.34,63251,87482,2.728220219483784,0
2023-07-28 11:07:25,2513.4,337260,2,2503.34,63315,87482,2.728220219483784,0
2023-07-28 11:07:25,2513.4,337260,2,2503.34,63327,87512,2.728220219483784,0
2023-07-28 11:07:25,2513.4,337260,2,2503.34,63350,87467,2.728220219483784,0
2023-07-28 11:07:25,2515.0,337260,188,2503.34,63350,87467,2.793615760325339,0
2023-07-28 11:07:30,2515.0,337453,188,2503.34,63468,87283,2.793615760325339,0
2023-07-28 11:07:30,2515.0,337453,188,2503.34,63301,87129,2.793615760325339,0
2023-07-28 11:07:33,2513.95,337462,3,2503.34,63261,87335,2.7506999366480587,0
2023-07-28 11:07:33,2513.95,337462,3,2503.34,63264,87235,2.7506999366480587,0
2023-07-28 11:07:33,2513.95,337462,3,2503.34,63264,87254,2.7506999366480587,0
2023-07-28 11:07:36,2515.0,337469,2,2503.34,63249,87225,2.793615760325339,0
2023-07-28 11:07:36,2515.0,337469,2,2503.34,63259,87202,2.793615760325339,0
2023-07-28 11:07:36,2513.95,337469,5,2503.34,63259,87202,2.7506999366480587,0
2023-07-28 11:07:39,2513.95,337474,5,2503.34,63254,87202,2.7506999366480587,0
2023-07-28 11:07:39,2513.95,337474,5,2503.34,63254,87231,2.7506999366480587,0
2023-07-28 11:07:39,2513.95,337474,5,2503.34,63254,87226,2.7506999366480587,0
2023-07-28 11:07:39,2513.95,337474,5,2503.34,63256,87226,2.7506999366480587,0
2023-07-28 11:07:39,2513.95,337474,5,2503.34,63256,87223,2.7506999366480587,0
2023-07-28 11:07:44,2513.95,337484,6,2503.34,63246,87223,2.7506999366480587,0
2023-07-28 11:07:44,2513.95,337484,6,2503.34,63247,87193,2.7506999366480587,0
2023-07-28 11:07:44,2514.25,337484,1,2503.34,63247,87193,2.762961600555858,0
2023-07-28 11:07:45,2514.25,337485,1,2503.34,63176,87185,2.762961600555858,0
2023-07-28 11:07:45,2514.25,337485,1,2503.34,63143,87185,2.762961600555858,0
2023-07-28 11:07:45,2514.25,337485,1,2503.34,63143,87185,2.762961600555858,0
2023-07-28 11:07:45,2514.15,337485,9,2503.34,63143,87185,2.7588743792532644,0
2023-07-28 11:07:49,2514.15,337508,9,2503.34,63133,87185,2.7588743792532644,0
2023-07-28 11:07:49,2514.15,337508,9,2503.34,63197,87185,2.7588743792532644,0
2023-07-28 11:07:49,2514.15,337508,5,2503.34,63197,87185,2.7588743792532644,0
2023-07-28 11:07:53,2514.15,337514,1,2503.34,63209,87185,2.7588743792532644,0
2023-07-28 11:07:53,2514.15,337514,5,2503.34,63209,87185,2.7588743792532644,0
2023-07-28 11:07:54,2514.15,337527,5,2503.35,63203,87236,2.7588743792532644,0
2023-07-28 11:07:54,2514.15,337527,5,2503.35,63180,87236,2.7588743792532644,0
2023-07-28 11:07:56,2515.0,337543,16,2503.35,63080,87252,2.793615760325339,0
2023-07-28 11:07:57,2514.3,337545,2,2503.35,63105,87252,2.7650052112071646,0
2023-07-28 11:07:57,2514.3,337545,2,2503.35,63105,87270,2.7650052112071646,0
2023-07-28 11:07:57,2514.3,337545,2,2503.35,63100,87270,2.7650052112071646,0
2023-07-28 11:07:57,2514.3,337545,2,2503.35,63093,87197,2.7650052112071646,0
2023-07-28 11:07:57,2514.3,337545,2,2503.35,63093,87194,2.7650052112071646,0
2023-07-28 11:07:57,2514.3,337545,2,2503.35,63119,87198,2.7650052112071646,0
2023-07-28 11:07:57,2515.0,337545,50,2503.35,63119,87198,2.793615760325339,0
2023-07-28 11:08:04,2515.0,337595,50,2503.35,63119,87148,2.793615760325339,0
2023-07-28 11:08:04,2514.35,337595,15,2503.35,63119,87148,2.767048821858452,0
2023-07-28 11:08:05,2514.35,337610,15,2503.35,63066,87148,2.767048821858452,0
2023-07-28 11:08:05,2514.35,337610,15,2503.35,63071,87146,2.767048821858452,0
2023-07-28 11:08:08,2514.35,337611,1,2503.35,63070,87146,2.767048821858452,0
2023-07-28 11:08:08,2515.0,337611,35,2503.35,63039,87146,2.793615760325339,0
2023-07-28 11:08:10,2514.35,337647,1,2503.35,63062,87120,2.767048821858452,0
2023-07-28 11:08:10,2514.35,337647,1,2503.35,63069,87144,2.767048821858452,0
2023-07-28 11:08:10,2514.35,337647,5,2503.35,63069,87144,2.767048821858452,0
2023-07-28 11:08:12,2514.35,337652,5,2503.35,63361,87146,2.767048821858452,0
2023-07-28 11:08:12,2514.35,337652,5,2503.35,63384,87146,2.767048821858452,0
2023-07-28 11:08:12,2514.35,337652,5,2503.35,63360,87144,2.767048821858452,0
2023-07-28 11:08:12,2514.35,337652,5,2503.35,63348,87144,2.767048821858452,0
2023-07-28 11:08:12,2514.35,337652,5,2503.35,63353,87144,2.767048821858452,0
2023-07-28 11:08:12,2514.35,337652,5,2503.35,63353,87144,2.767048821858452,0
2023-07-28 11:08:12,2514.35,337652,5,2503.35,63353,87144,2.767048821858452,0
2023-07-28 11:08:12,2514.35,337652,5,2503.35,63353,87144,2.767048821858452,0
2023-07-28 11:08:12,2514.35,337652,5,2503.35,63324,87144,2.767048821858452,0
2023-07-28 11:08:21,2514.45,337662,9,2503.35,63438,87205,2.7711360431610457,0
2023-07-28 11:08:21,2514.45,337662,9,2503.35,63438,87205,2.7711360431610457,0
2023-07-28 11:08:21,2514.45,337662,9,2503.35,63438,87205,2.7711360431610457,0
2023-07-28 11:08:21,2514.45,337662,9,2503.35,63438,87205,2.7711360431610457,0
2023-07-28 11:08:21,2514.45,337662,9,2503.35,63419,87209,2.7711360431610457,0
2023-07-28 11:08:21,2514.45,337662,9,2503.35,63519,87209,2.7711360431610457,0
2023-07-28 11:08:21,2514.45,337662,9,2503.35,63546,87209,2.7711360431610457,0
2023-07-28 11:08:21,2514.45,337662,9,2503.35,63546,87209,2.7711360431610457,0
2023-07-28 11:08:21,2514.45,337662,9,2503.35,63546,87209,2.7711360431610457,0
2023-07-28 11:08:21,2514.45,337662,9,2503.35,63546,87209,2.7711360431610457,0
2023-07-28 11:08:21,2514.45,337662,9,2503.35,63546,87209,2.7711360431610457,0
2023-07-28 11:08:21,2514.45,337662,9,2503.35,63446,87219,2.7711360431610457,0
2023-07-28 11:08:21,2514.45,337662,9,2503.35,63412,87229,2.7711360431610457,0
2023-07-28 11:08:21,2514.45,337662,9,2503.35,63412,87221,2.7711360431610457,0
2023-07-28 11:08:21,2514.45,337662,9,2503.35,63412,87221,2.7711360431610457,0
2023-07-28 11:08:21,2515.0,337662,94,2503.35,63412,87221,2.793615760325339,0
2023-07-28 11:08:31,2515.0,337757,94,2503.35,63412,87180,2.793615760325339,0
2023-07-28 11:08:31,2515.0,337757,94,2503.35,63413,87168,2.793615760325339,0
2023-07-28 11:08:31,2515.0,337757,94,2503.35,63413,87180,2.793615760325339,0
2023-07-28 11:08:31,2515.0,337757,94,2503.35,63413,87180,2.793615760325339,0
2023-07-28 11:08:31,2515.0,337757,94,2503.35,63413,87180,2.793615760325339,0
2023-07-28 11:08:37,2514.45,337762,5,2503.35,63413,87181,2.7711360431610457,0
2023-07-28 11:08:37,2514.45,337762,5,2503.35,63413,87173,2.7711360431610457,0
2023-07-28 11:08:37,2514.45,337762,5,2503.35,63359,87178,2.7711360431610457,0
2023-07-28 11:08:37,2514.45,337762,5,2503.35,63357,87218,2.7711360431610457,0
2023-07-28 11:08:37,2514.45,337762,5,2503.35,63357,87212,2.7711360431610457,0
2023-07-28 11:08:37,2514.45,337762,5,2503.35,63357,87212,2.7711360431610457,0
2023-07-28 11:08:45,2514.45,337764,2,2503.35,63355,87244,2.7711360431610457,0
2023-07-28 11:08:45,2514.45,337764,2,2503.35,63355,87232,2.7711360431610457,0
2023-07-28 11:08:45,2514.45,337764,2,2503.35,63366,87232,2.7711360431610457,0
2023-07-28 11:08:45,2514.45,337764,2,2503.35,63387,87232,2.7711360431610457,0
2023-07-28 11:08:45,2514.45,337764,2,2503.35,63329,87278,2.7711360431610457,0
2023-07-28 11:08:45,2514.45,337764,2,2503.35,63338,87280,2.7711360431610457,0
2023-07-28 11:08:51,2514.45,337766,2,2503.35,63418,87239,2.7711360431610457,0
2023-07-28 11:08:51,2514.45,337766,1,2503.35,63418,87239,2.7711360431610457,0
2023-07-28 11:08:51,2514.45,337766,5,2503.35,63418,87239,2.7711360431610457,0
2023-07-28 11:08:52,2514.45,337772,5,2503.35,63422,87239,2.7711360431610457,0
2023-07-28 11:08:52,2514.45,337772,5,2503.35,63422,87231,2.7711360431610457,0
2023-07-28 11:08:52,2514.45,337772,5,2503.35,63422,87227,2.7711360431610457,0
2023-07-28 11:08:52,2514.45,337772,5,2503.35,63423,87227,2.7711360431610457,0
2023-07-28 11:08:52,2514.45,337772,5,2503.35,63423,87226,2.7711360431610457,0
2023-07-28 11:08:52,2514.45,337772,5,2503.35,63423,87226,2.7711360431610457,0
2023-07-28 11:08:52,2514.45,337772,5,2503.35,63423,87230,2.7711360431610457,0
2023-07-28 11:08:52,2514.45,337772,5,2503.35,63423,87221,2.7711360431610457,0
2023-07-28 11:08:52,2514.45,337772,5,2503.35,63355,87260,2.7711360431610457,0
2023-07-28 11:08:52,2514.45,337772,5,2503.35,63355,87260,2.7711360431610457,0
2023-07-28 11:08:52,2514.45,337772,5,2503.35,63355,87251,2.7711360431610457,0
2023-07-28 11:08:52,2514.45,337772,5,2503.35,63379,87260,2.7711360431610457,0
2023-07-28 11:08:52,2514.45,337772,5,2503.35,63354,87281,2.7711360431610457,0
2023-07-28 11:08:52,2514.45,337772,5,2503.35,63386,87290,2.7711360431610457,0
2023-07-28 11:08:52,2514.45,337772,5,2503.35,63380,87290,2.7711360431610457,0
2023-07-28 11:08:52,2514.45,337772,5,2503.35,63380,87290,2.7711360431610457,0
2023-07-28 11:08:52,2515.0,337772,10,2503.35,63380,87290,2.793615760325339,0
2023-07-28 11:09:14,2515.0,337788,10,2503.35,63357,87270,2.793615760325339,0
2023-07-28 11:09:14,2514.35,337788,16,2503.35,63357,87270,2.767048821858452,0
2023-07-28 11:09:18,2514.35,337825,16,2503.36,63338,87377,2.767048821858452,0
2023-07-28 11:09:18,2514.15,337825,5,2503.36,63338,87377,2.7588743792532644,0
2023-07-28 11:09:18,2514.15,337825,2,2503.36,63338,87377,2.7588743792532644,0
2023-07-28 11:09:22,2515.0,337853,8,2503.36,63479,87368,2.793615760325339,0
2023-07-28 11:09:22,2514.15,337853,7,2503.36,63479,87368,2.7588743792532644,0
2023-07-28 11:09:24,2514.15,337861,7,2503.36,63368,87368,2.7588743792532644,0
2023-07-28 11:09:24,2514.95,337861,2,2503.36,63368,87368,2.7915721496740327,0
2023-07-28 11:09:28,2514.95,337863,2,2503.36,63368,87371,2.7915721496740327,0
2023-07-28 11:09:28,2513.8,337863,14,2503.36,63368,87371,2.744569104694177,0
2023-07-28 11:09:33,2513.8,337919,14,2503.36,63144,87454,2.744569104694177,0
2023-07-28 11:09:33,2513.85,337919,5,2503.36,63144,87454,2.746612715345465,0
2023-07-28 11:09:37,2513.85,337924,5,2503.36,63263,87398,2.746612715345465,0
2023-07-28 11:09:37,2514.85,337924,16,2503.36,63263,87398,2.7874849283714394,0
2023-07-28 11:09:37,2513.8,337924,8,2503.36,63263,87398,2.744569104694177,0
2023-07-28 11:09:41,2513.8,337965,8,2503.36,63075,87874,2.744569104694177,0
2023-07-28 11:09:41,2513.8,337965,8,2503.36,63089,87873,2.744569104694177,0
2023-07-28 11:09:41,2515.0,337965,334,2503.36,63089,87873,2.793615760325339,0
2023-07-28 11:09:47,2515.0,338378,334,2503.37,63339,87463,2.793615760325339,0
2023-07-28 11:09:47,2513.8,338378,8,2503.37,63339,87463,2.744569104694177,0
2023-07-28 11:09:52,2513.8,338434,68,2503.38,63352,88102,2.744569104694177,0
2023-07-28 11:09:52,2513.75,338434,11,2503.38,63352,88102,2.742525494042871,0
2023-07-28 11:09:52,2513.05,338434,2,2503.38,63352,88102,2.7139149449246966,0
2023-07-28 11:09:57,2513.05,338689,2,2503.38,63178,87983,2.7139149449246966,0
2023-07-28 11:09:57,2514.8,338689,5,2503.38,63178,87983,2.7854413177201516,0
2023-07-28 11:09:57,2513.5,338689,1,2503.38,63178,87983,2.7323074407863777,0
2023-07-28 11:10:08,2513.5,338700,1,2503.38,63060,87870,2.7323074407863777,0
2023-07-28 11:10:08,2513.5,338700,1,2503.38,63060,87881,2.7323074407863777,0
2023-07-28 11:10:08,2513.5,338700,1,2503.38,63045,88037,2.7323074407863777,0
2023-07-28 11:10:08,2514.0,338700,2,2503.38,63045,88037,2.7527435472993647,0
2023-07-28 11:10:21,2514.0,338702,2,2503.38,63059,88135,2.7527435472993647,0
2023-07-28 11:10:21,2514.0,338702,3,2503.38,63059,88135,2.7527435472993647,0
2023-07-28 11:10:21,2514.0,338702,9,2503.38,63059,88135,2.7527435472993647,0
2023-07-28 11:10:27,2514.0,338742,15,2503.38,63156,87987,2.7527435472993647,0
2023-07-28 11:10:27,2513.2,338742,10,2503.38,63156,87987,2.7200457768785777,0
2023-07-28 11:10:27,2513.2,338778,10,2503.39,63144,88035,2.7200457768785777,0
2023-07-28 11:10:27,2513.2,338778,10,2503.39,63076,88035,2.7200457768785777,0
2023-07-28 11:10:27,2514.0,338778,9,2503.39,63076,88035,2.7527435472993647,0
2023-07-28 11:10:27,2514.0,338778,16,2503.39,63076,88035,2.7527435472993647,0
2023-07-28 11:10:27,2514.0,338778,84,2503.39,63076,88035,2.7527435472993647,0
2023-07-28 11:10:37,2514.0,338925,84,2503.39,63546,87712,2.7527435472993647,0
2023-07-28 11:10:37,2514.0,338925,84,2503.39,63428,87545,2.7527435472993647,0
2023-07-28 11:10:37,2514.0,338925,10,2503.39,63428,87545,2.7527435472993647,0
2023-07-28 11:10:37,2514.0,338925,94,2503.39,63428,87545,2.7527435472993647,0
2023-07-28 11:10:47,2514.0,339029,94,2503.39,63385,87495,2.7527435472993647,0
2023-07-28 11:10:47,2513.85,339029,5,2503.39,63385,87495,2.746612715345465,0
2023-07-28 11:10:50,2513.85,339055,5,2503.39,63291,87487,2.746612715345465,0
2023-07-28 11:10:50,2513.9,339055,1,2503.39,63291,87487,2.748656325996771,0
2023-07-28 11:10:52,2513.9,339056,1,2503.39,63253,87555,2.748656325996771,0
2023-07-28 11:10:52,2513.9,339056,1,2503.39,63266,87500,2.748656325996771,0
2023-07-28 11:10:52,2514.9,339056,5,2503.39,63266,87500,2.7895285390227453,0
2023-07-28 11:11:01,2514.9,339061,5,2503.39,63754,87485,2.7895285390227453,0
2023-07-28 11:11:01,2515.35,339061,10,2503.39,63754,87485,2.8079210348844263,0
2023-07-28 11:11:04,2515.35,341259,6,2503.47,63996,85031,2.8079210348844263,0
2023-07-28 11:11:07,2515.35,341318,6,2503.47,63950,85132,2.8079210348844263,0
2023-07-28 11:11:08,2515.35,341338,20,2503.47,63819,85187,2.8079210348844263,0
2023-07-28 11:11:08,2515.35,341338,20,2503.47,63819,85187,2.8079210348844263,0
2023-07-28 11:11:10,2515.35,341339,1,2503.47,63859,85195,2.8079210348844263,0
2023-07-28 11:11:10,2515.35,341339,1,2503.47,63864,85195,2.8079210348844263,0
2023-07-28 11:11:10,2515.35,341339,1,2503.47,64109,85210,2.8079210348844263,0
2023-07-28 11:11:10,2515.35,341339,1,2503.47,64022,85253,2.8079210348844263,0
2023-07-28 11:11:15,2515.35,341422,1,2503.48,64120,85309,2.8079210348844263,0
2023-07-28 11:11:15,2515.35,341422,1,2503.48,64053,85294,2.8079210348844263,0
2023-07-28 11:11:15,2515.35,341422,1,2503.48,64020,85286,2.8079210348844263,0
2023-07-28 11:11:18,2515.35,341518,16,2503.48,63896,85302,2.8079210348844263,0
2023-07-28 11:11:18,2515.35,341518,16,2503.48,63913,85300,2.8079210348844263,0
2023-07-28 11:11:20,2515.35,341718,12,2503.49,63909,85243,2.8079210348844263,0
2023-07-28 11:11:20,2515.35,341718,12,2503.49,63925,85243,2.8079210348844263,0
2023-07-28 11:11:20,2515.35,341718,12,2503.49,63925,85243,2.8079210348844263,0
2023-07-28 11:11:20,2515.35,341718,12,2503.49,63966,85243,2.8079210348844263,0
2023-07-28 11:11:20,2515.35,341718,12,2503.49,63966,85243,2.8079210348844263,0
2023-07-28 11:11:20,2515.35,341718,12,2503.49,63966,85243,2.8079210348844263,0
2023-07-28 11:11:20,2515.35,341718,15,2503.49,63966,85243,2.8079210348844263,0
2023-07-28 11:11:25,2515.35,341733,1,2503.49,63946,85256,2.8079210348844263,0
2023-07-28 11:11:25,2515.35,341733,1,2503.49,63946,85256,2.8079210348844263,0
2023-07-28 11:11:25,2515.35,341733,1,2503.49,63946,85256,2.8079210348844263,0
2023-07-28 11:11:26,2515.35,341734,1,2503.49,63955,85256,2.8079210348844263,0
2023-07-28 11:11:26,2515.35,341734,1,2503.49,63955,85256,2.8079210348844263,0
2023-07-28 11:11:29,2515.35,341749,15,2503.49,63940,85257,2.8079210348844263,0
2023-07-28 11:11:29,2515.35,341749,15,2503.49,63930,85257,2.8079210348844263,0
2023-07-28 11:11:29,2515.35,341749,15,2503.49,63938,85257,2.8079210348844263,0
2023-07-28 11:11:29,2515.35,341749,13,2503.49,63943,85257,2.8079210348844263,0
2023-07-28 11:11:33,2515.35,341785,13,2503.49,63956,85265,2.8079210348844263,0
2023-07-28 11:11:33,2515.35,341785,13,2503.49,63951,85265,2.8079210348844263,0
2023-07-28 11:11:33,2515.35,341785,13,2503.49,63966,85265,2.8079210348844263,0
2023-07-28 11:11:33,2515.35,341785,13,2503.49,63947,85266,2.8079210348844263,0
2023-07-28 11:11:33,2515.35,341785,13,2503.49,63947,85266,2.8079210348844263,0
2023-07-28 11:11:33,2515.35,341785,13,2503.49,63965,85256,2.8079210348844263,0
2023-07-28 11:11:33,2515.35,341785,13,2503.49,63965,85239,2.8079210348844263,0
2023-07-28 11:11:33,2515.35,341785,13,2503.49,64059,85177,2.8079210348844263,0
2023-07-28 11:11:33,2515.35,341785,13,2503.49,64056,85195,2.8079210348844263,0
2023-07-28 11:11:33,2515.35,341785,13,2503.49,64058,85195,2.8079210348844263,0
2023-07-28 11:11:33,2515.35,341785,13,2503.49,64068,85017,2.8079210348844263,0
2023-07-28 11:11:33,2515.35,341785,13,2503.49,64058,85000,2.8079210348844263,0
2023-07-28 11:11:33,2515.35,341785,13,2503.49,64058,85024,2.8079210348844263,0
2023-07-28 11:11:33,2515.35,341785,13,2503.49,64058,85024,2.8079210348844263,0
2023-07-28 11:11:33,2515.35,341785,13,2503.49,64058,85024,2.8079210348844263,0
2023-07-28 11:11:33,2515.35,341785,13,2503.49,64058,85026,2.8079210348844263,0
2023-07-28 11:11:33,2515.35,341785,13,2503.49,64075,85005,2.8079210348844263,0
2023-07-28 11:11:33,2515.35,341785,13,2503.49,64075,85005,2.8079210348844263,0
2023-07-28 11:11:33,2518.9,341785,1,2503.49,64091,85021,2.9530173911266426,0
2023-07-28 11:11:53,2518.9,343128,1,2503.54,64921,83381,2.9530173911266426,0
2023-07-28 11:11:53,2518.9,343128,1,2503.54,64951,83448,2.9530173911266426,0
2023-07-28 11:11:56,2518.8,343129,1,2503.54,64590,83687,2.948930169824049,0
2023-07-28 11:11:56,2518.8,343129,1,2503.54,64703,83759,2.948930169824049,0
2023-07-28 11:11:56,2517.7,343129,2,2503.54,64703,83759,2.903970735495462,0
2023-07-28 11:11:58,2517.7,343131,2,2503.54,64715,83772,2.903970735495462,0
2023-07-28 11:11:58,2517.7,343131,2,2503.54,64777,83573,2.903970735495462,0
2023-07-28 11:11:58,2518.95,343131,3,2503.54,64653,83771,2.95506100177793,0
2023-07-28 11:12:01,2518.95,343134,3,2503.54,64825,83783,2.95506100177793,0
2023-07-28 11:12:01,2518.95,343134,1,2503.54,64825,83783,2.95506100177793,0
2023-07-28 11:12:02,2517.75,343135,6,2503.54,64744,83948,2.9060143461467685,0
2023-07-28 11:12:03,2518.55,343142,1,2503.54,64544,83939,2.9387121165675554,0
2023-07-28 11:12:03,2518.55,343142,1,2503.54,64544,83939,2.9387121165675554,0
2023-07-28 11:12:03,2518.55,343142,1,2503.54,64606,83966,2.9387121165675554,0
2023-07-28 11:12:03,2518.55,343142,1,2503.54,64593,83959,2.9387121165675554,0
2023-07-28 11:12:03,2518.0,343142,10,2503.54,64593,83959,2.916232399403262,0
2023-07-28 11:12:05,2518.0,343152,10,2503.54,64584,83949,2.916232399403262,0
2023-07-28 11:12:07,2517.7,343153,1,2503.54,64554,83830,2.903970735495462,0
2023-07-28 11:12:07,2518.45,343153,10,2503.54,64554,83830,2.934624895264943,0
2023-07-28 11:12:08,2518.45,343173,10,2503.54,64565,83859,2.934624895264943,0
2023-07-28 11:12:08,2518.45,343173,10,2503.54,64608,83859,2.934624895264943,0
2023-07-28 11:12:08,2518.45,343173,10,2503.54,64608,83879,2.934624895264943,0
2023-07-28 11:12:08,2518.45,343173,10,2503.54,64614,83874,2.934624895264943,0
2023-07-28 11:12:08,2518.45,343173,3,2503.54,64606,83884,2.934624895264943,0
2023-07-28 11:12:14,2518.45,343176,3,2503.54,64612,83883,2.934624895264943,0
2023-07-28 11:12:14,2517.3,343176,3,2503.54,64612,83883,2.8876218502850874,0
2023-07-28 11:12:15,2517.3,343462,3,2503.56,64628,83693,2.8876218502850874,0
2023-07-28 11:12:15,2518.45,343462,1,2503.56,64619,83966,2.934624895264943,0
2023-07-28 11:12:17,2518.45,343463,49,2503.56,64526,83924,2.934624895264943,0
2023-07-28 11:12:19,2518.45,343561,48,2503.56,64601,83857,2.934624895264943,0
2023-07-28 11:12:19,2518.45,343561,48,2503.56,64601,83867,2.934624895264943,0
2023-07-28 11:12:19,2518.45,343561,48,2503.56,64622,83867,2.934624895264943,0
2023-07-28 11:12:19,2517.35,343561,7,2503.56,64723,83876,2.8896654609363748,0
2023-07-28 11:12:24,2517.4,343779,59,2503.57,64790,83485,2.891709071587681,0
2023-07-28 11:12:24,2517.4,343779,59,2503.57,64758,83973,2.891709071587681,0
2023-07-28 11:12:24,2517.4,343779,59,2503.57,64696,83963,2.891709071587681,0
2023-07-28 11:12:24,2517.4,343779,59,2503.57,64646,84002,2.891709071587681,0
2023-07-28 11:12:24,2517.4,343779,59,2503.57,64581,83994,2.891709071587681,0
2023-07-28 11:12:24,2517.4,343779,59,2503.57,64528,84063,2.891709071587681,0
2023-07-28 11:12:24,2517.4,343779,59,2503.57,64528,84063,2.891709071587681,0
2023-07-28 11:12:24,2517.4,343779,59,2503.57,64525,84063,2.891709071587681,0
2023-07-28 11:12:24,2518.0,343779,19,2503.57,64525,84063,2.916232399403262,0
2023-07-28 11:12:34,2517.2,344183,111,2503.59,63848,84463,2.883534628982475,0
2023-07-28 11:12:35,2517.2,344294,111,2503.59,63991,84335,2.883534628982475,0
2023-07-28 11:12:35,2517.2,344294,111,2503.59,64031,84471,2.883534628982475,0
2023-07-28 11:12:35,2516.25,344294,3,2503.59,64031,84471,2.844706026607807,0
2023-07-28 11:12:37,2516.25,344493,3,2503.6,63751,84456,2.844706026607807,0
2023-07-28 11:12:37,2516.25,344493,3,2503.6,63649,84516,2.844706026607807,0
2023-07-28 11:12:37,2516.25,344493,3,2503.6,63649,84497,2.844706026607807,0
2023-07-28 11:12:37,2517.15,344493,1,2503.6,63649,84497,2.8814910183311873,0
2023-07-28 11:12:40,2517.15,344494,12,2503.6,63675,84421,2.8814910183311873,0
2023-07-28 11:12:41,2517.15,344506,12,2503.6,63681,84386,2.8814910183311873,0
2023-07-28 11:12:41,2517.15,344506,12,2503.6,63673,84386,2.8814910183311873,0
2023-07-28 11:12:41,2516.25,344506,2,2503.6,63673,84386,2.844706026607807,0
2023-07-28 11:12:43,2516.25,344514,1,2503.6,63705,84390,2.844706026607807,0
2023-07-28 11:12:43,2516.25,344514,1,2503.6,63710,84362,2.844706026607807,0
2023-07-28 11:12:45,2516.25,344524,1,2503.6,63708,84362,2.844706026607807,0
2023-07-28 11:12:45,2516.25,344524,1,2503.6,63714,84359,2.844706026607807,0
2023-07-28 11:12:45,2516.25,344524,1,2503.6,63715,84359,2.844706026607807,0
2023-07-28 11:12:45,2516.25,344524,1,2503.6,63736,84359,2.844706026607807,0
2023-07-28 11:12:45,2516.25,344524,1,2503.6,63736,84359,2.844706026607807,0
2023-07-28 11:12:45,2516.25,344524,1,2503.6,63731,84379,2.844706026607807,0
2023-07-28 11:12:45,2516.25,344524,1,2503.6,63736,84379,2.844706026607807,0
2023-07-28 11:12:53,2516.25,344525,8,2503.6,63784,84375,2.844706026607807,0
2023-07-28 11:12:53,2516.25,344535,8,2503.6,63736,84376,2.844706026607807,0
2023-07-28 11:12:55,2516.0,344537,1,2503.6,63734,84396,2.834487973351313,0
2023-07-28 11:12:57,2517.0,344553,16,2503.6,63734,84380,2.8753601863772875,0
2023-07-28 11:12:57,2517.0,344553,16,2503.6,63734,84400,2.8753601863772875,0
2023-07-28 11:12:57,2516.0,344553,7,2503.6,63734,84400,2.834487973351313,0
2023-07-28 11:13:01,2516.0,344560,7,2503.6,63835,84353,2.834487973351313,0
2023-07-28 11:13:03,2516.0,344580,1,2503.6,63804,84311,2.834487973351313,0
2023-07-28 11:13:03,2517.0,344580,6,2503.6,63804,84311,2.8753601863772875,0
2023-07-28 11:13:05,2517.0,344586,6,2503.6,63807,84305,2.8753601863772875,0
2023-07-28 11:13:05,2517.0,344586,4,2503.6,63807,84309,2.8753601863772875,0
2023-07-28 11:13:06,2517.0,344590,4,2503.6,64839,84346,2.8753601863772875,0
2023-07-28 11:13:06,2517.0,344590,4,2503.6,65070,84451,2.8753601863772875,0
2023-07-28 11:13:06,2516.05,344590,4,2503.6,65070,84451,2.8365315840026195,0
2023-07-28 11:13:19,2516.05,344596,4,2503.6,65066,84499,2.8365315840026195,0
2023-07-28 11:13:19,2516.05,344596,26,2503.6,65066,84499,2.8365315840026195,0
2023-07-28 11:13:20,2516.05,344650,26,2503.6,65054,84089,2.8365315840026195,0
2023-07-28 11:13:20,2517.0,344650,11,2503.6,65054,84089,2.8753601863772875,0
2023-07-28 11:13:20,2516.05,344650,54,2503.6,65054,84089,2.8365315840026195,0
2023-07-28 11:13:25,2516.05,345099,54,2503.62,65229,83789,2.8365315840026195,0
2023-07-28 11:13:25,2517.0,345099,4,2503.62,65229,83789,2.8753601863772875,0
2023-07-28 11:13:30,2517.0,345103,4,2503.62,65148,83801,2.8753601863772875,0
2023-07-28 11:13:30,2517.0,345103,4,2503.62,65171,83762,2.8753601863772875,0
2023-07-28 11:13:30,2516.4,345103,6,2503.62,65171,83762,2.8508368585617068,0
2023-07-28 11:13:35,2516.4,345109,6,2503.62,65122,83965,2.8508368585617068,0
2023-07-28 11:13:35,2517.0,345109,5,2503.62,65122,83965,2.8753601863772875,0
2023-07-28 11:13:40,2517.0,345119,5,2503.62,64829,84209,2.8753601863772875,0
2023-07-28 11:13:40,2517.0,345119,5,2503.62,64837,84440,2.8753601863772875,0
2023-07-28 11:13:40,2517.1,345119,44,2503.62,64837,84440,2.8794474076798813,0
2023-07-28 11:13:51,2517.1,345219,44,2503.63,64402,84285,2.8794474076798813,0
2023-07-28 11:13:51,2516.4,345219,9,2503.63,64402,84285,2.8508368585617068,0
2023-07-28 11:13:53,2516.4,345229,9,2503.63,64534,84291,2.8508368585617068,0
2023-07-28 11:13:53,2516.4,345229,1,2503.63,64534,84291,2.8508368585617068,0
2023-07-28 11:13:53,2517.0,345229,7,2503.63,64534,84291,2.8753601863772875,0
2023-07-28 11:13:58,2517.0,345255,7,2503.63,64083,84292,2.8753601863772875,0
2023-07-28 11:13:58,2517.1,345255,30,2503.63,64083,84292,2.8794474076798813,0
2023-07-28 11:14:02,2517.1,345285,30,2503.63,64053,84385,2.8794474076798813,0
2023-07-28 11:14:02,2517.1,345285,30,2503.63,64066,84406,2.8794474076798813,0
2023-07-28 11:14:02,2516.15,345285,2,2503.63,64066,84406,2.8406188053052133,0
2023-07-28 11:14:12,2516.15,345314,2,2503.63,64270,84446,2.8406188053052133,0
2023-07-28 11:14:12,2516.15,345314,1,2503.63,64270,84446,2.8406188053052133,0
