2023-07-28 10:49:29,662.65,500096,1,661.64,239245,420548,0.030190957808126164,0
2023-07-28 10:49:29,662.65,500096,1,661.64,239247,420449,0.030190957808126164,0
2023-07-28 10:49:31,662.6,500097,1,661.64,239246,420449,0.022643218356098914,0
2023-07-28 10:49:31,662.6,500097,1,661.64,239246,420449,0.022643218356098914,0
2023-07-28 10:49:31,662.6,500097,1,661.64,239246,420449,0.022643218356098914,0
2023-07-28 10:49:33,662.6,500098,1,661.64,239245,420449,0.022643218356098914,0
2023-07-28 10:49:33,662.6,500098,1,661.64,239266,420449,0.022643218356098914,0
2023-07-28 10:49:35,662.6,500266,7,661.64,239189,420539,0.022643218356098914,0
2023-07-28 10:49:35,662.6,500266,7,661.64,238658,420539,0.022643218356098914,0
2023-07-28 10:49:35,662.7,500266,1,661.64,238660,420544,0.037738697260170574,0
2023-07-28 10:49:37,662.7,500268,1,661.64,239158,420618,0.037738697260170574,0
2023-07-28 10:49:37,662.7,500268,1,661.64,239127,420618,0.037738697260170574,0
2023-07-28 10:49:37,662.7,500268,1,661.64,239331,420455,0.037738697260170574,0
2023-07-28 10:49:37,662.7,500268,1,661.64,239331,420455,0.037738697260170574,0
2023-07-28 10:49:42,662.7,500271,3,661.64,239403,420377,0.037738697260170574,0
2023-07-28 10:49:43,662.65,500273,1,661.64,238893,420858,0.030190957808126164,0
2023-07-28 10:49:44,662.6,500274,1,661.64,239389,420907,0.022643218356098914,0
2023-07-28 10:49:44,662.6,500274,1,661.64,239377,420907,0.022643218356098914,0
2023-07-28 10:49:44,662.6,500274,1,661.64,239410,420766,0.022643218356098914,0
2023-07-28 10:49:44,662.6,500274,1,661.64,239410,420766,0.022643218356098914,0
2023-07-28 10:49:46,662.6,500279,1,661.64,239407,420766,0.022643218356098914,0
2023-07-28 10:49:47,662.6,500280,1,661.64,239406,420899,0.022643218356098914,0
2023-07-28 10:49:47,662.65,500280,1,661.64,239406,420899,0.030190957808126164,0
2023-07-28 10:49:49,662.65,500281,1,661.64,239452,420813,0.030190957808126164,0
2023-07-28 10:49:49,662.65,500281,1,661.64,239452,420813,0.030190957808126164,0
2023-07-28 10:49:50,662.55,500282,52,661.64,239112,421450,0.015095478904054502,0
2023-07-28 10:49:52,662.6,500433,1,661.64,238985,422455,0.022643218356098914,0
2023-07-28 10:49:52,662.6,500433,1,661.64,239011,422464,0.022643218356098914,0
2023-07-28 10:49:54,662.6,500434,1,661.64,239104,422232,0.022643218356098914,0
2023-07-28 10:49:54,662.6,500434,8,661.64,239104,422232,0.022643218356098914,0
2023-07-28 10:49:55,662.6,500450,8,661.64,238933,421618,0.022643218356098914,0
2023-07-28 10:49:55,662.6,500458,3,661.64,238967,421508,0.022643218356098914,0
2023-07-28 10:49:55,662.65,500458,25,661.64,238967,421508,0.030190957808126164,0
2023-07-28 10:49:58,662.65,500489,1,661.64,239071,420925,0.030190957808126164,0
2023-07-28 10:49:58,662.65,500489,1,661.64,239102,420926,0.030190957808126164,0
2023-07-28 10:49:58,662.55,500489,6,661.64,239103,420926,0.015095478904054502,0
2023-07-28 10:50:00,662.55,500495,6,661.64,239101,420823,0.015095478904054502,0
2023-07-28 10:50:00,662.55,500495,6,661.64,239101,420844,0.015095478904054502,0
2023-07-28 10:50:03,662.55,500496,1,661.64,239100,420844,0.015095478904054502,0
2023-07-28 10:50:03,662.55,500496,1,661.64,239066,420690,0.015095478904054502,0
2023-07-28 10:50:03,662.55,500496,1,661.64,239066,420694,0.015095478904054502,0
2023-07-28 10:50:03,662.55,500496,1,661.64,239066,420694,0.015095478904054502,0
2023-07-28 10:50:06,662.55,500497,1,661.64,238924,420861,0.015095478904054502,0
2023-07-28 10:50:06,662.6,500497,1,661.64,238924,420861,0.022643218356098914,0
2023-07-28 10:50:06,662.6,500497,7,661.64,238924,420861,0.022643218356098914,0
2023-07-28 10:50:07,662.5,500508,1,661.64,238948,420630,0.007547739452027251,0
2023-07-28 10:50:07,662.5,500508,5,661.64,238948,420630,0.007547739452027251,0
2023-07-28 10:50:07,662.55,500508,5,661.64,238948,420630,0.015095478904054502,0
2023-07-28 10:50:07,662.6,500508,1,661.64,238948,420630,0.022643218356098914,0
2023-07-28 10:50:14,662.6,500711,1,661.64,238809,420685,0.022643218356098914,0
2023-07-28 10:50:19,662.55,500712,1,661.64,238907,420699,0.015095478904054502,0
2023-07-28 10:50:19,662.55,500712,1,661.64,238907,420699,0.015095478904054502,0
2023-07-28 10:50:19,662.55,500712,1,661.64,238907,420699,0.015095478904054502,0
2023-07-28 10:50:19,662.55,500712,1,661.64,238907,420699,0.015095478904054502,0
2023-07-28 10:50:19,662.5,500712,49,661.64,238907,420699,0.007547739452027251,0
2023-07-28 10:50:19,662.55,500712,1,661.64,238907,420699,0.015095478904054502,0
2023-07-28 10:50:23,662.45,501158,149,661.64,237768,422393,0.0,0
2023-07-28 10:50:23,662.45,501158,18,661.64,237768,422393,0.0,0
2023-07-28 10:50:23,662.4,501158,1,661.64,237768,422393,-0.007547739452044412,0
2023-07-28 10:50:23,662.4,501158,1,661.64,237768,422393,-0.007547739452044412,0
2023-07-28 10:50:23,662.4,501158,1,661.64,237768,422393,-0.007547739452044412,0
2023-07-28 10:50:23,662.5,501158,47,661.64,237768,422393,0.007547739452027251,0
2023-07-28 10:50:26,662.5,501304,47,661.64,239465,420596,0.007547739452027251,0
2023-07-28 10:50:26,662.5,501304,30,661.64,239465,420596,0.007547739452027251,0
2023-07-28 10:50:26,662.5,501304,1,661.64,239465,420596,0.007547739452027251,0
2023-07-28 10:50:26,662.4,501304,1,661.64,239465,420596,-0.007547739452044412,0
2023-07-28 10:50:30,662.4,501371,1,661.64,238958,419838,-0.007547739452044412,0
2023-07-28 10:50:30,662.5,501371,71,661.64,238958,419838,0.007547739452027251,0
2023-07-28 10:50:30,662.45,501371,1,661.64,238958,419838,0.0,0
2023-07-28 10:50:36,662.4,501615,10,661.64,237223,422839,-0.007547739452044412,0
2023-07-28 10:50:36,662.5,501615,1,661.64,237223,422839,0.007547739452027251,0
2023-07-28 10:50:36,662.4,501615,3,661.64,237223,422839,-0.007547739452044412,0
2023-07-28 10:50:36,662.4,501615,9,661.64,237223,422839,-0.007547739452044412,0
2023-07-28 10:50:41,662.5,501730,47,661.64,239628,422005,0.007547739452027251,0
2023-07-28 10:50:41,662.4,501730,1,661.64,239628,422005,-0.007547739452044412,0
2023-07-28 10:50:41,662.4,501730,5,661.64,239628,422005,-0.007547739452044412,0
2023-07-28 10:50:45,662.4,501836,5,661.64,239208,423117,-0.007547739452044412,0
2023-07-28 10:50:45,662.5,501836,1,661.64,239208,423117,0.007547739452027251,0
2023-07-28 10:50:45,662.5,501836,5,661.64,239208,423117,0.007547739452027251,0
2023-07-28 10:50:45,662.45,501836,1,661.64,239208,423117,0.0,0
2023-07-28 10:50:49,662.45,501873,1,661.64,239102,423650,0.0,0
2023-07-28 10:50:49,662.4,501873,9,661.64,239102,423650,-0.007547739452044412,0
2023-07-28 10:50:54,662.4,501894,1,661.64,239900,420933,-0.007547739452044412,0
2023-07-28 10:50:54,662.5,501894,1,661.64,239900,420933,0.007547739452027251,0
2023-07-28 10:50:54,662.4,501894,2,661.64,239900,420933,-0.007547739452044412,0
2023-07-28 10:50:54,662.5,501894,17,661.64,239900,420933,0.007547739452027251,0
2023-07-28 10:50:54,662.4,501894,17,661.64,239900,420933,-0.007547739452044412,0
2023-07-28 10:50:58,662.4,502169,18,661.64,239484,422377,-0.007547739452044412,0
2023-07-28 10:50:58,662.4,502169,1,661.64,239484,422377,-0.007547739452044412,0
2023-07-28 10:51:03,662.5,502271,1,661.64,239449,422727,0.007547739452027251,0
2023-07-28 10:51:03,662.45,502271,6,661.64,239449,422727,0.0,0
2023-07-28 10:51:06,662.45,502284,1,661.64,237805,422750,0.0,0
2023-07-28 10:51:07,662.35,502430,60,661.64,235742,424992,-0.015095478904071662,0
2023-07-28 10:51:07,662.35,502430,60,661.64,236542,424992,-0.015095478904071662,0
2023-07-28 10:51:10,662.25,503088,21,661.64,234908,419976,-0.030190957808143324,0
2023-07-28 10:51:11,662.4,503333,1,661.64,236455,420086,-0.007547739452044412,0
2023-07-28 10:51:11,662.4,503333,37,661.64,236455,420086,-0.007547739452044412,0
2023-07-28 10:51:12,662.35,503482,60,661.64,238609,421002,-0.015095478904071662,0
2023-07-28 10:51:13,662.4,503487,5,661.64,238644,421263,-0.007547739452044412,0
2023-07-28 10:51:16,662.2,503506,8,661.64,238663,421297,-0.037738697260170574,0
2023-07-28 10:51:16,662.2,503506,8,661.64,238663,421297,-0.037738697260170574,0
2023-07-28 10:51:16,662.2,503506,8,661.64,238674,421297,-0.037738697260170574,0
2023-07-28 10:51:16,662.3,503506,1,661.64,238674,421381,-0.022643218356116074,0
2023-07-28 10:51:16,662.4,503506,10,661.64,238674,421381,-0.007547739452044412,0
2023-07-28 10:51:19,662.4,503519,1,661.64,238417,422576,-0.007547739452044412,0
2023-07-28 10:51:19,662.4,503519,1,661.64,238446,422576,-0.007547739452044412,0
2023-07-28 10:51:22,662.4,503528,4,661.64,238816,421941,-0.007547739452044412,0
2023-07-28 10:51:23,662.2,503533,1,661.64,238656,421269,-0.037738697260170574,0
2023-07-28 10:51:23,662.2,503533,1,661.64,238656,421269,-0.037738697260170574,0
2023-07-28 10:51:23,662.2,503533,1,661.64,238438,422915,-0.037738697260170574,0
2023-07-28 10:51:23,662.2,503533,1,661.64,238480,423011,-0.037738697260170574,0
2023-07-28 10:51:23,662.2,503533,1,661.64,238476,423000,-0.037738697260170574,0
2023-07-28 10:51:23,662.25,503533,6,661.64,238476,423000,-0.030190957808143324,0
2023-07-28 10:51:26,662.3,503614,7,661.64,239631,421612,-0.022643218356116074,0
2023-07-28 10:51:26,662.25,503614,11,661.64,239631,421612,-0.030190957808143324,0
2023-07-28 10:51:28,662.25,503638,6,661.64,239339,419029,-0.030190957808143324,0
2023-07-28 10:51:28,662.25,503638,1,661.64,239339,419029,-0.030190957808143324,0
2023-07-28 10:51:28,662.25,503639,1,661.64,239350,419104,-0.030190957808143324,0
2023-07-28 10:51:28,662.25,503639,1,661.64,239352,419104,-0.030190957808143324,0
2023-07-28 10:51:28,662.25,503639,5,661.64,239352,419104,-0.030190957808143324,0
2023-07-28 10:51:31,662.25,503650,6,661.64,239370,420774,-0.030190957808143324,0
2023-07-28 10:51:32,662.2,503652,1,661.64,239381,420773,-0.037738697260170574,0
2023-07-28 10:51:32,662.2,503662,4,661.64,239166,420763,-0.037738697260170574,0
2023-07-28 10:51:32,662.25,503662,5,661.64,239166,420763,-0.030190957808143324,0
2023-07-28 10:51:34,662.25,503674,6,661.64,239168,420720,-0.030190957808143324,0
2023-07-28 10:51:34,662.25,503674,6,661.64,239168,420720,-0.030190957808143324,0
2023-07-28 10:51:35,662.2,503676,2,661.64,239283,420720,-0.037738697260170574,0
2023-07-28 10:51:36,662.25,503677,1,661.64,239289,420795,-0.030190957808143324,0
2023-07-28 10:51:37,662.2,503737,4,661.64,238890,421021,-0.037738697260170574,0
2023-07-28 10:51:38,662.25,503738,1,661.64,239140,421091,-0.030190957808143324,0
2023-07-28 10:51:39,662.25,503741,1,661.64,239135,421098,-0.030190957808143324,0
2023-07-28 10:51:41,662.2,503765,1,661.64,238789,421023,-0.037738697260170574,0
2023-07-28 10:51:41,662.2,503765,1,661.64,238889,421023,-0.037738697260170574,0
2023-07-28 10:51:41,662.4,503854,47,661.64,238991,420809,-0.007547739452044412,0
2023-07-28 10:51:41,662.2,503854,1,661.64,238991,420809,-0.037738697260170574,0
2023-07-28 10:51:42,662.2,503869,1,661.64,239102,420789,-0.037738697260170574,0
2023-07-28 10:51:42,662.4,503869,1,661.64,239102,420789,-0.007547739452044412,0
2023-07-28 10:51:44,662.4,503871,1,661.64,239048,420809,-0.007547739452044412,0
2023-07-28 10:51:44,662.4,503871,1,661.64,239048,420809,-0.007547739452044412,0
2023-07-28 10:51:45,662.4,503872,1,661.64,239110,422020,-0.007547739452044412,0
2023-07-28 10:51:45,662.2,503872,1,661.64,239110,422020,-0.037738697260170574,0
2023-07-28 10:51:46,662.2,503873,1,661.64,239098,422896,-0.037738697260170574,0
2023-07-28 10:51:46,662.2,503873,1,661.64,239064,422921,-0.037738697260170574,0
2023-07-28 10:51:49,662.35,503878,1,661.64,238087,423610,-0.015095478904071662,0
2023-07-28 10:51:49,662.2,503878,5,661.64,238087,423610,-0.037738697260170574,0
2023-07-28 10:51:50,662.2,503888,5,661.64,238788,422909,-0.037738697260170574,0
2023-07-28 10:51:50,662.2,503888,5,661.64,238903,422909,-0.037738697260170574,0
2023-07-28 10:51:50,662.25,503888,1,661.64,238903,422909,-0.030190957808143324,0
2023-07-28 10:51:52,662.25,503889,1,661.64,239433,422715,-0.030190957808143324,0
2023-07-28 10:51:54,662.35,503890,1,661.64,239433,422465,-0.015095478904071662,0
2023-07-28 10:51:54,662.35,503890,1,661.64,239433,422446,-0.015095478904071662,0
2023-07-28 10:51:56,662.4,503991,48,661.64,239433,422324,-0.007547739452044412,0
2023-07-28 10:51:56,662.4,503991,48,661.64,239433,422324,-0.007547739452044412,0
2023-07-28 10:51:57,662.25,503992,1,661.64,239436,422182,-0.030190957808143324,0
2023-07-28 10:51:57,662.25,503992,1,661.64,239436,422181,-0.030190957808143324,0
2023-07-28 10:51:57,662.25,503992,1,661.64,239664,422115,-0.030190957808143324,0
2023-07-28 10:51:57,662.35,503992,1,661.64,239664,422115,-0.015095478904071662,0
2023-07-28 10:52:00,662.35,504021,1,661.64,239334,422148,-0.015095478904071662,0
2023-07-28 10:52:00,662.4,504021,1,661.64,239334,422148,-0.007547739452044412,0
2023-07-28 10:52:01,662.4,504022,1,661.64,239340,422150,-0.007547739452044412,0
2023-07-28 10:52:01,662.4,504022,1,661.64,240259,422150,-0.007547739452044412,0
2023-07-28 10:52:01,662.4,504022,2,661.64,240259,422150,-0.007547739452044412,0
2023-07-28 10:52:04,662.4,504040,2,661.64,240344,422204,-0.007547739452044412,0
2023-07-28 10:52:04,662.35,504040,1,661.64,240344,422204,-0.015095478904071662,0
2023-07-28 10:52:05,662.35,504044,3,661.64,240361,422203,-0.015095478904071662,0
2023-07-28 10:52:07,662.4,504070,11,661.64,240338,422059,-0.007547739452044412,0
2023-07-28 10:52:08,662.35,504071,1,661.64,240367,422064,-0.015095478904071662,0
2023-07-28 10:52:08,662.4,504071,1,661.64,240367,422064,-0.007547739452044412,0
2023-07-28 10:52:09,662.4,504073,12,661.64,240108,422163,-0.007547739452044412,0
2023-07-28 10:52:11,662.35,505453,1,661.64,240085,421006,-0.015095478904071662,0
2023-07-28 10:52:11,662.4,505542,1,661.64,240251,420911,-0.007547739452044412,0
2023-07-28 10:52:11,662.4,505542,1,661.64,240251,420911,-0.007547739452044412,0
2023-07-28 10:52:11,662.4,505542,1,661.64,240286,420912,-0.007547739452044412,0
2023-07-28 10:52:11,662.4,505542,1,661.64,240287,420955,-0.007547739452044412,0
2023-07-28 10:52:11,662.4,505542,1,661.64,240287,420955,-0.007547739452044412,0
2023-07-28 10:52:16,662.4,505543,1,661.64,240288,420969,-0.007547739452044412,0
2023-07-28 10:52:16,662.35,505543,1,661.64,240288,420969,-0.015095478904071662,0
2023-07-28 10:52:18,662.35,505545,1,661.64,240068,421018,-0.015095478904071662,0
2023-07-28 10:52:18,662.35,505545,35,661.64,240089,421102,-0.015095478904071662,0
2023-07-28 10:52:20,662.35,505580,2,661.64,240012,422376,-0.015095478904071662,0
2023-07-28 10:52:21,662.35,505582,1,661.64,240010,422376,-0.015095478904071662,0
2023-07-28 10:52:22,662.3,505701,10,661.64,239497,422500,-0.022643218356116074,0
2023-07-28 10:52:23,662.3,505735,11,661.64,239456,421500,-0.022643218356116074,0
2023-07-28 10:52:23,662.3,505735,11,661.64,239456,421500,-0.022643218356116074,0
2023-07-28 10:52:24,662.2,505758,1,661.64,238130,422286,-0.037738697260170574,0
2023-07-28 10:52:25,662.25,506056,100,661.65,238088,422070,-0.030190957808143324,0
2023-07-28 10:52:26,662.2,506173,47,661.65,237997,421783,-0.037738697260170574,0
2023-07-28 10:52:27,662.2,506523,350,661.65,237669,421365,-0.037738697260170574,0
2023-07-28 10:52:28,662.25,508396,1,661.65,238051,421103,-0.030190957808143324,0
2023-07-28 10:52:28,662.2,508396,5,661.65,238051,421103,-0.037738697260170574,0
2023-07-28 10:52:30,662.0,508412,1,661.65,237286,422505,-0.0679296550683139,0
2023-07-28 10:52:32,662.2,508417,5,661.65,237318,421630,-0.037738697260170574,0
2023-07-28 10:52:32,662.2,508417,5,661.65,237458,421651,-0.037738697260170574,0
2023-07-28 10:52:32,662.05,508419,1,661.65,237577,421650,-0.06038191561628665,0
2023-07-28 10:52:32,662.2,508419,1,661.65,237577,421650,-0.037738697260170574,0
2023-07-28 10:52:34,662.2,508420,1,661.65,237384,421650,-0.037738697260170574,0
2023-07-28 10:52:34,662.2,508420,1,661.65,237405,421827,-0.037738697260170574,0
2023-07-28 10:52:34,662.05,508420,1,661.65,237405,421827,-0.06038191561628665,0
2023-07-28 10:52:36,662.05,508421,1,661.65,237404,421613,-0.06038191561628665,0
2023-07-28 10:52:37,662.15,508423,2,661.65,236843,422302,-0.04528643671221499,0
2023-07-28 10:52:37,662.0,508423,6,661.65,236843,422302,-0.0679296550683139,0
2023-07-28 10:52:37,662.0,508439,6,661.65,237101,422857,-0.0679296550683139,0
2023-07-28 10:52:37,662.0,508439,6,661.65,237102,422882,-0.0679296550683139,0
2023-07-28 10:52:37,662.1,508439,1,661.65,237102,422882,-0.05283417616424224,0
2023-07-28 10:52:40,662.1,508440,1,661.65,237104,422597,-0.05283417616424224,0
2023-07-28 10:52:41,662.15,508529,48,661.65,237124,421366,-0.04528643671221499,0
2023-07-28 10:52:41,662.1,508529,1,661.65,237124,421366,-0.05283417616424224,0
2023-07-28 10:52:42,662.05,510011,1,661.65,237807,421241,-0.06038191561628665,0
2023-07-28 10:52:42,662.05,510011,1,661.65,237944,421241,-0.06038191561628665,0
2023-07-28 10:52:42,662.05,510011,1,661.65,237592,420395,-0.06038191561628665,0
2023-07-28 10:52:45,662.0,511111,421,661.65,236594,423044,-0.0679296550683139,0
2023-07-28 10:52:46,662.05,511121,3,661.65,236319,424071,-0.06038191561628665,0
2023-07-28 10:52:46,662.05,511121,3,661.65,236321,424078,-0.06038191561628665,0
2023-07-28 10:52:46,662.05,511121,3,661.65,236324,424078,-0.06038191561628665,0
2023-07-28 10:52:46,662.05,511121,3,661.65,236700,424128,-0.06038191561628665,0
2023-07-28 10:52:50,662.15,511122,1,661.65,236700,424127,-0.04528643671221499,0
2023-07-28 10:52:51,662.05,511132,7,661.65,237030,423048,-0.06038191561628665,0
2023-07-28 10:52:52,662.1,511133,1,661.65,238030,423048,-0.05283417616424224,0
2023-07-28 10:52:52,662.05,511133,215,661.65,238030,423048,-0.06038191561628665,0
2023-07-28 10:52:53,662.05,511350,1,661.65,237897,422148,-0.06038191561628665,0
2023-07-28 10:52:53,662.05,511350,3,661.65,237897,422148,-0.06038191561628665,0
2023-07-28 10:52:55,662.0,511548,76,661.65,237792,422228,-0.0679296550683139,0
2023-07-28 10:52:55,662.0,511548,76,661.65,237392,422045,-0.0679296550683139,0
2023-07-28 10:52:55,662.1,511548,10,661.65,237392,422045,-0.05283417616424224,0
2023-07-28 10:52:57,662.1,511648,1,661.65,237462,421670,-0.05283417616424224,0
2023-07-28 10:52:58,662.1,511653,5,661.65,237462,422783,-0.05283417616424224,0
2023-07-28 10:52:58,662.1,511653,16,661.65,237462,422783,-0.05283417616424224,0
2023-07-28 10:53:00,662.05,511673,1,661.65,237402,421767,-0.06038191561628665,0
2023-07-28 10:53:00,662.05,511673,1,661.65,237402,421767,-0.06038191561628665,0
2023-07-28 10:53:00,662.05,511673,1,661.65,237402,421746,-0.06038191561628665,0
2023-07-28 10:53:00,662.1,511673,1,661.65,237402,421747,-0.05283417616424224,0
2023-07-28 10:53:02,662.1,511692,1,661.65,237402,421603,-0.05283417616424224,0
2023-07-28 10:53:04,662.1,511693,1,661.65,237716,421784,-0.05283417616424224,0
2023-07-28 10:53:04,662.05,511693,1,661.65,237716,421784,-0.06038191561628665,0
2023-07-28 10:53:05,662.05,511715,1,661.65,237617,421546,-0.06038191561628665,0
2023-07-28 10:53:06,662.05,511725,4,661.65,237651,421546,-0.06038191561628665,0
2023-07-28 10:53:06,662.05,511725,1,661.65,237651,421546,-0.06038191561628665,0
2023-07-28 10:53:07,662.1,511982,4,661.65,237630,421413,-0.05283417616424224,0
2023-07-28 10:53:07,662.1,511982,4,661.65,237630,421413,-0.05283417616424224,0
2023-07-28 10:53:08,662.05,512040,36,661.65,237547,421978,-0.06038191561628665,0
2023-07-28 10:53:09,662.0,512057,2,661.65,237556,422057,-0.0679296550683139,0
2023-07-28 10:53:10,662.0,512601,1,661.65,237591,421544,-0.0679296550683139,0
2023-07-28 10:53:11,662.05,512688,29,661.65,238403,422373,-0.06038191561628665,0
2023-07-28 10:53:12,662.05,512789,2,661.65,237626,422783,-0.06038191561628665,0
2023-07-28 10:53:13,662.05,515121,15,661.65,235000,423353,-0.06038191561628665,0
2023-07-28 10:53:13,662.05,515121,15,661.65,235000,423353,-0.06038191561628665,0
2023-07-28 10:53:14,661.95,515816,375,661.65,234297,424565,-0.07547739452034115,0
2023-07-28 10:53:16,661.9,517260,11,661.65,235264,421359,-0.08302513397238556,0
2023-07-28 10:53:16,661.9,517330,70,661.65,235221,421763,-0.08302513397238556,0
2023-07-28 10:53:17,661.9,519342,44,661.65,235125,420695,-0.08302513397238556,0
2023-07-28 10:53:19,661.9,519420,1,661.65,235215,421942,-0.08302513397238556,0
2023-07-28 10:53:19,661.9,519422,1,661.65,235169,421941,-0.08302513397238556,0
2023-07-28 10:53:20,661.85,519625,80,661.65,234272,420939,-0.09057287342441281,0
2023-07-28 10:53:20,661.8,519625,1,661.65,234272,420939,-0.09812061287645722,0
2023-07-28 10:53:21,661.85,519636,10,661.65,234443,421892,-0.09057287342441281,0
2023-07-28 10:53:21,661.8,519636,1,661.65,234443,421892,-0.09812061287645722,0
2023-07-28 10:53:21,661.8,519636,1,661.65,234443,421892,-0.09812061287645722,0
2023-07-28 10:53:22,661.8,519647,10,661.65,234079,421913,-0.09812061287645722,0
2023-07-28 10:53:22,661.9,519647,1,661.65,234079,421913,-0.08302513397238556,0
2023-07-28 10:53:23,661.9,519648,1,661.65,234079,422038,-0.08302513397238556,0
2023-07-28 10:53:23,661.9,519648,1,661.65,234103,422038,-0.08302513397238556,0
2023-07-28 10:53:23,661.9,519648,1,661.65,234103,422038,-0.08302513397238556,0
2023-07-28 10:53:25,661.8,519649,1,661.65,234112,422038,-0.09812061287645722,0
2023-07-28 10:53:25,661.9,519649,4,661.65,234112,422038,-0.08302513397238556,0
2023-07-28 10:53:26,661.9,519739,4,661.65,234193,421778,-0.08302513397238556,0
2023-07-28 10:53:28,661.9,519924,7,661.65,234245,421706,-0.08302513397238556,0
2023-07-28 10:53:28,661.9,519924,7,661.65,234006,420930,-0.08302513397238556,0
2023-07-28 10:53:30,661.8,520231,1,661.65,234036,420744,-0.09812061287645722,0
2023-07-28 10:53:30,661.8,520231,1,661.65,234050,420303,-0.09812061287645722,0
2023-07-28 10:53:32,661.8,520232,1,661.65,234049,420303,-0.09812061287645722,0
2023-07-28 10:53:32,661.8,520232,1,661.65,234060,420305,-0.09812061287645722,0
2023-07-28 10:53:36,661.85,520234,1,661.65,234059,420304,-0.09057287342441281,0
2023-07-28 10:53:37,661.8,520244,1,661.65,233967,420207,-0.09812061287645722,0
2023-07-28 10:53:39,661.85,521346,1,661.66,232250,421000,-0.09057287342441281,0
2023-07-28 10:53:39,661.85,521346,1,661.66,232250,421000,-0.09057287342441281,0
2023-07-28 10:53:39,661.85,521346,1,661.66,232073,420983,-0.09057287342441281,0
2023-07-28 10:53:41,661.75,521434,1,661.66,232073,420899,-0.10566835232848448,0
2023-07-28 10:53:41,661.75,521434,1,661.66,232073,420899,-0.10566835232848448,0
2023-07-28 10:53:42,661.8,521437,1,661.66,232071,420986,-0.09812061287645722,0
2023-07-28 10:53:43,661.8,521537,1,661.66,232049,421007,-0.09812061287645722,0
2023-07-28 10:53:44,661.75,521577,1,661.66,232331,421006,-0.10566835232848448,0
2023-07-28 10:53:44,661.75,521577,1,661.66,232368,421006,-0.10566835232848448,0
2023-07-28 10:53:44,661.75,521577,1,661.66,232368,421006,-0.10566835232848448,0
2023-07-28 10:53:44,661.8,521577,1,661.66,232368,421006,-0.09812061287645722,0
2023-07-28 10:53:48,661.8,521579,1,661.66,232508,421122,-0.09812061287645722,0
2023-07-28 10:53:50,661.75,522108,7,661.66,232623,422168,-0.10566835232848448,0
2023-07-28 10:53:50,661.75,522108,7,661.66,232620,422168,-0.10566835232848448,0
2023-07-28 10:53:50,661.8,522108,1,661.66,232620,421069,-0.09812061287645722,0
2023-07-28 10:53:52,661.8,523245,25,661.66,234969,419062,-0.09812061287645722,0
2023-07-28 10:53:52,661.85,523245,1,661.66,234969,419062,-0.09057287342441281,0
2023-07-28 10:53:54,661.75,523441,1,661.66,232521,419510,-0.10566835232848448,0
2023-07-28 10:53:54,661.75,523441,1,661.66,232521,419510,-0.10566835232848448,0
2023-07-28 10:53:55,661.85,523442,1,661.66,232425,419689,-0.09057287342441281,0
2023-07-28 10:53:55,661.85,523442,4,661.66,232425,419689,-0.09057287342441281,0
2023-07-28 10:53:57,661.85,523531,1,661.66,232430,419496,-0.09057287342441281,0
2023-07-28 10:53:57,661.75,523533,1,661.66,232456,419496,-0.10566835232848448,0
2023-07-28 10:53:58,661.85,523534,1,661.66,233764,419552,-0.09057287342441281,0
2023-07-28 10:53:58,661.85,523534,1,661.66,233782,419552,-0.09057287342441281,0
2023-07-28 10:53:58,661.85,523534,6,661.66,233782,419552,-0.09057287342441281,0
2023-07-28 10:54:01,661.85,523694,12,661.66,234295,419315,-0.09057287342441281,0
2023-07-28 10:54:01,661.85,523694,12,661.66,234295,419315,-0.09057287342441281,0
2023-07-28 10:54:02,661.85,523697,1,661.66,234269,419314,-0.09057287342441281,0
2023-07-28 10:54:02,661.75,523697,15,661.66,234269,419314,-0.10566835232848448,0
2023-07-28 10:54:04,661.75,523824,100,661.66,234238,419369,-0.10566835232848448,0
2023-07-28 10:54:04,661.75,523824,100,661.66,234238,419369,-0.10566835232848448,0
2023-07-28 10:54:05,661.85,523830,1,661.66,234234,419367,-0.09057287342441281,0
2023-07-28 10:54:05,661.75,523830,1,661.66,234234,419367,-0.10566835232848448,0
2023-07-28 10:54:05,661.75,523830,1,661.66,234234,419367,-0.10566835232848448,0
2023-07-28 10:54:05,661.75,523830,1,661.66,234234,419367,-0.10566835232848448,0
2023-07-28 10:54:08,661.75,523845,1,661.66,234062,419221,-0.10566835232848448,0
2023-07-28 10:54:08,661.95,523845,12,661.66,234062,419221,-0.07547739452034115,0
2023-07-28 10:54:08,662.05,523845,1,661.66,234062,419221,-0.06038191561628665,0
2023-07-28 10:54:08,662.05,523845,1,661.66,234062,419221,-0.06038191561628665,0
2023-07-28 10:54:13,661.9,524552,1,661.66,233955,418664,-0.08302513397238556,0
2023-07-28 10:54:13,661.9,524552,11,661.66,233955,418664,-0.08302513397238556,0
2023-07-28 10:54:13,662.05,524552,11,661.66,233955,418664,-0.06038191561628665,0
2023-07-28 10:54:13,662.1,524552,1,661.66,233955,418664,-0.05283417616424224,0
2023-07-28 10:54:17,662.1,524610,1,661.66,234977,419509,-0.05283417616424224,0
2023-07-28 10:54:17,662.05,524610,1,661.66,234977,419509,-0.06038191561628665,0
2023-07-28 10:54:17,662.05,524610,15,661.66,234977,419509,-0.06038191561628665,0
2023-07-28 10:54:22,661.9,524698,5,661.66,235952,419271,-0.08302513397238556,0
2023-07-28 10:54:22,661.9,524698,1,661.66,235952,419271,-0.08302513397238556,0
2023-07-28 10:54:22,662.1,524698,1,661.66,235952,419271,-0.05283417616424224,0
2023-07-28 10:54:22,662.15,524698,1,661.66,235952,419271,-0.04528643671221499,0
2023-07-28 10:54:27,662.15,525484,1,661.66,238543,416834,-0.04528643671221499,0
2023-07-28 10:54:27,662.45,525484,1,661.66,238543,416834,0.0,0
2023-07-28 10:54:27,662.45,525484,15,661.66,238543,416834,0.0,0
2023-07-28 10:54:27,662.45,525484,1,661.66,238543,416834,0.0,0
2023-07-28 10:54:30,662.45,525502,11,661.66,239354,419945,0.0,0
2023-07-28 10:54:30,662.25,525502,1,661.66,239354,419945,-0.030190957808143324,0
2023-07-28 10:54:30,662.45,525502,1,661.66,239354,419945,0.0,0
2023-07-28 10:54:32,662.45,525519,1,661.66,240712,421028,0.0,0
2023-07-28 10:54:32,662.4,525519,9,661.66,240712,421028,-0.007547739452044412,0
2023-07-28 10:54:32,662.4,525519,1,661.66,240712,421028,-0.007547739452044412,0
2023-07-28 10:54:32,662.4,525519,1,661.66,240712,421028,-0.007547739452044412,0
2023-07-28 10:54:32,662.4,525519,2,661.66,240712,421028,-0.007547739452044412,0
2023-07-28 10:54:32,662.35,525519,1,661.66,240712,421028,-0.015095478904071662,0
2023-07-28 10:54:38,662.35,525543,1,661.66,239122,420950,-0.015095478904071662,0
2023-07-28 10:54:38,662.35,525543,1,661.66,239122,420950,-0.015095478904071662,0
2023-07-28 10:54:38,662.15,525543,1,661.66,239122,420950,-0.04528643671221499,0
2023-07-28 10:54:38,662.4,525543,1100,661.66,239122,420950,-0.007547739452044412,0
2023-07-28 10:54:43,662.45,526796,1,661.66,247777,422678,0.0,0
2023-07-28 10:54:43,662.4,526796,1,661.66,247777,422678,-0.007547739452044412,0
2023-07-28 10:54:43,662.45,526796,1,661.66,247777,422678,0.0,0
2023-07-28 10:54:43,662.4,526796,1,661.66,247777,422678,-0.007547739452044412,0
2023-07-28 10:54:47,662.45,526825,1,661.66,246674,423182,0.0,0
2023-07-28 10:54:47,662.4,526825,1,661.66,246674,423182,-0.007547739452044412,0
2023-07-28 10:54:47,662.45,526825,1,661.66,246674,423182,0.0,0
2023-07-28 10:54:51,662.45,526861,1,661.66,245702,423150,0.0,0
2023-07-28 10:54:51,662.45,526861,1,661.66,245702,423150,0.0,0
2023-07-28 10:54:51,662.5,526861,39,661.66,245702,423150,0.007547739452027251,0
2023-07-28 10:54:51,662.55,526861,1,661.66,245702,423150,0.015095478904054502,0
2023-07-28 10:54:51,662.6,526861,3,661.66,245702,423150,0.022643218356098914,0
2023-07-28 10:54:55,662.6,527307,1,661.66,244031,424534,0.022643218356098914,0
2023-07-28 10:54:55,662.6,527307,1,661.66,244031,424534,0.022643218356098914,0
2023-07-28 10:54:55,662.65,527307,48,661.66,244031,424534,0.030190957808126164,0
2023-07-28 10:54:55,662.5,527307,1,661.66,244031,424534,0.007547739452027251,0
2023-07-28 10:54:55,662.7,527307,1,661.66,244031,424534,0.037738697260170574,0
2023-07-28 10:54:58,662.7,527591,1,661.66,245128,425572,0.037738697260170574,0
2023-07-28 10:54:58,662.75,527591,1,661.66,245128,425572,0.04528643671219783,0
2023-07-28 10:54:58,662.55,527591,1,661.66,245128,425572,0.015095478904054502,0
2023-07-28 10:54:58,662.7,527591,25,661.66,245128,425572,0.037738697260170574,0
2023-07-28 10:54:58,662.75,527591,1,661.66,245128,425572,0.04528643671219783,0
2023-07-28 10:55:03,662.55,527780,31,661.66,244958,426295,0.015095478904054502,0
2023-07-28 10:55:03,662.55,527780,1,661.66,244958,426295,0.015095478904054502,0
2023-07-28 10:55:03,662.75,527780,1,661.66,244958,426295,0.04528643671219783,0
2023-07-28 10:55:05,662.75,527794,1,661.66,245528,426700,0.04528643671219783,0
2023-07-28 10:55:05,662.55,527794,1,661.66,245528,426700,0.015095478904054502,0
2023-07-28 10:55:06,662.55,527796,1,661.66,245499,426714,0.015095478904054502,0
2023-07-28 10:55:06,662.55,527796,1,661.66,245499,426714,0.015095478904054502,0
2023-07-28 10:55:08,662.05,536544,375,661.67,231464,427696,-0.06038191561628665,0
2023-07-28 10:55:09,662.15,536545,1,661.67,232060,427919,-0.04528643671221499,0
2023-07-28 10:55:09,662.15,536545,50,661.67,232060,427919,-0.04528643671221499,0
2023-07-28 10:55:10,662.15,536646,1,661.67,234487,428960,-0.04528643671221499,0
2023-07-28 10:55:10,662.15,536646,46,661.67,234487,428960,-0.04528643671221499,0
2023-07-28 10:55:11,661.9,538121,20,661.67,235680,428225,-0.08302513397238556,0
2023-07-28 10:55:11,662.05,538121,1,661.67,235680,428225,-0.06038191561628665,0
2023-07-28 10:55:14,662.1,538310,1,661.67,236364,431626,-0.05283417616424224,0
2023-07-28 10:55:14,661.9,538311,1,661.67,236110,432038,-0.08302513397238556,0
2023-07-28 10:55:16,662.0,538314,3,661.67,236085,432521,-0.0679296550683139,0
2023-07-28 10:55:16,662.0,538316,1,661.67,236056,433265,-0.0679296550683139,0
2023-07-28 10:55:18,661.9,538430,4,661.67,235992,433179,-0.08302513397238556,0
2023-07-28 10:55:18,662.0,538430,1,661.67,235992,433179,-0.0679296550683139,0
2023-07-28 10:55:19,662.0,538436,1,661.67,235972,432789,-0.0679296550683139,0
2023-07-28 10:55:19,662.0,538436,1,661.67,235972,432789,-0.0679296550683139,0
2023-07-28 10:55:20,661.95,538445,21,661.67,236451,432817,-0.07547739452034115,0
2023-07-28 10:55:21,661.95,538467,1,661.67,236407,432741,-0.07547739452034115,0
2023-07-28 10:55:22,661.95,538473,1,661.67,236387,433597,-0.07547739452034115,0
2023-07-28 10:55:22,661.95,538473,2,661.67,236387,433597,-0.07547739452034115,0
2023-07-28 10:55:23,661.9,538477,1,661.67,236374,433731,-0.08302513397238556,0
2023-07-28 10:55:24,661.9,538478,1,661.67,236373,433731,-0.08302513397238556,0
2023-07-28 10:55:25,661.95,538498,20,661.67,236380,433830,-0.07547739452034115,0
2023-07-28 10:55:25,661.95,538498,20,661.67,236380,433830,-0.07547739452034115,0
2023-07-28 10:55:26,661.9,538587,1,661.67,236546,433900,-0.08302513397238556,0
2023-07-28 10:55:27,661.95,538592,1,661.67,236555,433908,-0.07547739452034115,0
2023-07-28 10:55:29,661.95,538611,17,661.67,237323,430498,-0.07547739452034115,0
2023-07-28 10:55:29,661.9,538612,1,661.67,237253,430769,-0.08302513397238556,0
2023-07-28 10:55:30,661.95,538613,1,661.67,237188,431168,-0.07547739452034115,0
2023-07-28 10:55:30,661.95,538613,1,661.67,237421,431420,-0.07547739452034115,0
2023-07-28 10:55:32,661.9,538614,1,661.67,237276,432472,-0.08302513397238556,0
2023-07-28 10:55:32,661.9,538614,1,661.67,237276,432472,-0.08302513397238556,0
2023-07-28 10:55:33,661.95,538647,14,661.67,236963,432887,-0.07547739452034115,0
2023-07-28 10:55:34,661.95,538676,19,661.67,236135,432914,-0.07547739452034115,0
2023-07-28 10:55:35,661.9,538677,1,661.67,236133,432914,-0.08302513397238556,0
2023-07-28 10:55:35,661.95,538677,3,661.67,236133,432914,-0.07547739452034115,0
2023-07-28 10:55:37,661.95,538706,1,661.67,236131,432885,-0.07547739452034115,0
2023-07-28 10:55:39,661.9,538707,5,661.67,236131,432806,-0.08302513397238556,0
2023-07-28 10:55:39,661.9,539504,74,661.68,237213,433517,-0.08302513397238556,0
2023-07-28 10:55:40,661.95,539505,1,661.68,237213,433603,-0.07547739452034115,0
2023-07-28 10:55:41,661.95,539595,7,661.68,237470,433578,-0.07547739452034115,0
2023-07-28 10:55:42,661.9,539651,1,661.68,237549,434020,-0.08302513397238556,0
2023-07-28 10:55:42,661.9,539651,1,661.68,237618,434139,-0.08302513397238556,0
2023-07-28 10:55:44,662.0,539753,1,661.68,238544,432756,-0.0679296550683139,0
2023-07-28 10:55:45,662.0,539755,1,661.68,239069,432795,-0.0679296550683139,0
2023-07-28 10:55:46,662.0,539756,1,661.68,239224,432802,-0.0679296550683139,0
2023-07-28 10:55:48,662.0,539758,1,661.68,239281,433901,-0.0679296550683139,0
2023-07-28 10:55:48,662.0,539758,1,661.68,239281,433901,-0.0679296550683139,0
2023-07-28 10:55:50,661.9,539771,1,661.68,238951,433014,-0.08302513397238556,0
2023-07-28 10:55:51,661.9,539774,1,661.68,238066,433257,-0.08302513397238556,0
2023-07-28 10:55:51,661.9,539774,1,661.68,238066,433257,-0.08302513397238556,0
2023-07-28 10:55:52,662.0,539874,52,661.68,238252,433016,-0.0679296550683139,0
2023-07-28 10:55:53,662.0,539894,20,661.68,238281,433136,-0.0679296550683139,0
2023-07-28 10:55:53,661.9,539894,1,661.68,238281,433136,-0.08302513397238556,0
2023-07-28 10:55:54,662.0,539897,1,661.68,238688,433104,-0.0679296550683139,0
2023-07-28 10:55:55,662.0,539899,1,661.68,238673,433017,-0.0679296550683139,0
2023-07-28 10:55:56,662.0,540238,18,661.68,239093,432958,-0.0679296550683139,0
2023-07-28 10:55:57,662.0,540257,1,661.68,239222,432903,-0.0679296550683139,0
2023-07-28 10:55:58,662.0,540260,3,661.68,239148,433404,-0.0679296550683139,0
2023-07-28 10:55:58,662.0,540260,3,661.68,239148,433404,-0.0679296550683139,0
2023-07-28 10:55:59,662.0,540334,1,661.68,239152,433743,-0.0679296550683139,0
2023-07-28 10:56:00,661.9,540347,1,661.68,238735,434387,-0.08302513397238556,0
2023-07-28 10:56:00,661.9,540347,1,661.68,238735,434387,-0.08302513397238556,0
2023-07-28 10:56:01,662.0,540352,4,661.68,238735,434202,-0.0679296550683139,0
2023-07-28 10:56:01,662.0,540352,4,661.68,238735,434202,-0.0679296550683139,0
2023-07-28 10:56:01,662.0,540352,15,661.68,238752,433110,-0.0679296550683139,0
2023-07-28 10:56:03,662.0,540375,3,661.68,238750,432970,-0.0679296550683139,0
2023-07-28 10:56:03,662.0,540375,3,661.68,238750,432970,-0.0679296550683139,0
2023-07-28 10:56:03,662.0,540375,3,661.68,238750,432970,-0.0679296550683139,0
2023-07-28 10:56:03,661.95,540375,3,661.68,238750,432970,-0.07547739452034115,0
2023-07-28 10:56:05,662.0,540469,1,661.68,238452,434270,-0.0679296550683139,0
2023-07-28 10:56:06,662.0,540472,3,661.68,238286,434348,-0.0679296550683139,0
2023-07-28 10:56:07,661.9,541589,610,661.68,235384,434917,-0.08302513397238556,0
2023-07-28 10:56:08,661.9,542018,17,661.68,234727,434557,-0.08302513397238556,0
2023-07-28 10:56:08,661.75,542018,1,661.68,235063,434616,-0.10566835232848448,0
2023-07-28 10:56:11,661.75,542469,4,661.68,235054,435039,-0.10566835232848448,0
2023-07-28 10:56:12,661.9,542558,1,661.68,235030,432589,-0.08302513397238556,0
2023-07-28 10:56:12,661.9,542558,1,661.68,235030,432589,-0.08302513397238556,0
2023-07-28 10:56:13,661.75,542559,1,661.68,235029,432589,-0.10566835232848448,0
2023-07-28 10:56:13,661.9,542624,65,661.68,236100,431015,-0.08302513397238556,0
2023-07-28 10:56:15,661.75,542626,1,661.68,236137,431504,-0.10566835232848448,0
2023-07-28 10:56:15,661.75,542626,3,661.68,236137,431504,-0.10566835232848448,0
2023-07-28 10:56:15,661.75,542629,3,661.68,235921,431135,-0.10566835232848448,0
2023-07-28 10:56:16,661.95,542630,1,661.68,236649,431108,-0.07547739452034115,0
2023-07-28 10:56:16,661.9,542630,1,661.68,236649,431108,-0.08302513397238556,0
2023-07-28 10:56:18,661.9,542665,8,661.68,236698,430895,-0.08302513397238556,0
2023-07-28 10:56:18,661.8,542665,1,661.68,236698,430895,-0.09812061287645722,0
2023-07-28 10:56:19,661.8,542669,1,661.68,237054,430894,-0.09812061287645722,0
2023-07-28 10:56:19,661.8,542669,1,661.68,237054,430894,-0.09812061287645722,0
2023-07-28 10:56:19,661.8,542669,1,661.68,237054,430894,-0.09812061287645722,0
2023-07-28 10:56:19,661.8,542669,1,661.68,237054,430894,-0.09812061287645722,0
2023-07-28 10:56:21,661.9,542670,1,661.68,237036,430910,-0.08302513397238556,0
2023-07-28 10:56:22,661.8,542677,4,661.68,236782,430898,-0.09812061287645722,0
2023-07-28 10:56:22,661.8,542677,4,661.68,236782,430898,-0.09812061287645722,0
2023-07-28 10:56:23,661.8,542880,1,661.68,235611,431313,-0.09812061287645722,0
2023-07-28 10:56:24,661.9,542881,1,661.68,235366,431352,-0.08302513397238556,0
2023-07-28 10:56:24,661.9,542881,1,661.68,235366,431352,-0.08302513397238556,0
2023-07-28 10:56:25,661.9,542882,1,661.68,235366,431371,-0.08302513397238556,0
2023-07-28 10:56:26,661.9,543193,17,661.68,237657,430143,-0.08302513397238556,0
2023-07-28 10:56:27,661.8,543195,1,661.68,237777,430142,-0.09812061287645722,0
2023-07-28 10:56:27,661.75,543195,114,661.68,237777,430142,-0.10566835232848448,0
2023-07-28 10:56:28,661.8,543396,1,661.68,236675,430636,-0.09812061287645722,0
2023-07-28 10:56:29,661.8,543397,1,661.68,236607,430800,-0.09812061287645722,0
2023-07-28 10:56:30,661.8,543407,1,661.68,235031,430825,-0.09812061287645722,0
2023-07-28 10:56:30,661.8,543407,1,661.68,235468,430602,-0.09812061287645722,0
2023-07-28 10:56:30,662.0,543407,1,661.68,235466,430601,-0.0679296550683139,0
2023-07-28 10:56:33,662.0,543413,1,661.68,235287,431756,-0.0679296550683139,0
2023-07-28 10:56:33,661.9,543413,5,661.68,235111,431764,-0.08302513397238556,0
2023-07-28 10:56:33,661.8,543413,1,661.68,235111,431764,-0.09812061287645722,0
2023-07-28 10:56:36,661.8,543423,1,661.68,235038,431792,-0.09812061287645722,0
2023-07-28 10:56:36,661.75,543425,1,661.68,234745,431769,-0.10566835232848448,0
2023-07-28 10:56:37,661.75,543426,1,661.68,234573,431777,-0.10566835232848448,0
2023-07-28 10:56:39,661.75,543534,26,661.68,234469,433357,-0.10566835232848448,0
2023-07-28 10:56:39,661.8,543534,1,661.68,234469,433357,-0.09812061287645722,0
2023-07-28 10:56:40,661.8,543537,1,661.68,234578,432013,-0.09812061287645722,0
2023-07-28 10:56:40,661.8,543537,1,661.68,234578,432013,-0.09812061287645722,0
2023-07-28 10:56:41,661.8,543846,45,661.68,235394,431188,-0.09812061287645722,0
2023-07-28 10:56:41,661.75,543846,1,661.68,235394,431188,-0.10566835232848448,0
2023-07-28 10:56:42,661.75,543849,1,661.68,235185,431188,-0.10566835232848448,0
2023-07-28 10:56:43,661.75,544064,11,661.68,235125,431192,-0.10566835232848448,0
2023-07-28 10:56:43,661.75,544064,11,661.68,235122,431290,-0.10566835232848448,0
2023-07-28 10:56:43,661.75,544064,1,661.68,235122,431290,-0.10566835232848448,0
2023-07-28 10:56:45,661.75,544274,1,661.68,235110,431339,-0.10566835232848448,0
2023-07-28 10:56:46,661.8,544476,1,661.68,234767,431547,-0.09812061287645722,0
2023-07-28 10:56:47,661.8,544516,5,661.68,234755,431274,-0.09812061287645722,0
2023-07-28 10:56:48,661.75,544533,1,661.68,234749,431472,-0.10566835232848448,0
2023-07-28 10:56:50,661.75,544551,2,661.68,234584,431459,-0.10566835232848448,0
2023-07-28 10:56:51,661.75,544628,1,661.68,232326,434714,-0.10566835232848448,0
2023-07-28 10:56:51,661.65,545075,13,661.68,232797,434378,-0.12076383123255614,0
2023-07-28 10:56:52,661.75,545091,1,661.68,232805,433529,-0.10566835232848448,0
2023-07-28 10:56:52,661.75,545091,1,661.68,232805,433529,-0.10566835232848448,0
2023-07-28 10:56:53,661.6,545108,1,661.68,232892,432767,-0.1283115706845834,0
2023-07-28 10:56:54,661.6,545112,1,661.68,233043,432767,-0.1283115706845834,0
2023-07-28 10:56:55,661.8,545120,8,661.68,232967,432894,-0.09812061287645722,0
2023-07-28 10:56:56,661.8,545210,1,661.68,235764,435395,-0.09812061287645722,0
2023-07-28 10:56:56,661.8,545210,1,661.68,235764,435395,-0.09812061287645722,0
2023-07-28 10:56:57,661.8,545211,1,661.68,235764,435391,-0.09812061287645722,0
2023-07-28 10:56:59,661.8,545214,1,661.68,235762,435389,-0.09812061287645722,0
2023-07-28 10:56:59,661.8,545214,1,661.68,235762,435389,-0.09812061287645722,0
2023-07-28 10:56:59,661.8,545214,1,661.68,235762,435389,-0.09812061287645722,0
2023-07-28 10:56:59,661.6,545214,1,661.68,235764,435389,-0.1283115706845834,0
2023-07-28 10:57:01,661.6,545215,1,661.68,236094,435389,-0.1283115706845834,0
2023-07-28 10:57:01,661.8,545215,1,661.68,236094,435389,-0.09812061287645722,0
2023-07-28 10:57:02,661.8,545216,1,661.68,236094,435388,-0.09812061287645722,0
2023-07-28 10:57:02,661.5,545216,5,661.68,236094,435388,-0.14340704958865505,0
2023-07-28 10:57:03,661.6,545418,1,661.68,235605,438710,-0.1283115706845834,0
2023-07-28 10:57:04,661.6,545419,1,661.68,235239,438055,-0.1283115706845834,0
2023-07-28 10:57:05,661.05,546715,1,661.68,225623,436471,-0.21133670465696897,0
2023-07-28 10:57:06,661.05,546717,1,661.68,236622,436420,-0.21133670465696897,0
2023-07-28 10:57:06,661.05,546717,1,661.68,236622,436420,-0.21133670465696897,0
2023-07-28 10:57:07,661.3,546718,1,661.68,236278,436606,-0.17359800739679837,0
2023-07-28 10:57:07,661.3,546718,1,661.68,236278,436606,-0.17359800739679837,0
2023-07-28 10:57:07,661.3,546718,1,661.68,236373,435608,-0.17359800739679837,0
2023-07-28 10:57:07,661.25,546718,1,661.68,236373,435608,-0.18114574684882562,0
2023-07-28 10:57:09,661.25,546720,1,661.68,234713,435267,-0.18114574684882562,0
2023-07-28 10:57:10,660.95,547959,1,661.67,232411,436791,-0.22643218356102346,0
2023-07-28 10:57:10,660.95,547959,1,661.67,232411,436791,-0.22643218356102346,0
2023-07-28 10:57:11,660.65,548276,1,661.67,233123,435402,-0.27171862027323845,0
2023-07-28 10:57:11,660.65,548276,1,661.67,233174,434837,-0.27171862027323845,0
2023-07-28 10:57:11,660.55,548276,9,661.67,233174,434978,-0.2868140991773101,0
2023-07-28 10:57:14,660.8,548288,1,661.67,234268,435259,-0.24907540191713953,0
2023-07-28 10:57:15,660.75,548290,1,661.67,234269,435257,-0.2566231413691668,0
2023-07-28 10:57:16,660.85,548540,15,661.67,235979,431998,-0.24152766246509513,0
2023-07-28 10:57:16,660.8,548540,1,661.67,235979,431998,-0.24907540191713953,0
2023-07-28 10:57:17,660.9,549688,1,661.67,237180,432827,-0.23397992301306786,0
2023-07-28 10:57:18,660.9,549689,1,661.67,237104,433474,-0.23397992301306786,0
2023-07-28 10:57:18,660.85,549689,11,661.67,237104,433474,-0.24152766246509513,0
2023-07-28 10:57:19,660.9,549854,1,661.67,235150,434093,-0.23397992301306786,0
2023-07-28 10:57:19,660.9,549854,1,661.67,235150,434093,-0.23397992301306786,0
2023-07-28 10:57:20,660.9,550287,5,661.67,234747,434828,-0.23397992301306786,0
2023-07-28 10:57:22,660.9,550291,1,661.67,234954,434826,-0.23397992301306786,0
2023-07-28 10:57:23,660.7,550309,1,661.67,233987,435131,-0.26417088082119405,0
2023-07-28 10:57:23,660.7,550310,1,661.67,234267,434889,-0.26417088082119405,0
2023-07-28 10:57:24,660.7,550311,1,661.67,234252,435035,-0.26417088082119405,0
2023-07-28 10:57:26,660.85,550335,1,661.67,234278,435038,-0.24152766246509513,0
2023-07-28 10:57:26,660.85,550335,17,661.67,234278,435038,-0.24152766246509513,0
2023-07-28 10:57:27,660.85,550425,1,661.67,235276,433711,-0.24152766246509513,0
2023-07-28 10:57:27,660.55,551546,3,661.67,233471,433264,-0.2868140991773101,0
2023-07-28 10:57:29,660.7,551606,40,661.67,235134,432800,-0.26417088082119405,0
2023-07-28 10:57:29,660.7,551606,1,661.67,235134,432800,-0.26417088082119405,0
2023-07-28 10:57:29,660.7,551608,1,661.67,235220,433051,-0.26417088082119405,0
2023-07-28 10:57:30,660.7,551609,1,661.67,235326,432944,-0.26417088082119405,0
2023-07-28 10:57:31,660.7,551878,1,661.67,235280,433936,-0.26417088082119405,0
2023-07-28 10:57:33,660.7,552025,86,661.67,234957,434394,-0.26417088082119405,0
2023-07-28 10:57:33,660.8,552026,1,661.67,234015,434817,-0.24907540191713953,0
2023-07-28 10:57:34,660.75,552029,2,661.67,233679,435607,-0.2566231413691668,0
2023-07-28 10:57:35,660.7,552161,123,661.67,234920,432544,-0.26417088082119405,0
2023-07-28 10:57:36,660.8,552163,1,661.67,234955,432545,-0.24907540191713953,0
2023-07-28 10:57:36,660.8,552163,1,661.67,234955,432545,-0.24907540191713953,0
2023-07-28 10:57:38,660.7,552165,1,661.67,235425,432943,-0.26417088082119405,0
2023-07-28 10:57:40,660.7,552167,1,661.67,235441,432863,-0.26417088082119405,0
2023-07-28 10:57:40,660.7,552167,1,661.67,235441,432863,-0.26417088082119405,0
2023-07-28 10:57:41,660.8,552168,1,661.67,235440,432902,-0.24907540191713953,0
2023-07-28 10:57:41,660.8,552293,7,661.67,236388,432041,-0.24907540191713953,0
2023-07-28 10:57:41,660.8,552293,1,661.67,236388,432041,-0.24907540191713953,0
2023-07-28 10:57:43,660.7,552295,1,661.67,236399,432040,-0.26417088082119405,0
2023-07-28 10:57:43,660.8,552295,1,661.67,236399,432040,-0.24907540191713953,0
2023-07-28 10:57:44,660.7,552297,1,661.67,234998,432123,-0.26417088082119405,0
2023-07-28 10:57:45,660.7,552323,1,661.67,234999,432582,-0.26417088082119405,0
2023-07-28 10:57:45,660.7,552323,1,661.67,234912,432591,-0.26417088082119405,0
2023-07-28 10:57:47,660.9,552454,41,661.67,235631,432568,-0.23397992301306786,0
2023-07-28 10:57:48,660.9,552456,1,661.67,235635,432736,-0.23397992301306786,0
2023-07-28 10:57:50,660.9,552463,7,661.67,236395,432702,-0.23397992301306786,0
2023-07-28 10:57:51,660.8,552465,1,661.67,236773,432186,-0.24907540191713953,0
2023-07-28 10:57:51,660.9,552465,3,661.67,236773,432118,-0.23397992301306786,0
2023-07-28 10:57:52,660.9,552478,2,661.67,236777,432086,-0.23397992301306786,0
2023-07-28 10:57:52,660.9,552478,15,661.67,236777,432086,-0.23397992301306786,0
2023-07-28 10:57:54,660.9,552493,15,661.67,236741,432371,-0.23397992301306786,0
2023-07-28 10:57:55,660.9,552494,1,661.67,235781,433025,-0.23397992301306786,0
2023-07-28 10:57:55,660.9,552494,45,661.67,235781,433025,-0.23397992301306786,0
2023-07-28 10:57:56,660.8,552630,1,661.67,236056,433322,-0.24907540191713953,0
2023-07-28 10:57:57,660.8,552631,1,661.67,236055,433327,-0.24907540191713953,0
2023-07-28 10:57:57,660.8,552631,1,661.67,236065,433327,-0.24907540191713953,0
2023-07-28 10:57:59,660.9,552781,25,661.67,236065,432900,-0.23397992301306786,0
2023-07-28 10:57:59,660.9,552781,9,661.67,236065,432900,-0.23397992301306786,0
2023-07-28 10:58:00,660.85,552808,1,661.67,236350,432720,-0.24152766246509513,0
2023-07-28 10:58:02,660.85,552811,1,661.67,236199,432214,-0.24152766246509513,0
2023-07-28 10:58:03,660.8,552902,1,661.67,236164,432311,-0.24907540191713953,0
2023-07-28 10:58:03,660.9,553195,19,661.67,236187,432384,-0.23397992301306786,0
2023-07-28 10:58:03,660.9,553195,19,661.67,236601,432402,-0.23397992301306786,0
2023-07-28 10:58:06,660.45,553780,38,661.66,232540,433686,-0.3019095780813646,0
2023-07-28 10:58:06,660.45,553868,1,661.66,233871,433633,-0.3019095780813646,0
2023-07-28 10:58:06,660.45,553868,1,661.66,235089,433276,-0.3019095780813646,0
2023-07-28 10:58:06,660.45,553868,1,661.66,233639,434371,-0.3019095780813646,0
2023-07-28 10:58:06,660.45,553868,1,661.66,234455,434366,-0.3019095780813646,0
2023-07-28 10:58:10,660.55,553889,9,661.66,234544,434336,-0.2868140991773101,0
2023-07-28 10:58:10,660.55,553889,9,661.66,234544,434336,-0.2868140991773101,0
2023-07-28 10:58:11,660.55,553977,5,661.66,234630,434571,-0.2868140991773101,0
2023-07-28 10:58:11,660.45,553977,1,661.66,234630,434571,-0.3019095780813646,0
2023-07-28 10:58:12,660.45,553978,6,661.66,234205,435043,-0.3019095780813646,0
2023-07-28 10:58:15,660.4,554064,3,661.66,233640,434452,-0.30945731753340905,0
2023-07-28 10:58:15,660.4,554072,1,661.66,233698,433726,-0.30945731753340905,0
2023-07-28 10:58:15,660.4,554072,1,661.66,233698,433726,-0.30945731753340905,0
2023-07-28 10:58:15,660.4,554072,1,661.66,233698,433726,-0.30945731753340905,0
2023-07-28 10:58:18,660.4,554075,1,661.66,234663,434204,-0.30945731753340905,0
2023-07-28 10:58:18,660.15,554075,1,661.66,234663,434204,-0.3471960147935796,0
2023-07-28 10:58:18,660.15,554270,1,661.66,233678,434297,-0.3471960147935796,0
2023-07-28 10:58:20,660.2,554363,4,661.66,235062,433856,-0.3396482753415352,0
2023-07-28 10:58:21,660.4,554381,1,661.66,235037,434055,-0.30945731753340905,0
2023-07-28 10:58:22,660.4,554403,1,661.66,235036,434059,-0.30945731753340905,0
2023-07-28 10:58:23,660.3,554404,1,661.66,236144,433551,-0.3245527964374807,0
2023-07-28 10:58:23,660.3,554404,1,661.66,236144,433551,-0.3245527964374807,0
2023-07-28 10:58:24,660.3,554405,1,661.66,235038,433828,-0.3245527964374807,0
2023-07-28 10:58:24,660.3,554405,1,661.66,235038,433828,-0.3245527964374807,0
2023-07-28 10:58:24,660.3,554405,1,661.66,234971,433534,-0.3245527964374807,0
2023-07-28 10:58:26,660.6,554647,9,661.66,234739,433665,-0.2792663597252657,0
2023-07-28 10:58:27,660.4,554649,1,661.66,234740,433852,-0.30945731753340905,0
2023-07-28 10:58:27,660.4,554649,1,661.66,234740,433855,-0.30945731753340905,0
2023-07-28 10:58:27,660.15,554649,1,661.66,234740,433855,-0.3471960147935796,0
2023-07-28 10:58:29,660.3,554675,1,661.66,234809,430792,-0.3245527964374807,0
2023-07-28 10:58:31,660.15,554687,20,661.66,233897,431614,-0.3471960147935796,0
2023-07-28 10:58:32,660.15,555194,1,661.66,233984,430832,-0.3471960147935796,0
2023-07-28 10:58:33,660.4,555225,1,661.66,234066,430692,-0.30945731753340905,0
2023-07-28 10:58:34,660.4,555464,12,661.66,234251,430863,-0.30945731753340905,0
2023-07-28 10:58:34,660.4,555464,2,661.66,234251,430863,-0.30945731753340905,0
2023-07-28 10:58:35,660.4,555736,42,661.66,235587,430856,-0.30945731753340905,0
2023-07-28 10:58:36,660.4,555781,42,661.66,236448,430132,-0.30945731753340905,0
2023-07-28 10:58:36,660.4,555781,1,661.66,236448,430132,-0.30945731753340905,0
2023-07-28 10:58:36,660.4,555782,1,661.66,236359,430132,-0.30945731753340905,0
2023-07-28 10:58:38,660.4,555783,1,661.66,236309,430107,-0.30945731753340905,0
2023-07-28 10:58:39,660.4,555795,12,661.66,234806,433327,-0.30945731753340905,0
2023-07-28 10:58:40,660.25,555797,1,661.66,234319,431781,-0.33210053588950794,0
2023-07-28 10:58:41,660.4,555890,1,661.66,234501,431789,-0.30945731753340905,0
2023-07-28 10:58:42,660.35,555891,1,661.66,235016,431870,-0.3170050569854363,0
2023-07-28 10:58:42,660.35,555891,1,661.66,234816,431929,-0.3170050569854363,0
2023-07-28 10:58:45,660.25,555894,1,661.66,234568,431937,-0.33210053588950794,0
2023-07-28 10:58:46,660.25,555895,1,661.66,234440,431945,-0.33210053588950794,0
2023-07-28 10:58:46,660.25,555895,3,661.66,234440,431945,-0.33210053588950794,0
2023-07-28 10:58:47,660.35,555948,9,661.66,234444,431937,-0.3170050569854363,0
2023-07-28 10:58:47,660.25,555948,1,661.66,234444,431937,-0.33210053588950794,0
2023-07-28 10:58:48,660.3,555952,1,661.66,234826,431906,-0.3245527964374807,0
2023-07-28 10:58:49,660.3,556005,1,661.66,234819,431729,-0.3245527964374807,0
2023-07-28 10:58:51,659.8,560326,8,661.65,227739,435377,-0.40003019095782183,0
2023-07-28 10:58:52,659.7,560388,26,661.65,229970,434789,-0.4151256698618763,0
2023-07-28 10:58:52,659.7,560393,5,661.65,230309,434434,-0.4151256698618763,0
2023-07-28 10:58:53,659.3,560747,4,661.64,229688,434330,-0.47550758547816296,0
2023-07-28 10:58:55,659.65,561620,36,661.64,232201,430534,-0.4226734093139208,0
2023-07-28 10:58:55,659.8,561673,50,661.64,230422,429585,-0.40003019095782183,0
2023-07-28 10:58:55,659.8,561673,50,661.64,230422,429585,-0.40003019095782183,0
2023-07-28 10:58:56,659.8,561851,1,661.64,232849,430994,-0.40003019095782183,0
2023-07-28 10:58:57,659.8,561889,1,661.64,230400,431398,-0.40003019095782183,0
2023-07-28 10:58:58,659.8,562187,1,661.64,230719,431265,-0.40003019095782183,0
2023-07-28 10:58:59,659.9,562287,47,661.64,229376,432771,-0.3849347120537502,0
2023-07-28 10:59:00,659.8,562353,3,661.64,229489,433243,-0.40003019095782183,0
2023-07-28 10:59:02,659.8,562357,1,661.64,229464,433187,-0.40003019095782183,0
2023-07-28 10:59:02,659.8,562357,1,661.64,229464,433187,-0.40003019095782183,0
2023-07-28 10:59:03,659.8,562407,11,661.64,229646,432541,-0.40003019095782183,0
2023-07-28 10:59:04,659.8,562421,7,661.64,230670,431605,-0.40003019095782183,0
2023-07-28 10:59:04,659.8,562421,7,661.64,230670,431605,-0.40003019095782183,0
2023-07-28 10:59:05,659.7,562422,1,661.64,230679,431605,-0.4151256698618763,0
2023-07-28 10:59:05,659.8,562422,2,661.64,230679,431606,-0.40003019095782183,0
2023-07-28 10:59:07,659.8,562490,2,661.64,230683,431809,-0.40003019095782183,0
2023-07-28 10:59:08,659.8,562492,1,661.64,230730,431951,-0.40003019095782183,0
2023-07-28 10:59:09,659.8,562494,11,661.64,230976,431901,-0.40003019095782183,0
2023-07-28 10:59:10,659.7,562701,1,661.64,231046,431885,-0.4151256698618763,0
2023-07-28 10:59:11,659.8,562789,47,661.64,231282,431909,-0.40003019095782183,0
2023-07-28 10:59:11,659.8,562789,35,661.64,231272,431525,-0.40003019095782183,0
2023-07-28 10:59:11,659.8,562789,1,661.64,231272,431525,-0.40003019095782183,0
2023-07-28 10:59:14,659.8,562865,1,661.64,229641,433749,-0.40003019095782183,0
2023-07-28 10:59:14,659.7,562865,13,661.64,229641,433749,-0.4151256698618763,0
2023-07-28 10:59:15,659.7,562878,13,661.64,229808,433717,-0.4151256698618763,0
2023-07-28 10:59:16,659.7,562890,1,661.64,229941,433366,-0.4151256698618763,0
2023-07-28 10:59:16,659.7,562890,1,661.64,229941,433402,-0.4151256698618763,0
2023-07-28 10:59:16,659.75,562890,1,661.64,229941,433402,-0.4075779304098491,0
2023-07-28 10:59:18,659.75,562894,1,661.64,229963,433748,-0.4075779304098491,0
2023-07-28 10:59:19,659.45,562953,6,661.64,230147,432452,-0.4528643671220469,0
2023-07-28 10:59:20,659.75,562955,1,661.64,231249,432660,-0.4075779304098491,0
2023-07-28 10:59:22,659.7,562957,1,661.64,231291,432610,-0.4151256698618763,0
2023-07-28 10:59:22,659.7,562957,1,661.64,231291,432610,-0.4151256698618763,0
2023-07-28 10:59:23,659.6,562959,1,661.64,231330,432610,-0.430221148765948,0
2023-07-28 10:59:23,659.6,562959,1,661.64,231330,432610,-0.430221148765948,0
2023-07-28 10:59:23,659.6,562960,1,661.64,231071,433144,-0.430221148765948,0
2023-07-28 10:59:24,659.6,562968,8,661.64,231121,433151,-0.430221148765948,0
2023-07-28 10:59:24,659.6,562968,8,661.64,231121,433151,-0.430221148765948,0
2023-07-28 10:59:26,659.7,563059,1,661.64,230721,432937,-0.4151256698618763,0
2023-07-28 10:59:26,659.7,563059,1,661.64,230721,432937,-0.4151256698618763,0
2023-07-28 10:59:27,659.7,563061,1,661.64,230097,433275,-0.4151256698618763,0
2023-07-28 10:59:28,659.6,563063,1,661.64,230461,433221,-0.430221148765948,0
2023-07-28 10:59:28,659.65,563063,1,661.64,230461,433221,-0.4226734093139208,0
2023-07-28 10:59:30,659.65,563077,1,661.64,231724,432752,-0.4226734093139208,0
2023-07-28 10:59:30,659.65,563077,1,661.64,231725,432752,-0.4226734093139208,0
2023-07-28 10:59:32,659.65,563078,1,661.64,231724,432735,-0.4226734093139208,0
2023-07-28 10:59:33,659.6,563158,2,661.64,231332,432874,-0.430221148765948,0
2023-07-28 10:59:33,659.7,563158,1,661.64,231332,432874,-0.4151256698618763,0
2023-07-28 10:59:34,659.7,563160,1,661.64,231310,432875,-0.4151256698618763,0
2023-07-28 10:59:34,659.65,563160,1,661.64,231310,432875,-0.4226734093139208,0
2023-07-28 10:59:35,659.65,563162,1,661.64,231311,432910,-0.4226734093139208,0
2023-07-28 10:59:35,659.7,563162,1,661.64,231186,436077,-0.4151256698618763,0
2023-07-28 10:59:37,659.7,563203,1,661.64,230815,436080,-0.4151256698618763,0
2023-07-28 10:59:38,659.65,563208,5,661.64,230427,436954,-0.4226734093139208,0
2023-07-28 10:59:38,659.65,563208,5,661.64,230502,436800,-0.4226734093139208,0
2023-07-28 10:59:40,659.65,563251,2,661.64,230454,436978,-0.4226734093139208,0
2023-07-28 10:59:41,659.65,563340,1,661.64,230579,436494,-0.4226734093139208,0
2023-07-28 10:59:42,659.7,563343,1,661.64,230931,436441,-0.4151256698618763,0
2023-07-28 10:59:43,659.65,563362,2,661.64,230956,436441,-0.4226734093139208,0
2023-07-28 10:59:43,659.65,563362,4,661.64,230956,436441,-0.4226734093139208,0
2023-07-28 10:59:45,659.65,563379,4,661.64,230628,436582,-0.4226734093139208,0
2023-07-28 10:59:45,659.65,563379,1,661.64,230628,436582,-0.4226734093139208,0
2023-07-28 10:59:45,659.65,563391,1,661.64,230772,436560,-0.4226734093139208,0
2023-07-28 10:59:45,659.25,563391,100,661.64,230772,436560,-0.48305532493019027,0
2023-07-28 10:59:46,659.4,563757,1,661.63,228372,437963,-0.4604121065740913,0
2023-07-28 10:59:48,659.4,563759,1,661.63,228508,437496,-0.4604121065740913,0
2023-07-28 10:59:48,659.5,563759,50,661.63,228508,437496,-0.44531662767001967,0
2023-07-28 10:59:50,659.15,564145,1,661.63,229549,436619,-0.4981508038342619,0
2023-07-28 10:59:50,659.15,564145,1,661.63,229549,436619,-0.4981508038342619,0
2023-07-28 10:59:50,659.15,564145,1,661.63,229560,436619,-0.4981508038342619,0
2023-07-28 10:59:50,659.15,564145,3,661.63,229560,436619,-0.4981508038342619,0
2023-07-28 10:59:52,659.4,564168,20,661.63,227737,436637,-0.4604121065740913,0
2023-07-28 10:59:52,659.4,564168,20,661.63,227737,436637,-0.4604121065740913,0
2023-07-28 10:59:52,659.4,564168,20,661.63,227611,436665,-0.4604121065740913,0
2023-07-28 10:59:55,659.35,564170,1,661.63,230030,436789,-0.46795984602611856,0
2023-07-28 10:59:55,659.35,564170,1,661.63,230104,437265,-0.46795984602611856,0
2023-07-28 10:59:56,659.35,564258,1,661.63,230028,436038,-0.46795984602611856,0
2023-07-28 10:59:57,659.2,564259,1,661.63,230052,436038,-0.4906030643822175,0
2023-07-28 10:59:57,659.2,564259,1,661.63,229722,437461,-0.4906030643822175,0
2023-07-28 10:59:57,659.2,564259,2,661.63,229722,437461,-0.4906030643822175,0
2023-07-28 11:00:00,659.15,564417,3,661.63,227761,438127,-0.4981508038342619,0
2023-07-28 11:00:00,659.15,564417,3,661.63,227761,438127,-0.4981508038342619,0
2023-07-28 11:00:01,659.25,564585,5,661.63,228528,436333,-0.48305532493019027,0
2023-07-28 11:00:01,659.25,564603,1,661.63,228528,436250,-0.48305532493019027,0
2023-07-28 11:00:02,659.15,564605,1,661.63,229103,435839,-0.4981508038342619,0
2023-07-28 11:00:03,659.15,564611,1,661.63,228649,435838,-0.4981508038342619,0
2023-07-28 11:00:04,659.15,564613,1,661.63,230187,435728,-0.4981508038342619,0
2023-07-28 11:00:04,659.15,564613,14,661.63,230187,435728,-0.4981508038342619,0
2023-07-28 11:00:05,659.15,564627,14,661.63,231369,436391,-0.4981508038342619,0
2023-07-28 11:00:06,659.2,564628,1,661.63,231316,433526,-0.4906030643822175,0
2023-07-28 11:00:07,659.3,564634,1,661.63,231335,433428,-0.47550758547816296,0
2023-07-28 11:00:07,659.3,564634,1,661.63,231335,433428,-0.47550758547816296,0
2023-07-28 11:00:09,659.2,564637,1,661.63,231114,433478,-0.4906030643822175,0
2023-07-28 11:00:11,659.35,564876,48,661.63,231092,433034,-0.46795984602611856,0
2023-07-28 11:00:12,659.35,564888,12,661.63,231486,432781,-0.46795984602611856,0
2023-07-28 11:00:12,659.35,564888,1,661.63,231541,432780,-0.46795984602611856,0
2023-07-28 11:00:14,659.35,564890,1,661.63,231613,430911,-0.46795984602611856,0
2023-07-28 11:00:14,659.35,564890,1,661.63,231613,430911,-0.46795984602611856,0
2023-07-28 11:00:14,659.2,564891,1,661.63,231615,430910,-0.4906030643822175,0
2023-07-28 11:00:16,659.35,567050,30,661.62,236684,427499,-0.46795984602611856,0
2023-07-28 11:00:16,659.6,567164,6,661.62,233740,429155,-0.430221148765948,0
2023-07-28 11:00:18,659.35,567310,15,661.62,233728,429215,-0.46795984602611856,0
2023-07-28 11:00:18,659.4,567310,1,661.62,233728,429215,-0.4604121065740913,0
2023-07-28 11:00:19,659.4,567582,209,661.62,234437,426743,-0.4604121065740913,0
2023-07-28 11:00:20,659.65,567844,47,661.62,234223,428220,-0.4226734093139208,0
2023-07-28 11:00:21,659.55,567920,5,661.62,235006,430084,-0.4377688882179924,0
2023-07-28 11:00:21,659.55,567939,19,661.62,234898,429991,-0.4377688882179924,0
2023-07-28 11:00:23,659.55,567949,5,661.62,234188,429556,-0.4377688882179924,0
2023-07-28 11:00:23,659.55,567949,5,661.62,234200,432619,-0.4377688882179924,0
2023-07-28 11:00:23,659.6,567949,1,661.62,234200,432619,-0.430221148765948,0
2023-07-28 11:00:24,659.6,567980,1,661.62,234301,431044,-0.430221148765948,0
2023-07-28 11:00:26,659.6,568160,1,661.62,234882,429633,-0.430221148765948,0
2023-07-28 11:00:26,659.75,568160,8,661.62,234882,429633,-0.4075779304098491,0
2023-07-28 11:00:26,659.75,568219,8,661.62,236633,430485,-0.4075779304098491,0
2023-07-28 11:00:28,659.9,568262,37,661.62,236686,430570,-0.3849347120537502,0
2023-07-28 11:00:28,659.95,568267,1,661.62,237047,428844,-0.3773869726017058,0
2023-07-28 11:00:28,659.95,568267,60,661.62,237047,428844,-0.3773869726017058,0
2023-07-28 11:00:30,659.95,568487,60,661.62,237726,428266,-0.3773869726017058,0
2023-07-28 11:00:30,659.75,568510,4,661.62,236934,429621,-0.4075779304098491,0
2023-07-28 11:00:31,659.95,568547,34,661.62,236786,430629,-0.3773869726017058,0
2023-07-28 11:00:32,659.95,568551,4,661.62,236910,430416,-0.3773869726017058,0
2023-07-28 11:00:33,659.95,568574,1,661.62,237097,430465,-0.3773869726017058,0
2023-07-28 11:00:35,659.9,568576,1,661.62,237073,430383,-0.3849347120537502,0
2023-07-28 11:00:35,659.9,568576,1,661.62,236945,430616,-0.3849347120537502,0
2023-07-28 11:00:35,659.9,568576,1,661.62,236945,430616,-0.3849347120537502,0
2023-07-28 11:00:36,659.95,568609,3,661.62,236940,430613,-0.3773869726017058,0
2023-07-28 11:00:36,659.95,568609,1,661.62,236940,430613,-0.3773869726017058,0
2023-07-28 11:00:38,659.95,568625,1,661.62,236569,431228,-0.3773869726017058,0
2023-07-28 11:00:39,660.05,568751,1,661.62,236581,430347,-0.36229149369765123,0
2023-07-28 11:00:40,659.9,568771,1,661.61,236791,430370,-0.3849347120537502,0
2023-07-28 11:00:41,660.0,568861,3,661.61,236813,430416,-0.36983923314967854,0
2023-07-28 11:00:42,660.05,568880,7,661.61,236813,430751,-0.36229149369765123,0
2023-07-28 11:00:44,660.0,568886,2,661.61,237146,430057,-0.36983923314967854,0
2023-07-28 11:00:45,660.05,568986,30,661.61,237351,430212,-0.36229149369765123,0
2023-07-28 11:00:46,659.6,569213,1,661.61,234929,431952,-0.430221148765948,0
2023-07-28 11:00:46,659.85,569213,30,661.61,234929,431952,-0.39248245150577743,0
2023-07-28 11:00:47,659.6,571076,52,661.61,231298,433476,-0.430221148765948,0
2023-07-28 11:00:48,659.6,571700,572,661.6,234070,432478,-0.430221148765948,0
2023-07-28 11:00:48,659.55,571756,5,661.6,234095,432709,-0.4377688882179924,0
2023-07-28 11:00:48,659.5,571761,2,661.6,234092,433047,-0.44531662767001967,0
2023-07-28 11:00:48,659.5,571761,1,661.6,234092,433047,-0.44531662767001967,0
2023-07-28 11:00:48,659.5,571761,1,661.6,234092,433047,-0.44531662767001967,0
2023-07-28 11:00:52,659.5,572192,1,661.6,233187,432953,-0.44531662767001967,0
2023-07-28 11:00:52,659.65,572192,1,661.6,233187,432953,-0.4226734093139208,0
2023-07-28 11:00:53,659.8,574661,221,661.59,236680,428753,-0.40003019095782183,0
2023-07-28 11:00:53,659.8,574882,20,661.59,236582,428896,-0.40003019095782183,0
2023-07-28 11:00:54,659.8,574902,2,661.59,236618,430118,-0.40003019095782183,0
2023-07-28 11:00:54,659.95,574902,1,661.59,236618,430118,-0.3773869726017058,0
2023-07-28 11:00:56,659.95,575106,1,661.59,236757,430907,-0.3773869726017058,0
2023-07-28 11:00:56,659.95,575106,13,661.59,236757,430907,-0.3773869726017058,0
2023-07-28 11:00:58,659.95,575343,219,661.59,236269,430676,-0.3773869726017058,0
2023-07-28 11:00:58,659.85,575343,6,661.59,236269,430676,-0.39248245150577743,0
2023-07-28 11:00:59,659.95,576289,6,661.59,236758,430974,-0.3773869726017058,0
2023-07-28 11:01:00,660.0,576320,3,661.59,237551,429504,-0.36983923314967854,0
2023-07-28 11:01:01,660.0,576420,97,661.59,235500,429811,-0.36983923314967854,0
2023-07-28 11:01:01,660.05,576420,3,661.59,235500,429811,-0.36229149369765123,0
2023-07-28 11:01:01,660.05,576423,3,661.59,235475,430764,-0.36229149369765123,0
2023-07-28 11:01:01,660.05,576423,6,661.59,235475,430764,-0.36229149369765123,0
2023-07-28 11:01:02,660.05,576429,2,661.59,235486,430771,-0.36229149369765123,0
2023-07-28 11:01:02,660.0,576429,5,661.59,235486,430771,-0.36983923314967854,0
2023-07-28 11:01:05,660.0,576443,1,661.59,235213,430854,-0.36983923314967854,0
2023-07-28 11:01:06,660.05,576474,3,661.59,232306,428981,-0.36229149369765123,0
2023-07-28 11:01:07,660.05,576488,8,661.59,232477,428629,-0.36229149369765123,0
2023-07-28 11:01:08,660.05,576559,7,661.59,232521,428673,-0.36229149369765123,0
2023-07-28 11:01:09,660.05,576567,1,661.59,232792,428449,-0.36229149369765123,0
2023-07-28 11:01:09,660.05,576567,1,661.59,232792,428449,-0.36229149369765123,0
2023-07-28 11:01:09,660.0,576567,1,661.59,232792,428449,-0.36983923314967854,0
2023-07-28 11:01:11,660.1,576568,1,661.59,232553,427339,-0.35474375424560683,0
2023-07-28 11:01:11,660.1,576606,1,661.59,234768,428733,-0.35474375424560683,0
2023-07-28 11:01:11,660.2,576606,3,661.59,234768,428733,-0.3396482753415352,0
2023-07-28 11:01:13,660.2,576614,1,661.59,234495,429916,-0.3396482753415352,0
2023-07-28 11:01:13,660.1,576614,1,661.59,234495,429916,-0.35474375424560683,0
2023-07-28 11:01:13,660.3,576614,12,661.59,234495,429916,-0.3245527964374807,0
2023-07-28 11:01:15,660.3,576702,12,661.59,234619,430284,-0.3245527964374807,0
2023-07-28 11:01:15,660.25,576708,6,661.59,234613,430278,-0.33210053588950794,0
2023-07-28 11:01:15,660.25,576708,47,661.59,234613,430278,-0.33210053588950794,0
2023-07-28 11:01:15,660.3,576708,12,661.59,234613,430278,-0.3245527964374807,0
2023-07-28 11:01:17,660.25,576774,1,661.59,234695,430751,-0.33210053588950794,0
2023-07-28 11:01:18,660.25,576775,1,661.59,234635,430751,-0.33210053588950794,0
2023-07-28 11:01:18,660.05,576775,43,661.59,234635,430751,-0.36229149369765123,0
2023-07-28 11:01:20,660.05,576875,43,661.59,234302,430146,-0.36229149369765123,0
2023-07-28 11:01:20,660.05,576875,43,661.59,234158,430146,-0.36229149369765123,0
2023-07-28 11:01:20,660.0,576875,1,661.59,234108,430181,-0.36983923314967854,0
2023-07-28 11:01:22,660.0,576877,1,661.59,234053,430207,-0.36983923314967854,0
2023-07-28 11:01:22,660.3,576877,54,661.59,234798,429355,-0.3245527964374807,0
2023-07-28 11:01:24,660.3,577027,54,661.59,234847,429406,-0.3245527964374807,0
2023-07-28 11:01:24,660.4,577027,7,661.59,234847,429406,-0.30945731753340905,0
2023-07-28 11:01:25,660.35,577035,19,661.59,237164,431977,-0.3170050569854363,0
2023-07-28 11:01:26,660.3,577076,46,661.59,238263,433578,-0.3245527964374807,0
2023-07-28 11:01:28,660.3,577171,46,661.59,237091,433404,-0.3245527964374807,0
2023-07-28 11:01:28,660.3,577171,5,661.59,237091,433404,-0.3245527964374807,0
2023-07-28 11:01:28,660.0,577176,25,661.59,237176,433399,-0.36983923314967854,0
2023-07-28 11:01:29,660.0,577216,25,661.59,237529,433210,-0.36983923314967854,0
2023-07-28 11:01:31,660.3,577217,1,661.59,237649,433285,-0.3245527964374807,0
2023-07-28 11:01:31,660.3,577217,72,661.59,237649,433285,-0.3245527964374807,0
2023-07-28 11:01:32,660.0,577390,1,661.59,237571,433204,-0.36983923314967854,0
2023-07-28 11:01:32,660.0,577390,1,661.59,237484,434335,-0.36983923314967854,0
2023-07-28 11:01:32,660.0,577390,1,661.59,237484,434335,-0.36983923314967854,0
2023-07-28 11:01:32,660.15,577390,1,661.59,237484,434335,-0.3471960147935796,0
2023-07-28 11:01:34,660.15,577391,1,661.59,237595,434901,-0.3471960147935796,0
2023-07-28 11:01:36,660.15,577411,10,661.59,237801,434167,-0.3471960147935796,0
2023-07-28 11:01:36,660.25,577412,1,661.59,237953,432636,-0.33210053588950794,0
2023-07-28 11:01:37,660.25,577419,1,661.59,237669,433767,-0.33210053588950794,0
2023-07-28 11:01:38,660.05,577490,33,661.59,237229,433458,-0.36229149369765123,0
2023-07-28 11:01:40,660.0,577491,1,661.59,235826,433361,-0.36983923314967854,0
2023-07-28 11:01:40,660.0,577491,1,661.59,236601,433183,-0.36983923314967854,0
2023-07-28 11:01:41,660.05,577581,1,661.59,236749,432375,-0.36229149369765123,0
2023-07-28 11:01:43,660.0,577642,60,661.59,236636,432348,-0.36983923314967854,0
2023-07-28 11:01:43,660.0,577642,60,661.59,236531,432482,-0.36983923314967854,0
2023-07-28 11:01:43,660.0,577642,60,661.59,237305,432845,-0.36983923314967854,0
2023-07-28 11:01:46,660.25,577643,1,661.59,237296,432848,-0.33210053588950794,0
2023-07-28 11:01:46,660.25,577643,1,661.59,237609,432848,-0.33210053588950794,0
2023-07-28 11:01:46,660.25,577643,1,661.59,236917,432848,-0.33210053588950794,0
2023-07-28 11:01:46,659.95,577643,2,661.59,236825,433819,-0.3773869726017058,0
2023-07-28 11:01:46,659.5,577643,926,661.59,236825,433819,-0.44531662767001967,0
2023-07-28 11:01:50,659.5,580137,1,661.58,231541,435031,-0.44531662767001967,0
2023-07-28 11:01:52,659.6,582442,692,661.57,231427,432910,-0.430221148765948,0
2023-07-28 11:01:52,659.6,582442,692,661.57,231421,431515,-0.430221148765948,0
2023-07-28 11:01:52,659.4,582442,14,661.57,231421,431515,-0.4604121065740913,0
2023-07-28 11:01:53,659.4,582456,14,661.57,231387,431697,-0.4604121065740913,0
2023-07-28 11:01:53,659.4,582456,14,661.57,231538,431764,-0.4604121065740913,0
2023-07-28 11:01:56,659.6,582545,47,661.57,231923,431651,-0.430221148765948,0
2023-07-28 11:01:56,659.6,582545,47,661.57,232171,431651,-0.430221148765948,0
2023-07-28 11:01:59,659.6,582645,100,661.57,232226,431330,-0.430221148765948,0
2023-07-28 11:02:00,659.6,582646,1,661.57,232220,431329,-0.430221148765948,0
2023-07-28 11:02:00,659.6,582646,1,661.57,232220,431329,-0.430221148765948,0
2023-07-28 11:02:00,659.6,582646,1,661.57,232104,431532,-0.430221148765948,0
2023-07-28 11:02:00,659.5,582646,1,661.57,232104,431532,-0.44531662767001967,0
2023-07-28 11:02:02,659.5,582647,1,661.57,231912,431532,-0.44531662767001967,0
2023-07-28 11:02:03,659.55,582649,1,661.57,231654,431052,-0.4377688882179924,0
2023-07-28 11:02:05,659.55,582902,6,661.57,231713,431021,-0.4377688882179924,0
2023-07-28 11:02:06,659.55,582903,1,661.57,231686,431460,-0.4377688882179924,0
2023-07-28 11:02:06,659.55,582903,1,661.57,231700,431460,-0.4377688882179924,0
2023-07-28 11:02:08,659.5,582904,1,661.57,231678,431457,-0.44531662767001967,0
2023-07-28 11:02:08,659.5,582904,1,661.57,231678,431507,-0.44531662767001967,0
2023-07-28 11:02:08,659.55,582904,4,661.57,231678,431513,-0.4377688882179924,0
2023-07-28 11:02:11,659.55,582992,4,661.57,231697,431322,-0.4377688882179924,0
2023-07-28 11:02:11,659.55,582992,4,661.57,231697,431205,-0.4377688882179924,0
2023-07-28 11:02:11,659.55,582992,1,661.57,231697,431205,-0.4377688882179924,0
2023-07-28 11:02:13,659.55,582993,1,661.57,232176,431331,-0.4377688882179924,0
2023-07-28 11:02:13,659.55,582993,1,661.57,232471,431366,-0.4377688882179924,0
2023-07-28 11:02:13,659.55,582993,1,661.57,232189,431196,-0.4377688882179924,0
2023-07-28 11:02:13,659.55,582993,1,661.57,232189,431196,-0.4377688882179924,0
2023-07-28 11:02:18,659.55,582994,1,661.57,232189,431276,-0.4377688882179924,0
2023-07-28 11:02:18,659.55,582994,13,661.57,232189,431276,-0.4377688882179924,0
2023-07-28 11:02:20,659.55,583010,13,661.57,232183,431216,-0.4377688882179924,0
2023-07-28 11:02:20,659.55,583010,8,661.57,232183,431216,-0.4377688882179924,0
2023-07-28 11:02:20,659.55,583010,8,661.57,232183,431216,-0.4377688882179924,0
2023-07-28 11:02:23,659.55,583022,1,661.57,232198,431315,-0.4377688882179924,0
2023-07-28 11:02:23,659.55,583034,1,661.57,232871,431174,-0.4377688882179924,0
2023-07-28 11:02:23,659.55,583034,1,661.57,233153,430686,-0.4377688882179924,0
2023-07-28 11:02:23,659.55,583034,1,661.57,233153,430686,-0.4377688882179924,0
2023-07-28 11:02:23,659.55,583034,1,661.57,232753,430692,-0.4377688882179924,0
2023-07-28 11:02:26,659.55,583126,1,661.57,232753,430689,-0.4377688882179924,0
2023-07-28 11:02:26,659.55,583126,1,661.57,232753,430709,-0.4377688882179924,0
2023-07-28 11:02:28,659.5,583178,50,661.57,232642,430708,-0.44531662767001967,0
2023-07-28 11:02:28,659.5,583178,50,661.57,232642,430827,-0.44531662767001967,0
2023-07-28 11:02:31,659.55,583201,21,661.57,231908,430826,-0.4377688882179924,0
2023-07-28 11:02:31,659.5,583206,5,661.57,231963,430824,-0.44531662767001967,0
2023-07-28 11:02:31,659.5,583206,3,661.57,231963,430824,-0.44531662767001967,0
2023-07-28 11:02:32,659.5,583236,3,661.57,232057,430802,-0.44531662767001967,0
2023-07-28 11:02:32,659.55,583236,1,661.57,232057,430802,-0.4377688882179924,0
2023-07-28 11:02:33,659.55,583237,8,661.57,232086,430709,-0.4377688882179924,0
2023-07-28 11:02:34,659.55,583245,8,661.57,232086,430701,-0.4377688882179924,0
2023-07-28 11:02:34,659.55,583245,8,661.57,232689,430852,-0.4377688882179924,0
2023-07-28 11:02:34,659.5,583245,12,661.57,232689,430852,-0.44531662767001967,0
2023-07-28 11:02:34,659.5,583245,62,661.57,232689,430852,-0.44531662767001967,0
2023-07-28 11:02:37,659.5,584267,62,661.56,232013,431207,-0.44531662767001967,0
2023-07-28 11:02:37,659.5,584267,62,661.56,232013,430730,-0.44531662767001967,0
2023-07-28 11:02:37,659.55,584267,13,661.56,232013,430730,-0.4377688882179924,0
2023-07-28 11:02:40,659.55,584299,47,661.56,232201,430439,-0.4377688882179924,0
2023-07-28 11:02:41,659.55,584387,47,661.56,232341,430426,-0.4377688882179924,0
2023-07-28 11:02:41,659.55,584387,47,661.56,232277,430750,-0.4377688882179924,0
2023-07-28 11:02:41,659.5,584387,9,661.56,232291,430632,-0.44531662767001967,0
2023-07-28 11:02:45,659.5,584487,9,661.56,233367,430464,-0.44531662767001967,0
2023-07-28 11:02:45,659.5,584487,9,661.56,233250,430577,-0.44531662767001967,0
2023-07-28 11:02:46,659.55,584488,1,661.56,233250,430850,-0.4377688882179924,0
2023-07-28 11:02:47,659.55,584521,3,661.56,233299,430771,-0.4377688882179924,0
2023-07-28 11:02:47,659.55,584521,3,661.56,233380,430771,-0.4377688882179924,0
2023-07-28 11:02:49,659.55,584522,1,661.56,233384,430770,-0.4377688882179924,0
2023-07-28 11:02:49,659.55,584522,1,661.56,233361,430770,-0.4377688882179924,0
2023-07-28 11:02:49,659.55,584522,1,661.56,233326,430770,-0.4377688882179924,0
2023-07-28 11:02:49,659.5,584522,45,661.56,233326,430770,-0.44531662767001967,0
2023-07-28 11:02:52,659.55,584583,3,661.56,233265,430759,-0.4377688882179924,0
2023-07-28 11:02:52,659.55,584583,3,661.56,233285,430804,-0.4377688882179924,0
2023-07-28 11:02:52,659.55,584583,1,661.56,233285,430713,-0.4377688882179924,0
2023-07-28 11:02:55,659.55,584584,1,661.56,233275,430772,-0.4377688882179924,0
2023-07-28 11:02:56,659.55,584673,47,661.56,233274,430876,-0.4377688882179924,0
2023-07-28 11:02:56,659.55,584673,5,661.56,233274,430876,-0.4377688882179924,0
2023-07-28 11:02:57,659.55,584709,5,661.56,233273,430805,-0.4377688882179924,0
2023-07-28 11:02:57,659.55,584709,5,661.56,233287,430785,-0.4377688882179924,0
2023-07-28 11:02:57,659.55,584709,1,661.56,233287,430785,-0.4377688882179924,0
2023-07-28 11:02:59,659.55,584710,1,661.56,233289,430725,-0.4377688882179924,0
2023-07-28 11:02:59,659.55,584710,1,661.56,233289,430725,-0.4377688882179924,0
2023-07-28 11:03:00,659.55,584711,1,661.56,233581,430550,-0.4377688882179924,0
2023-07-28 11:03:00,659.5,584711,1,661.56,233581,430603,-0.44531662767001967,0
2023-07-28 11:03:03,659.55,584712,3,661.56,233580,430568,-0.4377688882179924,0
2023-07-28 11:03:03,659.55,584715,3,661.56,234589,430615,-0.4377688882179924,0
2023-07-28 11:03:03,659.5,584715,60,661.56,234589,430615,-0.44531662767001967,0
2023-07-28 11:03:05,659.5,584775,60,661.56,234473,430588,-0.44531662767001967,0
2023-07-28 11:03:05,659.55,584775,1,661.56,234473,430588,-0.4377688882179924,0
2023-07-28 11:03:06,659.5,584776,1,661.56,234473,430587,-0.44531662767001967,0
2023-07-28 11:03:08,659.5,584822,1,661.56,234570,430562,-0.44531662767001967,0
2023-07-28 11:03:09,659.55,584890,8,661.56,234570,430537,-0.4377688882179924,0
2023-07-28 11:03:09,659.55,584890,7,661.56,234570,430637,-0.4377688882179924,0
2023-07-28 11:03:10,659.55,584907,7,661.56,234591,430638,-0.4377688882179924,0
2023-07-28 11:03:10,659.55,584907,14,661.56,234591,430638,-0.4377688882179924,0
2023-07-28 11:03:12,659.55,585012,1,661.56,234594,430689,-0.4377688882179924,0
2023-07-28 11:03:13,659.5,585013,1,661.56,234593,430660,-0.44531662767001967,0
2023-07-28 11:03:13,659.55,585013,1,661.56,234593,430660,-0.4377688882179924,0
2023-07-28 11:03:13,659.45,585116,52,661.56,234511,430674,-0.4528643671220469,0
2023-07-28 11:03:15,659.45,585381,17,661.56,233203,432024,-0.4528643671220469,0
2023-07-28 11:03:15,659.45,585381,17,661.56,233203,432024,-0.4528643671220469,0
2023-07-28 11:03:15,659.45,585381,17,661.56,233203,432037,-0.4528643671220469,0
2023-07-28 11:03:17,659.45,585812,44,661.56,231514,432144,-0.4528643671220469,0
2023-07-28 11:03:18,659.55,585978,13,661.56,232176,432812,-0.4377688882179924,0
2023-07-28 11:03:18,659.55,585978,13,661.56,232039,432812,-0.4377688882179924,0
2023-07-28 11:03:18,659.45,585978,4,661.56,232039,432812,-0.4528643671220469,0
2023-07-28 11:03:20,659.5,586009,1,661.56,232121,432812,-0.44531662767001967,0
2023-07-28 11:03:21,659.55,586013,4,661.56,232379,431827,-0.4377688882179924,0
2023-07-28 11:03:21,659.55,586013,4,661.56,232379,431827,-0.4377688882179924,0
2023-07-28 11:03:21,659.55,586013,4,661.56,232605,431827,-0.4377688882179924,0
2023-07-28 11:03:23,659.55,586016,2,661.56,232753,431793,-0.4377688882179924,0
2023-07-28 11:03:25,659.5,587054,38,661.55,233099,431400,-0.44531662767001967,0
2023-07-28 11:03:25,659.6,587054,47,661.55,233073,431400,-0.430221148765948,0
2023-07-28 11:03:27,659.5,587213,70,661.55,233033,431481,-0.44531662767001967,0
2023-07-28 11:03:27,659.6,587472,55,661.55,232485,431520,-0.430221148765948,0
2023-07-28 11:03:27,659.6,587472,55,661.55,232535,431569,-0.430221148765948,0
2023-07-28 11:03:27,659.55,587472,1,661.55,232535,431569,-0.4377688882179924,0
2023-07-28 11:03:30,659.6,588395,413,661.55,232925,431730,-0.430221148765948,0
2023-07-28 11:03:31,659.5,588396,1,661.55,232790,431788,-0.44531662767001967,0
2023-07-28 11:03:31,659.5,588396,103,661.55,232782,431789,-0.44531662767001967,0
2023-07-28 11:03:32,659.55,589496,20,661.55,231363,432624,-0.4377688882179924,0
2023-07-28 11:03:34,659.6,592635,3,661.53,235181,426283,-0.430221148765948,0
2023-07-28 11:03:34,659.6,592635,3,661.53,235181,426283,-0.430221148765948,0
2023-07-28 11:03:35,659.65,593148,1,661.53,232710,427776,-0.4226734093139208,0
2023-07-28 11:03:36,659.65,593149,1,661.53,232755,426375,-0.4226734093139208,0
2023-07-28 11:03:38,659.55,593154,1,661.53,233848,426316,-0.4377688882179924,0
2023-07-28 11:03:38,659.55,593154,1,661.53,231373,427674,-0.4377688882179924,0
2023-07-28 11:03:40,659.65,594761,707,661.53,233674,427531,-0.4226734093139208,0
2023-07-28 11:03:40,659.5,594936,85,661.53,233094,427210,-0.44531662767001967,0
2023-07-28 11:03:41,659.65,595026,47,661.53,232621,429311,-0.4226734093139208,0
2023-07-28 11:03:44,659.5,595094,20,661.53,232494,430690,-0.44531662767001967,0
2023-07-28 11:03:44,659.5,595094,1,661.53,232494,430690,-0.44531662767001967,0
2023-07-28 11:03:44,659.5,595095,1,661.53,232756,430566,-0.44531662767001967,0
2023-07-28 11:03:44,659.55,595095,1,661.53,232756,430566,-0.4377688882179924,0
2023-07-28 11:03:44,659.55,595095,2,661.53,232756,430566,-0.4377688882179924,0
2023-07-28 11:03:46,659.55,595098,2,661.53,233059,429516,-0.4377688882179924,0
2023-07-28 11:03:48,659.5,595099,1,661.53,233043,429674,-0.44531662767001967,0
2023-07-28 11:03:48,659.5,595099,1,661.53,232888,429931,-0.44531662767001967,0
2023-07-28 11:03:48,659.5,595099,1,661.53,232655,429981,-0.44531662767001967,0
2023-07-28 11:03:48,659.5,595099,1,661.53,232738,429981,-0.44531662767001967,0
2023-07-28 11:03:48,659.55,595099,1,661.53,232738,429981,-0.4377688882179924,0
2023-07-28 11:03:48,659.55,595099,8,661.53,232738,429981,-0.4377688882179924,0
2023-07-28 11:03:52,659.55,595111,8,661.53,233685,429794,-0.4377688882179924,0
2023-07-28 11:03:52,659.55,595111,3,661.53,233685,429794,-0.4377688882179924,0
2023-07-28 11:03:53,659.55,595115,3,661.53,233684,429774,-0.4377688882179924,0
2023-07-28 11:03:55,659.5,595334,8,661.53,232877,430466,-0.44531662767001967,0
2023-07-28 11:03:56,659.55,595425,1,661.53,233362,429939,-0.4377688882179924,0
2023-07-28 11:03:57,659.55,595426,1,661.53,233312,429494,-0.4377688882179924,0
2023-07-28 11:03:59,659.5,595427,1,661.53,233318,429494,-0.44531662767001967,0
2023-07-28 11:03:59,659.5,595427,1,661.53,233221,429394,-0.44531662767001967,0
2023-07-28 11:03:59,659.5,595427,1,661.53,233201,429396,-0.44531662767001967,0
2023-07-28 11:03:59,659.5,595427,1,661.53,233104,429416,-0.44531662767001967,0
2023-07-28 11:03:59,659.5,595427,1,661.53,233103,429419,-0.44531662767001967,0
2023-07-28 11:03:59,659.55,595427,3,661.53,233103,429419,-0.4377688882179924,0
2023-07-28 11:04:04,659.55,595432,1,661.53,233121,429684,-0.4377688882179924,0
2023-07-28 11:04:04,659.55,595432,1,661.53,233121,429684,-0.4377688882179924,0
2023-07-28 11:04:06,659.5,595834,1,661.52,232213,430625,-0.44531662767001967,0
2023-07-28 11:04:07,659.55,595838,2,661.52,232666,429886,-0.4377688882179924,0
2023-07-28 11:04:07,659.55,595838,2,661.52,233112,430013,-0.4377688882179924,0
2023-07-28 11:04:09,659.55,595845,1,661.52,233080,430068,-0.4377688882179924,0
2023-07-28 11:04:11,659.6,596032,35,661.52,232966,430033,-0.430221148765948,0
2023-07-28 11:04:11,659.6,596032,35,661.52,232966,430130,-0.430221148765948,0
2023-07-28 11:04:11,659.6,596032,1,661.52,232966,430130,-0.430221148765948,0
2023-07-28 11:04:12,659.75,596034,3,661.52,232965,430010,-0.4075779304098491,0
2023-07-28 11:04:13,659.75,596084,3,661.52,232446,429700,-0.4075779304098491,0
2023-07-28 11:04:16,659.75,596085,1,661.52,232667,429257,-0.4075779304098491,0
2023-07-28 11:04:16,659.75,596085,1,661.52,232417,430783,-0.4075779304098491,0
2023-07-28 11:04:18,659.7,596087,1,661.52,232290,430809,-0.4151256698618763,0
2023-07-28 11:04:18,659.75,596090,3,661.52,231699,430703,-0.4075779304098491,0
2023-07-28 11:04:20,659.75,596091,1,661.52,232316,430494,-0.4075779304098491,0
2023-07-28 11:04:21,659.75,596092,1,661.52,232352,430242,-0.4075779304098491,0
2023-07-28 11:04:22,659.75,596094,1,661.52,235017,429288,-0.4075779304098491,0
2023-07-28 11:04:22,659.9,596105,8,661.52,233871,428964,-0.3849347120537502,0
2023-07-28 11:04:22,659.8,596105,2,661.52,233871,428964,-0.40003019095782183,0
2023-07-28 11:04:22,659.7,596105,1,661.52,233871,428964,-0.4151256698618763,0
2023-07-28 11:04:24,659.7,596109,1,661.52,234009,430384,-0.4151256698618763,0
2023-07-28 11:04:26,659.85,596197,15,661.52,233956,430033,-0.39248245150577743,0
2023-07-28 11:04:26,659.85,596197,15,661.52,234060,430033,-0.39248245150577743,0
2023-07-28 11:04:28,659.85,596198,1,661.52,234033,430032,-0.39248245150577743,0
2023-07-28 11:04:28,659.85,596198,1,661.52,234025,430099,-0.39248245150577743,0
2023-07-28 11:04:28,659.85,596198,1,661.52,234046,430449,-0.39248245150577743,0
2023-07-28 11:04:28,659.7,596198,1,661.52,234046,430449,-0.4151256698618763,0
2023-07-28 11:04:28,659.85,596198,11,661.52,234046,430449,-0.39248245150577743,0
2023-07-28 11:04:32,659.7,596211,1,661.52,233907,429429,-0.4151256698618763,0
2023-07-28 11:04:32,659.7,596211,1,661.52,233902,429663,-0.4151256698618763,0
2023-07-28 11:04:32,659.85,596211,1,661.52,233902,429663,-0.39248245150577743,0
2023-07-28 11:04:35,659.85,596226,12,661.52,234022,429622,-0.39248245150577743,0
2023-07-28 11:04:35,659.85,596226,12,661.52,233836,429397,-0.39248245150577743,0
2023-07-28 11:04:35,659.85,596226,2,661.52,233836,429398,-0.39248245150577743,0
2023-07-28 11:04:35,659.85,596226,6,661.52,233836,429398,-0.39248245150577743,0
2023-07-28 11:04:38,659.85,596245,6,661.52,233934,428986,-0.39248245150577743,0
2023-07-28 11:04:38,659.85,596245,2,661.52,233934,428986,-0.39248245150577743,0
2023-07-28 11:04:39,659.75,596280,1,661.52,234118,429145,-0.4075779304098491,0
2023-07-28 11:04:39,659.75,596280,1,661.52,234042,429220,-0.4075779304098491,0
2023-07-28 11:04:41,659.85,596372,3,661.52,234816,429952,-0.39248245150577743,0
2023-07-28 11:04:41,659.85,596372,3,661.52,234793,430646,-0.39248245150577743,0
2023-07-28 11:04:43,659.9,596375,20,661.52,233868,430757,-0.3849347120537502,0
2023-07-28 11:04:44,659.9,596395,10,661.52,233841,430760,-0.3849347120537502,0
2023-07-28 11:04:45,659.9,596405,10,661.52,233945,430498,-0.3849347120537502,0
2023-07-28 11:04:45,659.75,596405,2,661.52,233945,430498,-0.4075779304098491,0
2023-07-28 11:04:45,659.85,596405,1,661.52,233945,430498,-0.39248245150577743,0
2023-07-28 11:04:47,659.85,596410,1,661.52,234116,430790,-0.39248245150577743,0
2023-07-28 11:04:47,659.85,596410,20,661.52,234116,430790,-0.39248245150577743,0
2023-07-28 11:04:48,659.85,596439,20,661.52,234089,430475,-0.39248245150577743,0
2023-07-28 11:04:48,659.85,596439,20,661.52,234094,430475,-0.39248245150577743,0
2023-07-28 11:04:51,659.5,597756,1,661.52,231142,432636,-0.44531662767001967,0
2023-07-28 11:04:51,659.5,597756,1,661.52,231142,432636,-0.44531662767001967,0
2023-07-28 11:04:51,659.5,597756,1,661.52,231958,432507,-0.44531662767001967,0
2023-07-28 11:04:52,659.5,599253,397,661.51,232868,428878,-0.44531662767001967,0
2023-07-28 11:04:54,659.55,599394,3,661.51,233100,429768,-0.4377688882179924,0
2023-07-28 11:04:54,659.6,599726,70,661.51,233039,429713,-0.430221148765948,0
2023-07-28 11:04:54,659.55,599726,1,661.51,233039,429713,-0.4377688882179924,0
2023-07-28 11:04:56,659.55,599815,47,661.51,232174,433294,-0.4377688882179924,0
2023-07-28 11:04:57,659.55,600003,188,661.51,232183,433081,-0.4377688882179924,0
2023-07-28 11:04:58,659.55,600023,20,661.51,233364,433431,-0.4377688882179924,0
2023-07-28 11:04:58,659.5,600023,1,661.51,233692,433257,-0.44531662767001967,0
2023-07-28 11:05:00,659.5,600024,1,661.51,233410,433555,-0.44531662767001967,0
2023-07-28 11:05:00,659.5,600024,1,661.51,233410,433591,-0.44531662767001967,0
2023-07-28 11:05:00,659.4,600024,1,661.51,233410,433591,-0.4604121065740913,0
2023-07-28 11:05:03,659.5,600025,1,661.51,233275,432590,-0.44531662767001967,0
2023-07-28 11:05:04,659.5,600026,1,661.51,233275,432514,-0.44531662767001967,0
2023-07-28 11:05:06,659.5,600296,13,661.51,233555,431674,-0.44531662767001967,0
2023-07-28 11:05:07,659.5,600306,1,661.51,233549,431674,-0.44531662767001967,0
2023-07-28 11:05:08,659.45,600319,3,661.51,233368,431768,-0.4528643671220469,0
2023-07-28 11:05:08,659.5,600321,2,661.51,233518,431766,-0.44531662767001967,0
2023-07-28 11:05:09,659.45,600322,1,661.51,233517,431767,-0.4528643671220469,0
2023-07-28 11:05:09,659.45,600322,1,661.51,233517,431767,-0.4528643671220469,0
2023-07-28 11:05:12,659.55,600426,11,661.51,233623,431550,-0.4377688882179924,0
2023-07-28 11:05:12,659.55,600426,11,661.51,233559,431550,-0.4377688882179924,0
2023-07-28 11:05:13,659.5,600430,3,661.51,233567,431668,-0.44531662767001967,0
2023-07-28 11:05:15,659.45,600533,46,661.51,233567,430821,-0.4528643671220469,0
2023-07-28 11:05:15,659.4,600537,1,661.51,233559,430818,-0.4604121065740913,0
2023-07-28 11:05:16,659.4,600539,1,661.51,233533,430031,-0.4604121065740913,0
2023-07-28 11:05:18,659.35,600630,89,661.51,233519,428931,-0.46795984602611856,0
2023-07-28 11:05:19,659.35,600631,1,661.51,233931,429404,-0.46795984602611856,0
2023-07-28 11:05:20,659.4,600632,1,661.51,233271,430288,-0.4604121065740913,0
2023-07-28 11:05:20,659.45,600632,12,661.51,233271,430288,-0.4528643671220469,0
2023-07-28 11:05:21,659.45,600692,12,661.51,234067,429655,-0.4528643671220469,0
2023-07-28 11:05:22,659.35,600693,1,661.51,233979,429614,-0.46795984602611856,0
2023-07-28 11:05:22,659.55,600971,34,661.51,233944,429261,-0.4377688882179924,0
2023-07-28 11:05:23,659.55,600974,3,661.51,234079,429222,-0.4377688882179924,0
2023-07-28 11:05:23,659.55,600974,3,661.51,234079,429222,-0.4377688882179924,0
2023-07-28 11:05:23,659.55,600974,3,661.51,234079,429222,-0.4377688882179924,0
2023-07-28 11:05:23,659.55,600974,3,661.51,234057,429222,-0.4377688882179924,0
2023-07-28 11:05:25,659.55,600975,1,661.51,234028,429411,-0.4377688882179924,0
2023-07-28 11:05:25,659.55,600975,34,661.51,234028,429411,-0.4377688882179924,0
2023-07-28 11:05:26,659.55,601065,34,661.51,234098,429865,-0.4377688882179924,0
2023-07-28 11:05:27,659.35,601066,1,661.51,234097,429865,-0.46795984602611856,0
2023-07-28 11:05:27,659.55,601066,8,661.51,234097,429865,-0.4377688882179924,0
2023-07-28 11:05:29,659.55,601074,8,661.51,234072,429789,-0.4377688882179924,0
2023-07-28 11:05:29,659.55,601074,8,661.51,234073,429789,-0.4377688882179924,0
2023-07-28 11:05:29,659.55,601074,8,661.51,234124,429804,-0.4377688882179924,0
2023-07-28 11:05:29,659.55,601074,8,661.51,234124,429804,-0.4377688882179924,0
2023-07-28 11:05:29,659.55,601074,1,661.51,234124,429804,-0.4377688882179924,0
2023-07-28 11:05:32,659.55,601075,1,661.51,234124,429803,-0.4377688882179924,0
2023-07-28 11:05:32,659.55,601075,3,661.51,234124,429803,-0.4377688882179924,0
2023-07-28 11:05:34,659.55,601099,21,661.51,233838,429652,-0.4377688882179924,0
2023-07-28 11:05:34,659.45,601100,1,661.51,233843,429752,-0.4528643671220469,0
2023-07-28 11:05:35,659.55,601101,1,661.51,233825,429751,-0.4377688882179924,0
2023-07-28 11:05:35,659.55,601101,7,661.51,233864,429751,-0.4377688882179924,0
2023-07-28 11:05:37,659.55,601111,7,661.51,233862,429741,-0.4377688882179924,0
2023-07-28 11:05:37,659.55,601111,10,661.51,233862,429741,-0.4377688882179924,0
2023-07-28 11:05:38,659.55,601121,10,661.51,234084,429752,-0.4377688882179924,0
2023-07-28 11:05:38,659.55,601121,10,661.51,234065,429752,-0.4377688882179924,0
2023-07-28 11:05:38,659.55,601121,10,661.51,234056,429812,-0.4377688882179924,0
2023-07-28 11:05:38,659.6,601121,23,661.51,234056,429812,-0.430221148765948,0
2023-07-28 11:05:42,659.6,601219,10,661.51,234056,429795,-0.430221148765948,0
2023-07-28 11:05:43,659.6,601220,4,661.51,234056,429795,-0.430221148765948,0
2023-07-28 11:05:43,659.6,601224,4,661.51,234062,429791,-0.430221148765948,0
2023-07-28 11:05:44,659.45,601225,1,661.51,233674,429790,-0.4528643671220469,0
2023-07-28 11:05:45,659.45,601226,1,661.51,233673,429790,-0.4528643671220469,0
2023-07-28 11:05:45,659.45,601226,1,661.51,233673,429761,-0.4528643671220469,0
2023-07-28 11:05:45,659.45,601226,1,661.51,233673,429761,-0.4528643671220469,0
2023-07-28 11:05:45,659.6,601226,1,661.51,233673,429761,-0.430221148765948,0
2023-07-28 11:05:49,659.5,601258,1,661.51,232333,429601,-0.44531662767001967,0
2023-07-28 11:05:49,659.5,601258,1,661.51,232333,429601,-0.44531662767001967,0
2023-07-28 11:05:49,659.5,601258,1,661.51,232292,429295,-0.44531662767001967,0
2023-07-28 11:05:49,659.45,601258,1,661.51,232292,429295,-0.4528643671220469,0
2023-07-28 11:05:50,659.45,601259,1,661.51,232162,429295,-0.4528643671220469,0
2023-07-28 11:05:52,659.6,601409,73,661.51,232453,428903,-0.430221148765948,0
2023-07-28 11:05:52,659.5,601409,128,661.51,232453,428903,-0.44531662767001967,0
2023-07-28 11:05:53,659.5,601537,128,661.51,232275,429130,-0.44531662767001967,0
2023-07-28 11:05:54,659.45,602853,1,661.5,231302,429985,-0.4528643671220469,0
2023-07-28 11:05:54,659.3,602853,99,661.5,231302,429985,-0.47550758547816296,0
2023-07-28 11:05:55,659.6,603953,1,661.5,231716,429125,-0.430221148765948,0
2023-07-28 11:05:55,659.6,603953,1,661.5,231716,429125,-0.430221148765948,0
2023-07-28 11:05:56,659.6,604041,8,661.5,231802,428989,-0.430221148765948,0
2023-07-28 11:05:56,659.6,604041,8,661.5,231802,428989,-0.430221148765948,0
2023-07-28 11:05:57,659.35,604268,1,661.5,232143,428621,-0.46795984602611856,0
2023-07-28 11:05:58,659.35,604298,30,661.5,232061,428629,-0.46795984602611856,0
2023-07-28 11:05:58,659.35,604298,30,661.5,232061,428629,-0.46795984602611856,0
2023-07-28 11:05:59,659.6,604318,20,661.5,232221,428521,-0.430221148765948,0
2023-07-28 11:06:00,659.55,604319,1,661.5,232223,428521,-0.4377688882179924,0
2023-07-28 11:06:02,659.55,604555,11,661.5,232306,428835,-0.4377688882179924,0
2023-07-28 11:06:02,659.55,604563,7,661.5,232320,428648,-0.4377688882179924,0
2023-07-28 11:06:02,659.55,604563,3,661.5,232320,428648,-0.4377688882179924,0
2023-07-28 11:06:03,659.55,604566,3,661.5,232297,429515,-0.4377688882179924,0
2023-07-28 11:06:05,659.55,604567,1,661.5,233287,428429,-0.4377688882179924,0
2023-07-28 11:06:05,659.55,604567,12,661.5,233287,428429,-0.4377688882179924,0
2023-07-28 11:06:05,659.55,604567,6,661.5,233287,428429,-0.4377688882179924,0
2023-07-28 11:06:05,659.55,604567,8,661.5,233287,428429,-0.4377688882179924,0
2023-07-28 11:06:09,659.5,604634,1,661.5,232647,429995,-0.44531662767001967,0
2023-07-28 11:06:09,659.5,604634,70,661.5,232647,429995,-0.44531662767001967,0
2023-07-28 11:06:09,659.45,604634,15,661.5,232647,429995,-0.4528643671220469,0
2023-07-28 11:06:09,659.45,604634,48,661.5,232647,429995,-0.4528643671220469,0
2023-07-28 11:06:09,659.45,604634,1,661.5,232647,429995,-0.4528643671220469,0
2023-07-28 11:06:12,659.45,606313,1,661.49,231909,429689,-0.4528643671220469,0
2023-07-28 11:06:12,659.45,606313,3,661.49,231909,429689,-0.4528643671220469,0
2023-07-28 11:06:12,659.35,606313,1,661.49,231909,429689,-0.46795984602611856,0
2023-07-28 11:06:12,659.45,606313,4,661.49,231909,429689,-0.4528643671220469,0
2023-07-28 11:06:12,659.45,606313,28,661.49,231909,429689,-0.4528643671220469,0
2023-07-28 11:06:16,659.45,606385,28,661.49,232388,429670,-0.4528643671220469,0
2023-07-28 11:06:16,659.5,606385,26,661.49,232388,429670,-0.44531662767001967,0
2023-07-28 11:06:16,659.5,606385,1,661.49,232388,429670,-0.44531662767001967,0
2023-07-28 11:06:16,659.5,606385,15,661.49,232388,429670,-0.44531662767001967,0
2023-07-28 11:06:22,659.5,606550,3,661.49,233236,430514,-0.44531662767001967,0
2023-07-28 11:06:22,659.5,606550,3,661.49,233236,430514,-0.44531662767001967,0
2023-07-28 11:06:22,659.5,606550,3,661.49,233236,430514,-0.44531662767001967,0
2023-07-28 11:06:22,659.5,606550,22,661.49,233236,430514,-0.44531662767001967,0
2023-07-28 11:06:26,659.5,606598,8,661.49,233216,430527,-0.44531662767001967,0
2023-07-28 11:06:26,659.5,606598,23,661.49,233216,430527,-0.44531662767001967,0
2023-07-28 11:06:26,659.5,606598,2,661.49,233216,430527,-0.44531662767001967,0
2023-07-28 11:06:26,659.45,606598,10,661.49,233216,430527,-0.4528643671220469,0
2023-07-28 11:06:29,659.45,607839,100,661.48,231763,431210,-0.4528643671220469,0
2023-07-28 11:06:29,659.45,607839,1,661.48,231763,431210,-0.4528643671220469,0
2023-07-28 11:06:29,659.55,607839,1,661.48,231763,431210,-0.4377688882179924,0
2023-07-28 11:06:33,659.55,608028,3,661.48,232181,430780,-0.4377688882179924,0
2023-07-28 11:06:33,659.5,608028,127,661.48,232181,430780,-0.44531662767001967,0
2023-07-28 11:06:33,659.5,608028,30,661.48,232181,430780,-0.44531662767001967,0
2023-07-28 11:06:33,659.5,608028,1,661.48,232181,430780,-0.44531662767001967,0
2023-07-28 11:06:37,659.55,608226,8,661.48,232497,430656,-0.4377688882179924,0
2023-07-28 11:06:37,659.55,608226,1,661.48,232497,430656,-0.4377688882179924,0
2023-07-28 11:06:37,659.55,608226,3,661.48,232497,430656,-0.4377688882179924,0
2023-07-28 11:06:37,659.5,608226,1,661.48,232497,430656,-0.44531662767001967,0
2023-07-28 11:06:37,659.5,608226,1,661.48,232497,430656,-0.44531662767001967,0
2023-07-28 11:06:37,659.55,608226,2,661.48,232497,430656,-0.4377688882179924,0
2023-07-28 11:06:37,659.55,608226,1,661.48,232497,430656,-0.4377688882179924,0
2023-07-28 11:06:44,659.55,608277,1,661.48,232601,430474,-0.4377688882179924,0
2023-07-28 11:06:44,659.5,608277,1,661.48,232601,430474,-0.44531662767001967,0
2023-07-28 11:06:44,659.55,608277,2,661.48,232601,430474,-0.4377688882179924,0
2023-07-28 11:06:48,659.55,608280,2,661.48,232607,430426,-0.4377688882179924,0
2023-07-28 11:06:48,659.55,608280,3,661.48,232607,430426,-0.4377688882179924,0
2023-07-28 11:06:53,659.55,608293,3,661.48,232837,430531,-0.4377688882179924,0
2023-07-28 11:06:53,659.55,608293,1,661.48,232837,430531,-0.4377688882179924,0
2023-07-28 11:06:53,659.55,608293,1,661.48,232837,430531,-0.4377688882179924,0
2023-07-28 11:06:53,659.5,608293,1,661.48,232837,430531,-0.44531662767001967,0
2023-07-28 11:06:58,659.55,608306,3,661.48,232599,430535,-0.4377688882179924,0
2023-07-28 11:06:58,659.65,608306,9,661.48,232599,430535,-0.4226734093139208,0
2023-07-28 11:06:58,659.5,608306,1,661.48,232599,430535,-0.44531662767001967,0
2023-07-28 11:06:58,659.6,608306,2,661.48,232599,430535,-0.430221148765948,0
2023-07-28 11:07:01,659.6,608325,11,661.48,232666,430752,-0.430221148765948,0
2023-07-28 11:07:01,659.6,608325,1,661.48,232666,430752,-0.430221148765948,0
2023-07-28 11:07:01,659.6,608325,3,661.48,232666,430752,-0.430221148765948,0
2023-07-28 11:07:01,659.55,608325,1,661.48,232666,430752,-0.4377688882179924,0
2023-07-28 11:07:04,659.55,608341,1,661.48,232654,430623,-0.4377688882179924,0
2023-07-28 11:07:04,659.55,608341,18,661.48,232654,430623,-0.4377688882179924,0
2023-07-28 11:07:04,659.6,608341,2,661.48,232654,430623,-0.430221148765948,0
2023-07-28 11:07:04,659.6,608341,1,661.48,232654,430623,-0.430221148765948,0
2023-07-28 11:07:10,659.55,608414,1,661.48,232316,430591,-0.4377688882179924,0
2023-07-28 11:07:10,659.55,608414,1,661.48,232316,430591,-0.4377688882179924,0
2023-07-28 11:07:10,659.55,608414,1,661.48,232316,430591,-0.4377688882179924,0
2023-07-28 11:07:10,659.55,608414,1,661.48,232316,430591,-0.4377688882179924,0
2023-07-28 11:07:13,659.6,608434,3,661.48,232125,430160,-0.430221148765948,0
2023-07-28 11:07:13,659.6,608434,1,661.48,232125,430160,-0.430221148765948,0
2023-07-28 11:07:13,659.6,608434,2,661.48,232125,430160,-0.430221148765948,0
2023-07-28 11:07:13,659.6,608434,1,661.48,232125,430160,-0.430221148765948,0
2023-07-28 11:07:18,659.6,608462,22,661.48,232139,430185,-0.430221148765948,0
2023-07-28 11:07:18,659.5,608462,48,661.48,232139,430185,-0.44531662767001967,0
2023-07-28 11:07:18,659.6,608462,1,661.48,232139,430185,-0.430221148765948,0
2023-07-28 11:07:22,659.55,609472,1,661.48,232185,430504,-0.4377688882179924,0
2023-07-28 11:07:22,659.6,609472,4,661.48,232185,430504,-0.430221148765948,0
2023-07-28 11:07:22,659.6,609472,3,661.48,232185,430504,-0.430221148765948,0
2023-07-28 11:07:22,659.55,609472,33,661.48,232185,430504,-0.4377688882179924,0
2023-07-28 11:07:26,659.55,609561,1,661.48,232221,430511,-0.4377688882179924,0
2023-07-28 11:07:26,659.55,609561,95,661.48,232221,430511,-0.4377688882179924,0
2023-07-28 11:07:26,659.6,609561,3,661.48,232221,430511,-0.430221148765948,0
2023-07-28 11:07:26,659.6,609561,47,661.48,232221,430511,-0.430221148765948,0
2023-07-28 11:07:30,659.5,609852,19,661.48,232564,430186,-0.44531662767001967,0
2023-07-28 11:07:30,659.6,609852,50,661.48,232564,430186,-0.430221148765948,0
2023-07-28 11:07:30,659.6,609852,1,661.48,232564,430186,-0.430221148765948,0
2023-07-28 11:07:30,659.45,609852,10,661.48,232564,430186,-0.4528643671220469,0
2023-07-28 11:07:30,659.45,609852,1,661.48,232564,430186,-0.4528643671220469,0
2023-07-28 11:07:30,659.45,609852,1,661.48,232564,430186,-0.4528643671220469,0
2023-07-28 11:07:30,659.4,609852,19,661.48,232564,430186,-0.4604121065740913,0
2023-07-28 11:07:30,659.6,609852,1,661.48,232564,430186,-0.430221148765948,0
2023-07-28 11:07:37,659.6,610361,1,661.48,232959,429245,-0.430221148765948,0
2023-07-28 11:07:37,659.4,610361,1,661.48,232959,429245,-0.4604121065740913,0
2023-07-28 11:07:37,659.4,610361,1,661.48,232959,429245,-0.4604121065740913,0
2023-07-28 11:07:37,659.6,610361,2,661.48,232959,429245,-0.430221148765948,0
2023-07-28 11:07:42,659.6,610386,1,661.48,233020,429779,-0.430221148765948,0
2023-07-28 11:07:42,659.6,610386,3,661.48,233020,429779,-0.430221148765948,0
