2023-07-28 10:49:23,3149.85,116910,3,3143.49,63002,89026,0.4112274661693713,0
2023-07-28 10:49:26,3149.85,116913,3,3143.49,63014,89019,0.4112274661693713,0
2023-07-28 10:49:26,3149.5,116913,2,3143.49,63065,89001,0.4000701318159417,0
2023-07-28 10:49:26,3150.0,116913,22,3143.49,63065,89001,0.4160091808922738,0
2023-07-28 10:49:36,3150.0,117044,23,3143.5,63310,88872,0.4160091808922738,0
2023-07-28 10:49:38,3150.0,117067,23,3143.5,63297,88810,0.4160091808922738,0
2023-07-28 10:49:38,3149.3,117067,22,3143.5,63297,88810,0.3936945121854146,0
2023-07-28 10:49:38,3149.25,117067,1,3143.5,63297,88810,0.3921006072777756,0
2023-07-28 10:49:45,3149.25,117096,1,3143.5,63282,88791,0.3921006072777756,0
2023-07-28 10:49:45,3150.0,117096,6,3143.5,63282,88791,0.4160091808922738,0
2023-07-28 10:49:46,3150.0,117102,6,3143.5,63317,88777,0.4160091808922738,0
2023-07-28 10:49:46,3149.65,117102,1,3143.5,63317,88777,0.4048518465388442,0
2023-07-28 10:49:46,3149.65,117102,1,3143.5,63317,88777,0.4048518465388442,0
2023-07-28 10:49:53,3149.65,117108,1,3143.5,63307,88859,0.4048518465388442,0
2023-07-28 10:49:53,3150.0,117108,1,3143.5,63307,88859,0.4160091808922738,0
2023-07-28 10:49:53,3150.0,117108,4,3143.5,63307,88859,0.4160091808922738,0
2023-07-28 10:49:53,3150.0,117108,4,3143.5,63307,88859,0.4160091808922738,0
2023-07-28 10:49:57,3150.0,117142,5,3143.5,63272,88799,0.4160091808922738,0
2023-07-28 10:49:57,3150.0,117142,21,3143.5,63272,88799,0.4160091808922738,0
2023-07-28 10:50:02,3150.0,117189,21,3143.5,63284,88794,0.4160091808922738,0
2023-07-28 10:50:02,3150.0,117189,1,3143.5,63284,88794,0.4160091808922738,0
2023-07-28 10:50:04,3150.0,117198,1,3143.5,63298,88807,0.4160091808922738,0
2023-07-28 10:50:04,3150.0,117198,1,3143.5,63298,88827,0.4160091808922738,0
2023-07-28 10:50:08,3150.0,117209,11,3143.51,63279,88800,0.4160091808922738,0
2023-07-28 10:50:09,3150.0,117215,2,3143.51,63278,88794,0.4160091808922738,0
2023-07-28 10:50:09,3150.0,117218,2,3143.51,63296,88791,0.4160091808922738,0
2023-07-28 10:50:09,3150.0,117218,5,3143.51,63296,88796,0.4160091808922738,0
2023-07-28 10:50:09,3150.0,117218,53,3143.51,63296,88796,0.4160091808922738,0
2023-07-28 10:50:11,3150.0,117331,53,3143.51,63198,88732,0.4160091808922738,0
2023-07-28 10:50:11,3150.0,117331,53,3143.51,63216,88732,0.4160091808922738,0
2023-07-28 10:50:15,3150.45,117333,2,3143.51,63233,88730,0.4303543250609669,0
2023-07-28 10:50:15,3150.45,117333,2,3143.51,63226,88779,0.4303543250609669,0
2023-07-28 10:50:15,3150.45,117333,2,3143.51,63318,88986,0.4303543250609669,0
2023-07-28 10:50:18,3150.0,117465,10,3143.52,61683,88964,0.4160091808922738,0
2023-07-28 10:50:18,3149.95,117465,1,3143.52,61683,88964,0.4144152759846348,0
2023-07-28 10:50:19,3149.9,117512,1,3143.52,63015,89230,0.4128213710770103,0
2023-07-28 10:50:19,3149.9,117517,1,3143.52,63213,89146,0.4128213710770103,0
2023-07-28 10:50:19,3149.9,117517,1,3143.52,63225,89166,0.4128213710770103,0
2023-07-28 10:50:19,3149.9,117517,1,3143.52,63251,89180,0.4128213710770103,0
2023-07-28 10:50:19,3148.55,117517,1,3143.52,63251,89180,0.36978593857091646,0
2023-07-28 10:50:23,3148.55,117518,1,3143.52,63228,89171,0.36978593857091646,0
2023-07-28 10:50:23,3148.55,117518,1,3143.52,63262,89175,0.36978593857091646,0
2023-07-28 10:50:23,3148.55,117518,1,3143.52,63262,89175,0.36978593857091646,0
2023-07-28 10:50:23,3148.55,117518,1,3143.52,63271,89168,0.36978593857091646,0
2023-07-28 10:50:23,3148.55,117518,1,3143.52,63272,89131,0.36978593857091646,0
2023-07-28 10:50:23,3148.55,117518,1,3143.52,63341,89157,0.36978593857091646,0
2023-07-28 10:50:23,3148.55,117518,1,3143.52,63437,89010,0.36978593857091646,0
2023-07-28 10:50:23,3148.55,117518,1,3143.52,63331,89004,0.36978593857091646,0
2023-07-28 10:50:23,3148.55,117518,1,3143.52,63308,89005,0.36978593857091646,0
2023-07-28 10:50:23,3148.55,117518,1,3143.52,63255,89061,0.36978593857091646,0
2023-07-28 10:50:23,3148.55,117518,1,3143.52,63280,89030,0.36978593857091646,0
2023-07-28 10:50:23,3148.55,117518,1,3143.52,63314,89294,0.36978593857091646,0
2023-07-28 10:50:23,3148.55,117518,1,3143.52,63256,89291,0.36978593857091646,0
2023-07-28 10:50:23,3148.55,117518,1,3143.52,63246,89265,0.36978593857091646,0
2023-07-28 10:50:23,3148.55,117518,1,3143.52,63246,89345,0.36978593857091646,0
2023-07-28 10:50:23,3148.55,117518,1,3143.52,61747,89345,0.36978593857091646,0
2023-07-28 10:50:23,3148.55,117518,1,3143.52,61744,89361,0.36978593857091646,0
2023-07-28 10:50:39,3149.9,117522,4,3143.52,63260,89300,0.4128213710770103,0
2023-07-28 10:50:39,3149.9,117522,4,3143.52,63293,89329,0.4128213710770103,0
2023-07-28 10:50:39,3149.9,117522,11,3143.52,63293,89329,0.4128213710770103,0
2023-07-28 10:50:41,3149.9,117533,11,3143.52,63240,89217,0.4128213710770103,0
2023-07-28 10:50:41,3150.0,117533,2,3143.52,63240,89217,0.4160091808922738,0
2023-07-28 10:50:42,3150.0,117595,30,3143.53,63264,89301,0.4160091808922738,0
2023-07-28 10:50:43,3150.0,117606,11,3143.53,63265,89392,0.4160091808922738,0
2023-07-28 10:50:43,3150.0,117606,4,3143.53,63266,89392,0.4160091808922738,0
2023-07-28 10:50:44,3150.0,117612,4,3143.53,63252,89501,0.4160091808922738,0
2023-07-28 10:50:44,3150.0,117612,1,3143.53,63252,89501,0.4160091808922738,0
2023-07-28 10:50:45,3150.0,117613,1,3143.53,63253,89525,0.4160091808922738,0
2023-07-28 10:50:45,3150.0,117613,1,3143.53,61736,89494,0.4160091808922738,0
2023-07-28 10:50:45,3150.0,117613,1,3143.53,61736,89494,0.4160091808922738,0
2023-07-28 10:50:45,3150.0,117613,1,3143.53,63236,89494,0.4160091808922738,0
2023-07-28 10:50:45,3150.0,117613,30,3143.53,63236,89494,0.4160091808922738,0
2023-07-28 10:50:49,3150.0,117745,30,3143.53,63256,89413,0.4160091808922738,0
2023-07-28 10:50:51,3150.0,117768,23,3143.54,63276,89377,0.4160091808922738,0
2023-07-28 10:50:51,3150.0,117768,140,3143.54,63276,89377,0.4160091808922738,0
2023-07-28 10:50:53,3150.0,118009,36,3143.55,63274,89392,0.4160091808922738,0
2023-07-28 10:50:53,3149.95,118009,1,3143.55,63274,89392,0.4144152759846348,0
2023-07-28 10:50:55,3150.0,118019,2,3143.55,63332,89384,0.4160091808922738,0
2023-07-28 10:50:55,3150.0,118019,4,3143.55,63332,89384,0.4160091808922738,0
2023-07-28 10:50:56,3150.0,118024,1,3143.55,63331,89379,0.4160091808922738,0
2023-07-28 10:50:56,3150.0,118025,1,3143.55,63332,89382,0.4160091808922738,0
2023-07-28 10:50:58,3149.95,118027,2,3143.55,63338,89383,0.4144152759846348,0
2023-07-28 10:50:58,3149.95,118027,2,3143.55,63338,89390,0.4144152759846348,0
2023-07-28 10:51:00,3150.0,118031,1,3143.55,63338,89377,0.4160091808922738,0
2023-07-28 10:51:01,3150.0,118045,2,3143.55,63335,89393,0.4160091808922738,0
2023-07-28 10:51:02,3150.0,118053,6,3143.55,63336,89387,0.4160091808922738,0
2023-07-28 10:51:02,3150.0,118053,1,3143.55,63336,89387,0.4160091808922738,0
2023-07-28 10:51:04,3150.0,118082,4,3143.55,63337,89358,0.4160091808922738,0
2023-07-28 10:51:04,3150.25,118082,3,3143.55,63337,89358,0.42397870543043986,0
2023-07-28 10:51:04,3150.25,118095,3,3143.55,63313,89343,0.42397870543043986,0
2023-07-28 10:51:04,3150.25,118095,3,3143.55,63296,89348,0.42397870543043986,0
2023-07-28 10:51:07,3150.25,118096,1,3143.55,63285,89347,0.42397870543043986,0
2023-07-28 10:51:07,3150.25,118096,1,3143.55,63285,89397,0.42397870543043986,0
2023-07-28 10:51:07,3150.25,118096,1,3143.55,63237,89398,0.42397870543043986,0
2023-07-28 10:51:07,3150.25,118096,1,3143.55,63234,89387,0.42397870543043986,0
2023-07-28 10:51:07,3150.25,118096,1,3143.55,63232,89390,0.42397870543043986,0
2023-07-28 10:51:07,3150.25,118096,1,3143.55,63232,89390,0.42397870543043986,0
2023-07-28 10:51:07,3150.25,118096,1,3143.55,63238,89391,0.42397870543043986,0
2023-07-28 10:51:07,3150.0,118096,2,3143.55,63238,89391,0.4160091808922738,0
2023-07-28 10:51:15,3150.0,118138,7,3143.56,63183,89329,0.4160091808922738,0
2023-07-28 10:51:16,3150.0,118146,8,3143.56,63182,89322,0.4160091808922738,0
2023-07-28 10:51:16,3150.0,118146,8,3143.56,63183,89322,0.4160091808922738,0
2023-07-28 10:51:16,3150.0,118146,8,3143.56,63185,89313,0.4160091808922738,0
2023-07-28 10:51:16,3150.0,118146,8,3143.56,63185,89314,0.4160091808922738,0
2023-07-28 10:51:16,3149.95,118146,3,3143.56,63185,89314,0.4144152759846348,0
2023-07-28 10:51:21,3149.95,118171,4,3143.56,63173,89324,0.4144152759846348,0
2023-07-28 10:51:22,3149.9,118176,1,3143.56,63156,89312,0.4128213710770103,0
2023-07-28 10:51:22,3149.9,118176,1,3143.56,63169,89321,0.4128213710770103,0
2023-07-28 10:51:22,3149.9,118176,1,3143.56,63186,89552,0.4128213710770103,0
2023-07-28 10:51:22,3149.9,118176,1,3143.56,63186,89552,0.4128213710770103,0
2023-07-28 10:51:22,3149.9,118176,1,3143.56,63186,89652,0.4128213710770103,0
2023-07-28 10:51:22,3149.9,118176,1,3143.56,63186,89668,0.4128213710770103,0
2023-07-28 10:51:22,3149.9,118176,1,3143.56,63169,89694,0.4128213710770103,0
2023-07-28 10:51:22,3149.9,118176,1,3143.56,63186,89698,0.4128213710770103,0
2023-07-28 10:51:22,3149.95,118176,2,3143.56,63186,89698,0.4144152759846348,0
2023-07-28 10:51:33,3149.95,118179,1,3143.56,63185,89703,0.4144152759846348,0
2023-07-28 10:51:33,3149.95,118179,1,3143.56,63185,89703,0.4144152759846348,0
2023-07-28 10:51:34,3149.9,118203,5,3143.56,63142,89872,0.4128213710770103,0
2023-07-28 10:51:34,3149.9,118203,4,3143.56,63142,89872,0.4128213710770103,0
2023-07-28 10:51:35,3149.9,118209,2,3143.56,63280,89855,0.4128213710770103,0
2023-07-28 10:51:35,3149.9,118209,2,3143.56,63278,89855,0.4128213710770103,0
2023-07-28 10:51:35,3149.9,118209,2,3143.56,63278,89856,0.4128213710770103,0
2023-07-28 10:51:35,3149.9,118209,2,3143.56,63264,89861,0.4128213710770103,0
2023-07-28 10:51:35,3149.9,118209,2,3143.56,63273,89861,0.4128213710770103,0
2023-07-28 10:51:35,3149.9,118209,2,3143.56,63273,89961,0.4128213710770103,0
2023-07-28 10:51:35,3149.9,118209,2,3143.56,63273,89961,0.4128213710770103,0
2023-07-28 10:51:35,3149.9,118209,2,3143.56,63239,89961,0.4128213710770103,0
2023-07-28 10:51:35,3149.9,118209,146,3143.56,63299,89936,0.4128213710770103,0
2023-07-28 10:51:45,3150.0,118381,25,3143.57,63316,89737,0.4160091808922738,0
2023-07-28 10:51:46,3150.0,118382,1,3143.57,63314,89736,0.4160091808922738,0
2023-07-28 10:51:46,3150.0,118382,1,3143.57,63341,89774,0.4160091808922738,0
2023-07-28 10:51:46,3150.0,118382,1,3143.57,63126,89777,0.4160091808922738,0
2023-07-28 10:51:46,3149.95,118382,15,3143.57,63126,89777,0.4144152759846348,0
2023-07-28 10:51:48,3150.0,118397,3,3143.57,63142,89767,0.4160091808922738,0
2023-07-28 10:51:49,3150.0,118400,3,3143.57,63143,89764,0.4160091808922738,0
2023-07-28 10:51:52,3149.95,118520,8,3143.58,62963,89897,0.4144152759846348,0
2023-07-28 10:51:52,3149.95,118542,1,3143.58,63009,89875,0.4144152759846348,0
2023-07-28 10:51:52,3149.6,118542,5,3143.58,63009,89875,0.4032579416312052,0
2023-07-28 10:51:52,3149.95,118601,3,3143.58,63018,89861,0.4144152759846348,0
2023-07-28 10:51:53,3149.95,118615,3,3143.58,63022,89847,0.4144152759846348,0
2023-07-28 10:51:53,3149.95,118615,3,3143.58,63019,89847,0.4144152759846348,0
2023-07-28 10:51:57,3149.95,118619,4,3143.58,63020,89843,0.4144152759846348,0
2023-07-28 10:51:57,3149.95,118619,1,3143.58,63020,89843,0.4144152759846348,0
2023-07-28 10:51:57,3149.95,118620,1,3143.58,63018,89842,0.4144152759846348,0
2023-07-28 10:51:57,3149.95,118620,1,3143.58,63018,89842,0.4144152759846348,0
2023-07-28 10:51:57,3149.95,118620,1,3143.58,63016,89871,0.4144152759846348,0
2023-07-28 10:52:04,3149.95,118636,11,3143.58,63018,89888,0.4144152759846348,0
2023-07-28 10:52:04,3149.95,118636,2,3143.58,63018,89888,0.4144152759846348,0
2023-07-28 10:52:05,3149.95,118640,2,3143.58,63029,89882,0.4144152759846348,0
2023-07-28 10:52:05,3149.95,118640,2,3143.58,63029,89883,0.4144152759846348,0
2023-07-28 10:52:05,3149.95,118640,2,3143.58,63029,89883,0.4144152759846348,0
2023-07-28 10:52:13,3149.95,118649,2,3143.58,63027,89874,0.4144152759846348,0
2023-07-28 10:52:13,3149.95,118649,2,3143.58,63027,89874,0.4144152759846348,0
2023-07-28 10:52:13,3149.95,118649,2,3143.58,63027,89874,0.4144152759846348,0
2023-07-28 10:52:15,3149.95,118655,2,3143.58,63028,89936,0.4144152759846348,0
2023-07-28 10:52:15,3149.95,118655,4,3143.58,63028,89936,0.4144152759846348,0
2023-07-28 10:52:19,3149.95,118659,1,3143.58,62990,90016,0.4144152759846348,0
2023-07-28 10:52:19,3149.9,118659,1,3143.58,62990,90016,0.4128213710770103,0
2023-07-28 10:52:19,3149.7,118659,2,3143.58,62990,90016,0.4064457514464687,0
2023-07-28 10:52:23,3149.7,118664,2,3143.58,62869,90038,0.4064457514464687,0
2023-07-28 10:52:23,3149.9,118664,1,3143.58,62869,90038,0.4128213710770103,0
2023-07-28 10:52:23,3148.25,118664,1,3143.58,62869,90038,0.3602225091251114,0
2023-07-28 10:52:23,3149.85,118664,1,3143.58,62869,90038,0.4112274661693713,0
2023-07-28 10:52:27,3149.85,118739,1,3143.59,61831,89998,0.4112274661693713,0
2023-07-28 10:52:27,3149.9,118739,1,3143.59,61831,89998,0.4128213710770103,0
2023-07-28 10:52:30,3149.9,118743,1,3143.59,63398,89944,0.4128213710770103,0
2023-07-28 10:52:30,3149.95,118743,1,3143.59,63398,89944,0.4144152759846348,0
2023-07-28 10:52:30,3149.95,118743,4,3143.59,63398,89944,0.4144152759846348,0
2023-07-28 10:52:35,3149.95,118757,1,3143.59,63395,89987,0.4144152759846348,0
2023-07-28 10:52:35,3149.95,118757,2,3143.59,63395,89987,0.4144152759846348,0
2023-07-28 10:52:39,3149.95,118760,2,3143.59,63252,90169,0.4144152759846348,0
2023-07-28 10:52:39,3149.95,118760,1,3143.59,63252,90169,0.4144152759846348,0
2023-07-28 10:52:44,3149.95,118761,1,3143.59,63291,90179,0.4144152759846348,0
2023-07-28 10:52:44,3149.95,118761,1,3143.59,63290,90157,0.4144152759846348,0
2023-07-28 10:52:44,3149.9,118761,1,3143.59,63290,90157,0.4128213710770103,0
2023-07-28 10:52:44,3149.95,118761,1,3143.59,63290,90157,0.4144152759846348,0
2023-07-28 10:52:55,3150.15,118972,130,3143.6,63096,90081,0.4207908956151763,0
2023-07-28 10:52:55,3150.15,118972,50,3143.6,63096,90081,0.4207908956151763,0
2023-07-28 10:52:55,3149.7,118972,2,3143.6,63096,90081,0.4064457514464687,0
2023-07-28 10:53:02,3149.7,119054,2,3143.6,63096,90244,0.4064457514464687,0
2023-07-28 10:53:02,3149.8,119054,6,3143.6,63096,90244,0.40963356126174677,0
2023-07-28 10:53:03,3149.8,119060,6,3143.61,63166,90151,0.40963356126174677,0
2023-07-28 10:53:03,3149.7,119060,1,3143.61,63290,90071,0.4064457514464687,0
2023-07-28 10:53:08,3149.7,119061,1,3143.61,63241,90063,0.4064457514464687,0
2023-07-28 10:53:08,3149.7,119061,1,3143.61,63236,90085,0.4064457514464687,0
2023-07-28 10:53:08,3149.7,119061,1,3143.61,63122,90211,0.4064457514464687,0
2023-07-28 10:53:08,3149.7,119061,1,3143.61,63157,90202,0.4064457514464687,0
2023-07-28 10:53:08,3148.4,119061,2,3143.61,63157,90202,0.36500422384801395,0
2023-07-28 10:53:08,3148.95,119061,1,3143.61,63157,90202,0.38253717783197055,0
2023-07-28 10:53:13,3148.95,119066,1,3143.61,62889,90432,0.38253717783197055,0
2023-07-28 10:53:13,3148.95,119066,1,3143.61,62891,90398,0.38253717783197055,0
2023-07-28 10:53:13,3148.95,119066,1,3143.61,62892,90398,0.38253717783197055,0
2023-07-28 10:53:13,3148.95,119066,1,3143.61,62855,90395,0.38253717783197055,0
2023-07-28 10:53:13,3148.95,119066,1,3143.61,62903,90395,0.38253717783197055,0
2023-07-28 10:53:13,3148.95,119066,1,3143.61,62903,90464,0.38253717783197055,0
2023-07-28 10:53:13,3148.95,119066,1,3143.61,62903,90464,0.38253717783197055,0
2023-07-28 10:53:13,3148.95,119066,1,3143.61,62872,90469,0.38253717783197055,0
2023-07-28 10:53:13,3148.95,119066,1,3143.61,62872,90469,0.38253717783197055,0
2023-07-28 10:53:13,3148.95,119066,1,3143.61,62864,90509,0.38253717783197055,0
2023-07-28 10:53:13,3147.45,119066,1,3143.61,62859,90523,0.33472003060297423,0
2023-07-28 10:53:22,3147.45,119067,1,3143.61,62891,90476,0.33472003060297423,0
2023-07-28 10:53:22,3148.85,119067,4,3143.61,62891,90476,0.37934936801670704,0
2023-07-28 10:53:23,3148.85,119071,1,3143.61,62883,90404,0.37934936801670704,0
2023-07-28 10:53:23,3148.85,119071,1,3143.61,62883,90404,0.37934936801670704,0
2023-07-28 10:53:24,3148.85,119072,1,3143.61,63000,90182,0.37934936801670704,0
2023-07-28 10:53:26,3147.45,119077,4,3143.61,63408,90231,0.33472003060297423,0
2023-07-28 10:53:26,3147.45,119077,4,3143.61,63408,90231,0.33472003060297423,0
2023-07-28 10:53:26,3147.45,119077,4,3143.61,63457,90220,0.33472003060297423,0
2023-07-28 10:53:26,3147.45,119077,4,3143.61,63457,90220,0.33472003060297423,0
2023-07-28 10:53:26,3147.45,119077,4,3143.61,63457,90220,0.33472003060297423,0
2023-07-28 10:53:26,3147.45,119077,4,3143.61,63466,90242,0.33472003060297423,0
2023-07-28 10:53:26,3147.45,119077,4,3143.61,63590,90232,0.33472003060297423,0
2023-07-28 10:53:26,3147.45,119077,4,3143.61,63582,90231,0.33472003060297423,0
2023-07-28 10:53:26,3147.45,119077,4,3143.61,63530,90421,0.33472003060297423,0
2023-07-28 10:53:26,3148.45,119077,1,3143.61,63530,90421,0.36659812875563846,0
2023-07-28 10:53:35,3148.45,119078,1,3143.61,63536,90429,0.36659812875563846,0
2023-07-28 10:53:35,3147.5,119078,20,3143.61,63536,90429,0.3363139355106133,0
2023-07-28 10:53:36,3147.95,119101,3,3143.61,63473,90442,0.3506590796793064,0
2023-07-28 10:53:38,3147.5,119109,1,3143.61,63021,90744,0.3363139355106133,0
2023-07-28 10:53:39,3147.7,119110,1,3143.61,63022,90680,0.3426895551411403,0
2023-07-28 10:53:40,3147.0,119248,1,3143.61,61867,90841,0.32037488643428114,0
2023-07-28 10:53:40,3147.1,119248,11,3143.61,61867,90841,0.32356269624954465,0
2023-07-28 10:53:40,3147.0,119273,17,3143.61,62536,90737,0.32037488643428114,0
2023-07-28 10:53:42,3147.1,119294,3,3143.61,62680,90660,0.32356269624954465,0
2023-07-28 10:53:43,3147.1,119297,3,3143.61,62673,90729,0.32356269624954465,0
2023-07-28 10:53:43,3147.1,119297,3,3143.61,62742,90697,0.32356269624954465,0
2023-07-28 10:53:43,3147.1,119297,3,3143.61,61452,90692,0.32356269624954465,0
2023-07-28 10:53:43,3147.1,119297,3,3143.61,63020,90668,0.32356269624954465,0
2023-07-28 10:53:43,3147.1,119297,3,3143.61,62715,90699,0.32356269624954465,0
2023-07-28 10:53:43,3147.1,119297,3,3143.61,62714,90731,0.32356269624954465,0
2023-07-28 10:53:43,3147.1,119297,3,3143.61,62819,90625,0.32356269624954465,0
2023-07-28 10:53:52,3147.7,119314,3,3143.61,61279,90505,0.3426895551411403,0
2023-07-28 10:53:53,3147.7,119317,3,3143.61,62800,90442,0.3426895551411403,0
2023-07-28 10:53:55,3147.95,119319,1,3143.61,62817,90359,0.3506590796793064,0
2023-07-28 10:53:56,3148.35,119346,4,3143.61,62787,90327,0.36341031894037495,0
2023-07-28 10:53:56,3148.35,119350,4,3143.61,62765,90402,0.36341031894037495,0
2023-07-28 10:53:56,3148.35,119350,4,3143.61,62784,90403,0.36341031894037495,0
2023-07-28 10:53:56,3148.35,119350,4,3143.61,62784,90453,0.36341031894037495,0
2023-07-28 10:54:01,3148.65,119354,1,3143.61,62553,90260,0.37297374838618,0
2023-07-28 10:54:02,3148.65,119355,1,3143.61,62603,90229,0.37297374838618,0
2023-07-28 10:54:04,3148.05,119362,2,3143.61,61062,90410,0.35384688949458437,0
2023-07-28 10:54:04,3148.3,119364,1,3143.61,62579,90425,0.36181641403275044,0
2023-07-28 10:54:04,3148.3,119364,1,3143.61,62582,90440,0.36181641403275044,0
2023-07-28 10:54:04,3148.3,119364,1,3143.61,62738,90450,0.36181641403275044,0
2023-07-28 10:54:04,3148.35,119364,1,3143.61,62738,90450,0.36341031894037495,0
2023-07-28 10:54:09,3148.35,119397,6,3143.62,62737,90410,0.36341031894037495,0
2023-07-28 10:54:10,3148.35,119403,6,3143.62,62753,90375,0.36341031894037495,0
2023-07-28 10:54:11,3148.05,119424,1,3143.62,62728,90479,0.35384688949458437,0
2023-07-28 10:54:11,3148.0,119424,4,3143.62,62728,90479,0.3522529845869454,0
2023-07-28 10:54:12,3148.0,119428,4,3143.62,62774,90416,0.3522529845869454,0
2023-07-28 10:54:12,3148.0,119428,4,3143.62,62776,90416,0.3522529845869454,0
2023-07-28 10:54:12,3148.0,119428,4,3143.62,62775,90416,0.3522529845869454,0
2023-07-28 10:54:12,3148.0,119428,4,3143.62,62775,90318,0.3522529845869454,0
2023-07-28 10:54:12,3148.0,119428,4,3143.62,62765,90318,0.3522529845869454,0
2023-07-28 10:54:12,3148.0,119428,4,3143.62,62765,90308,0.3522529845869454,0
2023-07-28 10:54:12,3148.0,119428,4,3143.62,62765,90310,0.3522529845869454,0
2023-07-28 10:54:12,3147.45,119428,1,3143.62,62765,90310,0.33472003060297423,0
2023-07-28 10:54:22,3147.45,119429,1,3143.62,62759,90414,0.33472003060297423,0
2023-07-28 10:54:23,3147.45,119430,1,3143.62,62748,90424,0.33472003060297423,0
2023-07-28 10:54:23,3148.0,119430,1,3143.62,62748,90441,0.3522529845869454,0
2023-07-28 10:54:26,3148.0,119432,1,3143.62,62831,90396,0.3522529845869454,0
2023-07-28 10:54:27,3148.0,119436,4,3143.62,62830,90390,0.3522529845869454,0
2023-07-28 10:54:27,3148.0,119436,4,3143.62,62831,90390,0.3522529845869454,0
2023-07-28 10:54:27,3148.0,119436,4,3143.62,62831,90390,0.3522529845869454,0
2023-07-28 10:54:27,3147.45,119436,1,3143.62,62831,90390,0.33472003060297423,0
2023-07-28 10:54:27,3146.85,119436,16,3143.62,62831,90390,0.31559317171137863,0
2023-07-28 10:54:33,3148.0,119459,4,3143.62,62779,90442,0.3522529845869454,0
2023-07-28 10:54:34,3148.0,119463,4,3143.62,62815,90394,0.3522529845869454,0
2023-07-28 10:54:34,3148.0,119463,4,3143.62,62862,90394,0.3522529845869454,0
2023-07-28 10:54:34,3148.0,119463,4,3143.62,62839,90400,0.3522529845869454,0
2023-07-28 10:54:34,3148.0,119463,4,3143.62,62839,90500,0.3522529845869454,0
2023-07-28 10:54:34,3148.0,119463,4,3143.62,62837,90500,0.3522529845869454,0
2023-07-28 10:54:34,3148.0,119463,4,3143.62,62837,90500,0.3522529845869454,0
2023-07-28 10:54:34,3147.3,119463,8,3143.62,62837,90500,0.3299383158800862,0
2023-07-28 10:54:40,3148.0,119473,2,3143.62,62854,90500,0.3522529845869454,0
2023-07-28 10:54:41,3148.0,119479,4,3143.62,62898,90483,0.3522529845869454,0
2023-07-28 10:54:42,3148.0,119480,1,3143.62,62799,90482,0.3522529845869454,0
2023-07-28 10:54:42,3148.0,119480,1,3143.62,62799,90486,0.3522529845869454,0
2023-07-28 10:54:42,3148.0,119480,1,3143.62,62799,90486,0.3522529845869454,0
2023-07-28 10:54:46,3148.0,119481,1,3143.62,62781,90485,0.3522529845869454,0
2023-07-28 10:54:46,3148.0,119481,1,3143.62,62787,90485,0.3522529845869454,0
2023-07-28 10:54:46,3148.0,119481,1,3143.62,62787,90485,0.3522529845869454,0
2023-07-28 10:54:46,3148.0,119481,1,3143.62,62765,90513,0.3522529845869454,0
2023-07-28 10:54:51,3147.95,119482,1,3143.62,62706,90691,0.3506590796793064,0
2023-07-28 10:54:52,3147.9,119483,1,3143.62,62671,90874,0.34906517477168186,0
2023-07-28 10:54:52,3147.9,119483,1,3143.62,62690,90878,0.34906517477168186,0
2023-07-28 10:54:52,3147.9,119483,1,3143.62,62690,90878,0.34906517477168186,0
2023-07-28 10:54:52,3147.95,119483,5,3143.62,62690,90878,0.3506590796793064,0
2023-07-28 10:54:55,3147.95,119488,1,3143.62,62693,90873,0.3506590796793064,0
2023-07-28 10:54:56,3147.95,119489,1,3143.62,62717,91059,0.3506590796793064,0
2023-07-28 10:54:56,3147.95,119489,1,3143.62,62712,91059,0.3506590796793064,0
2023-07-28 10:54:56,3147.95,119489,1,3143.62,62712,91059,0.3506590796793064,0
2023-07-28 10:54:59,3147.8,119513,1,3143.62,62627,91070,0.3458773649564183,0
2023-07-28 10:54:59,3147.9,119513,3,3143.62,62627,91070,0.34906517477168186,0
2023-07-28 10:55:00,3147.9,119517,3,3143.62,62674,90880,0.34906517477168186,0
2023-07-28 10:55:00,3147.9,119517,3,3143.62,62675,90875,0.34906517477168186,0
2023-07-28 10:55:02,3147.95,119518,1,3143.62,62676,91028,0.3506590796793064,0
2023-07-28 10:55:03,3147.95,119519,1,3143.62,62720,91027,0.3506590796793064,0
2023-07-28 10:55:03,3147.95,119519,1,3143.62,62721,91027,0.3506590796793064,0
2023-07-28 10:55:03,3147.95,119519,1,3143.62,62721,91021,0.3506590796793064,0
2023-07-28 10:55:03,3146.7,119519,5,3143.62,62721,91021,0.31081145698847606,0
2023-07-28 10:55:03,3147.95,119519,30,3143.62,62721,91021,0.3506590796793064,0
2023-07-28 10:55:11,3147.95,119559,7,3143.62,62716,91198,0.3506590796793064,0
2023-07-28 10:55:13,3147.95,119566,7,3143.62,62939,91208,0.3506590796793064,0
2023-07-28 10:55:13,3146.6,119566,4,3143.62,62939,91208,0.30762364717321256,0
2023-07-28 10:55:13,3147.85,119566,4,3143.62,62939,91208,0.3474712698640428,0
2023-07-28 10:55:20,3147.8,119621,9,3143.62,62751,91497,0.3458773649564183,0
2023-07-28 10:55:20,3146.55,119621,1,3143.62,62751,91497,0.30602974226558805,0
2023-07-28 10:55:20,3146.5,119621,1,3143.62,62751,91497,0.30443583735794905,0
2023-07-28 10:55:20,3146.5,119621,2,3143.62,62751,91497,0.30443583735794905,0
2023-07-28 10:55:24,3146.6,119653,1,3143.62,62097,91827,0.30762364717321256,0
2023-07-28 10:55:26,3146.6,119654,1,3143.62,62327,91756,0.30762364717321256,0
2023-07-28 10:55:26,3147.0,119654,2,3143.62,62327,91756,0.32037488643428114,0
2023-07-28 10:55:32,3147.0,119657,2,3143.62,62270,91769,0.32037488643428114,0
2023-07-28 10:55:32,3147.0,119657,2,3143.62,62307,91776,0.32037488643428114,0
2023-07-28 10:55:32,3145.7,119657,71,3143.62,62307,91776,0.2789333588358119,0
2023-07-28 10:55:42,3145.7,119737,71,3143.63,62224,91737,0.2789333588358119,0
2023-07-28 10:55:42,3146.0,119737,2,3143.63,62224,91737,0.28849678828161696,0
2023-07-28 10:55:45,3146.0,119739,2,3143.63,62255,91754,0.28849678828161696,0
2023-07-28 10:55:45,3146.35,119739,13,3143.63,62255,91754,0.2996541226350465,0
2023-07-28 10:55:51,3146.35,119752,13,3143.63,62238,91638,0.2996541226350465,0
2023-07-28 10:55:51,3146.35,119752,13,3143.63,62253,91672,0.2996541226350465,0
2023-07-28 10:55:51,3146.0,119752,1,3143.63,62253,91672,0.28849678828161696,0
2023-07-28 10:56:01,3146.0,119753,1,3143.63,62124,91696,0.28849678828161696,0
2023-07-28 10:56:06,3146.5,119774,18,3143.63,61985,91752,0.30443583735794905,0
2023-07-28 10:56:06,3147.0,119774,3,3143.63,61985,91752,0.32037488643428114,0
2023-07-28 10:56:06,3147.0,119777,3,3143.63,62027,91719,0.32037488643428114,0
2023-07-28 10:56:06,3147.0,119777,3,3143.63,62027,91719,0.32037488643428114,0
2023-07-28 10:56:06,3147.0,119777,3,3143.63,62077,91719,0.32037488643428114,0
2023-07-28 10:56:06,3147.0,119777,3,3143.63,62065,91669,0.32037488643428114,0
2023-07-28 10:56:06,3147.0,119777,3,3143.63,62065,91669,0.32037488643428114,0
2023-07-28 10:56:06,3147.0,119777,3,3143.63,62073,91638,0.32037488643428114,0
2023-07-28 10:56:06,3147.0,119777,3,3143.63,62073,91639,0.32037488643428114,0
2023-07-28 10:56:06,3147.0,119777,3,3143.63,62073,91639,0.32037488643428114,0
2023-07-28 10:56:06,3147.0,119777,3,3143.63,62082,91680,0.32037488643428114,0
2023-07-28 10:56:06,3147.0,119777,3,3143.63,62067,91681,0.32037488643428114,0
2023-07-28 10:56:19,3147.0,119781,3,3143.63,62135,91666,0.32037488643428114,0
2023-07-28 10:56:19,3147.0,119781,1,3143.63,62135,91666,0.32037488643428114,0
2023-07-28 10:56:20,3147.0,119782,1,3143.63,62099,91652,0.32037488643428114,0
2023-07-28 10:56:20,3147.0,119782,1,3143.63,62099,91635,0.32037488643428114,0
2023-07-28 10:56:20,3146.25,119782,1,3143.63,62099,91635,0.296466312819783,0
2023-07-28 10:56:20,3146.25,119782,1,3143.63,62099,91635,0.296466312819783,0
2023-07-28 10:56:20,3146.25,119782,1,3143.63,62099,91635,0.296466312819783,0
2023-07-28 10:56:22,3146.25,119783,1,3143.63,62088,91623,0.296466312819783,0
2023-07-28 10:56:22,3146.25,119783,1,3143.63,62088,91623,0.296466312819783,0
2023-07-28 10:56:22,3146.25,119783,1,3143.63,60593,91623,0.296466312819783,0
2023-07-28 10:56:22,3146.25,119783,1,3143.63,60593,91623,0.296466312819783,0
2023-07-28 10:56:22,3146.25,119783,1,3143.63,60593,91623,0.296466312819783,0
2023-07-28 10:56:22,3146.25,119783,1,3143.63,60593,91623,0.296466312819783,0
2023-07-28 10:56:22,3146.25,119783,1,3143.63,60593,91623,0.296466312819783,0
2023-07-28 10:56:22,3146.25,119783,1,3143.63,60588,91623,0.296466312819783,0
2023-07-28 10:56:22,3146.25,119783,1,3143.63,62088,91623,0.296466312819783,0
2023-07-28 10:56:22,3146.5,119783,1,3143.63,62088,91623,0.30443583735794905,0
2023-07-28 10:56:30,3146.5,119787,1,3143.63,62055,91642,0.30443583735794905,0
2023-07-28 10:56:30,3146.5,119787,1,3143.63,62055,91642,0.30443583735794905,0
2023-07-28 10:56:33,3146.5,119788,1,3143.63,62160,91598,0.30443583735794905,0
2023-07-28 10:56:33,3146.5,119788,1,3143.63,62166,91598,0.30443583735794905,0
2023-07-28 10:56:33,3146.5,119788,1,3143.63,62166,91598,0.30443583735794905,0
2023-07-28 10:56:33,3146.5,119788,1,3143.63,62166,91618,0.30443583735794905,0
2023-07-28 10:56:33,3146.5,119788,1,3143.63,62216,91618,0.30443583735794905,0
2023-07-28 10:56:33,3146.5,119788,1,3143.63,62219,91618,0.30443583735794905,0
2023-07-28 10:56:33,3146.5,119788,1,3143.63,62219,91618,0.30443583735794905,0
2023-07-28 10:56:33,3146.5,119788,1,3143.63,62219,91629,0.30443583735794905,0
2023-07-28 10:56:41,3146.45,119793,5,3143.63,62218,91603,0.30284193245031005,0
2023-07-28 10:56:41,3146.45,119793,1,3143.63,62218,91603,0.30284193245031005,0
2023-07-28 10:56:42,3146.45,119794,1,3143.63,62218,91592,0.30284193245031005,0
2023-07-28 10:56:42,3146.25,119794,19,3143.63,62223,91592,0.296466312819783,0
2023-07-28 10:56:44,3146.45,119815,4,3143.63,62237,91641,0.30284193245031005,0
2023-07-28 10:56:45,3146.45,119819,4,3143.63,62243,91605,0.30284193245031005,0
2023-07-28 10:56:45,3146.45,119819,3,3143.63,62244,91605,0.30284193245031005,0
2023-07-28 10:56:47,3146.45,119822,3,3143.63,62245,91602,0.30284193245031005,0
2023-07-28 10:56:48,3146.45,119825,1,3143.63,62244,91599,0.30284193245031005,0
2023-07-28 10:56:50,3146.45,119829,3,3143.63,62255,91578,0.30284193245031005,0
2023-07-28 10:56:51,3146.45,119833,1,3143.63,62256,91574,0.30284193245031005,0
2023-07-28 10:56:51,3146.45,119833,1,3143.63,62256,91574,0.30284193245031005,0
2023-07-28 10:56:52,3146.0,119837,1,3143.63,62257,91571,0.28849678828161696,0
2023-07-28 10:56:53,3146.45,119840,3,3143.63,62258,91569,0.30284193245031005,0
2023-07-28 10:56:55,3146.45,119843,2,3143.63,62259,91603,0.30284193245031005,0
2023-07-28 10:56:55,3146.45,119847,4,3143.63,62258,91610,0.30284193245031005,0
2023-07-28 10:56:56,3146.45,119848,1,3143.63,62198,91632,0.30284193245031005,0
2023-07-28 10:56:56,3146.45,119848,1,3143.63,62448,91615,0.30284193245031005,0
2023-07-28 10:56:56,3146.45,119848,1,3143.63,62433,91499,0.30284193245031005,0
2023-07-28 10:57:00,3146.45,119855,1,3143.63,62392,91702,0.30284193245031005,0
2023-07-28 10:57:00,3146.45,119856,1,3143.63,60893,91632,0.30284193245031005,0
2023-07-28 10:57:00,3146.45,119856,1,3143.63,62396,91642,0.30284193245031005,0
2023-07-28 10:57:00,3146.45,119856,1,3143.63,62396,91643,0.30284193245031005,0
2023-07-28 10:57:00,3146.45,119856,1,3143.63,62396,91643,0.30284193245031005,0
2023-07-28 10:57:00,3146.45,119856,1,3143.63,62375,91647,0.30284193245031005,0
2023-07-28 10:57:12,3145.7,119990,1,3143.63,61814,91747,0.2789333588358119,0
2023-07-28 10:57:12,3145.95,119990,3,3143.63,61814,91747,0.2869028833739779,0
2023-07-28 10:57:13,3145.95,120014,3,3143.63,62158,91898,0.2869028833739779,0
2023-07-28 10:57:13,3145.95,120014,3,3143.63,62171,92024,0.2869028833739779,0
2023-07-28 10:57:13,3145.85,120014,1,3143.63,62171,92024,0.2837150735587144,0
2023-07-28 10:57:25,3145.8,120022,1,3143.63,62136,92091,0.2821211686510899,0
2023-07-28 10:57:25,3145.8,120023,1,3143.63,62157,92037,0.2821211686510899,0
2023-07-28 10:57:25,3145.65,120023,1,3143.63,62157,92037,0.2773394539281874,0
2023-07-28 10:57:25,3145.0,120023,35,3143.63,62157,92037,0.2566186901289527,0
2023-07-28 10:57:32,3144.05,120593,13,3143.63,62241,92317,0.2263344968839275,0
2023-07-28 10:57:32,3144.05,120593,2,3143.63,62241,92317,0.2263344968839275,0
2023-07-28 10:57:34,3144.05,120608,2,3143.63,62292,90665,0.2263344968839275,0
2023-07-28 10:57:34,3145.0,120608,4,3143.63,62292,90665,0.2566186901289527,0
2023-07-28 10:57:40,3145.0,120616,1,3143.63,62395,92145,0.2566186901289527,0
2023-07-28 10:57:40,3145.0,120616,85,3143.63,62395,92145,0.2566186901289527,0
2023-07-28 10:57:40,3144.0,120616,10,3143.63,62395,92145,0.2247405919762885,0
2023-07-28 10:57:40,3144.0,120616,26,3143.63,62395,92145,0.2247405919762885,0
2023-07-28 10:57:44,3144.0,120964,35,3143.63,62251,92186,0.2247405919762885,0
2023-07-28 10:57:46,3144.0,120999,35,3143.64,62391,92103,0.2247405919762885,0
2023-07-28 10:57:46,3145.0,120999,11,3143.64,62391,92103,0.2566186901289527,0
2023-07-28 10:57:52,3145.0,121011,1,3143.64,62387,92142,0.2566186901289527,0
2023-07-28 10:57:52,3145.0,121011,1,3143.64,62387,92142,0.2566186901289527,0
2023-07-28 10:57:56,3145.0,121013,1,3143.64,62361,92099,0.2566186901289527,0
2023-07-28 10:57:56,3144.75,121013,2,3143.64,62361,92099,0.24864916559078667,0
2023-07-28 10:58:04,3145.0,121019,1,3143.64,61398,92118,0.2566186901289527,0
2023-07-28 10:58:06,3145.0,121020,1,3143.64,61454,92117,0.2566186901289527,0
2023-07-28 10:58:06,3145.0,121020,1,3143.64,61498,92116,0.2566186901289527,0
2023-07-28 10:58:06,3145.0,121020,1,3143.64,61498,92116,0.2566186901289527,0
2023-07-28 10:58:06,3145.0,121020,1,3143.64,61498,92116,0.2566186901289527,0
2023-07-28 10:58:06,3145.0,121020,1,3143.64,61498,92116,0.2566186901289527,0
2023-07-28 10:58:06,3145.0,121020,2,3143.64,61498,92116,0.2566186901289527,0
2023-07-28 10:58:11,3145.0,121026,1,3143.64,61507,92069,0.2566186901289527,0
2023-07-28 10:58:11,3145.0,121026,1,3143.64,61507,92069,0.2566186901289527,0
2023-07-28 10:58:11,3145.0,121026,1,3143.64,61508,92081,0.2566186901289527,0
2023-07-28 10:58:11,3144.95,121026,2,3143.64,61508,92081,0.2550247852213137,0
2023-07-28 10:58:14,3145.0,121037,2,3143.64,61474,92080,0.2566186901289527,0
2023-07-28 10:58:15,3145.0,121041,2,3143.64,62351,92102,0.2566186901289527,0
2023-07-28 10:58:15,3145.0,121041,1,3143.64,62351,92102,0.2566186901289527,0
2023-07-28 10:58:17,3145.0,121087,44,3143.64,62422,92210,0.2566186901289527,0
2023-07-28 10:58:18,3145.0,121095,8,3143.64,62428,92212,0.2566186901289527,0
2023-07-28 10:58:18,3145.0,121095,8,3143.64,62434,92212,0.2566186901289527,0
2023-07-28 10:58:18,3145.0,121095,8,3143.64,62408,92200,0.2566186901289527,0
2023-07-28 10:58:18,3145.0,121095,8,3143.64,62385,92230,0.2566186901289527,0
2023-07-28 10:58:18,3144.95,121095,1,3143.64,62385,92230,0.2550247852213137,0
2023-07-28 10:58:25,3145.0,121098,1,3143.64,62387,92202,0.2566186901289527,0
2023-07-28 10:58:25,3145.45,121098,3,3143.64,62387,92202,0.2709638342976458,0
2023-07-28 10:58:25,3145.45,121102,3,3143.64,62369,91885,0.2709638342976458,0
2023-07-28 10:58:25,3145.45,121102,3,3143.64,62408,91885,0.2709638342976458,0
2023-07-28 10:58:25,3145.45,121102,3,3143.64,62412,91902,0.2709638342976458,0
2023-07-28 10:58:25,3145.45,121102,3,3143.64,62454,91894,0.2709638342976458,0
2023-07-28 10:58:25,3145.35,121102,1,3143.64,62452,91894,0.2677760244823823,0
2023-07-28 10:58:31,3145.35,121104,1,3143.64,62451,91895,0.2677760244823823,0
2023-07-28 10:58:32,3145.45,121106,1,3143.64,62416,91904,0.2709638342976458,0
2023-07-28 10:58:32,3144.95,121107,1,3143.64,62488,91858,0.2550247852213137,0
2023-07-28 10:58:34,3144.95,121119,1,3143.64,62394,92230,0.2550247852213137,0
2023-07-28 10:58:34,3145.0,121119,2,3143.64,62394,92230,0.2566186901289527,0
2023-07-28 10:58:35,3145.0,121121,2,3143.64,62139,92008,0.2566186901289527,0
2023-07-28 10:58:35,3145.0,121121,2,3143.64,56486,92115,0.2566186901289527,0
2023-07-28 10:58:35,3145.0,121121,2,3143.64,62349,92120,0.2566186901289527,0
2023-07-28 10:58:35,3145.0,121121,2,3143.64,62349,92115,0.2566186901289527,0
2023-07-28 10:58:35,3145.0,121121,2,3143.64,62371,91978,0.2566186901289527,0
2023-07-28 10:58:35,3145.0,121121,2,3143.64,62376,91978,0.2566186901289527,0
2023-07-28 10:58:35,3145.0,121121,2,3143.64,62376,91988,0.2566186901289527,0
2023-07-28 10:58:35,3145.0,121121,2,3143.64,62376,91988,0.2566186901289527,0
2023-07-28 10:58:35,3145.0,121121,2,3143.64,62358,91941,0.2566186901289527,0
2023-07-28 10:58:35,3145.0,121121,2,3143.64,62464,91822,0.2566186901289527,0
2023-07-28 10:58:35,3144.65,121121,1,3143.64,62464,91822,0.24546135577552314,0
2023-07-28 10:58:46,3144.65,121122,1,3143.64,62432,91849,0.24546135577552314,0
2023-07-28 10:58:46,3144.65,121122,1,3143.64,62416,91845,0.24546135577552314,0
2023-07-28 10:58:46,3144.65,121122,1,3143.64,62444,91866,0.24546135577552314,0
2023-07-28 10:58:46,3144.65,121122,1,3143.64,62437,91860,0.24546135577552314,0
2023-07-28 10:58:46,3144.65,121122,1,3143.64,62409,92184,0.24546135577552314,0
2023-07-28 10:58:46,3144.65,121122,1,3143.64,62409,92184,0.24546135577552314,0
2023-07-28 10:58:52,3144.65,121123,1,3143.64,62408,92176,0.24546135577552314,0
2023-07-28 10:58:52,3144.65,121123,1,3143.64,62531,92116,0.24546135577552314,0
2023-07-28 10:58:52,3144.65,121123,1,3143.64,62195,92141,0.24546135577552314,0
2023-07-28 10:58:52,3144.65,121123,1,3143.64,62145,92146,0.24546135577552314,0
2023-07-28 10:58:52,3144.65,121123,1,3143.64,62150,92173,0.24546135577552314,0
2023-07-28 10:58:52,3144.65,121123,1,3143.64,62112,92173,0.24546135577552314,0
2023-07-28 10:58:52,3144.65,121123,1,3143.64,62116,92185,0.24546135577552314,0
2023-07-28 10:58:52,3144.65,121123,1,3143.64,62116,92185,0.24546135577552314,0
2023-07-28 10:58:52,3144.65,121123,1,3143.64,62117,92185,0.24546135577552314,0
2023-07-28 10:59:01,3145.0,121127,1,3143.64,62134,92123,0.2566186901289527,0
2023-07-28 10:59:02,3145.0,121128,1,3143.64,62134,92108,0.2566186901289527,0
2023-07-28 10:59:02,3145.0,121128,1,3143.64,62126,92108,0.2566186901289527,0
2023-07-28 10:59:02,3145.0,121128,1,3143.64,62173,92109,0.2566186901289527,0
2023-07-28 10:59:02,3144.85,121128,4,3143.64,62173,92109,0.2518369754060502,0
2023-07-28 10:59:07,3145.0,121133,1,3143.64,62138,92145,0.2566186901289527,0
2023-07-28 10:59:11,3144.85,121134,1,3143.64,62120,92191,0.2518369754060502,0
2023-07-28 10:59:15,3144.85,121135,1,3143.64,62460,92144,0.2518369754060502,0
2023-07-28 10:59:15,3144.85,121135,1,3143.64,62460,92144,0.2518369754060502,0
2023-07-28 10:59:15,3144.95,121135,1,3143.64,62460,92144,0.2550247852213137,0
2023-07-28 10:59:15,3144.95,121135,1,3143.64,62460,92144,0.2550247852213137,0
2023-07-28 10:59:15,3144.95,121135,1,3143.64,62460,92144,0.2550247852213137,0
2023-07-28 10:59:22,3144.95,121136,1,3143.64,62460,92160,0.2550247852213137,0
2023-07-28 10:59:22,3145.55,121136,12,3143.64,62460,92160,0.2741516441129238,0
2023-07-28 10:59:22,3145.55,121136,12,3143.64,62460,92160,0.2741516441129238,0
2023-07-28 10:59:22,3145.55,121136,4,3143.64,62460,92160,0.2741516441129238,0
2023-07-28 10:59:22,3145.55,121136,4,3143.64,62460,92160,0.2741516441129238,0
2023-07-28 10:59:22,3145.55,121136,4,3143.64,62460,92160,0.2741516441129238,0
2023-07-28 10:59:25,3145.55,121155,4,3143.64,62594,92087,0.2741516441129238,0
2023-07-28 10:59:25,3144.95,121155,2,3143.64,62594,92087,0.2550247852213137,0
2023-07-28 10:59:25,3144.95,121155,3,3143.64,62594,92087,0.2550247852213137,0
2023-07-28 10:59:30,3145.5,121165,1,3143.64,62589,92151,0.2725577392052848,0
2023-07-28 10:59:30,3145.55,121165,14,3143.64,62589,92151,0.2741516441129238,0
2023-07-28 10:59:33,3145.55,121181,2,3143.64,62599,92135,0.2741516441129238,0
2023-07-28 10:59:36,3145.55,121183,2,3143.64,62485,92123,0.2741516441129238,0
2023-07-28 10:59:36,3145.25,121183,1,3143.64,62485,92123,0.2645882146671188,0
2023-07-28 10:59:36,3144.0,121183,1,3143.64,62485,92123,0.2247405919762885,0
2023-07-28 10:59:36,3144.0,121183,15,3143.64,62485,92123,0.2247405919762885,0
2023-07-28 10:59:43,3144.0,121308,15,3143.64,62286,92294,0.2247405919762885,0
2023-07-28 10:59:43,3144.0,121308,22,3143.64,62286,92294,0.2247405919762885,0
2023-07-28 10:59:43,3143.15,121308,3,3143.64,62286,92294,0.1976442085465268,0
2023-07-28 10:59:44,3143.95,121337,1,3143.64,62187,92876,0.22314668706864949,0
2023-07-28 10:59:44,3143.1,121337,1,3143.64,62187,92876,0.1960503036388878,0
2023-07-28 10:59:52,3143.1,121340,1,3143.64,62202,92694,0.1960503036388878,0
2023-07-28 10:59:52,3143.2,121340,2,3143.64,62202,92694,0.19923811345415135,0
2023-07-28 10:59:58,3143.2,121347,2,3143.64,60816,92605,0.19923811345415135,0
2023-07-28 10:59:58,3144.0,121347,1,3143.64,60816,92605,0.2247405919762885,0
2023-07-28 10:59:58,3144.0,121347,1,3143.64,60816,92605,0.2247405919762885,0
2023-07-28 10:59:58,3143.6,121347,1,3143.64,60816,92605,0.21198935271521993,0
2023-07-28 11:00:05,3144.0,121352,1,3143.64,62286,92765,0.2247405919762885,0
2023-07-28 11:00:06,3144.0,121353,1,3143.64,62287,92764,0.2247405919762885,0
2023-07-28 11:00:08,3143.95,121368,1,3143.64,59095,92820,0.22314668706864949,0
2023-07-28 11:00:08,3144.0,121371,1,3143.64,62281,92723,0.2247405919762885,0
2023-07-28 11:00:09,3144.0,121372,1,3143.64,62259,92773,0.2247405919762885,0
2023-07-28 11:00:11,3143.6,121375,1,3143.64,62193,92811,0.21198935271521993,0
2023-07-28 11:00:12,3143.95,121378,3,3143.64,62210,92808,0.22314668706864949,0
2023-07-28 11:00:12,3143.95,121378,1,3143.64,62210,92808,0.22314668706864949,0
2023-07-28 11:00:12,3143.95,121380,1,3143.64,62226,92806,0.22314668706864949,0
2023-07-28 11:00:12,3143.95,121380,1,3143.64,62224,92806,0.22314668706864949,0
2023-07-28 11:00:12,3143.95,121380,4,3143.64,62253,92749,0.22314668706864949,0
2023-07-28 11:00:17,3143.95,121384,10,3143.64,62278,92603,0.22314668706864949,0
2023-07-28 11:00:19,3143.95,121396,2,3143.64,62277,92588,0.22314668706864949,0
2023-07-28 11:00:19,3143.95,121396,2,3143.64,62277,92588,0.22314668706864949,0
2023-07-28 11:00:19,3143.9,121396,1,3143.64,62277,92569,0.22155278216102497,0
2023-07-28 11:00:23,3143.95,121398,1,3143.64,62277,92585,0.22314668706864949,0
2023-07-28 11:00:23,3143.95,121400,1,3143.64,62324,92583,0.22314668706864949,0
2023-07-28 11:00:23,3143.95,121400,1,3143.64,62268,92587,0.22314668706864949,0
2023-07-28 11:00:23,3143.95,121400,1,3143.64,62273,92608,0.22314668706864949,0
2023-07-28 11:00:28,3143.95,121401,1,3143.64,62252,92626,0.22314668706864949,0
2023-07-28 11:00:29,3144.0,121403,1,3143.64,62250,92644,0.2247405919762885,0
2023-07-28 11:00:30,3144.0,121405,1,3143.64,62289,92609,0.2247405919762885,0
2023-07-28 11:00:30,3143.3,121405,1,3143.64,62289,92609,0.20242592326942935,0
2023-07-28 11:00:30,3143.3,121408,1,3143.64,61818,92870,0.20242592326942935,0
2023-07-28 11:00:30,3143.3,121408,1,3143.64,61872,92880,0.20242592326942935,0
2023-07-28 11:00:33,3144.0,121508,26,3143.64,62492,92681,0.2247405919762885,0
2023-07-28 11:00:33,3144.0,121508,5,3143.64,62492,92681,0.2247405919762885,0
2023-07-28 11:00:35,3144.0,121567,2,3143.64,62556,92755,0.2247405919762885,0
2023-07-28 11:00:36,3144.0,121571,1,3143.64,62608,92744,0.2247405919762885,0
2023-07-28 11:00:37,3144.0,121576,4,3143.64,62613,92731,0.2247405919762885,0
2023-07-28 11:00:37,3144.0,121576,4,3143.64,62660,92733,0.2247405919762885,0
2023-07-28 11:00:37,3143.0,121576,1,3143.64,62660,92733,0.1928624938236243,0
2023-07-28 11:00:39,3143.0,121577,1,3143.64,62652,92734,0.1928624938236243,0
2023-07-28 11:00:40,3144.0,121578,1,3143.64,62868,92717,0.2247405919762885,0
2023-07-28 11:00:41,3144.0,121579,1,3143.64,62864,92714,0.2247405919762885,0
2023-07-28 11:00:41,3144.0,121579,1,3143.64,62864,92720,0.2247405919762885,0
2023-07-28 11:00:41,3144.0,121579,1,3143.64,62847,92720,0.2247405919762885,0
2023-07-28 11:00:41,3144.0,121579,1,3143.64,62871,92720,0.2247405919762885,0
2023-07-28 11:00:46,3144.0,121589,10,3143.64,62853,92678,0.2247405919762885,0
2023-07-28 11:00:46,3144.0,121589,1,3143.64,62853,92678,0.2247405919762885,0
2023-07-28 11:00:46,3144.0,121590,1,3143.64,62785,92696,0.2247405919762885,0
2023-07-28 11:00:46,3144.0,121590,1,3143.64,62789,92634,0.2247405919762885,0
2023-07-28 11:00:49,3144.0,121595,5,3143.64,62822,92775,0.2247405919762885,0
2023-07-28 11:00:49,3144.0,121595,1,3143.64,62822,92775,0.2247405919762885,0
2023-07-28 11:00:49,3144.0,121596,1,3143.64,62800,92813,0.2247405919762885,0
2023-07-28 11:00:49,3144.0,121596,1,3143.64,62805,92770,0.2247405919762885,0
2023-07-28 11:00:52,3144.0,121598,1,3143.64,58922,92733,0.2247405919762885,0
2023-07-28 11:00:52,3144.0,121600,1,3143.64,62865,92718,0.2247405919762885,0
2023-07-28 11:00:54,3144.0,121615,15,3143.64,62598,92656,0.2247405919762885,0
2023-07-28 11:00:54,3144.0,121615,2,3143.64,62598,92656,0.2247405919762885,0
2023-07-28 11:00:55,3144.0,121617,1,3143.64,62624,92628,0.2247405919762885,0
2023-07-28 11:00:57,3145.0,121671,4,3143.64,62847,92535,0.2566186901289527,0
2023-07-28 11:00:57,3144.9,121683,1,3143.64,62859,92560,0.2534308803136892,0
2023-07-28 11:00:57,3144.9,121684,1,3143.64,62944,92587,0.2534308803136892,0
2023-07-28 11:00:57,3144.9,121684,1,3143.64,62944,92592,0.2534308803136892,0
2023-07-28 11:00:57,3144.9,121684,1,3143.64,62910,92610,0.2534308803136892,0
2023-07-28 11:00:57,3145.0,121684,6,3143.64,62906,92623,0.2566186901289527,0
2023-07-28 11:01:02,3145.0,121693,2,3143.64,62870,92613,0.2566186901289527,0
2023-07-28 11:01:03,3145.0,121695,2,3143.64,62891,92631,0.2566186901289527,0
2023-07-28 11:01:03,3145.0,121695,2,3143.64,62888,92631,0.2566186901289527,0
2023-07-28 11:01:03,3145.0,121695,1,3143.64,62888,92631,0.2566186901289527,0
2023-07-28 11:01:05,3145.0,121696,1,3143.64,62834,92627,0.2566186901289527,0
2023-07-28 11:01:05,3145.0,121696,1,3143.64,62835,92601,0.2566186901289527,0
2023-07-28 11:01:05,3145.0,121696,1,3143.64,62835,92601,0.2566186901289527,0
2023-07-28 11:01:08,3145.0,121707,2,3143.64,62845,92590,0.2566186901289527,0
2023-07-28 11:01:08,3145.0,121707,2,3143.64,62845,92590,0.2566186901289527,0
2023-07-28 11:01:08,3145.0,121710,2,3143.64,62845,92600,0.2566186901289527,0
2023-07-28 11:01:08,3145.0,121710,2,3143.64,62846,92642,0.2566186901289527,0
2023-07-28 11:01:08,3145.0,121710,2,3143.64,62942,90646,0.2566186901289527,0
2023-07-28 11:01:08,3145.0,121710,2,3143.64,61580,92358,0.2566186901289527,0
2023-07-28 11:01:08,3145.0,121710,2,3143.64,63125,92387,0.2566186901289527,0
2023-07-28 11:01:14,3145.1,121712,1,3143.64,63033,92318,0.25980649994421623,0
2023-07-28 11:01:15,3145.1,121713,1,3143.64,63052,92437,0.25980649994421623,0
2023-07-28 11:01:17,3145.1,121714,1,3143.64,63047,92421,0.25980649994421623,0
2023-07-28 11:01:17,3145.1,121715,1,3143.64,63074,92392,0.25980649994421623,0
2023-07-28 11:01:18,3145.0,121745,2,3143.64,63062,92407,0.2566186901289527,0
2023-07-28 11:01:19,3145.0,121751,1,3143.64,63108,92411,0.2566186901289527,0
2023-07-28 11:01:20,3145.0,121752,1,3143.64,63078,92410,0.2566186901289527,0
2023-07-28 11:01:20,3145.0,121752,1,3143.64,63078,92410,0.2566186901289527,0
2023-07-28 11:01:22,3144.95,121784,4,3143.64,62733,92822,0.2550247852213137,0
2023-07-28 11:01:22,3144.75,121784,5,3143.64,62733,92822,0.24864916559078667,0
2023-07-28 11:01:22,3144.75,121789,5,3143.64,62791,92682,0.24864916559078667,0
2023-07-28 11:01:22,3144.75,121789,5,3143.64,62791,92708,0.24864916559078667,0
2023-07-28 11:01:22,3144.75,121789,5,3143.64,62730,92843,0.24864916559078667,0
2023-07-28 11:01:22,3144.75,121789,5,3143.64,62730,92843,0.24864916559078667,0
2023-07-28 11:01:22,3144.75,121789,5,3143.64,62740,92884,0.24864916559078667,0
2023-07-28 11:01:22,3144.75,121789,5,3143.64,62740,92843,0.24864916559078667,0
2023-07-28 11:01:22,3144.0,121789,14,3143.64,61245,92772,0.2247405919762885,0
2023-07-28 11:01:32,3144.7,121807,3,3143.64,62817,92629,0.24705526068314765,0
2023-07-28 11:01:32,3144.7,121807,3,3143.64,62835,92668,0.24705526068314765,0
2023-07-28 11:01:32,3144.7,121807,3,3143.64,62643,92569,0.24705526068314765,0
2023-07-28 11:01:32,3144.7,121807,3,3143.64,62643,92588,0.24705526068314765,0
2023-07-28 11:01:32,3144.7,121807,3,3143.64,62686,92619,0.24705526068314765,0
2023-07-28 11:01:38,3144.95,121815,1,3143.64,62691,92611,0.2550247852213137,0
2023-07-28 11:01:38,3144.95,121815,1,3143.64,62678,92625,0.2550247852213137,0
2023-07-28 11:01:40,3144.5,121816,1,3143.64,62685,92717,0.2406796410526206,0
2023-07-28 11:01:40,3144.5,121816,1,3143.64,62660,92683,0.2406796410526206,0
2023-07-28 11:01:40,3144.5,121816,1,3143.64,62671,92818,0.2406796410526206,0
2023-07-28 11:01:43,3144.8,121824,3,3143.64,62674,93104,0.2502430704984257,0
2023-07-28 11:01:43,3144.75,121824,2,3143.64,62674,93104,0.24864916559078667,0
2023-07-28 11:01:43,3144.75,121826,2,3143.64,62673,92857,0.24864916559078667,0
2023-07-28 11:01:43,3144.75,121826,2,3143.64,62689,92907,0.24864916559078667,0
2023-07-28 11:01:43,3144.75,121826,2,3143.64,62710,92907,0.24864916559078667,0
2023-07-28 11:01:43,3144.75,121826,2,3143.64,62687,92964,0.24864916559078667,0
2023-07-28 11:01:43,3144.1,121826,1,3143.64,62687,92964,0.22792840179155202,0
2023-07-28 11:01:49,3144.1,121837,1,3143.64,62577,93231,0.22792840179155202,0
2023-07-28 11:01:49,3144.15,121837,2,3143.64,62577,93231,0.22952230669919105,0
2023-07-28 11:01:50,3144.15,121839,2,3143.64,62623,93106,0.22952230669919105,0
2023-07-28 11:01:50,3143.95,121839,1,3143.64,62623,93106,0.22314668706864949,0
2023-07-28 11:01:52,3144.15,121850,2,3143.64,62914,93101,0.22952230669919105,0
2023-07-28 11:01:53,3144.15,121852,2,3143.64,62987,92819,0.22952230669919105,0
2023-07-28 11:01:55,3144.15,121857,5,3143.64,62935,92904,0.22952230669919105,0
2023-07-28 11:01:55,3144.15,121857,5,3143.64,62935,92952,0.22952230669919105,0
2023-07-28 11:01:56,3144.15,121862,1,3143.64,62915,92965,0.22952230669919105,0
2023-07-28 11:01:57,3144.15,121863,1,3143.64,62891,93072,0.22952230669919105,0
2023-07-28 11:01:57,3144.15,121863,3,3143.64,62891,93072,0.22952230669919105,0
2023-07-28 11:01:58,3144.0,121866,1,3143.64,62903,93062,0.2247405919762885,0
2023-07-28 11:01:59,3144.0,121867,1,3143.64,62907,93064,0.2247405919762885,0
2023-07-28 11:01:59,3144.0,121867,1,3143.64,62911,93046,0.2247405919762885,0
2023-07-28 11:01:59,3144.0,121867,1,3143.64,62947,93041,0.2247405919762885,0
2023-07-28 11:01:59,3144.0,121867,1,3143.64,62976,92976,0.2247405919762885,0
2023-07-28 11:02:04,3144.0,121868,1,3143.64,62947,92975,0.2247405919762885,0
2023-07-28 11:02:05,3144.0,121873,1,3143.64,62946,92949,0.2247405919762885,0
2023-07-28 11:02:07,3143.8,121876,1,3143.64,62954,93035,0.21836497234576147,0
2023-07-28 11:02:07,3143.8,121876,1,3143.64,62949,93028,0.21836497234576147,0
2023-07-28 11:02:07,3143.8,121876,1,3143.64,62948,93028,0.21836497234576147,0
2023-07-28 11:02:07,3143.8,121876,1,3143.64,62975,93028,0.21836497234576147,0
2023-07-28 11:02:07,3143.8,121876,1,3143.64,62982,93077,0.21836497234576147,0
2023-07-28 11:02:07,3143.8,121876,1,3143.64,62915,93045,0.21836497234576147,0
2023-07-28 11:02:07,3143.8,121876,1,3143.64,62943,92957,0.21836497234576147,0
2023-07-28 11:02:07,3143.8,121876,1,3143.64,62943,92957,0.21836497234576147,0
2023-07-28 11:02:07,3143.8,121876,1,3143.64,61451,92920,0.21836497234576147,0
2023-07-28 11:02:07,3143.8,121876,1,3143.64,62951,92909,0.21836497234576147,0
2023-07-28 11:02:07,3143.8,121876,1,3143.64,62951,92909,0.21836497234576147,0
2023-07-28 11:02:07,3143.8,121876,1,3143.64,62956,92908,0.21836497234576147,0
2023-07-28 11:02:07,3143.8,121876,1,3143.64,62956,92950,0.21836497234576147,0
2023-07-28 11:02:07,3143.8,121876,1,3143.64,62956,92848,0.21836497234576147,0
2023-07-28 11:02:21,3143.95,121881,4,3143.64,62948,92863,0.22314668706864949,0
2023-07-28 11:02:21,3144.0,121881,1,3143.64,62948,92863,0.2247405919762885,0
2023-07-28 11:02:21,3143.95,121881,1,3143.64,62948,92863,0.22314668706864949,0
2023-07-28 11:02:23,3144.0,121885,1,3143.64,62974,92871,0.2247405919762885,0
2023-07-28 11:02:24,3144.0,121886,1,3143.64,62974,92861,0.2247405919762885,0
2023-07-28 11:02:24,3144.0,121886,1,3143.64,62974,92861,0.2247405919762885,0
2023-07-28 11:02:24,3144.0,121886,1,3143.64,62974,92861,0.2247405919762885,0
2023-07-28 11:02:24,3144.0,121886,1,3143.64,62974,92867,0.2247405919762885,0
2023-07-28 11:02:24,3144.0,121886,1,3143.64,62906,92927,0.2247405919762885,0
2023-07-28 11:02:24,3144.0,121886,1,3143.64,62893,92944,0.2247405919762885,0
2023-07-28 11:02:30,3144.0,121887,1,3143.64,62913,92917,0.2247405919762885,0
2023-07-28 11:02:31,3144.0,121894,7,3143.64,62930,92894,0.2247405919762885,0
2023-07-28 11:02:31,3144.0,121894,1,3143.64,62930,92894,0.2247405919762885,0
2023-07-28 11:02:32,3144.0,121895,1,3143.64,62930,92855,0.2247405919762885,0
2023-07-28 11:02:33,3144.0,121897,1,3143.64,62912,92854,0.2247405919762885,0
2023-07-28 11:02:36,3142.5,121999,29,3143.64,62859,93023,0.17692344474729219,0
2023-07-28 11:02:36,3142.75,122023,1,3143.64,62911,92936,0.18489296928545823,0
2023-07-28 11:02:37,3144.0,122025,1,3143.64,62998,92909,0.2247405919762885,0
2023-07-28 11:02:37,3144.0,122025,1,3143.64,62998,92909,0.2247405919762885,0
2023-07-28 11:02:39,3144.0,122029,3,3143.64,61504,92918,0.2247405919762885,0
2023-07-28 11:02:39,3144.0,122029,3,3143.64,63005,92910,0.2247405919762885,0
2023-07-28 11:02:39,3144.0,122029,3,3143.64,63007,92911,0.2247405919762885,0
2023-07-28 11:02:39,3144.0,122029,3,3143.64,63040,92869,0.2247405919762885,0
2023-07-28 11:02:39,3144.0,122029,43,3143.64,63036,92864,0.2247405919762885,0
2023-07-28 11:02:44,3144.0,122072,8,3143.64,63033,92917,0.2247405919762885,0
2023-07-28 11:02:46,3144.0,122083,1,3143.64,63034,92904,0.2247405919762885,0
2023-07-28 11:02:46,3144.0,122083,22,3143.64,63034,92904,0.2247405919762885,0
2023-07-28 11:02:46,3144.0,122106,5,3143.64,63047,92882,0.2247405919762885,0
2023-07-28 11:02:47,3144.0,122116,1,3143.64,63049,92897,0.2247405919762885,0
2023-07-28 11:02:48,3144.0,122117,1,3143.64,63046,92904,0.2247405919762885,0
2023-07-28 11:02:48,3144.0,122117,1,3143.64,63046,92904,0.2247405919762885,0
2023-07-28 11:02:50,3144.0,122119,1,3143.64,63061,92899,0.2247405919762885,0
2023-07-28 11:02:50,3143.95,122121,1,3143.64,63062,92901,0.22314668706864949,0
2023-07-28 11:02:50,3144.0,122121,2,3143.64,63062,92901,0.2247405919762885,0
2023-07-28 11:02:51,3144.0,122123,2,3143.64,63062,92919,0.2247405919762885,0
2023-07-28 11:02:51,3143.95,122123,1,3143.64,63062,92919,0.22314668706864949,0
2023-07-28 11:02:52,3143.95,122124,1,3143.64,62941,92952,0.22314668706864949,0
2023-07-28 11:02:52,3143.95,122124,1,3143.64,62946,92953,0.22314668706864949,0
2023-07-28 11:02:52,3143.95,122124,1,3143.64,62981,92918,0.22314668706864949,0
2023-07-28 11:02:56,3144.0,122134,2,3143.64,62963,92923,0.2247405919762885,0
2023-07-28 11:02:56,3144.0,122134,3,3143.64,62963,92907,0.2247405919762885,0
2023-07-28 11:02:58,3144.0,122139,2,3143.64,62963,92898,0.2247405919762885,0
2023-07-28 11:02:58,3144.0,122139,1,3143.64,62963,92898,0.2247405919762885,0
2023-07-28 11:02:59,3144.0,122141,1,3143.64,63002,92867,0.2247405919762885,0
2023-07-28 11:02:59,3144.0,122141,1,3143.64,63055,92871,0.2247405919762885,0
2023-07-28 11:02:59,3144.0,122141,1,3143.64,63099,92867,0.2247405919762885,0
2023-07-28 11:02:59,3143.95,122141,6,3143.64,63099,92867,0.22314668706864949,0
2023-07-28 11:03:02,3143.95,122185,8,3143.64,62857,93013,0.22314668706864949,0
2023-07-28 11:03:03,3143.95,122193,8,3143.64,62984,92920,0.22314668706864949,0
2023-07-28 11:03:03,3143.95,122193,8,3143.64,62984,92920,0.22314668706864949,0
2023-07-28 11:03:03,3143.95,122193,8,3143.64,63000,92939,0.22314668706864949,0
2023-07-28 11:03:07,3143.1,122194,1,3143.64,63011,92995,0.1960503036388878,0
2023-07-28 11:03:07,3143.1,122194,1,3143.64,62974,92998,0.1960503036388878,0
2023-07-28 11:03:07,3143.1,122194,1,3143.64,62986,92998,0.1960503036388878,0
2023-07-28 11:03:07,3143.1,122194,1,3143.64,63006,92998,0.1960503036388878,0
2023-07-28 11:03:07,3143.1,122194,1,3143.64,63006,92998,0.1960503036388878,0
2023-07-28 11:03:07,3143.1,122194,1,3143.64,63038,92997,0.1960503036388878,0
2023-07-28 11:03:13,3143.1,122199,3,3143.64,63026,92987,0.1960503036388878,0
2023-07-28 11:03:13,3143.1,122199,3,3143.64,63026,92987,0.1960503036388878,0
2023-07-28 11:03:13,3143.1,122201,1,3143.64,63030,92985,0.1960503036388878,0
2023-07-28 11:03:13,3143.1,122201,1,3143.64,62990,92992,0.1960503036388878,0
2023-07-28 11:03:13,3143.1,122201,1,3143.64,61481,93015,0.1960503036388878,0
2023-07-28 11:03:13,3143.75,122201,1,3143.64,61481,93015,0.21677106743812247,0
2023-07-28 11:03:17,3143.1,122209,1,3143.64,62982,93158,0.1960503036388878,0
2023-07-28 11:03:17,3143.1,122210,1,3143.64,63005,93121,0.1960503036388878,0
2023-07-28 11:03:17,3143.1,122210,1,3143.64,63006,93119,0.1960503036388878,0
2023-07-28 11:03:17,3143.1,122210,1,3143.64,62991,93135,0.1960503036388878,0
2023-07-28 11:03:17,3142.4,122210,2,3143.64,62991,93135,0.17373563493202868,0
2023-07-28 11:03:21,3142.4,122216,1,3143.64,62740,93283,0.17373563493202868,0
2023-07-28 11:03:22,3143.0,122219,1,3143.64,62918,92543,0.1928624938236243,0
2023-07-28 11:03:23,3143.0,122221,1,3143.64,63013,93207,0.1928624938236243,0
2023-07-28 11:03:23,3143.0,122221,23,3143.64,63013,93207,0.1928624938236243,0
2023-07-28 11:03:23,3143.0,122244,23,3143.64,63024,93163,0.1928624938236243,0
2023-07-28 11:03:24,3143.0,122248,4,3143.64,63021,93170,0.1928624938236243,0
2023-07-28 11:03:24,3143.0,122248,4,3143.64,63023,93170,0.1928624938236243,0
2023-07-28 11:03:24,3143.0,122248,4,3143.64,63016,93135,0.1928624938236243,0
2023-07-28 11:03:24,3143.0,122248,4,3143.64,63027,93135,0.1928624938236243,0
2023-07-28 11:03:24,3143.0,122248,4,3143.64,63027,93134,0.1928624938236243,0
2023-07-28 11:03:24,3143.0,122248,4,3143.64,63069,93134,0.1928624938236243,0
2023-07-28 11:03:24,3143.0,122248,4,3143.64,63023,93134,0.1928624938236243,0
2023-07-28 11:03:32,3143.0,122249,1,3143.64,62993,93133,0.1928624938236243,0
2023-07-28 11:03:32,3143.0,122249,1,3143.64,62993,93097,0.1928624938236243,0
2023-07-28 11:03:32,3143.0,122249,1,3143.64,62993,93097,0.1928624938236243,0
2023-07-28 11:03:33,3143.0,122250,1,3143.64,62948,93096,0.1928624938236243,0
2023-07-28 11:03:35,3143.0,122255,5,3143.64,62756,93111,0.1928624938236243,0
2023-07-28 11:03:35,3143.0,122255,1,3143.64,62756,93111,0.1928624938236243,0
2023-07-28 11:03:36,3143.1,122462,18,3143.64,62962,93078,0.1960503036388878,0
2023-07-28 11:03:37,3143.75,122494,1,3143.64,62995,93002,0.21677106743812247,0
2023-07-28 11:03:38,3143.75,122495,1,3143.64,62999,93013,0.21677106743812247,0
2023-07-28 11:03:39,3143.0,122566,4,3143.64,62838,93053,0.1928624938236243,0
2023-07-28 11:03:39,3143.0,122566,6,3143.64,62838,93053,0.1928624938236243,0
2023-07-28 11:03:40,3143.0,122576,1,3143.64,62824,93049,0.1928624938236243,0
2023-07-28 11:03:40,3143.0,122576,7,3143.64,62824,93049,0.1928624938236243,0
2023-07-28 11:03:42,3143.0,122584,7,3143.64,62840,93043,0.1928624938236243,0
2023-07-28 11:03:42,3143.0,122584,2,3143.64,62840,93043,0.1928624938236243,0
2023-07-28 11:03:43,3143.0,122586,2,3143.64,62828,93062,0.1928624938236243,0
2023-07-28 11:03:43,3143.0,122586,2,3143.64,62864,93079,0.1928624938236243,0
2023-07-28 11:03:43,3143.0,122586,1,3143.64,62864,93079,0.1928624938236243,0
2023-07-28 11:03:46,3143.0,122587,1,3143.64,62861,93087,0.1928624938236243,0
2023-07-28 11:03:46,3143.0,122587,44,3143.64,62861,93087,0.1928624938236243,0
2023-07-28 11:03:47,3143.0,122631,8,3143.64,62856,93096,0.1928624938236243,0
2023-07-28 11:03:47,3143.0,122643,8,3143.64,62785,93153,0.1928624938236243,0
2023-07-28 11:03:47,3143.0,122643,1,3143.64,62785,93153,0.1928624938236243,0
2023-07-28 11:03:49,3143.0,122646,1,3143.64,62729,93117,0.1928624938236243,0
2023-07-28 11:03:49,3143.0,122646,1,3143.64,62729,93117,0.1928624938236243,0
2023-07-28 11:03:49,3143.0,122646,2,3143.64,62729,93117,0.1928624938236243,0
2023-07-28 11:03:51,3143.0,122666,3,3143.64,62770,93109,0.1928624938236243,0
2023-07-28 11:03:52,3142.95,122669,1,3143.64,62729,93079,0.19126858891598528,0
2023-07-28 11:03:53,3143.0,122670,1,3143.64,62701,93064,0.1928624938236243,0
2023-07-28 11:03:54,3143.0,122672,1,3143.64,62766,93062,0.1928624938236243,0
2023-07-28 11:03:55,3143.0,122673,1,3143.64,62766,93063,0.1928624938236243,0
2023-07-28 11:03:55,3143.0,122673,1,3143.64,62766,93065,0.1928624938236243,0
2023-07-28 11:03:55,3143.0,122673,9,3143.64,62766,93065,0.1928624938236243,0
2023-07-28 11:03:58,3143.0,122682,1,3143.64,62765,93062,0.1928624938236243,0
2023-07-28 11:03:59,3143.0,122688,1,3143.64,62776,93065,0.1928624938236243,0
2023-07-28 11:04:00,3143.0,122690,1,3143.64,62791,93060,0.1928624938236243,0
2023-07-28 11:04:00,3143.0,122690,1,3143.64,62791,93060,0.1928624938236243,0
2023-07-28 11:04:01,3143.0,122694,3,3143.64,62794,93086,0.1928624938236243,0
2023-07-28 11:04:02,3143.0,122696,1,3143.64,62787,93121,0.1928624938236243,0
2023-07-28 11:04:03,3143.0,122754,30,3143.64,62821,93085,0.1928624938236243,0
2023-07-28 11:04:04,3143.0,122765,1,3143.64,62813,93078,0.1928624938236243,0
2023-07-28 11:04:04,3142.95,122765,11,3143.64,62813,93078,0.19126858891598528,0
2023-07-28 11:04:06,3142.95,122779,11,3143.64,62875,93077,0.19126858891598528,0
2023-07-28 11:04:06,3143.0,122781,2,3143.64,62879,93075,0.1928624938236243,0
2023-07-28 11:04:07,3143.0,122785,4,3143.64,62879,93071,0.1928624938236243,0
2023-07-28 11:04:07,3143.0,122785,9,3143.64,62879,93071,0.1928624938236243,0
2023-07-28 11:04:08,3143.0,122795,9,3143.64,61395,93091,0.1928624938236243,0
2023-07-28 11:04:09,3142.95,122836,3,3143.64,62899,93066,0.19126858891598528,0
2023-07-28 11:04:10,3142.95,122841,5,3143.64,62909,93058,0.19126858891598528,0
2023-07-28 11:04:10,3143.0,122841,14,3143.64,62915,93058,0.1928624938236243,0
2023-07-28 11:04:12,3143.0,122864,14,3143.64,62915,93035,0.1928624938236243,0
2023-07-28 11:04:12,3143.0,122864,4,3143.64,62915,93035,0.1928624938236243,0
2023-07-28 11:04:12,3142.95,122864,1,3143.64,62915,93035,0.19126858891598528,0
2023-07-28 11:04:14,3142.95,122877,1,3143.64,62937,93063,0.19126858891598528,0
2023-07-28 11:04:16,3142.95,122880,1,3143.64,62938,93058,0.19126858891598528,0
2023-07-28 11:04:16,3142.95,122880,1,3143.64,62938,93058,0.19126858891598528,0
2023-07-28 11:04:16,3142.95,122880,1,3143.64,62939,93050,0.19126858891598528,0
2023-07-28 11:04:16,3142.95,122880,10,3143.64,62893,93015,0.19126858891598528,0
2023-07-28 11:04:20,3142.95,122898,3,3143.64,62907,93028,0.19126858891598528,0
2023-07-28 11:04:21,3142.9,122901,1,3143.64,62914,93025,0.18967468400836077,0
2023-07-28 11:04:23,3143.0,123241,72,3143.63,62996,92897,0.1928624938236243,0
2023-07-28 11:04:23,3143.75,123305,1,3143.63,60026,92920,0.21677106743812247,0
2023-07-28 11:04:24,3143.75,123307,1,3143.63,60019,92936,0.21677106743812247,0
2023-07-28 11:04:24,3143.75,123307,1,3143.63,60019,92936,0.21677106743812247,0
2023-07-28 11:04:25,3143.75,123309,1,3143.63,60019,92982,0.21677106743812247,0
2023-07-28 11:04:25,3143.75,123309,1,3143.63,60024,92982,0.21677106743812247,0
2023-07-28 11:04:25,3143.75,123309,1,3143.63,60024,92982,0.21677106743812247,0
2023-07-28 11:04:29,3144.35,123326,3,3143.63,63061,92888,0.2358979263297181,0
2023-07-28 11:04:29,3144.35,123326,3,3143.63,63044,92893,0.2358979263297181,0
2023-07-28 11:04:29,3144.35,123326,3,3143.63,63023,92861,0.2358979263297181,0
2023-07-28 11:04:29,3144.35,123326,3,3143.63,63006,92879,0.2358979263297181,0
2023-07-28 11:04:29,3144.35,123326,3,3143.63,62929,92828,0.2358979263297181,0
2023-07-28 11:04:35,3144.55,123335,9,3143.63,62949,92630,0.24227354596025963,0
2023-07-28 11:04:35,3144.45,123343,1,3143.63,62941,92663,0.2390857361449816,0
2023-07-28 11:04:36,3144.5,123344,1,3143.63,62942,92652,0.2406796410526206,0
2023-07-28 11:04:37,3144.5,123345,1,3143.63,62960,92651,0.2406796410526206,0
2023-07-28 11:04:38,3144.5,123346,1,3143.63,59988,92564,0.2406796410526206,0
2023-07-28 11:04:40,3144.5,123348,2,3143.63,63006,92675,0.2406796410526206,0
2023-07-28 11:04:40,3144.5,123348,2,3143.63,62995,92675,0.2406796410526206,0
2023-07-28 11:04:40,3144.5,123348,3,3143.63,62995,92675,0.2406796410526206,0
2023-07-28 11:04:41,3144.5,123351,1,3143.64,62989,92672,0.2406796410526206,0
2023-07-28 11:04:42,3144.5,123353,1,3143.64,62989,92698,0.2406796410526206,0
2023-07-28 11:04:44,3144.5,123431,9,3143.64,62987,92737,0.2406796410526206,0
2023-07-28 11:04:44,3144.5,123444,13,3143.64,63041,92729,0.2406796410526206,0
2023-07-28 11:04:44,3144.5,123444,1,3143.64,63028,92729,0.2406796410526206,0
2023-07-28 11:04:46,3144.5,123445,1,3143.64,63030,92695,0.2406796410526206,0
2023-07-28 11:04:47,3144.5,123446,1,3143.64,63038,92663,0.2406796410526206,0
2023-07-28 11:04:49,3144.45,123485,6,3143.64,62869,92759,0.2390857361449816,0
2023-07-28 11:04:49,3144.45,123492,2,3143.64,62916,92810,0.2390857361449816,0
2023-07-28 11:04:49,3144.45,123492,2,3143.64,62917,92815,0.2390857361449816,0
2023-07-28 11:04:49,3143.0,123492,1,3143.64,62904,92815,0.1928624938236243,0
2023-07-28 11:04:52,3143.0,123493,1,3143.64,62733,92827,0.1928624938236243,0
2023-07-28 11:04:52,3143.0,123493,1,3143.64,62868,92827,0.1928624938236243,0
2023-07-28 11:04:52,3143.0,123493,1,3143.64,61709,92837,0.1928624938236243,0
2023-07-28 11:04:52,3143.0,123493,1,3143.64,61709,92837,0.1928624938236243,0
2023-07-28 11:04:52,3143.0,123493,1,3143.64,62609,92837,0.1928624938236243,0
2023-07-28 11:04:52,3143.0,123493,1,3143.64,62609,92837,0.1928624938236243,0
2023-07-28 11:04:52,3143.0,123493,1,3143.64,62609,92837,0.1928624938236243,0
2023-07-28 11:04:52,3143.0,123493,1,3143.64,62686,92717,0.1928624938236243,0
2023-07-28 11:05:01,3144.1,123494,1,3143.64,62713,92770,0.22792840179155202,0
2023-07-28 11:05:01,3144.1,123494,1,3143.64,62680,92736,0.22792840179155202,0
2023-07-28 11:05:01,3144.1,123494,1,3143.64,62681,92730,0.22792840179155202,0
2023-07-28 11:05:01,3144.0,123494,3,3143.64,62681,92730,0.2247405919762885,0
2023-07-28 11:05:04,3144.0,123597,100,3143.64,62668,92702,0.2247405919762885,0
2023-07-28 11:05:04,3144.0,123597,18,3143.64,62668,92702,0.2247405919762885,0
2023-07-28 11:05:04,3144.0,123615,18,3143.64,62691,92746,0.2247405919762885,0
2023-07-28 11:05:04,3144.0,123615,18,3143.64,62699,92751,0.2247405919762885,0
2023-07-28 11:05:04,3144.0,123615,18,3143.64,62718,92731,0.2247405919762885,0
2023-07-28 11:05:04,3144.0,123615,1,3143.64,62718,92731,0.2247405919762885,0
2023-07-28 11:05:04,3144.0,123615,1,3143.64,62718,92731,0.2247405919762885,0
2023-07-28 11:05:04,3144.0,123615,16,3143.64,62718,92731,0.2247405919762885,0
2023-07-28 11:05:14,3144.0,123635,4,3143.64,62710,92676,0.2247405919762885,0
2023-07-28 11:05:14,3144.0,123635,2,3143.64,62710,92676,0.2247405919762885,0
2023-07-28 11:05:16,3144.0,123641,2,3143.64,59717,92599,0.2247405919762885,0
2023-07-28 11:05:16,3144.0,123641,1,3143.64,59717,92599,0.2247405919762885,0
2023-07-28 11:05:16,3144.0,123641,1,3143.64,59717,92599,0.2247405919762885,0
2023-07-28 11:05:16,3144.65,123641,4,3143.64,59717,92599,0.24546135577552314,0
2023-07-28 11:05:23,3144.65,123647,4,3143.64,62695,92660,0.24546135577552314,0
2023-07-28 11:05:23,3144.65,123647,1,3143.64,62695,92660,0.24546135577552314,0
2023-07-28 11:05:23,3144.65,123647,1,3143.64,62695,92660,0.24546135577552314,0
2023-07-28 11:05:23,3144.65,123647,1,3143.64,62695,92660,0.24546135577552314,0
2023-07-28 11:05:23,3144.65,123647,1,3143.64,62695,92660,0.24546135577552314,0
2023-07-28 11:05:23,3144.65,123647,1,3143.64,62695,92660,0.24546135577552314,0
2023-07-28 11:05:24,3144.65,123648,1,3143.64,62727,92705,0.24546135577552314,0
2023-07-28 11:05:24,3144.65,123648,1,3143.64,62728,92757,0.24546135577552314,0
2023-07-28 11:05:24,3144.6,123648,1,3143.64,62728,92757,0.24386745086788414,0
2023-07-28 11:05:36,3144.65,123663,2,3143.64,62668,92852,0.24546135577552314,0
2023-07-28 11:05:36,3144.65,123663,1,3143.64,62668,92852,0.24546135577552314,0
2023-07-28 11:05:40,3144.65,123667,1,3143.64,62680,92856,0.24546135577552314,0
2023-07-28 11:05:40,3144.65,123667,1,3143.64,62718,92812,0.24546135577552314,0
2023-07-28 11:05:40,3144.65,123667,1,3143.64,62702,92802,0.24546135577552314,0
2023-07-28 11:05:40,3144.35,123667,1,3143.64,62702,92802,0.2358979263297181,0
2023-07-28 11:05:50,3144.5,123699,5,3143.64,62576,92955,0.2406796410526206,0
2023-07-28 11:05:53,3144.5,123704,5,3143.64,62642,92915,0.2406796410526206,0
2023-07-28 11:05:53,3144.45,123704,4,3143.64,62642,92915,0.2390857361449816,0
2023-07-28 11:05:59,3144.45,123708,8,3143.64,62636,92861,0.2390857361449816,0
2023-07-28 11:06:01,3144.45,123717,2,3143.64,62679,92772,0.2390857361449816,0
2023-07-28 11:06:01,3144.45,123717,1,3143.64,62679,92772,0.2390857361449816,0
2023-07-28 11:06:01,3144.15,123717,1,3143.64,62679,92772,0.22952230669919105,0
2023-07-28 11:06:09,3144.15,123721,1,3143.64,62712,92781,0.22952230669919105,0
2023-07-28 11:06:09,3144.15,123721,5,3143.64,62712,92781,0.22952230669919105,0
2023-07-28 11:06:13,3144.15,123726,1,3143.64,62678,92725,0.22952230669919105,0
2023-07-28 11:06:13,3144.15,123726,4,3143.64,62678,92725,0.22952230669919105,0
2023-07-28 11:06:17,3144.15,123731,4,3143.64,62681,92747,0.22952230669919105,0
2023-07-28 11:06:17,3144.15,123731,1,3143.64,62681,92747,0.22952230669919105,0
2023-07-28 11:06:17,3144.15,123731,6,3143.64,62681,92747,0.22952230669919105,0
2023-07-28 11:06:22,3144.0,123739,1,3143.64,62688,92737,0.2247405919762885,0
2023-07-28 11:06:22,3144.15,123739,1,3143.64,62688,92737,0.22952230669919105,0
2023-07-28 11:06:23,3144.15,123740,1,3143.64,62682,92735,0.22952230669919105,0
2023-07-28 11:06:23,3144.15,123740,1,3143.64,62682,92735,0.22952230669919105,0
2023-07-28 11:06:23,3143.25,123740,1,3143.64,62682,92735,0.20083201836179035,0
2023-07-28 11:06:30,3144.15,123746,1,3143.64,62615,92841,0.22952230669919105,0
2023-07-28 11:06:31,3144.15,123747,1,3143.64,62710,92806,0.22952230669919105,0
2023-07-28 11:06:31,3143.25,123747,1,3143.64,62710,92806,0.20083201836179035,0
2023-07-28 11:06:31,3144.15,123747,3,3143.64,62710,92806,0.22952230669919105,0
2023-07-28 11:06:37,3144.15,123754,1,3143.64,62674,92789,0.22952230669919105,0
2023-07-28 11:06:38,3144.15,123755,1,3143.64,62769,92753,0.22952230669919105,0
2023-07-28 11:06:38,3144.15,123755,1,3143.64,62769,92753,0.22952230669919105,0
2023-07-28 11:06:38,3143.7,123755,1,3143.64,62769,92753,0.21517716253048344,0
2023-07-28 11:06:44,3144.15,123758,1,3143.64,62729,92768,0.22952230669919105,0
2023-07-28 11:06:46,3144.15,123759,1,3143.64,62723,92778,0.22952230669919105,0
2023-07-28 11:06:46,3143.95,123759,1,3143.64,62723,92778,0.22314668706864949,0
2023-07-28 11:06:46,3143.95,123759,2,3143.64,62723,92778,0.22314668706864949,0
2023-07-28 11:06:53,3143.95,123762,2,3143.64,62807,92765,0.22314668706864949,0
2023-07-28 11:06:53,3144.0,123762,1,3143.64,62807,92765,0.2247405919762885,0
2023-07-28 11:06:55,3144.0,123763,1,3143.64,62812,92840,0.2247405919762885,0
2023-07-28 11:06:55,3143.95,123763,1,3143.64,62812,92840,0.22314668706864949,0
2023-07-28 11:06:55,3144.0,123763,5,3143.64,62812,92840,0.2247405919762885,0
2023-07-28 11:06:55,3144.0,123763,1,3143.64,62812,92840,0.2247405919762885,0
2023-07-28 11:07:04,3144.0,123785,4,3143.64,62793,92815,0.2247405919762885,0
2023-07-28 11:07:07,3144.0,123789,4,3143.64,62794,92817,0.2247405919762885,0
2023-07-28 11:07:07,3143.95,123789,14,3143.64,62794,92817,0.22314668706864949,0
2023-07-28 11:07:12,3144.0,123803,3,3143.64,62775,92739,0.2247405919762885,0
2023-07-28 11:07:12,3143.95,123803,2,3143.64,62775,92739,0.22314668706864949,0
2023-07-28 11:07:16,3143.95,123819,2,3143.64,62678,92915,0.22314668706864949,0
2023-07-28 11:07:22,3143.7,123822,1,3143.64,62678,92919,0.21517716253048344,0
2023-07-28 11:07:22,3143.7,123822,8,3143.64,62678,92919,0.21517716253048344,0
2023-07-28 11:07:22,3143.7,123822,1,3143.64,62678,92919,0.21517716253048344,0
2023-07-28 11:07:25,3144.0,123831,1,3143.64,62674,92913,0.2247405919762885,0
2023-07-28 11:07:25,3144.0,123831,270,3143.64,62674,92913,0.2247405919762885,0
2023-07-28 11:07:25,3144.0,123831,28,3143.64,62674,92913,0.2247405919762885,0
2023-07-28 11:07:30,3144.0,124250,28,3143.64,62890,92742,0.2247405919762885,0
2023-07-28 11:07:30,3144.15,124250,73,3143.64,62890,92742,0.22952230669919105,0
2023-07-28 11:07:30,3144.15,124250,1,3143.64,62890,92742,0.22952230669919105,0
2023-07-28 11:07:32,3144.15,124333,1,3143.64,62964,92610,0.22952230669919105,0
2023-07-28 11:07:32,3144.15,124333,2,3143.64,62964,92610,0.22952230669919105,0
2023-07-28 11:07:32,3144.15,124333,1,3143.64,62964,92610,0.22952230669919105,0
2023-07-28 11:07:32,3144.15,124333,1,3143.64,62964,92610,0.22952230669919105,0
2023-07-28 11:07:37,3144.15,124337,1,3143.64,62911,92717,0.22952230669919105,0
2023-07-28 11:07:37,3144.15,124337,2,3143.64,62911,92717,0.22952230669919105,0
2023-07-28 11:07:37,3144.15,124337,4,3143.64,62911,92717,0.22952230669919105,0
2023-07-28 11:07:37,3144.15,124337,2,3143.64,62911,92717,0.22952230669919105,0
2023-07-28 11:07:37,3144.0,124337,18,3143.64,62911,92717,0.2247405919762885,0
2023-07-28 11:07:37,3144.0,124337,4,3143.64,62911,92717,0.2247405919762885,0
2023-07-28 11:07:43,3144.0,124605,1,3143.64,62708,92834,0.2247405919762885,0
2023-07-28 11:07:47,3144.0,124606,1,3143.64,62737,92801,0.2247405919762885,0
2023-07-28 11:07:47,3143.55,124606,1,3143.64,62737,92801,0.21039544780759542,0
2023-07-28 11:07:59,3144.0,124611,4,3143.64,62752,92741,0.2247405919762885,0
2023-07-28 11:07:59,3144.0,124611,1,3143.64,62752,92741,0.2247405919762885,0
2023-07-28 11:07:59,3143.1,124611,4,3143.64,62752,92741,0.1960503036388878,0
2023-07-28 11:08:01,3144.0,124691,13,3143.64,62634,92843,0.2247405919762885,0
2023-07-28 11:08:04,3144.0,124704,13,3143.64,62693,92916,0.2247405919762885,0
2023-07-28 11:08:04,3143.15,124704,2,3143.64,62693,92916,0.1976442085465268,0
2023-07-28 11:08:13,3144.0,124732,2,3143.64,62756,92896,0.2247405919762885,0
2023-07-28 11:08:17,3143.9,124741,1,3143.64,62735,92890,0.22155278216102497,0
2023-07-28 11:08:17,3143.9,124741,1,3143.64,62735,92890,0.22155278216102497,0
2023-07-28 11:08:17,3143.9,124741,1,3143.64,62735,92890,0.22155278216102497,0
2023-07-28 11:08:17,3143.9,124741,1,3143.64,62735,92890,0.22155278216102497,0
2023-07-28 11:08:17,3143.9,124741,1,3143.64,62735,92890,0.22155278216102497,0
2023-07-28 11:08:22,3143.4,124743,1,3143.64,62726,92890,0.20561373308469288,0
2023-07-28 11:08:22,3143.65,124743,1,3143.64,62726,92890,0.21358325762285893,0
2023-07-28 11:08:22,3143.65,124743,1,3143.64,62726,92890,0.21358325762285893,0
2023-07-28 11:08:22,3143.65,124743,1,3143.64,62726,92890,0.21358325762285893,0
2023-07-28 11:08:22,3143.65,124743,1,3143.64,62726,92890,0.21358325762285893,0
2023-07-28 11:08:26,3143.9,124746,1,3143.64,62706,92865,0.22155278216102497,0
2023-07-28 11:08:26,3143.9,124746,1,3143.64,62706,92865,0.22155278216102497,0
2023-07-28 11:08:33,3143.9,124752,1,3143.64,62711,92890,0.22155278216102497,0
2023-07-28 11:08:33,3143.9,124752,5,3143.64,62711,92890,0.22155278216102497,0
2023-07-28 11:08:33,3143.9,124752,4,3143.64,62711,92890,0.22155278216102497,0
2023-07-28 11:08:38,3143.9,124762,4,3143.64,62796,92862,0.22155278216102497,0
2023-07-28 11:08:38,3143.9,124762,1,3143.64,62796,92862,0.22155278216102497,0
2023-07-28 11:08:38,3143.9,124762,1,3143.64,62796,92862,0.22155278216102497,0
2023-07-28 11:08:44,3143.85,124770,2,3143.64,62706,92917,0.21995887725338598,0
2023-07-28 11:08:46,3143.1,124772,6,3143.64,62709,92918,0.1960503036388878,0
2023-07-28 11:08:46,3143.1,124772,1,3143.64,62709,92918,0.1960503036388878,0
2023-07-28 11:08:52,3144.0,124779,1,3143.64,62752,92916,0.2247405919762885,0
2023-07-28 11:08:52,3144.0,124779,4,3143.64,62752,92916,0.2247405919762885,0
2023-07-28 11:08:55,3144.0,124784,4,3143.64,62824,92858,0.2247405919762885,0
2023-07-28 11:08:55,3144.0,124784,4,3143.64,62825,92875,0.2247405919762885,0
2023-07-28 11:08:55,3144.0,124784,4,3143.64,62818,92874,0.2247405919762885,0
2023-07-28 11:08:55,3143.9,124784,1,3143.64,62818,92874,0.22155278216102497,0
2023-07-28 11:08:55,3143.8,124784,1,3143.64,62818,92874,0.21836497234576147,0
2023-07-28 11:08:55,3143.8,124784,1,3143.64,62818,92874,0.21836497234576147,0
2023-07-28 11:09:09,3143.8,124787,1,3143.64,62755,92909,0.21836497234576147,0
2023-07-28 11:09:09,3143.8,124787,1,3143.64,62755,92909,0.21836497234576147,0
2023-07-28 11:09:09,3143.0,124787,1,3143.64,62755,92909,0.1928624938236243,0
2023-07-28 11:09:13,3143.55,124834,8,3143.64,61076,92912,0.21039544780759542,0
2023-07-28 11:09:13,3143.1,124834,7,3143.64,61076,92912,0.1960503036388878,0
2023-07-28 11:09:13,3143.1,124834,1,3143.64,61076,92912,0.1960503036388878,0
2023-07-28 11:09:15,3143.1,124869,5,3143.64,62551,93133,0.1960503036388878,0
2023-07-28 11:09:15,3143.1,124869,3,3143.64,62551,93133,0.1960503036388878,0
2023-07-28 11:09:15,3142.0,124869,6,3143.64,62551,93133,0.16098439567096007,0
2023-07-28 11:09:21,3142.0,124885,6,3143.64,62446,93342,0.16098439567096007,0
2023-07-28 11:09:21,3141.3,124885,3,3143.64,62446,93342,0.13866972696410093,0
2023-07-28 11:09:22,3141.3,124894,3,3143.64,62405,93324,0.13866972696410093,0
2023-07-28 11:09:22,3141.35,124894,1,3143.64,62405,93324,0.14026363187172544,0
2023-07-28 11:09:26,3141.0,124896,23,3143.64,62458,93309,0.12910629751829586,0
2023-07-28 11:09:26,3141.0,124896,1,3143.64,62458,93309,0.12910629751829586,0
2023-07-28 11:09:26,3141.8,124896,5,3143.64,62458,93309,0.15460877604043302,0
2023-07-28 11:09:33,3141.8,124951,10,3143.64,62476,93340,0.15460877604043302,0
2023-07-28 11:09:33,3141.8,124951,1,3143.64,62476,93340,0.15460877604043302,0
2023-07-28 11:09:37,3141.8,124962,1,3143.64,62511,93304,0.15460877604043302,0
2023-07-28 11:09:37,3141.8,124962,4,3143.64,62511,93304,0.15460877604043302,0
2023-07-28 11:09:41,3141.8,124966,1,3143.64,62513,93300,0.15460877604043302,0
2023-07-28 11:09:42,3141.8,124967,1,3143.64,62581,93265,0.15460877604043302,0
2023-07-28 11:09:42,3141.8,124967,1,3143.64,62553,93334,0.15460877604043302,0
2023-07-28 11:09:42,3141.6,124967,1,3143.64,62553,93334,0.1482331564098915,0
2023-07-28 11:09:52,3141.6,124968,1,3143.64,62515,93294,0.1482331564098915,0
2023-07-28 11:09:52,3141.8,124968,23,3143.64,62530,93376,0.15460877604043302,0
2023-07-28 11:09:52,3141.75,124968,2,3143.64,62530,93376,0.15301487113279402,0
2023-07-28 11:09:52,3141.8,124968,4,3143.64,62530,93376,0.15460877604043302,0
2023-07-28 11:10:01,3141.8,125025,10,3143.64,62558,93346,0.15460877604043302,0
2023-07-28 11:10:01,3141.8,125025,1,3143.64,62558,93346,0.15460877604043302,0
2023-07-28 11:10:01,3141.8,125025,1,3143.64,62558,93346,0.15460877604043302,0
2023-07-28 11:10:06,3141.8,125050,3,3143.64,62514,93362,0.15460877604043302,0
2023-07-28 11:10:06,3141.8,125053,3,3143.64,62539,93371,0.15460877604043302,0
2023-07-28 11:10:06,3141.8,125053,5,3143.64,62539,93371,0.15460877604043302,0
2023-07-28 11:10:07,3141.8,125058,5,3143.64,62545,93356,0.15460877604043302,0
2023-07-28 11:10:08,3141.8,125059,1,3143.64,62546,93355,0.15460877604043302,0
2023-07-28 11:10:08,3141.8,125059,1,3143.64,62542,93355,0.15460877604043302,0
2023-07-28 11:10:08,3141.8,125059,12,3143.64,62542,93355,0.15460877604043302,0
2023-07-28 11:10:12,3141.8,125071,2,3143.64,62541,93340,0.15460877604043302,0
2023-07-28 11:10:13,3141.75,125088,5,3143.64,62485,93371,0.15301487113279402,0
2023-07-28 11:10:13,3141.75,125088,2,3143.64,62485,93371,0.15301487113279402,0
2023-07-28 11:10:14,3141.75,125090,2,3143.64,62479,93353,0.15301487113279402,0
2023-07-28 11:10:14,3141.75,125090,2,3143.64,62582,93365,0.15301487113279402,0
2023-07-28 11:10:14,3141.75,125090,2,3143.64,62656,93348,0.15301487113279402,0
2023-07-28 11:10:14,3141.0,125090,3,3143.64,62656,93348,0.12910629751829586,0
2023-07-28 11:10:14,3140.7,125090,11,3143.64,62656,93348,0.1195428680724908,0
2023-07-28 11:10:18,3140.7,125162,11,3143.63,62030,93385,0.1195428680724908,0
2023-07-28 11:10:18,3140.7,125162,11,3143.63,61969,93092,0.1195428680724908,0
2023-07-28 11:10:18,3140.0,125162,30,3143.63,62027,93394,0.09722819936563165,0
2023-07-28 11:10:18,3140.95,125162,2,3143.63,62027,93394,0.12751239261065686,0
2023-07-28 11:10:22,3140.95,125236,1,3143.63,62083,93328,0.12751239261065686,0
2023-07-28 11:10:22,3140.95,125236,1,3143.63,62086,93285,0.12751239261065686,0
2023-07-28 11:10:22,3140.95,125236,3,3143.63,62086,93285,0.12751239261065686,0
2023-07-28 11:10:24,3140.95,125241,3,3143.63,62100,93253,0.12751239261065686,0
2023-07-28 11:10:25,3141.5,125244,1,3143.63,62170,93327,0.14504534659462798,0
2023-07-28 11:10:25,3140.05,125314,22,3143.63,60635,93401,0.09882210427327066,0
2023-07-28 11:10:25,3141.6,125314,13,3143.63,60635,93401,0.1482331564098915,0
2023-07-28 11:10:26,3141.6,125327,13,3143.63,62249,93413,0.1482331564098915,0
2023-07-28 11:10:26,3141.6,125327,13,3143.63,62463,93288,0.1482331564098915,0
2023-07-28 11:10:26,3141.6,125327,13,3143.63,62496,93224,0.1482331564098915,0
2023-07-28 11:10:26,3142.15,125327,16,3143.63,62424,93258,0.1657661103938626,0
2023-07-28 11:10:31,3142.15,125377,16,3143.63,62482,93247,0.1657661103938626,0
2023-07-28 11:10:31,3141.5,125377,5,3143.63,62482,93247,0.14504534659462798,0
2023-07-28 11:10:33,3141.5,125391,5,3143.63,62390,93444,0.14504534659462798,0
2023-07-28 11:10:34,3141.45,125397,1,3143.63,62170,93472,0.14345144168698895,0
2023-07-28 11:10:34,3141.45,125397,1,3143.63,62170,93472,0.14345144168698895,0
2023-07-28 11:10:34,3141.45,125397,1,3143.63,62208,93094,0.14345144168698895,0
2023-07-28 11:10:37,3141.5,125412,15,3143.63,62286,93422,0.14504534659462798,0
2023-07-28 11:10:38,3141.5,125418,3,3143.63,62262,93409,0.14504534659462798,0
2023-07-28 11:10:39,3141.45,125461,1,3143.63,62180,93079,0.14345144168698895,0
2023-07-28 11:10:39,3141.5,125472,2,3143.63,62269,93350,0.14504534659462798,0
2023-07-28 11:10:39,3141.5,125472,1,3143.63,62269,93350,0.14504534659462798,0
2023-07-28 11:10:41,3141.5,125473,1,3143.63,60959,93376,0.14504534659462798,0
2023-07-28 11:10:41,3141.5,125473,11,3143.63,60959,93376,0.14504534659462798,0
2023-07-28 11:10:42,3141.5,125484,2,3143.63,62459,93360,0.14504534659462798,0
2023-07-28 11:10:43,3141.5,125511,17,3143.63,62479,93338,0.14504534659462798,0
2023-07-28 11:10:43,3141.5,125511,4,3143.63,62479,93338,0.14504534659462798,0
2023-07-28 11:10:44,3141.5,125516,1,3143.63,62446,93339,0.14504534659462798,0
2023-07-28 11:10:45,3141.5,125517,1,3143.63,59375,93304,0.14504534659462798,0
2023-07-28 11:10:45,3141.5,125517,1,3143.63,60912,93304,0.14504534659462798,0
2023-07-28 11:10:45,3141.5,125517,1,3143.63,59438,93286,0.14504534659462798,0
2023-07-28 11:10:45,3141.5,125517,2,3143.63,59438,93286,0.14504534659462798,0
2023-07-28 11:10:47,3141.5,125519,1,3143.63,62439,93312,0.14504534659462798,0
2023-07-28 11:10:47,3141.45,125519,1,3143.63,62439,93312,0.14345144168698895,0
2023-07-28 11:10:49,3141.5,125534,8,3143.63,59414,93300,0.14504534659462798,0
2023-07-28 11:10:49,3141.5,125536,2,3143.63,62426,93270,0.14504534659462798,0
2023-07-28 11:10:49,3141.5,125536,1,3143.63,62426,93270,0.14504534659462798,0
2023-07-28 11:10:51,3141.5,125537,1,3143.63,60932,93284,0.14504534659462798,0
2023-07-28 11:10:52,3141.5,125538,1,3143.63,62435,93235,0.14504534659462798,0
2023-07-28 11:10:53,3141.5,125539,1,3143.63,62446,93287,0.14504534659462798,0
2023-07-28 11:10:53,3141.5,125539,4,3143.63,62446,93287,0.14504534659462798,0
2023-07-28 11:10:55,3141.45,125544,1,3143.63,62407,92946,0.14345144168698895,0
2023-07-28 11:10:55,3141.45,125544,1,3143.63,59437,93264,0.14345144168698895,0
2023-07-28 11:10:55,3141.45,125544,1,3143.63,62453,93246,0.14345144168698895,0
2023-07-28 11:10:55,3141.45,125544,1,3143.63,59432,93246,0.14345144168698895,0
2023-07-28 11:10:55,3141.45,125544,1,3143.63,59409,93247,0.14345144168698895,0
2023-07-28 11:10:55,3141.5,125544,4,3143.63,59409,93247,0.14504534659462798,0
2023-07-28 11:10:59,3141.5,125554,3,3143.63,62474,93236,0.14504534659462798,0
2023-07-28 11:11:01,3141.5,125557,1,3143.63,62402,93259,0.14504534659462798,0
2023-07-28 11:11:01,3141.5,125557,1,3143.63,62402,93303,0.14504534659462798,0
2023-07-28 11:11:03,3141.5,125558,1,3143.63,60902,93255,0.14504534659462798,0
2023-07-28 11:11:03,3141.5,125559,1,3143.63,62390,93250,0.14504534659462798,0
2023-07-28 11:11:05,3141.45,125560,1,3143.63,62320,93405,0.14345144168698895,0
2023-07-28 11:11:05,3141.45,125560,1,3143.63,62345,93397,0.14345144168698895,0
2023-07-28 11:11:05,3141.45,125560,1,3143.63,62345,93397,0.14345144168698895,0
2023-07-28 11:11:07,3141.45,125562,1,3143.63,62351,93490,0.14345144168698895,0
2023-07-28 11:11:08,3140.75,125563,1,3143.63,62394,93447,0.12113677298012981,0
2023-07-28 11:11:08,3140.75,125563,1,3143.63,61876,93703,0.12113677298012981,0
2023-07-28 11:11:08,3140.75,125563,1,3143.63,61936,93642,0.12113677298012981,0
2023-07-28 11:11:08,3140.75,125563,1,3143.63,61936,93643,0.12113677298012981,0
2023-07-28 11:11:13,3140.0,125565,2,3143.63,61905,93518,0.09722819936563165,0
2023-07-28 11:11:13,3140.0,125565,7,3143.63,61905,93518,0.09722819936563165,0
2023-07-28 11:11:14,3140.0,125895,7,3143.62,61422,93577,0.09722819936563165,0
2023-07-28 11:11:14,3140.75,125895,19,3143.62,61422,93577,0.12113677298012981,0
2023-07-28 11:11:15,3140.75,125953,19,3143.62,61496,93476,0.12113677298012981,0
2023-07-28 11:11:15,3140.0,125953,8,3143.62,61496,93476,0.09722819936563165,0
2023-07-28 11:11:17,3140.7,126040,15,3143.61,61419,93614,0.1195428680724908,0
2023-07-28 11:11:18,3140.9,126059,1,3143.61,61578,93458,0.12591848770303235,0
2023-07-28 11:11:18,3140.7,126063,2,3143.61,61431,93481,0.1195428680724908,0
2023-07-28 11:11:18,3140.7,126063,2,3143.61,61426,93475,0.1195428680724908,0
2023-07-28 11:11:18,3140.7,126063,2,3143.61,61472,93475,0.1195428680724908,0
2023-07-28 11:11:18,3140.0,126063,1,3143.61,61472,93475,0.09722819936563165,0
2023-07-28 11:11:22,3140.0,126064,1,3143.61,61477,93478,0.09722819936563165,0
2023-07-28 11:11:22,3140.0,126064,1,3143.61,61477,93478,0.09722819936563165,0
2023-07-28 11:11:22,3140.0,126064,1,3143.61,61473,93457,0.09722819936563165,0
2023-07-28 11:11:22,3140.0,126064,1,3143.61,61473,93457,0.09722819936563165,0
2023-07-28 11:11:22,3140.9,126064,1,3143.61,59990,93445,0.12591848770303235,0
2023-07-28 11:11:22,3140.9,126064,1,3143.61,59990,93445,0.12591848770303235,0
2023-07-28 11:11:26,3140.9,126074,8,3143.61,59979,93098,0.12591848770303235,0
2023-07-28 11:11:26,3140.9,126076,2,3143.61,61437,93394,0.12591848770303235,0
2023-07-28 11:11:26,3140.9,126076,2,3143.61,61437,93394,0.12591848770303235,0
2023-07-28 11:11:26,3140.9,126076,2,3143.61,61437,93394,0.12591848770303235,0
2023-07-28 11:11:26,3140.9,126076,2,3143.61,61490,93381,0.12591848770303235,0
2023-07-28 11:11:26,3140.9,126076,2,3143.61,61442,93441,0.12591848770303235,0
2023-07-28 11:11:26,3140.9,126076,2,3143.61,61444,93483,0.12591848770303235,0
2023-07-28 11:11:26,3140.9,126076,2,3143.61,61407,93483,0.12591848770303235,0
2023-07-28 11:11:26,3140.9,126076,2,3143.61,61443,93452,0.12591848770303235,0
2023-07-28 11:11:33,3141.0,126078,1,3143.61,59949,93384,0.12910629751829586,0
2023-07-28 11:11:34,3140.85,126083,1,3143.61,61433,93490,0.12432458279539334,0
2023-07-28 11:11:34,3140.85,126083,1,3143.61,61433,93490,0.12432458279539334,0
2023-07-28 11:11:35,3140.8,126156,8,3143.61,61504,93621,0.12273067788776883,0
2023-07-28 11:11:35,3140.0,126156,13,3143.61,61504,93621,0.09722819936563165,0
2023-07-28 11:11:36,3140.0,126169,13,3143.61,61616,93825,0.09722819936563165,0
2023-07-28 11:11:36,3140.0,126169,13,3143.61,61505,93737,0.09722819936563165,0
2023-07-28 11:11:39,3138.25,126212,13,3143.61,61002,93756,0.04144152759846928,0
2023-07-28 11:11:39,3139.65,126212,8,3143.61,61002,93756,0.08607086501220207,0
2023-07-28 11:11:39,3139.65,126220,8,3143.61,61735,93870,0.08607086501220207,0
2023-07-28 11:11:39,3139.65,126220,8,3143.61,61799,93711,0.08607086501220207,0
2023-07-28 11:11:39,3139.65,126220,8,3143.61,61874,93686,0.08607086501220207,0
2023-07-28 11:11:39,3138.6,126220,1,3143.61,60345,93418,0.052598861951898855,0
2023-07-28 11:11:44,3138.6,126236,14,3143.61,61985,93570,0.052598861951898855,0
2023-07-28 11:11:44,3139.95,126236,3,3143.61,61985,93570,0.09563429445799264,0
2023-07-28 11:11:45,3139.95,126239,3,3143.61,61996,91706,0.09563429445799264,0
2023-07-28 11:11:45,3139.95,126239,3,3143.61,61996,93514,0.09563429445799264,0
2023-07-28 11:11:45,3139.95,126239,3,3143.61,62046,93514,0.09563429445799264,0
2023-07-28 11:11:45,3139.95,126239,3,3143.61,62046,93514,0.09563429445799264,0
2023-07-28 11:11:45,3139.95,126239,3,3143.61,61975,93110,0.09563429445799264,0
2023-07-28 11:11:45,3139.95,126239,3,3143.61,61947,93168,0.09563429445799264,0
2023-07-28 11:11:45,3139.9,126239,1,3143.61,61947,93168,0.09404038955036813,0
2023-07-28 11:11:52,3139.9,126240,1,3143.61,60443,93154,0.09404038955036813,0
2023-07-28 11:11:54,3139.9,126241,1,3143.61,61988,93457,0.09404038955036813,0
2023-07-28 11:11:54,3139.9,126241,1,3143.61,62008,93461,0.09404038955036813,0
2023-07-28 11:11:56,3139.9,126245,1,3143.61,62023,93458,0.09404038955036813,0
2023-07-28 11:11:56,3139.9,126245,1,3143.61,62023,93458,0.09404038955036813,0
2023-07-28 11:11:57,3139.9,126251,1,3143.61,62027,93363,0.09404038955036813,0
2023-07-28 11:11:58,3139.9,126252,1,3143.61,62028,93362,0.09404038955036813,0
2023-07-28 11:12:00,3139.9,126260,1,3143.61,62025,93354,0.09404038955036813,0
2023-07-28 11:12:00,3139.9,126261,1,3143.61,61936,93414,0.09404038955036813,0
2023-07-28 11:12:00,3139.9,126261,1,3143.61,62057,91534,0.09404038955036813,0
2023-07-28 11:12:00,3139.9,126261,1,3143.61,61991,93370,0.09404038955036813,0
2023-07-28 11:12:00,3139.9,126261,1,3143.61,62002,93391,0.09404038955036813,0
2023-07-28 11:12:05,3139.9,126263,2,3143.61,61989,93052,0.09404038955036813,0
2023-07-28 11:12:05,3139.9,126263,2,3143.61,61989,93189,0.09404038955036813,0
2023-07-28 11:12:05,3139.9,126263,1,3143.61,61983,92862,0.09404038955036813,0
2023-07-28 11:12:07,3139.9,126264,1,3143.61,61990,93191,0.09404038955036813,0
2023-07-28 11:12:08,3139.9,126265,1,3143.61,61962,93346,0.09404038955036813,0
2023-07-28 11:12:08,3139.9,126265,1,3143.61,61962,93346,0.09404038955036813,0
2023-07-28 11:12:09,3139.9,126266,1,3143.61,61928,93267,0.09404038955036813,0
2023-07-28 11:12:09,3139.9,126266,1,3143.61,61928,93267,0.09404038955036813,0
2023-07-28 11:12:10,3139.9,126267,1,3143.61,61947,93041,0.09404038955036813,0
2023-07-28 11:12:10,3139.65,126267,9,3143.61,61964,93312,0.08607086501220207,0
2023-07-28 11:12:11,3139.9,126277,2,3143.61,61978,93071,0.09404038955036813,0
2023-07-28 11:12:12,3139.65,126279,22,3143.61,62016,93349,0.08607086501220207,0
2023-07-28 11:12:15,3139.95,126306,2,3143.61,60512,93045,0.09563429445799264,0
2023-07-28 11:12:15,3139.95,126306,1,3143.61,60512,93045,0.09563429445799264,0
2023-07-28 11:12:16,3139.95,126308,1,3143.61,61967,93339,0.09563429445799264,0
2023-07-28 11:12:17,3139.95,126312,4,3143.61,61940,93652,0.09563429445799264,0
2023-07-28 11:12:17,3139.9,126312,1,3143.61,61940,93652,0.09404038955036813,0
2023-07-28 11:12:18,3139.65,126313,1,3143.61,60347,93659,0.08607086501220207,0
2023-07-28 11:12:19,3139.65,126314,1,3143.61,62027,93552,0.08607086501220207,0
2023-07-28 11:12:19,3139.65,126314,1,3143.61,62027,93552,0.08607086501220207,0
2023-07-28 11:12:22,3139.65,126315,1,3143.61,62026,93553,0.08607086501220207,0
2023-07-28 11:12:22,3139.65,126315,1,3143.61,61884,93225,0.08607086501220207,0
2023-07-28 11:12:22,3139.65,126315,1,3143.61,61899,93483,0.08607086501220207,0
2023-07-28 11:12:22,3139.9,126315,3,3143.61,61899,93483,0.09404038955036813,0
2023-07-28 11:12:25,3139.9,126318,1,3143.61,61892,93517,0.09404038955036813,0
2023-07-28 11:12:26,3139.9,126320,1,3143.61,61903,93484,0.09404038955036813,0
2023-07-28 11:12:26,3139.9,126320,1,3143.61,61909,93485,0.09404038955036813,0
2023-07-28 11:12:26,3139.9,126320,1,3143.61,61936,93502,0.09404038955036813,0
2023-07-28 11:12:26,3139.9,126320,1,3143.61,61936,93502,0.09404038955036813,0
2023-07-28 11:12:28,3139.9,126321,1,3143.6,61932,93488,0.09404038955036813,0
2023-07-28 11:12:28,3139.9,126321,1,3143.6,61942,93477,0.09404038955036813,0
2023-07-28 11:12:31,3139.9,126322,1,3143.6,61876,93207,0.09404038955036813,0
2023-07-28 11:12:32,3139.9,126323,1,3143.6,61868,93161,0.09404038955036813,0
2023-07-28 11:12:34,3139.9,126324,1,3143.6,61858,92942,0.09404038955036813,0
2023-07-28 11:12:34,3139.9,126324,1,3143.6,61858,92951,0.09404038955036813,0
2023-07-28 11:12:34,3139.9,126324,10,3143.6,61857,92992,0.09404038955036813,0
2023-07-28 11:12:34,3139.95,126324,16,3143.6,61857,92992,0.09563429445799264,0
2023-07-28 11:12:35,3139.95,126367,8,3143.6,61843,93007,0.09563429445799264,0
2023-07-28 11:12:36,3139.95,126375,8,3143.6,61883,93290,0.09563429445799264,0
2023-07-28 11:12:38,3139.95,126376,1,3143.6,61913,93311,0.09563429445799264,0
2023-07-28 11:12:38,3139.95,126376,1,3143.6,61904,93243,0.09563429445799264,0
2023-07-28 11:12:38,3139.95,126376,1,3143.6,61914,92926,0.09563429445799264,0
2023-07-28 11:12:38,3139.95,126376,4,3143.6,61914,92926,0.09563429445799264,0
2023-07-28 11:12:42,3139.95,126382,1,3143.6,61950,93247,0.09563429445799264,0
2023-07-28 11:12:42,3139.95,126382,1,3143.6,61957,93245,0.09563429445799264,0
2023-07-28 11:12:42,3139.95,126382,1,3143.6,61971,93254,0.09563429445799264,0
2023-07-28 11:12:44,3139.95,126383,1,3143.6,61988,93246,0.09563429445799264,0
2023-07-28 11:12:46,3139.95,126390,2,3143.6,61987,93222,0.09563429445799264,0
2023-07-28 11:12:46,3139.95,126390,1,3143.6,61987,93222,0.09563429445799264,0
2023-07-28 11:12:47,3139.95,126393,1,3143.6,62000,93246,0.09563429445799264,0
2023-07-28 11:12:47,3139.95,126393,1,3143.6,62000,93246,0.09563429445799264,0
2023-07-28 11:12:48,3139.95,126394,1,3143.6,62001,93236,0.09563429445799264,0
2023-07-28 11:12:48,3139.9,126394,1,3143.6,62001,93236,0.09404038955036813,0
2023-07-28 11:12:49,3139.9,126415,1,3143.6,61969,93298,0.09404038955036813,0
2023-07-28 11:12:50,3139.9,126421,2,3143.6,62034,93276,0.09404038955036813,0
2023-07-28 11:12:50,3139.9,126421,1,3143.6,62034,93276,0.09404038955036813,0
2023-07-28 11:12:50,3139.85,126421,1,3143.6,62034,93276,0.09244648464272912,0
2023-07-28 11:12:52,3139.85,126423,1,3143.6,62056,93269,0.09244648464272912,0
2023-07-28 11:12:53,3139.85,126424,1,3143.6,62061,93269,0.09244648464272912,0
2023-07-28 11:12:53,3139.85,126424,1,3143.6,61195,93289,0.09244648464272912,0
2023-07-28 11:12:53,3139.9,126424,16,3143.6,61195,93289,0.09404038955036813,0
2023-07-28 11:12:56,3139.9,126440,3,3143.6,62095,93281,0.09404038955036813,0
2023-07-28 11:12:57,3139.85,126472,5,3143.6,62039,93475,0.09244648464272912,0
2023-07-28 11:12:57,3139.85,126477,5,3143.6,62072,93428,0.09244648464272912,0
2023-07-28 11:12:57,3139.85,126477,5,3143.6,62067,93435,0.09244648464272912,0
2023-07-28 11:12:57,3139.85,126477,1,3143.6,62067,93435,0.09244648464272912,0
2023-07-28 11:13:00,3139.85,126478,1,3143.6,62068,93437,0.09244648464272912,0
2023-07-28 11:13:00,3139.85,126479,1,3143.6,62068,93436,0.09244648464272912,0
2023-07-28 11:13:00,3139.85,126479,1,3143.6,62005,93471,0.09244648464272912,0
2023-07-28 11:13:00,3139.85,126479,1,3143.6,62046,93449,0.09244648464272912,0
2023-07-28 11:13:00,3139.85,126479,1,3143.6,62046,93449,0.09244648464272912,0
2023-07-28 11:13:00,3139.8,126479,11,3143.6,62046,93449,0.0908525797351046,0
2023-07-28 11:13:05,3139.85,126490,2,3143.6,62022,93454,0.09244648464272912,0
2023-07-28 11:13:07,3139.85,126495,3,3143.6,62030,93451,0.09244648464272912,0
2023-07-28 11:13:07,3139.85,126495,3,3143.6,62030,93451,0.09244648464272912,0
2023-07-28 11:13:08,3139.85,126501,1,3143.6,62031,93435,0.09244648464272912,0
2023-07-28 11:13:08,3139.85,126501,1,3143.6,62031,93437,0.09244648464272912,0
2023-07-28 11:13:08,3139.85,126501,1,3143.6,62031,93424,0.09244648464272912,0
2023-07-28 11:13:08,3139.85,126501,1,3143.6,62031,93424,0.09244648464272912,0
2023-07-28 11:13:11,3139.85,126502,1,3143.6,62051,93422,0.09244648464272912,0
2023-07-28 11:13:11,3139.85,126502,1,3143.6,60545,93422,0.09244648464272912,0
2023-07-28 11:13:11,3139.85,126502,1,3143.6,62040,93428,0.09244648464272912,0
2023-07-28 11:13:11,3139.8,126502,4,3143.6,62040,93428,0.0908525797351046,0
2023-07-28 11:13:13,3139.8,126518,4,3143.6,62034,93422,0.0908525797351046,0
2023-07-28 11:13:13,3139.8,126518,3,3143.6,62034,93422,0.0908525797351046,0
2023-07-28 11:13:15,3139.8,126521,3,3143.6,62027,93419,0.0908525797351046,0
2023-07-28 11:13:15,3139.8,126521,3,3143.6,62035,93412,0.0908525797351046,0
2023-07-28 11:13:15,3139.8,126521,3,3143.6,62030,93415,0.0908525797351046,0
2023-07-28 11:13:15,3139.8,126521,3,3143.6,62030,93386,0.0908525797351046,0
2023-07-28 11:13:15,3139.65,126521,2,3143.6,62075,93110,0.08607086501220207,0
2023-07-28 11:13:20,3139.9,126526,1,3143.6,62069,93291,0.09404038955036813,0
2023-07-28 11:13:21,3139.9,126527,1,3143.6,62070,93295,0.09404038955036813,0
2023-07-28 11:13:21,3139.65,126527,1,3143.6,62070,93295,0.08607086501220207,0
2023-07-28 11:13:22,3139.65,126528,1,3143.6,62124,92688,0.08607086501220207,0
2023-07-28 11:13:22,3139.9,126528,1,3143.6,62124,92688,0.09404038955036813,0
2023-07-28 11:13:24,3139.9,126532,1,3143.6,62122,92662,0.09404038955036813,0
2023-07-28 11:13:24,3139.9,126532,1,3143.6,62122,92662,0.09404038955036813,0
2023-07-28 11:13:24,3139.9,126532,1,3143.6,62123,92709,0.09404038955036813,0
2023-07-28 11:13:28,3139.8,126535,3,3143.6,62100,92708,0.0908525797351046,0
2023-07-28 11:13:28,3139.8,126535,3,3143.6,62100,92708,0.0908525797351046,0
2023-07-28 11:13:28,3139.8,126535,3,3143.6,62071,92771,0.0908525797351046,0
2023-07-28 11:13:28,3139.8,126535,3,3143.6,62082,92726,0.0908525797351046,0
2023-07-28 11:13:28,3139.8,126535,3,3143.6,62082,92726,0.0908525797351046,0
2023-07-28 11:13:28,3139.8,126535,3,3143.6,62094,92724,0.0908525797351046,0
2023-07-28 11:13:28,3139.8,126535,1,3143.6,62095,92724,0.0908525797351046,0
2023-07-28 11:13:34,3139.8,126537,1,3143.6,62109,92719,0.0908525797351046,0
2023-07-28 11:13:35,3139.8,126542,5,3143.6,62156,92730,0.0908525797351046,0
2023-07-28 11:13:35,3139.8,126542,1,3143.6,62156,92730,0.0908525797351046,0
2023-07-28 11:13:36,3139.8,126543,1,3143.6,62157,92723,0.0908525797351046,0
2023-07-28 11:13:36,3139.8,126543,1,3143.6,59157,92748,0.0908525797351046,0
2023-07-28 11:13:36,3139.8,126543,1,3143.6,62134,92748,0.0908525797351046,0
2023-07-28 11:13:36,3139.8,126543,1,3143.6,61951,92677,0.0908525797351046,0
2023-07-28 11:13:36,3139.8,126543,1,3143.6,61951,92780,0.0908525797351046,0
2023-07-28 11:13:41,3139.8,126544,1,3143.6,61968,92784,0.0908525797351046,0
2023-07-28 11:13:41,3139.75,126544,1,3143.6,61967,92784,0.08925867482746559,0
2023-07-28 11:13:43,3139.75,126545,1,3143.6,61951,92819,0.08925867482746559,0
2023-07-28 11:13:43,3139.75,126545,1,3143.6,61951,92819,0.08925867482746559,0
2023-07-28 11:13:43,3139.75,126546,1,3143.6,61942,92781,0.08925867482746559,0
2023-07-28 11:13:43,3139.75,126546,10,3143.6,61946,93145,0.08925867482746559,0
2023-07-28 11:13:46,3139.75,126556,1,3143.6,61947,93147,0.08925867482746559,0
2023-07-28 11:13:47,3139.75,126557,1,3143.6,61967,93146,0.08925867482746559,0
2023-07-28 11:13:47,3139.75,126557,1,3143.6,61386,93200,0.08925867482746559,0
2023-07-28 11:13:50,3139.8,126573,3,3143.6,61396,93196,0.0908525797351046,0
2023-07-28 11:13:50,3139.8,126573,3,3143.6,61396,93194,0.0908525797351046,0
2023-07-28 11:13:50,3139.8,126573,3,3143.6,61396,93139,0.0908525797351046,0
2023-07-28 11:13:52,3139.75,126575,1,3143.6,61395,92977,0.08925867482746559,0
2023-07-28 11:13:54,3139.8,126576,1,3143.6,61401,93109,0.0908525797351046,0
2023-07-28 11:13:54,3139.8,126576,1,3143.6,61401,93109,0.0908525797351046,0
2023-07-28 11:13:54,3139.8,126576,1,3143.6,61400,93149,0.0908525797351046,0
2023-07-28 11:13:54,3139.8,126576,20,3143.6,61400,93149,0.0908525797351046,0
2023-07-28 11:13:57,3139.8,126597,4,3143.6,61402,93119,0.0908525797351046,0
2023-07-28 11:13:57,3139.8,126601,4,3143.6,61401,93118,0.0908525797351046,0
2023-07-28 11:13:59,3139.8,126606,1,3143.6,61403,93113,0.0908525797351046,0
2023-07-28 11:14:00,3139.8,126609,2,3143.6,61403,93114,0.0908525797351046,0
2023-07-28 11:14:00,3139.8,126609,1,3143.6,61403,93114,0.0908525797351046,0
2023-07-28 11:14:01,3139.8,126610,1,3143.6,61401,93113,0.0908525797351046,0
2023-07-28 11:14:01,3139.8,126610,1,3143.6,61402,93113,0.0908525797351046,0
