2023-07-28 10:49:28,447.95,1238330,144,446.24,439772,516912,-0.7642888790429749,0
2023-07-28 10:49:28,447.95,1238330,2,446.24,439772,516912,-0.7642888790429749,0
2023-07-28 10:49:30,447.95,1238474,144,446.24,439769,516768,-0.7642888790429749,0
2023-07-28 10:49:31,447.95,1238594,120,446.24,439737,516963,-0.7642888790429749,0
2023-07-28 10:49:32,447.95,1238606,12,446.24,440550,516948,-0.7642888790429749,0
2023-07-28 10:49:34,447.9,1238833,1,446.24,440430,516857,-0.7753655294638901,0
2023-07-28 10:49:34,447.9,1238833,1,446.24,440430,516857,-0.7753655294638901,0
2023-07-28 10:49:34,447.9,1238833,1,446.24,440430,517399,-0.7753655294638901,0
2023-07-28 10:49:36,447.95,1238929,96,446.24,449280,517786,-0.7642888790429749,0
2023-07-28 10:49:36,448.0,1238929,6,446.24,449336,517745,-0.7532122286220597,0
2023-07-28 10:49:38,448.0,1238965,30,446.24,449334,517098,-0.7532122286220597,0
2023-07-28 10:49:38,448.0,1238965,30,446.24,449334,517098,-0.7532122286220597,0
2023-07-28 10:49:39,448.0,1238966,1,446.24,449444,518242,-0.7532122286220597,0
2023-07-28 10:49:39,448.0,1238966,1,446.24,449444,518242,-0.7532122286220597,0
2023-07-28 10:49:39,448.0,1238966,1,446.24,449427,517124,-0.7532122286220597,0
2023-07-28 10:49:39,448.0,1238966,29,446.24,449427,517124,-0.7532122286220597,0
2023-07-28 10:49:41,448.0,1239015,29,446.25,449415,517902,-0.7532122286220597,0
2023-07-28 10:49:41,447.95,1239015,400,446.25,449415,517902,-0.7642888790429749,0
2023-07-28 10:49:42,448.0,1239440,24,446.25,449896,517426,-0.7532122286220597,0
2023-07-28 10:49:43,448.0,1239442,2,446.25,449954,517424,-0.7532122286220597,0
2023-07-28 10:49:44,448.0,1239487,45,446.25,449564,517186,-0.7532122286220597,0
2023-07-28 10:49:45,447.95,1239519,32,446.25,449521,517206,-0.7642888790429749,0
2023-07-28 10:49:46,448.0,1239529,10,446.25,449520,517196,-0.7532122286220597,0
2023-07-28 10:49:47,447.95,1239544,15,446.25,449508,517371,-0.7642888790429749,0
2023-07-28 10:49:47,447.95,1239544,5,446.25,449508,517371,-0.7642888790429749,0
2023-07-28 10:49:48,448.0,1239770,1,446.25,448955,516789,-0.7532122286220597,0
2023-07-28 10:49:49,447.95,1239814,30,446.25,448929,517636,-0.7642888790429749,0
2023-07-28 10:49:49,447.95,1239814,30,446.25,448930,517636,-0.7642888790429749,0
2023-07-28 10:49:51,447.95,1239965,51,446.25,448879,517536,-0.7642888790429749,0
2023-07-28 10:49:52,448.0,1239975,10,446.25,448893,517526,-0.7532122286220597,0
2023-07-28 10:49:52,448.0,1240082,85,446.25,448885,517419,-0.7532122286220597,0
2023-07-28 10:49:52,448.0,1240082,85,446.25,448876,517561,-0.7532122286220597,0
2023-07-28 10:49:52,448.0,1240082,93,446.25,448876,517561,-0.7532122286220597,0
2023-07-28 10:49:55,447.95,1244314,38,446.25,449292,512577,-0.7642888790429749,0
2023-07-28 10:49:55,447.95,1244314,38,446.25,449377,512565,-0.7642888790429749,0
2023-07-28 10:49:55,448.0,1244314,2,446.25,449377,512565,-0.7532122286220597,0
2023-07-28 10:49:55,448.0,1244314,3,446.25,449377,512565,-0.7532122286220597,0
2023-07-28 10:49:57,448.0,1244319,3,446.25,449373,514088,-0.7532122286220597,0
2023-07-28 10:49:57,448.0,1244319,1,446.25,449373,514088,-0.7532122286220597,0
2023-07-28 10:49:59,448.0,1244365,9,446.25,449371,514092,-0.7532122286220597,0
2023-07-28 10:50:00,448.0,1244374,9,446.25,449095,514347,-0.7532122286220597,0
2023-07-28 10:50:01,448.0,1244404,1,446.25,449092,514317,-0.7532122286220597,0
2023-07-28 10:50:01,448.0,1244404,2,446.25,449092,514317,-0.7532122286220597,0
2023-07-28 10:50:02,448.0,1244855,2,446.25,449092,513916,-0.7532122286220597,0
2023-07-28 10:50:03,448.0,1244876,21,446.25,449100,513895,-0.7532122286220597,0
2023-07-28 10:50:03,448.0,1244876,21,446.25,449101,514115,-0.7532122286220597,0
2023-07-28 10:50:03,448.05,1244876,100,446.25,449101,514115,-0.7421355782011445,0
2023-07-28 10:50:07,448.0,1245111,15,446.25,446749,514162,-0.7532122286220597,0
2023-07-28 10:50:07,448.0,1245111,18,446.25,446749,514162,-0.7532122286220597,0
2023-07-28 10:50:07,448.0,1245111,1,446.25,446749,514162,-0.7532122286220597,0
2023-07-28 10:50:11,448.05,1245198,2,446.25,449819,513718,-0.7421355782011445,0
2023-07-28 10:50:11,448.05,1245198,6,446.25,449819,513718,-0.7421355782011445,0
2023-07-28 10:50:11,448.05,1245198,1,446.25,449819,513718,-0.7421355782011445,0
2023-07-28 10:50:15,448.1,1245269,64,446.25,449622,513239,-0.7310589277802292,0
2023-07-28 10:50:15,448.05,1245269,13,446.25,449622,513239,-0.7421355782011445,0
2023-07-28 10:50:15,448.1,1245269,42,446.25,449622,513239,-0.7310589277802292,0
2023-07-28 10:50:15,448.05,1245269,13,446.25,449622,513239,-0.7421355782011445,0
2023-07-28 10:50:15,448.1,1245269,6,446.25,449622,513239,-0.7310589277802292,0
2023-07-28 10:50:15,448.1,1245269,6,446.25,449622,513239,-0.7310589277802292,0
2023-07-28 10:50:15,448.1,1245269,6,446.25,449622,513239,-0.7310589277802292,0
2023-07-28 10:50:15,448.1,1245269,100,446.25,449622,513239,-0.7310589277802292,0
2023-07-28 10:50:15,448.1,1245269,17,446.25,449622,513239,-0.7310589277802292,0
2023-07-28 10:50:15,448.1,1245269,17,446.25,449622,513239,-0.7310589277802292,0
2023-07-28 10:50:23,448.1,1245802,63,446.25,450386,513160,-0.7310589277802292,0
2023-07-28 10:50:23,448.1,1245802,63,446.25,450386,513160,-0.7310589277802292,0
2023-07-28 10:50:23,448.1,1245802,1,446.25,450386,513160,-0.7310589277802292,0
2023-07-28 10:50:23,448.1,1245802,457,446.25,450386,513160,-0.7310589277802292,0
2023-07-28 10:50:23,448.05,1245802,3,446.25,450386,513160,-0.7421355782011445,0
2023-07-28 10:50:27,448.1,1246423,20,446.26,450396,511529,-0.7310589277802292,0
2023-07-28 10:50:27,448.1,1246423,1,446.26,450396,511529,-0.7310589277802292,0
2023-07-28 10:50:27,448.05,1246423,2,446.26,450396,511529,-0.7421355782011445,0
2023-07-28 10:50:27,448.1,1246423,60,446.26,450396,511529,-0.7310589277802292,0
2023-07-28 10:50:27,448.1,1246423,39,446.26,450396,511529,-0.7310589277802292,0
2023-07-28 10:50:27,448.1,1246423,208,446.26,450396,511529,-0.7310589277802292,0
2023-07-28 10:50:36,448.1,1246735,208,446.26,451374,512382,-0.7310589277802292,0
2023-07-28 10:50:36,448.1,1246735,250,446.26,451374,512382,-0.7310589277802292,0
2023-07-28 10:50:36,448.0,1246735,72,446.26,451374,512382,-0.7532122286220597,0
2023-07-28 10:50:36,448.1,1246735,1,446.26,451374,512382,-0.7310589277802292,0
2023-07-28 10:50:36,448.1,1246735,17,446.26,451374,512382,-0.7310589277802292,0
2023-07-28 10:50:41,448.1,1247530,5,446.26,451194,510742,-0.7310589277802292,0
2023-07-28 10:50:41,448.05,1247530,50,446.26,451194,510742,-0.7421355782011445,0
2023-07-28 10:50:41,448.0,1247530,1,446.26,451194,510742,-0.7532122286220597,0
2023-07-28 10:50:41,448.05,1247530,10,446.26,451194,510742,-0.7421355782011445,0
2023-07-28 10:50:45,448.05,1248236,10,446.26,450772,512299,-0.7421355782011445,0
2023-07-28 10:50:45,447.95,1248236,24,446.26,450772,512299,-0.7642888790429749,0
2023-07-28 10:50:45,448.05,1248236,100,446.26,450772,512299,-0.7421355782011445,0
2023-07-28 10:50:49,448.05,1249281,100,446.26,450054,511400,-0.7421355782011445,0
2023-07-28 10:50:49,448.1,1249281,21,446.26,450054,511400,-0.7310589277802292,0
2023-07-28 10:50:49,448.1,1249281,12,446.26,450054,511400,-0.7310589277802292,0
2023-07-28 10:50:52,448.1,1249314,12,446.26,450125,511374,-0.7310589277802292,0
2023-07-28 10:50:52,448.1,1249314,12,446.26,450126,511429,-0.7310589277802292,0
2023-07-28 10:50:52,448.05,1249314,21,446.26,450126,511429,-0.7421355782011445,0
2023-07-28 10:50:52,448.05,1249314,80,446.26,450126,511429,-0.7421355782011445,0
2023-07-28 10:50:52,448.1,1249314,7,446.26,450126,511429,-0.7310589277802292,0
2023-07-28 10:51:05,448.1,1249443,7,446.26,450283,512076,-0.7310589277802292,0
2023-07-28 10:51:05,448.05,1249443,1,446.26,450283,512076,-0.7421355782011445,0
2023-07-28 10:51:05,448.1,1249443,66,446.26,450283,512076,-0.7310589277802292,0
2023-07-28 10:51:11,448.1,1249552,66,446.26,449947,511881,-0.7310589277802292,0
2023-07-28 10:51:11,448.1,1249552,21,446.26,449947,511881,-0.7310589277802292,0
2023-07-28 10:51:11,448.1,1249552,5,446.26,449947,511881,-0.7310589277802292,0
2023-07-28 10:51:11,448.05,1249552,3,446.26,449947,511881,-0.7421355782011445,0
2023-07-28 10:51:16,448.05,1251480,15,446.26,450014,511868,-0.7421355782011445,0
2023-07-28 10:51:16,448.0,1251480,6,446.26,449987,511933,-0.7532122286220597,0
2023-07-28 10:51:16,448.05,1251480,13,446.26,449987,511933,-0.7421355782011445,0
2023-07-28 10:51:16,448.05,1251480,8,446.26,449987,511933,-0.7421355782011445,0
2023-07-28 10:51:25,448.05,1251508,8,446.26,449933,511913,-0.7421355782011445,0
2023-07-28 10:51:25,448.0,1251508,6,446.26,449933,511913,-0.7532122286220597,0
2023-07-28 10:51:25,448.05,1251508,40,446.26,449933,511913,-0.7421355782011445,0
2023-07-28 10:51:25,448.1,1251508,20,446.26,449933,511913,-0.7310589277802292,0
2023-07-28 10:51:29,448.1,1251768,20,446.26,450591,512552,-0.7310589277802292,0
2023-07-28 10:51:29,448.1,1251768,20,446.26,449991,513117,-0.7310589277802292,0
2023-07-28 10:51:29,448.1,1251768,128,446.26,449991,513117,-0.7310589277802292,0
2023-07-28 10:51:38,448.1,1251939,157,446.26,449533,512990,-0.7310589277802292,0
2023-07-28 10:51:38,448.1,1251939,20,446.26,449533,512990,-0.7310589277802292,0
2023-07-28 10:51:38,448.05,1251939,1,446.26,449533,512990,-0.7421355782011445,0
2023-07-28 10:51:40,448.05,1252400,1,446.26,450583,512865,-0.7421355782011445,0
2023-07-28 10:51:40,448.1,1252400,22,446.26,450583,512865,-0.7310589277802292,0
2023-07-28 10:51:44,448.1,1252422,22,446.26,449275,512882,-0.7310589277802292,0
2023-07-28 10:51:44,447.95,1252422,2050,446.26,449275,512882,-0.7642888790429749,0
2023-07-28 10:51:44,447.9,1252422,3,446.26,449275,512882,-0.7753655294638901,0
2023-07-28 10:51:49,447.85,1262066,1,446.28,442051,515660,-0.7864421798847928,0
2023-07-28 10:51:49,447.85,1262066,12,446.28,442051,515660,-0.7864421798847928,0
2023-07-28 10:51:49,447.8,1262066,1337,446.28,442051,515660,-0.797518830305708,0
2023-07-28 10:51:54,447.8,1263466,1337,446.28,442329,513448,-0.797518830305708,0
2023-07-28 10:51:54,447.8,1263466,1337,446.28,442357,513548,-0.797518830305708,0
2023-07-28 10:51:54,447.9,1263466,9,446.28,442357,513548,-0.7753655294638901,0
2023-07-28 10:51:54,447.85,1263466,50,446.28,442357,513548,-0.7864421798847928,0
2023-07-28 10:52:03,447.85,1263525,50,446.28,442181,513012,-0.7864421798847928,0
2023-07-28 10:52:03,447.9,1263525,15,446.28,442181,513012,-0.7753655294638901,0
2023-07-28 10:52:03,447.9,1263525,10,446.28,442181,513012,-0.7753655294638901,0
2023-07-28 10:52:03,447.9,1263525,2,446.28,442181,513012,-0.7753655294638901,0
2023-07-28 10:52:03,447.9,1263525,32,446.28,442181,513012,-0.7753655294638901,0
2023-07-28 10:52:12,447.9,1264029,1,446.28,440947,513355,-0.7753655294638901,0
2023-07-28 10:52:12,447.9,1264029,27,446.28,440947,513355,-0.7753655294638901,0
2023-07-28 10:52:12,447.9,1264029,12,446.28,440947,513355,-0.7753655294638901,0
2023-07-28 10:52:15,447.9,1264517,12,446.28,441195,514725,-0.7753655294638901,0
2023-07-28 10:52:15,447.9,1264517,59,446.28,441195,514725,-0.7753655294638901,0
2023-07-28 10:52:15,447.9,1264517,14,446.28,441195,514725,-0.7753655294638901,0
2023-07-28 10:52:22,447.9,1264590,14,446.28,441758,514271,-0.7753655294638901,0
2023-07-28 10:52:22,447.9,1264590,97,446.28,441758,514271,-0.7753655294638901,0
2023-07-28 10:52:22,447.9,1264590,10,446.28,441758,514271,-0.7753655294638901,0
2023-07-28 10:52:22,447.9,1264590,2,446.28,441758,514271,-0.7753655294638901,0
2023-07-28 10:52:28,447.9,1264699,2,446.28,441801,514347,-0.7753655294638901,0
2023-07-28 10:52:28,447.9,1264699,12,446.28,441801,514347,-0.7753655294638901,0
2023-07-28 10:52:31,447.9,1264711,12,446.28,442381,515684,-0.7753655294638901,0
2023-07-28 10:52:31,447.9,1264711,2,446.28,442381,515684,-0.7753655294638901,0
2023-07-28 10:52:31,447.9,1264711,100,446.28,442381,515684,-0.7753655294638901,0
2023-07-28 10:52:36,447.9,1264814,100,446.28,441900,516360,-0.7753655294638901,0
2023-07-28 10:52:36,447.9,1264814,22,446.28,441900,516360,-0.7753655294638901,0
2023-07-28 10:52:39,447.9,1264836,22,446.28,442077,516453,-0.7753655294638901,0
2023-07-28 10:52:39,447.9,1264836,2,446.28,442077,516453,-0.7753655294638901,0
2023-07-28 10:52:44,447.9,1264838,2,446.28,442073,515976,-0.7753655294638901,0
2023-07-28 10:52:44,447.9,1264838,91,446.28,442073,515976,-0.7753655294638901,0
2023-07-28 10:52:49,447.9,1265001,91,446.28,442367,514891,-0.7753655294638901,0
2023-07-28 10:52:49,447.9,1265001,12,446.28,442367,514891,-0.7753655294638901,0
2023-07-28 10:52:49,447.9,1265001,28,446.28,442367,514891,-0.7753655294638901,0
2023-07-28 10:52:53,447.9,1265041,28,446.28,442501,515094,-0.7753655294638901,0
2023-07-28 10:52:53,447.95,1265041,264,446.28,442501,515094,-0.7642888790429749,0
2023-07-28 10:52:53,447.95,1265041,9,446.28,442501,515094,-0.7642888790429749,0
2023-07-28 10:52:56,447.95,1265550,9,446.28,442602,516004,-0.7642888790429749,0
2023-07-28 10:52:56,447.8,1265550,2,446.28,442602,516004,-0.797518830305708,0
2023-07-28 10:52:56,448.0,1265550,254,446.28,442602,516004,-0.7532122286220597,0
2023-07-28 10:53:02,448.0,1266588,254,446.28,443590,516111,-0.7532122286220597,0
2023-07-28 10:53:07,447.65,1268101,100,446.28,437761,517262,-0.8307487815684538,0
2023-07-28 10:53:07,447.65,1268101,100,446.28,437761,517262,-0.8307487815684538,0
2023-07-28 10:53:07,447.65,1268101,2,446.28,437761,517262,-0.8307487815684538,0
2023-07-28 10:53:07,447.65,1268101,50,446.28,437761,517262,-0.8307487815684538,0
2023-07-28 10:53:12,447.5,1268201,48,446.28,439623,515964,-0.8639787328311869,0
2023-07-28 10:53:12,447.5,1268201,48,446.28,439768,516252,-0.8639787328311869,0
2023-07-28 10:53:12,447.5,1268201,1,446.28,439768,516252,-0.8639787328311869,0
2023-07-28 10:53:18,447.6,1268202,200,446.28,439414,516882,-0.8418254319893563,0
2023-07-28 10:53:18,447.6,1268202,200,446.28,439414,516882,-0.8418254319893563,0
2023-07-28 10:53:18,447.6,1268202,200,446.28,439414,516882,-0.8418254319893563,0
2023-07-28 10:53:18,447.7,1268202,9,446.28,439414,516882,-0.8196721311475385,0
2023-07-28 10:53:18,447.7,1268202,9,446.28,439414,516882,-0.8196721311475385,0
2023-07-28 10:53:18,447.65,1268202,1,446.28,439414,516882,-0.8307487815684538,0
2023-07-28 10:53:18,447.65,1268202,1,446.28,439414,516882,-0.8307487815684538,0
2023-07-28 10:53:24,447.65,1268416,1,446.28,439677,516495,-0.8307487815684538,0
2023-07-28 10:53:24,447.65,1268416,1,446.28,439677,516495,-0.8307487815684538,0
2023-07-28 10:53:24,447.55,1268416,1,446.28,439677,516495,-0.8529020824102717,0
2023-07-28 10:53:24,447.45,1268416,5,446.28,439677,516495,-0.8750553832521021,0
2023-07-28 10:53:29,447.45,1269868,5,446.29,433117,521195,-0.8750553832521021,0
2023-07-28 10:53:29,447.4,1269868,500,446.29,433117,521195,-0.8861320336730173,0
2023-07-28 10:53:29,447.1,1269868,378,446.29,433117,521195,-0.9525919361984836,0
2023-07-28 10:53:29,447.45,1269868,1,446.29,433117,521195,-0.8750553832521021,0
2023-07-28 10:53:33,447.35,1272805,3,446.29,437151,516491,-0.89720868409392,0
2023-07-28 10:53:33,447.5,1272805,1,446.29,437151,516491,-0.8639787328311869,0
2023-07-28 10:53:33,447.35,1272805,1,446.29,437151,516491,-0.89720868409392,0
2023-07-28 10:53:35,447.35,1272877,1,446.29,437931,517387,-0.89720868409392,0
2023-07-28 10:53:35,447.35,1272877,10,446.29,437931,517387,-0.89720868409392,0
2023-07-28 10:53:35,447.35,1272877,48,446.29,437931,517387,-0.89720868409392,0
2023-07-28 10:53:41,447.35,1272935,48,446.29,436745,517112,-0.89720868409392,0
2023-07-28 10:53:41,447.2,1272935,8,446.29,436745,517112,-0.9304386353566657,0
2023-07-28 10:53:41,447.25,1272935,52,446.29,436745,517112,-0.9193619849357504,0
2023-07-28 10:53:41,447.45,1272935,47,446.29,436745,517112,-0.8750553832521021,0
2023-07-28 10:53:46,447.25,1273885,10,446.29,437373,517902,-0.9193619849357504,0
2023-07-28 10:53:46,447.25,1273885,97,446.29,437373,517902,-0.9193619849357504,0
2023-07-28 10:53:46,447.25,1273885,99,446.29,437373,517902,-0.9193619849357504,0
2023-07-28 10:53:46,447.45,1273885,4,446.29,437373,517902,-0.8750553832521021,0
2023-07-28 10:53:46,447.3,1273885,20,446.29,437373,517902,-0.9082853345148352,0
2023-07-28 10:53:53,447.45,1274350,24,446.29,437207,518403,-0.8750553832521021,0
2023-07-28 10:53:53,447.45,1274350,29,446.29,437207,518403,-0.8750553832521021,0
2023-07-28 10:53:53,447.45,1274350,81,446.29,437207,518403,-0.8750553832521021,0
2023-07-28 10:53:53,447.3,1274350,10,446.29,437207,518403,-0.9082853345148352,0
2023-07-28 10:54:00,447.45,1274955,30,446.29,438116,517763,-0.8750553832521021,0
2023-07-28 10:54:00,447.45,1274955,38,446.29,438116,517763,-0.8750553832521021,0
2023-07-28 10:54:00,447.4,1274955,86,446.29,438116,517763,-0.8861320336730173,0
2023-07-28 10:54:02,447.4,1275079,86,446.29,435896,519607,-0.8861320336730173,0
2023-07-28 10:54:02,447.4,1275079,86,446.29,435477,519823,-0.8861320336730173,0
2023-07-28 10:54:02,447.4,1275079,5,446.29,435477,519823,-0.8861320336730173,0
2023-07-28 10:54:08,447.3,1275295,4,446.29,435475,519518,-0.9082853345148352,0
2023-07-28 10:54:08,447.3,1275295,4,446.29,436279,519581,-0.9082853345148352,0
2023-07-28 10:54:08,447.3,1275295,30,446.29,436279,519581,-0.9082853345148352,0
2023-07-28 10:54:10,447.3,1275325,30,446.29,435256,519585,-0.9082853345148352,0
2023-07-28 10:54:10,447.3,1275325,30,446.29,435528,519485,-0.9082853345148352,0
2023-07-28 10:54:13,447.25,1275335,2,446.29,435524,519886,-0.9193619849357504,0
2023-07-28 10:54:13,447.25,1275335,2,446.29,435524,519886,-0.9193619849357504,0
2023-07-28 10:54:15,447.3,1275345,10,446.29,435526,519776,-0.9082853345148352,0
2023-07-28 10:54:16,447.25,1275390,13,446.29,435730,519915,-0.9193619849357504,0
2023-07-28 10:54:16,447.25,1275390,13,446.29,435731,518053,-0.9193619849357504,0
2023-07-28 10:54:16,447.25,1275390,13,446.29,436236,520371,-0.9193619849357504,0
2023-07-28 10:54:16,447.25,1275390,13,446.29,436303,520380,-0.9193619849357504,0
2023-07-28 10:54:16,447.25,1275390,13,446.29,436303,520353,-0.9193619849357504,0
2023-07-28 10:54:22,447.3,1275400,3,446.29,436303,520658,-0.9082853345148352,0
2023-07-28 10:54:22,447.2,1275435,9,446.29,436177,519505,-0.9304386353566657,0
2023-07-28 10:54:24,447.05,1276335,7,446.29,433986,519997,-0.9636685866193988,0
2023-07-28 10:54:24,447.05,1276335,7,446.29,431759,520033,-0.9636685866193988,0
2023-07-28 10:54:24,447.05,1276335,7,446.29,435332,520248,-0.9636685866193988,0
2023-07-28 10:54:24,447.05,1276335,7,446.29,435332,520248,-0.9636685866193988,0
2023-07-28 10:54:24,447.05,1276335,7,446.29,435332,520414,-0.9636685866193988,0
2023-07-28 10:54:31,447.3,1276342,7,446.29,435399,520029,-0.9082853345148352,0
2023-07-28 10:54:31,447.3,1276342,7,446.29,435738,520303,-0.9082853345148352,0
2023-07-28 10:54:33,447.25,1276344,1,446.29,435116,519945,-0.9193619849357504,0
2023-07-28 10:54:33,447.15,1276344,3,446.29,435116,519945,-0.9415152857775809,0
2023-07-28 10:54:35,447.2,1276354,7,446.29,435712,519581,-0.9304386353566657,0
2023-07-28 10:54:35,447.2,1276354,7,446.29,435713,519756,-0.9304386353566657,0
2023-07-28 10:54:37,447.2,1276404,19,446.29,435426,519350,-0.9304386353566657,0
2023-07-28 10:54:37,447.2,1276404,19,446.29,435425,521071,-0.9304386353566657,0
2023-07-28 10:54:37,447.2,1276404,12,446.29,435425,521071,-0.9304386353566657,0
2023-07-28 10:54:39,447.2,1276454,12,446.29,435402,521471,-0.9304386353566657,0
2023-07-28 10:54:39,447.2,1276454,12,446.29,435360,521531,-0.9304386353566657,0
2023-07-28 10:54:39,447.2,1276454,12,446.29,441360,521531,-0.9304386353566657,0
2023-07-28 10:54:39,447.2,1276454,2,446.29,441360,521531,-0.9304386353566657,0
2023-07-28 10:54:42,447.2,1276464,2,446.29,441110,521541,-0.9304386353566657,0
2023-07-28 10:54:43,447.2,1276485,2,446.29,441111,521541,-0.9304386353566657,0
2023-07-28 10:54:43,447.2,1276485,2,446.29,441111,521541,-0.9304386353566657,0
2023-07-28 10:54:44,447.2,1276488,2,446.29,441119,523103,-0.9304386353566657,0
2023-07-28 10:54:45,447.25,1276537,49,446.29,441107,524559,-0.9193619849357504,0
2023-07-28 10:54:45,447.25,1276537,49,446.29,441106,524559,-0.9193619849357504,0
2023-07-28 10:54:47,447.25,1276543,6,446.29,441107,524553,-0.9193619849357504,0
2023-07-28 10:54:47,447.25,1276543,8,446.29,440882,525053,-0.9193619849357504,0
2023-07-28 10:54:49,447.25,1276551,8,446.29,440881,526917,-0.9193619849357504,0
2023-07-28 10:54:49,447.25,1276551,8,446.29,441297,526917,-0.9193619849357504,0
2023-07-28 10:54:49,447.05,1276551,81,446.29,441297,526917,-0.9636685866193988,0
2023-07-28 10:54:52,447.05,1277451,81,446.29,441009,527146,-0.9636685866193988,0
2023-07-28 10:54:52,447.25,1277451,8,446.29,441009,527146,-0.9193619849357504,0
2023-07-28 10:54:52,447.25,1277463,8,446.29,441231,527075,-0.9193619849357504,0
2023-07-28 10:54:54,447.25,1277464,1,446.29,441282,527746,-0.9193619849357504,0
2023-07-28 10:54:54,447.25,1277464,1,446.29,441504,527746,-0.9193619849357504,0
2023-07-28 10:54:54,447.25,1277464,150,446.29,441504,527746,-0.9193619849357504,0
2023-07-28 10:54:56,447.25,1277615,150,446.29,441542,526592,-0.9193619849357504,0
2023-07-28 10:54:56,447.25,1277615,150,446.29,441640,526486,-0.9193619849357504,0
2023-07-28 10:54:56,447.25,1277615,150,446.29,441640,526496,-0.9193619849357504,0
2023-07-28 10:54:56,447.25,1277615,150,446.29,441640,526496,-0.9193619849357504,0
2023-07-28 10:54:56,447.25,1277615,150,446.29,441635,527795,-0.9193619849357504,0
2023-07-28 10:54:56,447.25,1277615,150,446.29,441635,528467,-0.9193619849357504,0
2023-07-28 10:54:56,447.25,1277615,150,446.29,441545,528467,-0.9193619849357504,0
2023-07-28 10:55:03,447.2,1277722,107,446.29,441660,527640,-0.9304386353566657,0
2023-07-28 10:55:03,447.2,1277722,2,446.29,441660,527640,-0.9304386353566657,0
2023-07-28 10:55:03,447.2,1277724,2,446.29,441577,527571,-0.9304386353566657,0
2023-07-28 10:55:04,447.15,1277726,1,446.29,441564,527799,-0.9415152857775809,0
2023-07-28 10:55:04,447.2,1277726,30,446.29,441564,527799,-0.9304386353566657,0
2023-07-28 10:55:07,447.05,1277756,51,446.29,441448,527719,-0.9636685866193988,0
2023-07-28 10:55:12,447.05,1279306,18,446.29,440666,527474,-0.9636685866193988,0
2023-07-28 10:55:12,447.05,1279306,198,446.29,440666,527474,-0.9636685866193988,0
2023-07-28 10:55:12,447.05,1279306,6,446.29,440666,527474,-0.9636685866193988,0
2023-07-28 10:55:12,446.8,1279306,1,446.29,440666,527474,-1.0190518387239624,0
2023-07-28 10:55:20,446.75,1282723,1,446.29,427974,533797,-1.0301284891448776,0
2023-07-28 10:55:20,446.9,1282723,13,446.29,427974,533797,-0.9968985378821444,0
2023-07-28 10:55:20,446.75,1282723,35,446.29,427974,533797,-1.0301284891448776,0
2023-07-28 10:55:24,446.75,1282772,35,446.29,435094,532687,-1.0301284891448776,0
2023-07-28 10:55:24,446.9,1282772,10,446.29,435094,532687,-0.9968985378821444,0
2023-07-28 10:55:24,446.75,1282772,46,446.29,435094,532687,-1.0301284891448776,0
2023-07-28 10:55:29,446.75,1282892,46,446.29,434928,532754,-1.0301284891448776,0
2023-07-28 10:55:29,446.85,1282892,2,446.29,434928,532754,-1.0079751883030472,0
2023-07-28 10:55:35,446.85,1283321,313,446.29,434665,531736,-1.0079751883030472,0
2023-07-28 10:55:35,446.95,1283321,3,446.29,434665,531736,-0.9858218874612292,0
2023-07-28 10:55:35,446.95,1283321,15,446.29,434665,531736,-0.9858218874612292,0
2023-07-28 10:55:35,446.85,1283321,4,446.29,434665,531736,-1.0079751883030472,0
2023-07-28 10:55:40,446.85,1283353,4,446.29,435903,532677,-1.0079751883030472,0
2023-07-28 10:55:40,446.85,1283353,15,446.29,435903,532677,-1.0079751883030472,0
2023-07-28 10:55:41,446.85,1283523,15,446.3,435959,534510,-1.0079751883030472,0
2023-07-28 10:55:41,446.95,1283523,68,446.3,435959,534510,-0.9858218874612292,0
2023-07-28 10:55:41,446.9,1283523,2,446.3,435959,534510,-0.9968985378821444,0
2023-07-28 10:55:41,446.9,1283523,41,446.3,435959,534510,-0.9968985378821444,0
2023-07-28 10:55:48,446.9,1283696,41,446.3,435843,533428,-0.9968985378821444,0
2023-07-28 10:55:48,446.95,1283696,18,446.3,435843,533428,-0.9858218874612292,0
2023-07-28 10:55:48,446.95,1283696,12,446.3,435843,533428,-0.9858218874612292,0
2023-07-28 10:55:52,446.95,1283786,12,446.3,436188,533020,-0.9858218874612292,0
2023-07-28 10:55:52,446.95,1283786,12,446.3,437110,534842,-0.9858218874612292,0
2023-07-28 10:55:52,446.95,1283786,25,446.3,437110,534842,-0.9858218874612292,0
2023-07-28 10:55:52,447.0,1283786,7,446.3,437110,534842,-0.974745237040314,0
2023-07-28 10:55:52,446.9,1283786,2,446.3,437110,534842,-0.9968985378821444,0
2023-07-28 10:56:00,446.9,1283858,2,446.3,436697,534078,-0.9968985378821444,0
2023-07-28 10:56:00,446.95,1283858,1,446.3,436697,534078,-0.9858218874612292,0
2023-07-28 10:56:00,446.95,1283858,11,446.3,436697,534078,-0.9858218874612292,0
2023-07-28 10:56:00,446.75,1283858,231,446.3,436697,534078,-1.0301284891448776,0
2023-07-28 10:56:05,446.75,1284376,231,446.3,436291,534241,-1.0301284891448776,0
2023-07-28 10:56:05,446.8,1284376,3,446.3,436291,534241,-1.0190518387239624,0
2023-07-28 10:56:14,446.8,1284544,69,446.3,436062,534178,-1.0190518387239624,0
2023-07-28 10:56:14,446.75,1284544,44,446.3,436062,534178,-1.0301284891448776,0
2023-07-28 10:56:17,446.75,1285044,44,446.3,437315,533963,-1.0301284891448776,0
2023-07-28 10:56:17,446.8,1285044,50,446.3,437315,533963,-1.0190518387239624,0
2023-07-28 10:56:17,446.8,1285044,50,446.3,437315,533963,-1.0190518387239624,0
2023-07-28 10:56:17,446.8,1285044,50,446.3,437315,533963,-1.0190518387239624,0
2023-07-28 10:56:17,446.95,1285044,8,446.3,437315,533963,-0.9858218874612292,0
2023-07-28 10:56:22,446.95,1285108,8,446.3,437036,533892,-0.9858218874612292,0
2023-07-28 10:56:22,446.95,1285108,3,446.3,437036,533892,-0.9858218874612292,0
2023-07-28 10:56:22,446.95,1285108,3,446.3,437036,533892,-0.9858218874612292,0
2023-07-28 10:56:22,446.7,1285108,73,446.3,437036,533892,-1.0412051395657929,0
2023-07-28 10:56:22,446.9,1285108,7,446.3,437036,533892,-0.9968985378821444,0
2023-07-28 10:56:22,446.8,1285108,5,446.3,437036,533892,-1.0190518387239624,0
2023-07-28 10:56:26,446.8,1287027,5,446.3,435419,534306,-1.0190518387239624,0
2023-07-28 10:56:26,446.9,1287027,15,446.3,435419,534306,-0.9968985378821444,0
2023-07-28 10:56:29,446.75,1287057,6,446.3,437624,534703,-1.0301284891448776,0
2023-07-28 10:56:36,446.85,1289342,30,446.3,435435,530192,-1.0079751883030472,0
2023-07-28 10:56:36,446.85,1289342,30,446.3,435435,530192,-1.0079751883030472,0
2023-07-28 10:56:36,446.85,1289342,1,446.3,435435,530192,-1.0079751883030472,0
2023-07-28 10:56:36,446.85,1289342,1,446.3,435435,530192,-1.0079751883030472,0
2023-07-28 10:56:36,446.95,1289342,36,446.3,435435,530192,-0.9858218874612292,0
2023-07-28 10:56:40,446.95,1289692,1,446.3,434769,531608,-0.9858218874612292,0
2023-07-28 10:56:40,446.95,1289692,1,446.3,434769,531608,-0.9858218874612292,0
2023-07-28 10:56:40,446.8,1289692,7,446.3,434769,531608,-1.0190518387239624,0
2023-07-28 10:56:42,446.8,1289699,7,446.3,435286,532461,-1.0190518387239624,0
2023-07-28 10:56:42,446.85,1289699,2,446.3,435286,532461,-1.0079751883030472,0
2023-07-28 10:56:42,446.9,1289699,70,446.3,435286,532461,-0.9968985378821444,0
2023-07-28 10:56:42,446.9,1289699,5,446.3,435286,532461,-0.9968985378821444,0
2023-07-28 10:56:52,446.9,1289951,12,446.3,435179,532899,-0.9968985378821444,0
2023-07-28 10:56:52,446.85,1289951,1,446.3,435179,532899,-1.0079751883030472,0
2023-07-28 10:56:52,446.9,1289951,2,446.3,435179,532899,-0.9968985378821444,0
2023-07-28 10:56:57,446.9,1290421,128,446.3,438554,535683,-0.9968985378821444,0
2023-07-28 10:56:57,446.85,1290421,1,446.3,438554,535683,-1.0079751883030472,0
2023-07-28 10:56:57,446.85,1290421,1,446.3,438554,535683,-1.0079751883030472,0
2023-07-28 10:56:58,446.85,1290664,1,446.3,438367,535780,-1.0079751883030472,0
2023-07-28 10:56:58,446.9,1290664,25,446.3,438367,535780,-0.9968985378821444,0
2023-07-28 10:57:05,446.85,1290690,1,446.3,438483,535751,-1.0079751883030472,0
2023-07-28 10:57:05,446.85,1290690,24,446.3,438483,535751,-1.0079751883030472,0
2023-07-28 10:57:06,446.85,1290874,24,446.3,438848,535832,-1.0079751883030472,0
2023-07-28 10:57:06,446.8,1290874,37,446.3,438848,535832,-1.0190518387239624,0
2023-07-28 10:57:11,446.8,1290962,37,446.3,437951,537150,-1.0190518387239624,0
2023-07-28 10:57:11,446.8,1290962,37,446.3,439408,537553,-1.0190518387239624,0
2023-07-28 10:57:11,446.85,1290962,5,446.3,439408,537553,-1.0079751883030472,0
2023-07-28 10:57:20,446.85,1291067,5,446.3,432442,538084,-1.0079751883030472,0
2023-07-28 10:57:20,446.85,1291067,13,446.3,432442,538084,-1.0079751883030472,0
2023-07-28 10:57:20,446.8,1291067,1,446.3,432442,538084,-1.0190518387239624,0
2023-07-28 10:57:24,446.8,1291098,1,446.3,431224,542144,-1.0190518387239624,0
2023-07-28 10:57:24,446.7,1291098,17,446.3,431224,542144,-1.0412051395657929,0
2023-07-28 10:57:29,446.7,1291148,17,446.3,438778,540868,-1.0412051395657929,0
2023-07-28 10:57:29,446.55,1291148,1,446.3,438778,540868,-1.0744350908285258,0
2023-07-28 10:57:30,446.55,1291449,58,446.3,439869,539973,-1.0744350908285258,0
2023-07-28 10:57:30,446.5,1291449,96,446.3,439869,539973,-1.0855117412494413,0
2023-07-28 10:57:34,446.5,1292186,96,446.3,438597,540830,-1.0855117412494413,0
2023-07-28 10:57:34,446.5,1292186,50,446.3,438597,540830,-1.0855117412494413,0
2023-07-28 10:57:34,446.65,1292186,30,446.3,438597,540830,-1.052281789986708,0
2023-07-28 10:57:34,446.7,1292186,94,446.3,438597,540830,-1.0412051395657929,0
2023-07-28 10:57:40,446.7,1293032,94,446.3,440295,539259,-1.0412051395657929,0
2023-07-28 10:57:40,446.65,1293032,3,446.3,440295,539259,-1.052281789986708,0
2023-07-28 10:57:42,446.65,1293035,3,446.3,440385,538879,-1.052281789986708,0
2023-07-28 10:57:42,446.8,1293035,32,446.3,440385,538879,-1.0190518387239624,0
2023-07-28 10:57:42,446.8,1293035,8,446.3,440385,538879,-1.0190518387239624,0
2023-07-28 10:57:49,446.8,1293261,8,446.3,441371,538512,-1.0190518387239624,0
2023-07-28 10:57:49,446.7,1293261,10,446.3,441371,538512,-1.0412051395657929,0
2023-07-28 10:57:49,446.8,1293261,12,446.3,441371,538512,-1.0190518387239624,0
2023-07-28 10:57:52,446.8,1293323,12,446.3,441641,539162,-1.0190518387239624,0
2023-07-28 10:57:52,446.75,1293323,10,446.3,441641,539162,-1.0301284891448776,0
2023-07-28 10:57:52,446.8,1293323,1,446.3,441641,539162,-1.0190518387239624,0
2023-07-28 10:57:52,446.7,1293323,5,446.3,441641,539162,-1.0412051395657929,0
2023-07-28 10:57:58,446.75,1293612,95,446.3,440023,540453,-1.0301284891448776,0
2023-07-28 10:57:58,446.75,1293612,1,446.3,440023,540453,-1.0301284891448776,0
2023-07-28 10:57:58,446.75,1293612,35,446.3,440023,540453,-1.0301284891448776,0
2023-07-28 10:57:58,446.5,1293612,61,446.3,440023,540453,-1.0855117412494413,0
2023-07-28 10:58:01,446.5,1293848,61,446.3,440572,541021,-1.0855117412494413,0
2023-07-28 10:58:01,446.5,1293848,173,446.3,440572,541021,-1.0855117412494413,0
2023-07-28 10:58:04,446.5,1294068,173,446.3,440393,540466,-1.0855117412494413,0
2023-07-28 10:58:04,446.5,1294068,200,446.3,440393,540466,-1.0855117412494413,0
2023-07-28 10:58:04,446.5,1294068,50,446.3,440393,540466,-1.0855117412494413,0
2023-07-28 10:58:10,446.7,1294344,21,446.3,440703,540772,-1.0412051395657929,0
2023-07-28 10:58:10,446.55,1294344,1,446.3,440703,540772,-1.0744350908285258,0
2023-07-28 10:58:11,446.55,1294345,1,446.3,440523,540466,-1.0744350908285258,0
2023-07-28 10:58:11,446.55,1294345,1,446.3,440196,540343,-1.0744350908285258,0
2023-07-28 10:58:11,446.65,1294345,10,446.3,440196,540343,-1.052281789986708,0
2023-07-28 10:58:22,446.7,1294369,14,446.3,445870,541534,-1.0412051395657929,0
2023-07-28 10:58:22,446.7,1294369,14,446.3,446285,540730,-1.0412051395657929,0
2023-07-28 10:58:22,446.7,1294369,44,446.3,446285,540730,-1.0412051395657929,0
2023-07-28 10:58:27,446.7,1294413,44,446.3,447069,540850,-1.0412051395657929,0
2023-07-28 10:58:27,446.7,1294413,46,446.3,447069,540850,-1.0412051395657929,0
2023-07-28 10:58:27,446.7,1294413,1,446.3,447069,540850,-1.0412051395657929,0
2023-07-28 10:58:27,446.7,1294413,5,446.3,447069,540850,-1.0412051395657929,0
2023-07-28 10:58:35,446.7,1294470,5,446.3,447581,540370,-1.0412051395657929,0
2023-07-28 10:58:35,446.7,1294470,1,446.3,447581,540370,-1.0412051395657929,0
2023-07-28 10:58:37,446.7,1294971,1,446.3,447637,539871,-1.0412051395657929,0
2023-07-28 10:58:37,446.7,1294971,8,446.3,447637,539871,-1.0412051395657929,0
2023-07-28 10:58:41,446.7,1294979,8,446.3,447668,540257,-1.0412051395657929,0
2023-07-28 10:58:41,446.7,1294979,12,446.3,447668,540257,-1.0412051395657929,0
2023-07-28 10:58:45,446.7,1294991,100,446.3,447765,540245,-1.0412051395657929,0
2023-07-28 10:58:45,446.7,1294991,25,446.3,447765,540245,-1.0412051395657929,0
2023-07-28 10:58:45,446.65,1294991,50,446.3,447765,540245,-1.052281789986708,0
2023-07-28 10:58:45,446.75,1294991,1,446.3,447765,540245,-1.0301284891448776,0
2023-07-28 10:58:50,446.75,1295260,1,446.3,446718,538635,-1.0301284891448776,0
2023-07-28 10:58:50,446.75,1295260,5,446.3,446718,538635,-1.0301284891448776,0
2023-07-28 10:58:50,446.75,1295260,12,446.3,446718,538635,-1.0301284891448776,0
2023-07-28 10:58:50,446.75,1295260,2,446.3,446718,538635,-1.0301284891448776,0
2023-07-28 10:58:54,446.75,1295279,2,446.3,445951,539039,-1.0301284891448776,0
2023-07-28 10:58:54,446.75,1295279,55,446.3,445951,539039,-1.0301284891448776,0
2023-07-28 10:58:54,446.75,1295279,2,446.3,445951,539039,-1.0301284891448776,0
2023-07-28 10:58:58,446.75,1295336,2,446.3,448586,539212,-1.0301284891448776,0
2023-07-28 10:58:58,446.7,1295336,408,446.3,448586,539212,-1.0412051395657929,0
2023-07-28 10:58:58,446.75,1295336,10,446.3,448586,539212,-1.0301284891448776,0
2023-07-28 10:58:58,446.75,1295336,38,446.3,448586,539212,-1.0301284891448776,0
2023-07-28 10:59:02,446.75,1295894,38,446.3,448494,542056,-1.0301284891448776,0
2023-07-28 10:59:02,446.7,1295894,275,446.3,448494,542056,-1.0412051395657929,0
2023-07-28 10:59:02,446.7,1295894,2,446.3,448494,542056,-1.0412051395657929,0
2023-07-28 10:59:02,446.65,1295894,72,446.3,448494,542056,-1.052281789986708,0
2023-07-28 10:59:02,446.65,1295894,1,446.3,448494,542056,-1.052281789986708,0
2023-07-28 10:59:02,446.65,1295894,80,446.3,448494,542056,-1.052281789986708,0
2023-07-28 10:59:10,446.65,1296949,80,446.3,446257,543315,-1.052281789986708,0
2023-07-28 10:59:15,446.7,1296961,1,446.3,445995,543246,-1.0412051395657929,0
2023-07-28 10:59:15,446.7,1296961,1,446.3,445995,543246,-1.0412051395657929,0
2023-07-28 10:59:15,446.7,1296961,43,446.3,445995,543246,-1.0412051395657929,0
2023-07-28 10:59:17,446.7,1297004,43,446.3,446387,542773,-1.0412051395657929,0
2023-07-28 10:59:17,446.7,1297004,20,446.3,446387,542773,-1.0412051395657929,0
2023-07-28 10:59:17,446.7,1297004,76,446.3,446387,542773,-1.0412051395657929,0
2023-07-28 10:59:17,446.7,1297004,76,446.3,446387,542773,-1.0412051395657929,0
2023-07-28 10:59:17,446.7,1297004,13,446.3,446387,542773,-1.0412051395657929,0
2023-07-28 10:59:22,446.7,1297113,13,446.3,448014,544153,-1.0412051395657929,0
2023-07-28 10:59:22,446.7,1297113,13,446.3,448014,544153,-1.0412051395657929,0
2023-07-28 10:59:22,446.7,1297113,13,446.3,448014,544153,-1.0412051395657929,0
2023-07-28 10:59:22,446.7,1297113,13,446.3,448014,544153,-1.0412051395657929,0
2023-07-28 10:59:22,446.7,1297113,2,446.3,448014,544153,-1.0412051395657929,0
2023-07-28 10:59:22,446.7,1297113,2,446.3,448014,544153,-1.0412051395657929,0
2023-07-28 10:59:22,446.7,1297113,2,446.3,448014,544153,-1.0412051395657929,0
2023-07-28 10:59:26,446.7,1298615,2,446.3,448115,544176,-1.0412051395657929,0
2023-07-28 10:59:26,446.7,1298615,9,446.3,448115,544176,-1.0412051395657929,0
2023-07-28 10:59:30,446.7,1298624,9,446.3,448211,544332,-1.0412051395657929,0
2023-07-28 10:59:30,446.7,1298624,21,446.3,448211,544332,-1.0412051395657929,0
2023-07-28 10:59:34,446.7,1298645,21,446.3,448072,544311,-1.0412051395657929,0
2023-07-28 10:59:34,446.7,1298645,15,446.3,448072,544311,-1.0412051395657929,0
2023-07-28 10:59:34,446.7,1298645,1,446.3,448072,544311,-1.0412051395657929,0
2023-07-28 10:59:34,446.7,1298645,301,446.3,448072,544311,-1.0412051395657929,0
2023-07-28 10:59:39,446.65,1298971,9,446.3,447660,543991,-1.052281789986708,0
2023-07-28 10:59:39,446.7,1298971,2,446.3,447660,543991,-1.0412051395657929,0
2023-07-28 10:59:42,446.75,1298973,39,446.3,447667,544026,-1.0301284891448776,0
2023-07-28 10:59:43,446.75,1304335,39,446.3,447106,543011,-1.0301284891448776,0
2023-07-28 10:59:43,446.7,1304335,20,446.3,447106,543011,-1.0412051395657929,0
2023-07-28 10:59:49,446.7,1304355,20,446.3,449533,543734,-1.0412051395657929,0
2023-07-28 10:59:49,446.8,1304355,12,446.3,449533,543734,-1.0190518387239624,0
2023-07-28 10:59:49,446.8,1304355,2,446.3,449533,543734,-1.0190518387239624,0
2023-07-28 10:59:49,446.8,1304355,50,446.3,449533,543734,-1.0190518387239624,0
2023-07-28 10:59:54,446.8,1304419,50,446.3,449662,544007,-1.0190518387239624,0
2023-07-28 10:59:54,446.8,1304419,4,446.3,449662,544007,-1.0190518387239624,0
2023-07-28 10:59:54,446.8,1304419,186,446.3,449662,544007,-1.0190518387239624,0
2023-07-28 10:59:58,446.8,1305042,186,446.3,449147,543684,-1.0190518387239624,0
2023-07-28 10:59:58,446.85,1305042,65,446.3,449147,543684,-1.0079751883030472,0
2023-07-28 10:59:58,446.8,1305042,39,446.3,449147,543684,-1.0190518387239624,0
2023-07-28 10:59:58,446.85,1305042,1,446.3,449147,543684,-1.0079751883030472,0
2023-07-28 10:59:58,446.85,1305042,4,446.3,449147,543684,-1.0079751883030472,0
2023-07-28 11:00:02,446.85,1305217,9,446.3,441019,543514,-1.0079751883030472,0
2023-07-28 11:00:02,446.85,1305217,1,446.3,441019,543514,-1.0079751883030472,0
2023-07-28 11:00:02,446.85,1305217,13,446.3,441019,543514,-1.0079751883030472,0
2023-07-28 11:00:02,446.8,1305217,80,446.3,441019,543514,-1.0190518387239624,0
2023-07-28 11:00:08,446.85,1305683,23,446.3,440816,546311,-1.0079751883030472,0
2023-07-28 11:00:08,446.8,1305683,10,446.3,440816,546311,-1.0190518387239624,0
2023-07-28 11:00:12,446.75,1308426,10,446.3,445834,546631,-1.0301284891448776,0
2023-07-28 11:00:17,446.85,1308627,10,446.3,446969,545716,-1.0079751883030472,0
2023-07-28 11:00:17,446.85,1308637,1,446.3,446434,545701,-1.0079751883030472,0
2023-07-28 11:00:17,446.75,1308637,1,446.3,446434,545701,-1.0301284891448776,0
2023-07-28 11:00:17,446.8,1308637,33,446.3,446434,545701,-1.0190518387239624,0
2023-07-28 11:00:23,446.8,1308686,33,446.3,446641,546376,-1.0190518387239624,0
2023-07-28 11:00:23,446.85,1308686,2,446.3,446641,546376,-1.0079751883030472,0
2023-07-28 11:00:23,446.85,1308686,40,446.3,446641,546376,-1.0079751883030472,0
2023-07-28 11:00:27,446.7,1308728,82,446.3,446667,546578,-1.0412051395657929,0
2023-07-28 11:00:27,446.85,1308728,1,446.3,446667,546578,-1.0079751883030472,0
2023-07-28 11:00:27,446.85,1308728,2,446.3,446667,546578,-1.0079751883030472,0
2023-07-28 11:00:31,446.85,1310233,74,446.3,444852,546320,-1.0079751883030472,0
2023-07-28 11:00:31,446.85,1310233,20,446.3,444852,546320,-1.0079751883030472,0
2023-07-28 11:00:31,446.85,1310233,9,446.3,444852,546320,-1.0079751883030472,0
2023-07-28 11:00:37,446.85,1310336,1,446.3,445135,545959,-1.0079751883030472,0
2023-07-28 11:00:37,446.9,1310336,65,446.3,445135,545959,-0.9968985378821444,0
2023-07-28 11:00:42,446.95,1311059,61,446.3,444404,545501,-0.9858218874612292,0
2023-07-28 11:00:48,447.0,1311131,6,446.3,445088,545039,-0.974745237040314,0
2023-07-28 11:00:48,447.0,1311131,2,446.3,445088,545039,-0.974745237040314,0
2023-07-28 11:00:48,447.0,1311131,9,446.3,445088,545039,-0.974745237040314,0
2023-07-28 11:00:53,447.0,1311962,93,446.3,441494,545179,-0.974745237040314,0
2023-07-28 11:00:53,447.15,1311962,21,446.3,441494,545179,-0.9415152857775809,0
2023-07-28 11:00:53,447.15,1312033,21,446.3,441284,545540,-0.9415152857775809,0
2023-07-28 11:00:53,447.15,1312033,7,446.3,441284,545540,-0.9415152857775809,0
2023-07-28 11:00:57,447.2,1312040,1,446.3,448225,544306,-0.9304386353566657,0
2023-07-28 11:00:57,447.2,1312040,1,446.3,448225,544306,-0.9304386353566657,0
2023-07-28 11:00:57,447.25,1312040,186,446.3,448225,544306,-0.9193619849357504,0
2023-07-28 11:00:57,447.1,1312040,10,446.3,448225,544306,-0.9525919361984836,0
2023-07-28 11:01:05,447.1,1313462,77,446.31,444066,545796,-0.9525919361984836,0
2023-07-28 11:01:05,447.1,1313462,20,446.31,444066,545796,-0.9525919361984836,0
2023-07-28 11:01:05,447.1,1313462,14,446.31,444066,545796,-0.9525919361984836,0
2023-07-28 11:01:09,447.0,1313951,82,446.31,441393,542271,-0.974745237040314,0
2023-07-28 11:01:09,447.15,1313951,41,446.31,441393,542271,-0.9415152857775809,0
2023-07-28 11:01:09,447.2,1313951,25,446.31,441393,542271,-0.9304386353566657,0
2023-07-28 11:01:14,447.2,1315152,16,446.31,442842,540938,-0.9304386353566657,0
2023-07-28 11:01:14,447.0,1315152,1,446.31,442842,540938,-0.974745237040314,0
2023-07-28 11:01:14,447.2,1315152,15,446.31,442842,540938,-0.9304386353566657,0
2023-07-28 11:01:14,447.2,1315152,15,446.31,442842,540938,-0.9304386353566657,0
2023-07-28 11:01:17,447.2,1315335,15,446.31,443058,540896,-0.9304386353566657,0
2023-07-28 11:01:17,447.2,1315335,1,446.31,443058,540896,-0.9304386353566657,0
2023-07-28 11:01:17,447.1,1315335,50,446.31,443058,540896,-0.9525919361984836,0
2023-07-28 11:01:22,447.2,1315414,13,446.31,442880,541024,-0.9304386353566657,0
2023-07-28 11:01:22,447.25,1315414,131,446.31,442880,541024,-0.9193619849357504,0
2023-07-28 11:01:23,447.25,1315831,19,446.31,448220,543463,-0.9193619849357504,0
2023-07-28 11:01:23,447.25,1315831,18,446.31,448220,543463,-0.9193619849357504,0
2023-07-28 11:01:23,447.1,1315831,185,446.31,448220,543463,-0.9525919361984836,0
2023-07-28 11:01:23,447.15,1315831,37,446.31,448220,543463,-0.9415152857775809,0
2023-07-28 11:01:30,447.15,1316809,81,446.31,448869,541962,-0.9415152857775809,0
2023-07-28 11:01:30,447.15,1316809,14,446.31,448869,541962,-0.9415152857775809,0
2023-07-28 11:01:34,447.2,1317676,11,446.31,448759,541338,-0.9304386353566657,0
2023-07-28 11:01:34,447.25,1317676,26,446.31,448759,541338,-0.9193619849357504,0
2023-07-28 11:01:38,447.05,1317846,99,446.31,449450,541813,-0.9636685866193988,0
2023-07-28 11:01:38,447.05,1317846,10,446.31,449450,541813,-0.9636685866193988,0
2023-07-28 11:01:38,447.25,1317846,14,446.31,449450,541813,-0.9193619849357504,0
2023-07-28 11:01:39,447.25,1318182,14,446.31,449619,540940,-0.9193619849357504,0
2023-07-28 11:01:39,447.25,1318182,18,446.31,449619,540940,-0.9193619849357504,0
2023-07-28 11:01:39,447.1,1318182,9,446.31,449619,540940,-0.9525919361984836,0
2023-07-28 11:01:45,447.25,1318211,8,446.31,451144,542115,-0.9193619849357504,0
2023-07-28 11:01:45,447.3,1318211,2,446.31,451144,542115,-0.9082853345148352,0
2023-07-28 11:01:49,447.25,1318222,5,446.31,448894,542149,-0.9193619849357504,0
2023-07-28 11:01:49,447.3,1318222,74,446.31,448894,542149,-0.9082853345148352,0
2023-07-28 11:01:49,447.25,1318222,10,446.31,448894,542149,-0.9193619849357504,0
2023-07-28 11:01:54,447.3,1318430,17,446.31,449064,543031,-0.9082853345148352,0
2023-07-28 11:01:54,447.3,1318430,6,446.31,449064,543031,-0.9082853345148352,0
2023-07-28 11:01:59,447.3,1318483,13,446.31,448825,542488,-0.9082853345148352,0
2023-07-28 11:01:59,447.35,1318483,1,446.31,448825,542488,-0.89720868409392,0
2023-07-28 11:01:59,447.35,1318483,2,446.31,448825,542488,-0.89720868409392,0
2023-07-28 11:01:59,447.35,1318483,36,446.31,448825,542488,-0.89720868409392,0
2023-07-28 11:02:03,447.35,1318558,7,446.31,449810,542568,-0.89720868409392,0
2023-07-28 11:02:03,447.35,1318558,42,446.31,449810,542568,-0.89720868409392,0
2023-07-28 11:02:03,447.35,1318558,27,446.31,449810,542568,-0.89720868409392,0
2023-07-28 11:02:06,447.45,1318776,15,446.31,450617,540434,-0.8750553832521021,0
2023-07-28 11:02:06,447.45,1318776,1,446.31,450617,540434,-0.8750553832521021,0
2023-07-28 11:02:10,447.45,1318796,1,446.31,450986,539666,-0.8750553832521021,0
2023-07-28 11:02:10,447.45,1318796,3,446.31,450986,539666,-0.8750553832521021,0
2023-07-28 11:02:10,447.45,1318796,1,446.31,450986,539666,-0.8750553832521021,0
2023-07-28 11:02:10,447.45,1318796,15,446.31,450986,539666,-0.8750553832521021,0
2023-07-28 11:02:10,447.45,1318796,1,446.31,450986,539666,-0.8750553832521021,0
2023-07-28 11:02:16,447.45,1318817,3,446.31,451725,538064,-0.8750553832521021,0
2023-07-28 11:02:16,447.45,1318817,1,446.31,451725,538064,-0.8750553832521021,0
2023-07-28 11:02:16,447.45,1318817,99,446.31,451725,538064,-0.8750553832521021,0
2023-07-28 11:02:16,447.5,1318817,1,446.31,451725,538064,-0.8639787328311869,0
2023-07-28 11:02:19,447.55,1318983,2,446.31,451749,537612,-0.8529020824102717,0
2023-07-28 11:02:19,447.55,1318983,2,446.31,451749,537612,-0.8529020824102717,0
2023-07-28 11:02:19,447.55,1318983,14,446.31,451749,537612,-0.8529020824102717,0
2023-07-28 11:02:19,447.55,1318983,2,446.31,451749,537612,-0.8529020824102717,0
2023-07-28 11:02:19,447.55,1318983,2,446.31,451749,537612,-0.8529020824102717,0
2023-07-28 11:02:19,447.55,1318983,2,446.31,451749,537612,-0.8529020824102717,0
2023-07-28 11:02:25,447.45,1319043,25,446.31,453838,536674,-0.8750553832521021,0
2023-07-28 11:02:25,447.7,1319043,83,446.31,453838,536674,-0.8196721311475385,0
2023-07-28 11:02:25,447.7,1319043,83,446.31,453838,536674,-0.8196721311475385,0
2023-07-28 11:02:25,447.7,1319043,83,446.31,453838,536674,-0.8196721311475385,0
2023-07-28 11:02:25,447.75,1319043,111,446.31,453838,536674,-0.8085954807266232,0
2023-07-28 11:02:28,447.75,1320110,1,446.31,452234,526417,-0.8085954807266232,0
2023-07-28 11:02:28,447.5,1320110,97,446.31,452234,526417,-0.8639787328311869,0
2023-07-28 11:02:28,447.7,1320110,334,446.31,452234,526417,-0.8196721311475385,0
2023-07-28 11:02:28,447.7,1320110,11,446.31,452234,526417,-0.8196721311475385,0
2023-07-28 11:02:33,447.8,1322676,55,446.31,453078,525618,-0.797518830305708,0
2023-07-28 11:02:33,447.8,1322676,20,446.31,453078,525618,-0.797518830305708,0
2023-07-28 11:02:33,447.7,1322676,12,446.31,453078,525618,-0.8196721311475385,0
2023-07-28 11:02:33,447.6,1322676,6,446.31,453078,525618,-0.8418254319893563,0
2023-07-28 11:02:33,447.7,1322676,3,446.31,453078,525618,-0.8196721311475385,0
2023-07-28 11:02:33,447.65,1322676,23,446.31,453078,525618,-0.8307487815684538,0
2023-07-28 11:02:33,447.7,1322676,3,446.31,453078,525618,-0.8196721311475385,0
2023-07-28 11:02:33,447.55,1322676,90,446.31,453078,525618,-0.8529020824102717,0
2023-07-28 11:02:33,447.45,1322676,277,446.31,453078,525618,-0.8750553832521021,0
2023-07-28 11:02:42,447.45,1328322,10,446.32,446611,528501,-0.8750553832521021,0
2023-07-28 11:02:46,447.45,1328431,1,446.32,445664,528067,-0.8750553832521021,0
2023-07-28 11:02:46,447.4,1328431,64,446.32,445664,528067,-0.8861320336730173,0
2023-07-28 11:02:46,447.4,1328431,1,446.32,445664,528067,-0.8861320336730173,0
2023-07-28 11:02:46,447.55,1328431,1,446.32,445664,528067,-0.8529020824102717,0
2023-07-28 11:02:49,447.55,1329437,1,446.32,446342,527943,-0.8529020824102717,0
2023-07-28 11:02:49,447.55,1329437,6,446.32,446342,527943,-0.8529020824102717,0
2023-07-28 11:02:54,447.55,1329455,6,446.32,445808,529007,-0.8529020824102717,0
2023-07-28 11:02:54,447.65,1329455,30,446.32,445808,529007,-0.8307487815684538,0
2023-07-28 11:02:56,447.45,1329705,1,446.32,446560,528389,-0.8750553832521021,0
2023-07-28 11:02:56,447.6,1329705,101,446.32,446560,528389,-0.8418254319893563,0
2023-07-28 11:03:01,447.6,1330906,101,446.32,446816,532355,-0.8418254319893563,0
2023-07-28 11:03:06,447.6,1330907,1,446.32,446756,532557,-0.8418254319893563,0
2023-07-28 11:03:06,447.6,1330907,1,446.32,446756,532557,-0.8418254319893563,0
2023-07-28 11:03:06,447.6,1330907,1,446.32,446756,532582,-0.8418254319893563,0
2023-07-28 11:03:09,447.35,1332057,59,446.32,446236,531270,-0.89720868409392,0
2023-07-28 11:03:09,447.35,1332057,59,446.32,446814,531508,-0.89720868409392,0
2023-07-28 11:03:12,447.4,1332352,45,446.32,447782,529442,-0.8861320336730173,0
2023-07-28 11:03:12,447.4,1332352,45,446.32,448218,529521,-0.8861320336730173,0
2023-07-28 11:03:12,447.4,1332352,45,446.32,448218,529846,-0.8861320336730173,0
2023-07-28 11:03:12,447.4,1332352,45,446.32,448219,529846,-0.8861320336730173,0
2023-07-28 11:03:12,447.4,1332352,45,446.32,448625,529846,-0.8861320336730173,0
2023-07-28 11:03:12,447.4,1332352,45,446.32,448426,529846,-0.8861320336730173,0
2023-07-28 11:03:18,447.4,1332472,120,446.32,448306,529726,-0.8861320336730173,0
2023-07-28 11:03:18,447.4,1332472,120,446.32,448309,529726,-0.8861320336730173,0
2023-07-28 11:03:18,447.4,1332472,120,446.32,448154,529726,-0.8861320336730173,0
2023-07-28 11:03:21,447.45,1332705,3,446.32,448220,528832,-0.8750553832521021,0
2023-07-28 11:03:21,447.65,1332705,9,446.32,447396,529069,-0.8307487815684538,0
2023-07-28 11:03:22,447.65,1332718,9,446.32,447825,528458,-0.8307487815684538,0
2023-07-28 11:03:22,447.65,1332718,9,446.32,447925,528934,-0.8307487815684538,0
2023-07-28 11:03:22,447.65,1332718,9,446.32,447925,528934,-0.8307487815684538,0
2023-07-28 11:03:22,447.65,1332718,9,446.32,448524,528934,-0.8307487815684538,0
2023-07-28 11:03:26,447.65,1332818,100,446.32,448610,528725,-0.8307487815684538,0
2023-07-28 11:03:26,447.65,1332818,100,446.32,448870,528725,-0.8307487815684538,0
2023-07-28 11:03:26,447.6,1332818,4,446.32,448870,528725,-0.8418254319893563,0
2023-07-28 11:03:29,447.65,1332880,24,446.32,448927,527587,-0.8307487815684538,0
2023-07-28 11:03:29,447.65,1332880,24,446.32,448829,527587,-0.8307487815684538,0
2023-07-28 11:03:31,447.65,1332980,33,446.32,448828,527487,-0.8307487815684538,0
2023-07-28 11:03:31,447.65,1332980,33,446.32,448833,527667,-0.8307487815684538,0
2023-07-28 11:03:31,447.65,1332980,11,446.32,448833,527667,-0.8307487815684538,0
2023-07-28 11:03:32,447.65,1333058,11,446.32,449227,527544,-0.8307487815684538,0
2023-07-28 11:03:32,447.65,1333058,11,446.32,449669,527344,-0.8307487815684538,0
2023-07-28 11:03:32,447.65,1333058,11,446.32,449671,527351,-0.8307487815684538,0
2023-07-28 11:03:32,447.65,1333058,11,446.32,449470,527574,-0.8307487815684538,0
2023-07-28 11:03:37,447.65,1333070,12,446.32,449213,527602,-0.8307487815684538,0
2023-07-28 11:03:37,447.65,1333070,12,446.32,449213,527602,-0.8307487815684538,0
2023-07-28 11:03:37,447.65,1333070,13,446.32,449213,527602,-0.8307487815684538,0
2023-07-28 11:03:39,447.65,1333083,13,446.32,449211,527185,-0.8307487815684538,0
2023-07-28 11:03:39,447.65,1333083,13,446.32,449212,527240,-0.8307487815684538,0
2023-07-28 11:03:41,447.65,1333103,20,446.32,449221,527220,-0.8307487815684538,0
2023-07-28 11:03:41,447.65,1333103,20,446.32,449240,528065,-0.8307487815684538,0
2023-07-28 11:03:41,447.65,1333103,335,446.32,449240,528065,-0.8307487815684538,0
2023-07-28 11:03:43,447.65,1335103,15,446.32,449406,528712,-0.8307487815684538,0
2023-07-28 11:03:44,447.65,1335118,15,446.32,449761,529283,-0.8307487815684538,0
2023-07-28 11:03:44,447.65,1335118,15,446.32,449762,529283,-0.8307487815684538,0
2023-07-28 11:03:44,447.65,1335118,15,446.32,449762,529283,-0.8307487815684538,0
2023-07-28 11:03:44,447.65,1335118,3,446.32,449762,529283,-0.8307487815684538,0
2023-07-28 11:03:48,447.65,1335121,3,446.32,449773,529280,-0.8307487815684538,0
2023-07-28 11:03:48,447.65,1335121,3,446.32,449754,530018,-0.8307487815684538,0
2023-07-28 11:03:50,447.65,1335123,2,446.32,449765,530016,-0.8307487815684538,0
2023-07-28 11:03:50,447.6,1335123,11,446.32,449622,529157,-0.8418254319893563,0
2023-07-28 11:03:51,447.6,1335221,11,446.32,449579,529001,-0.8418254319893563,0
2023-07-28 11:03:51,447.65,1335221,1,446.32,449579,529001,-0.8307487815684538,0
2023-07-28 11:03:52,447.65,1335235,12,446.32,449898,529598,-0.8307487815684538,0
2023-07-28 11:03:52,447.65,1335235,12,446.32,449898,529598,-0.8307487815684538,0
2023-07-28 11:03:52,447.6,1335235,1,446.32,449898,529598,-0.8418254319893563,0
2023-07-28 11:03:52,447.65,1335235,1,446.32,449898,529598,-0.8307487815684538,0
2023-07-28 11:03:55,447.65,1335237,1,446.32,449808,529697,-0.8307487815684538,0
2023-07-28 11:03:55,447.65,1335237,1,446.32,449820,529697,-0.8307487815684538,0
2023-07-28 11:03:55,447.65,1335237,1,446.32,449820,529697,-0.8307487815684538,0
2023-07-28 11:03:58,447.65,1335373,100,446.33,450536,533325,-0.8307487815684538,0
2023-07-28 11:03:58,447.65,1335373,100,446.33,452268,530051,-0.8307487815684538,0
2023-07-28 11:03:58,447.65,1335373,100,446.33,452268,530051,-0.8307487815684538,0
2023-07-28 11:04:00,447.65,1335473,100,446.33,452432,529586,-0.8307487815684538,0
2023-07-28 11:04:00,447.65,1335473,4,446.33,452432,529586,-0.8307487815684538,0
2023-07-28 11:04:02,447.65,1335578,3,446.33,452645,529562,-0.8307487815684538,0
2023-07-28 11:04:03,447.65,1335582,3,446.33,452647,529503,-0.8307487815684538,0
2023-07-28 11:04:03,447.6,1335582,15,446.33,452647,529503,-0.8418254319893563,0
2023-07-28 11:04:04,447.6,1335597,15,446.33,452281,529733,-0.8418254319893563,0
2023-07-28 11:04:04,447.5,1335597,45,446.33,452281,529733,-0.8639787328311869,0
2023-07-28 11:04:06,447.5,1337397,45,446.33,452010,529769,-0.8639787328311869,0
2023-07-28 11:04:06,447.55,1337397,1,446.33,452010,529769,-0.8529020824102717,0
2023-07-28 11:04:06,447.65,1337397,4,446.33,452010,529769,-0.8307487815684538,0
2023-07-28 11:04:11,447.65,1337402,4,446.33,450967,529695,-0.8307487815684538,0
2023-07-28 11:04:11,447.65,1337402,4,446.33,454170,530099,-0.8307487815684538,0
2023-07-28 11:04:11,447.65,1337402,3,446.33,454170,530099,-0.8307487815684538,0
2023-07-28 11:04:11,447.65,1337402,5,446.33,454170,530099,-0.8307487815684538,0
2023-07-28 11:04:17,447.65,1337410,5,446.33,453746,530280,-0.8307487815684538,0
2023-07-28 11:04:17,447.6,1337410,30,446.33,453746,530280,-0.8418254319893563,0
2023-07-28 11:04:17,447.65,1337410,1,446.33,453746,530280,-0.8307487815684538,0
2023-07-28 11:04:17,447.65,1337410,14,446.33,453746,530280,-0.8307487815684538,0
2023-07-28 11:04:23,447.65,1337492,1,446.33,453730,530384,-0.8307487815684538,0
2023-07-28 11:04:23,447.65,1337492,1,446.33,453730,530384,-0.8307487815684538,0
2023-07-28 11:04:26,447.65,1337494,330,446.33,453749,527954,-0.8307487815684538,0
2023-07-28 11:04:26,447.65,1337494,2,446.33,453749,527954,-0.8307487815684538,0
2023-07-28 11:04:30,447.65,1337826,2,446.33,453748,527621,-0.8307487815684538,0
2023-07-28 11:04:30,447.65,1337826,16,446.33,453748,527621,-0.8307487815684538,0
2023-07-28 11:04:35,447.6,1338087,3,446.33,454311,528082,-0.8418254319893563,0
2023-07-28 11:04:35,447.6,1338087,18,446.33,454311,528082,-0.8418254319893563,0
2023-07-28 11:04:39,447.6,1338105,18,446.33,454275,528089,-0.8418254319893563,0
2023-07-28 11:04:39,447.6,1338105,18,446.33,454365,529041,-0.8418254319893563,0
2023-07-28 11:04:39,447.6,1338105,11,446.33,454365,529041,-0.8418254319893563,0
2023-07-28 11:04:39,447.6,1338105,26,446.33,454365,529041,-0.8418254319893563,0
2023-07-28 11:04:47,447.6,1338143,1,446.33,446764,528520,-0.8418254319893563,0
2023-07-28 11:04:47,447.45,1338143,84,446.33,446764,528520,-0.8750553832521021,0
2023-07-28 11:04:50,447.45,1339147,84,446.33,447290,528359,-0.8750553832521021,0
2023-07-28 11:04:50,447.65,1339147,12,446.33,447290,528359,-0.8307487815684538,0
2023-07-28 11:04:52,447.65,1339159,12,446.33,454718,528506,-0.8307487815684538,0
2023-07-28 11:04:52,447.65,1339159,12,446.33,454078,528506,-0.8307487815684538,0
2023-07-28 11:04:52,447.6,1339159,2,446.33,454078,528506,-0.8418254319893563,0
2023-07-28 11:05:03,447.6,1339161,2,446.33,462676,528860,-0.8418254319893563,0
2023-07-28 11:05:03,447.6,1339161,1,446.33,462676,528860,-0.8418254319893563,0
2023-07-28 11:05:03,447.65,1339161,3,446.33,462676,528860,-0.8307487815684538,0
2023-07-28 11:05:03,447.65,1339161,1,446.33,462676,528860,-0.8307487815684538,0
2023-07-28 11:05:07,447.65,1339166,1,446.33,461978,528634,-0.8307487815684538,0
2023-07-28 11:05:07,447.65,1339166,20,446.33,461978,528634,-0.8307487815684538,0
2023-07-28 11:05:09,447.65,1339186,20,446.33,462839,528911,-0.8307487815684538,0
2023-07-28 11:05:09,447.65,1339186,100,446.33,462839,528911,-0.8307487815684538,0
2023-07-28 11:05:09,447.65,1339186,1,446.33,462839,528911,-0.8307487815684538,0
2023-07-28 11:05:14,447.65,1339385,1,446.33,462575,529713,-0.8307487815684538,0
2023-07-28 11:05:14,447.65,1339385,50,446.33,462575,529713,-0.8307487815684538,0
2023-07-28 11:05:14,447.65,1339385,1,446.33,462575,529713,-0.8307487815684538,0
2023-07-28 11:05:18,447.65,1339436,1,446.33,462615,529614,-0.8307487815684538,0
2023-07-28 11:05:18,447.65,1339436,4,446.33,462615,529614,-0.8307487815684538,0
2023-07-28 11:05:18,447.65,1339436,23,446.33,462615,529614,-0.8307487815684538,0
2023-07-28 11:05:18,447.65,1339436,23,446.33,462615,529614,-0.8307487815684538,0
2023-07-28 11:05:23,447.65,1339503,23,446.33,462412,529820,-0.8307487815684538,0
2023-07-28 11:05:23,447.65,1339503,33,446.33,462412,529820,-0.8307487815684538,0
2023-07-28 11:05:23,447.65,1339503,33,446.33,462412,529820,-0.8307487815684538,0
2023-07-28 11:05:23,447.65,1339503,50,446.33,462412,529820,-0.8307487815684538,0
2023-07-28 11:05:23,447.65,1339503,50,446.33,462412,529820,-0.8307487815684538,0
2023-07-28 11:05:23,447.65,1339503,50,446.33,462412,529820,-0.8307487815684538,0
2023-07-28 11:05:26,447.65,1339793,30,446.33,461925,529518,-0.8307487815684538,0
2023-07-28 11:05:26,447.65,1339793,10,446.33,461925,529518,-0.8307487815684538,0
2023-07-28 11:05:26,447.65,1339793,1,446.33,461925,529518,-0.8307487815684538,0
2023-07-28 11:05:26,447.65,1339793,1,446.33,461925,529518,-0.8307487815684538,0
2023-07-28 11:05:31,447.65,1339835,1,446.33,462039,530024,-0.8307487815684538,0
2023-07-28 11:05:31,447.65,1339835,65,446.33,462039,530024,-0.8307487815684538,0
2023-07-28 11:05:31,447.6,1339835,3,446.33,462039,530024,-0.8418254319893563,0
2023-07-28 11:05:31,447.65,1339835,2,446.33,462039,530024,-0.8307487815684538,0
2023-07-28 11:05:31,447.65,1339835,55,446.33,462039,530024,-0.8307487815684538,0
2023-07-28 11:05:39,447.65,1340915,55,446.33,462906,528489,-0.8307487815684538,0
2023-07-28 11:05:39,447.65,1340915,9,446.33,462906,528489,-0.8307487815684538,0
2023-07-28 11:05:39,447.65,1340915,1,446.33,462906,528489,-0.8307487815684538,0
2023-07-28 11:05:44,447.6,1340960,10,446.33,462897,528785,-0.8418254319893563,0
2023-07-28 11:05:44,447.65,1340960,129,446.33,462897,528785,-0.8307487815684538,0
2023-07-28 11:05:44,447.6,1340960,30,446.33,462897,528785,-0.8418254319893563,0
2023-07-28 11:05:48,447.65,1341197,5,446.33,462622,528257,-0.8307487815684538,0
2023-07-28 11:05:48,447.65,1341197,14,446.33,462622,528257,-0.8307487815684538,0
2023-07-28 11:05:48,447.65,1341197,12,446.33,462622,528257,-0.8307487815684538,0
2023-07-28 11:05:52,447.65,1341223,12,446.33,462523,528465,-0.8307487815684538,0
2023-07-28 11:05:52,447.65,1341223,10,446.33,462523,528465,-0.8307487815684538,0
2023-07-28 11:05:52,447.65,1341223,9,446.33,462523,528465,-0.8307487815684538,0
2023-07-28 11:05:55,447.65,1341282,9,446.33,462570,528645,-0.8307487815684538,0
2023-07-28 11:05:55,447.55,1341282,41,446.33,462570,528645,-0.8529020824102717,0
2023-07-28 11:05:55,447.6,1341282,1,446.33,462570,528645,-0.8418254319893563,0
2023-07-28 11:06:00,447.6,1342752,1,446.33,460203,530236,-0.8418254319893563,0
2023-07-28 11:06:00,447.65,1342752,22,446.33,460203,530236,-0.8307487815684538,0
2023-07-28 11:06:05,447.65,1342853,1,446.33,460785,528735,-0.8307487815684538,0
2023-07-28 11:06:05,447.6,1342853,8,446.33,460785,528735,-0.8418254319893563,0
2023-07-28 11:06:07,447.6,1342861,8,446.33,462043,529953,-0.8418254319893563,0
2023-07-28 11:06:07,447.65,1342861,1,446.33,462043,529953,-0.8307487815684538,0
2023-07-28 11:06:07,447.65,1342861,35,446.33,462043,529953,-0.8307487815684538,0
2023-07-28 11:06:07,447.65,1342861,2,446.33,462043,529953,-0.8307487815684538,0
2023-07-28 11:06:12,447.65,1343158,2,446.33,462438,530461,-0.8307487815684538,0
2023-07-28 11:06:12,447.65,1343158,2,446.33,460512,530318,-0.8307487815684538,0
2023-07-28 11:06:12,447.75,1343158,50,446.33,460512,530318,-0.8085954807266232,0
2023-07-28 11:06:12,447.6,1343158,178,446.33,460512,530318,-0.8418254319893563,0
2023-07-28 11:06:22,447.75,1343424,14,446.33,461036,530451,-0.8085954807266232,0
2023-07-28 11:06:22,447.75,1343424,1,446.33,461036,530451,-0.8085954807266232,0
2023-07-28 11:06:25,447.75,1343425,1,446.33,461413,529425,-0.8085954807266232,0
2023-07-28 11:06:25,447.7,1343425,59,446.33,461413,529425,-0.8196721311475385,0
2023-07-28 11:06:25,447.6,1343425,1,446.33,461413,529425,-0.8418254319893563,0
2023-07-28 11:06:25,447.7,1343425,106,446.33,461413,529425,-0.8196721311475385,0
2023-07-28 11:06:25,447.7,1343425,62,446.33,461413,529425,-0.8196721311475385,0
2023-07-28 11:06:30,447.85,1344973,81,446.33,461724,528233,-0.7864421798847928,0
2023-07-28 11:06:30,447.8,1344973,10,446.33,461724,528233,-0.797518830305708,0
2023-07-28 11:06:34,447.8,1344983,15,446.33,461357,528515,-0.797518830305708,0
2023-07-28 11:06:35,447.75,1344998,42,446.33,461440,529046,-0.8085954807266232,0
2023-07-28 11:06:35,447.75,1344998,3,446.33,461440,529046,-0.8085954807266232,0
2023-07-28 11:06:35,447.75,1344998,969,446.33,461440,529046,-0.8085954807266232,0
2023-07-28 11:06:35,447.75,1344998,1,446.33,461440,529046,-0.8085954807266232,0
2023-07-28 11:06:41,447.8,1346801,89,446.34,460186,529180,-0.797518830305708,0
2023-07-28 11:06:41,447.8,1346801,89,446.34,460499,528984,-0.797518830305708,0
2023-07-28 11:06:41,447.8,1346801,1,446.34,460499,528984,-0.797518830305708,0
2023-07-28 11:06:47,447.8,1346802,1,446.34,460495,529628,-0.797518830305708,0
2023-07-28 11:06:47,447.8,1346802,12,446.34,460495,529628,-0.797518830305708,0
2023-07-28 11:06:47,447.8,1346802,1,446.34,460495,529628,-0.797518830305708,0
2023-07-28 11:06:47,447.8,1346802,36,446.34,460495,529628,-0.797518830305708,0
2023-07-28 11:06:57,447.8,1346915,36,446.34,461866,529690,-0.797518830305708,0
2023-07-28 11:06:57,447.8,1346915,1,446.34,461866,529690,-0.797518830305708,0
2023-07-28 11:06:57,447.75,1346915,16,446.34,461866,529690,-0.8085954807266232,0
2023-07-28 11:06:57,447.75,1346915,500,446.34,461866,529690,-0.8085954807266232,0
2023-07-28 11:07:05,447.75,1348500,500,446.34,461410,529595,-0.8085954807266232,0
2023-07-28 11:07:05,447.8,1348500,5,446.34,461410,529595,-0.797518830305708,0
2023-07-28 11:07:08,447.8,1348611,5,446.34,461779,529793,-0.797518830305708,0
2023-07-28 11:07:15,447.85,1349311,305,446.34,462060,529608,-0.7864421798847928,0
2023-07-28 11:07:15,447.85,1349311,305,446.34,461541,530028,-0.7864421798847928,0
2023-07-28 11:07:15,447.85,1349311,13,446.34,461541,530028,-0.7864421798847928,0
2023-07-28 11:07:22,447.85,1349346,13,446.34,461223,529939,-0.7864421798847928,0
2023-07-28 11:07:22,447.8,1349346,200,446.34,461223,529939,-0.797518830305708,0
2023-07-28 11:07:22,447.8,1349346,140,446.34,461223,529939,-0.797518830305708,0
2023-07-28 11:07:26,447.75,1350400,25,446.34,461668,531148,-0.8085954807266232,0
2023-07-28 11:07:26,447.75,1350400,24,446.34,461668,531148,-0.8085954807266232,0
2023-07-28 11:07:26,447.75,1350400,55,446.34,461668,531148,-0.8085954807266232,0
2023-07-28 11:07:29,447.75,1351028,55,446.34,462211,531130,-0.8085954807266232,0
2023-07-28 11:07:29,447.75,1351028,50,446.34,462211,531130,-0.8085954807266232,0
2023-07-28 11:07:34,447.75,1351178,9,446.34,461794,531570,-0.8085954807266232,0
2023-07-28 11:07:34,447.8,1351178,21,446.34,461794,531570,-0.797518830305708,0
2023-07-28 11:07:34,447.8,1351178,33,446.34,461794,531570,-0.797518830305708,0
2023-07-28 11:07:37,447.8,1351233,33,446.34,462154,530886,-0.797518830305708,0
2023-07-28 11:07:37,447.8,1351233,2,446.34,462154,530886,-0.797518830305708,0
2023-07-28 11:07:37,447.75,1351233,13,446.34,462154,530886,-0.8085954807266232,0
2023-07-28 11:07:37,447.85,1351233,28,446.34,462154,530886,-0.7864421798847928,0
2023-07-28 11:07:41,447.85,1351385,28,446.34,462564,530324,-0.7864421798847928,0
2023-07-28 11:07:41,447.85,1351385,1,446.34,462564,530324,-0.7864421798847928,0
2023-07-28 11:07:45,447.85,1351949,1,446.34,463237,530767,-0.7864421798847928,0
2023-07-28 11:07:45,447.85,1351949,70,446.34,463237,530767,-0.7864421798847928,0
2023-07-28 11:07:45,447.9,1351949,5,446.34,463237,530767,-0.7753655294638901,0
2023-07-28 11:07:50,447.9,1352025,5,446.34,463435,530823,-0.7753655294638901,0
2023-07-28 11:07:50,447.9,1352025,12,446.34,463435,530823,-0.7753655294638901,0
2023-07-28 11:07:50,447.9,1352025,31,446.34,463435,530823,-0.7753655294638901,0
2023-07-28 11:07:50,447.9,1352025,27,446.34,463435,530823,-0.7753655294638901,0
2023-07-28 11:07:50,447.9,1352025,20,446.34,463435,530823,-0.7753655294638901,0
2023-07-28 11:07:50,447.9,1352025,6,446.34,463435,530823,-0.7753655294638901,0
2023-07-28 11:07:50,447.9,1352025,113,446.34,463435,530823,-0.7753655294638901,0
2023-07-28 11:07:50,447.85,1352025,1,446.34,463435,530823,-0.7864421798847928,0
2023-07-28 11:07:58,447.85,1352460,1,446.34,464928,529391,-0.7864421798847928,0
2023-07-28 11:07:58,447.9,1352460,6,446.34,464928,529391,-0.7753655294638901,0
2023-07-28 11:07:58,447.85,1352460,39,446.34,464928,529391,-0.7864421798847928,0
2023-07-28 11:08:02,447.85,1352520,39,446.34,465503,529089,-0.7864421798847928,0
2023-07-28 11:08:02,447.95,1352520,1,446.34,465503,529089,-0.7642888790429749,0
2023-07-28 11:08:02,447.95,1352520,63,446.34,465503,529089,-0.7642888790429749,0
2023-07-28 11:08:08,447.95,1352633,63,446.34,465085,529568,-0.7642888790429749,0
2023-07-28 11:08:08,447.95,1352633,73,446.34,465085,529568,-0.7642888790429749,0
2023-07-28 11:08:08,447.95,1352633,1,446.34,465085,529568,-0.7642888790429749,0
2023-07-28 11:08:12,447.95,1352707,1,446.34,464962,529687,-0.7642888790429749,0
2023-07-28 11:08:12,447.95,1352707,12,446.34,464962,529687,-0.7642888790429749,0
2023-07-28 11:08:12,447.95,1352707,14,446.34,464962,529687,-0.7642888790429749,0
2023-07-28 11:08:12,447.95,1352707,1,446.34,464962,529687,-0.7642888790429749,0
2023-07-28 11:08:16,447.95,1352735,1,446.34,464590,529616,-0.7642888790429749,0
2023-07-28 11:08:16,447.95,1352735,22,446.34,464590,529616,-0.7642888790429749,0
2023-07-28 11:08:19,447.95,1352757,22,446.34,464627,529596,-0.7642888790429749,0
2023-07-28 11:08:19,447.95,1352757,14,446.34,464627,529596,-0.7642888790429749,0
2023-07-28 11:08:19,447.95,1352757,15,446.34,464627,529596,-0.7642888790429749,0
2023-07-28 11:08:19,447.95,1352757,15,446.34,464627,529596,-0.7642888790429749,0
2023-07-28 11:08:19,447.95,1352757,15,446.34,464627,529596,-0.7642888790429749,0
2023-07-28 11:08:19,447.95,1352757,15,446.34,464627,529596,-0.7642888790429749,0
2023-07-28 11:08:23,447.95,1352786,15,446.34,465147,529107,-0.7642888790429749,0
2023-07-28 11:08:23,447.95,1352786,3,446.34,465147,529107,-0.7642888790429749,0
2023-07-28 11:08:23,447.95,1352786,3,446.34,465147,529107,-0.7642888790429749,0
2023-07-28 11:08:23,447.95,1352786,10,446.34,465147,529107,-0.7642888790429749,0
2023-07-28 11:08:28,447.95,1352805,10,446.34,465206,529115,-0.7642888790429749,0
2023-07-28 11:08:28,447.95,1352805,100,446.34,465206,529115,-0.7642888790429749,0
2023-07-28 11:08:28,447.95,1352805,4,446.34,465206,529115,-0.7642888790429749,0
2023-07-28 11:08:28,447.9,1352805,100,446.34,465206,529115,-0.7753655294638901,0
2023-07-28 11:08:34,447.9,1353009,100,446.34,464648,529011,-0.7753655294638901,0
2023-07-28 11:08:34,447.95,1353009,6,446.34,464648,529011,-0.7642888790429749,0
2023-07-28 11:08:34,447.95,1353009,1,446.34,464648,529011,-0.7642888790429749,0
2023-07-28 11:08:34,448.0,1353009,144,446.34,464648,529011,-0.7532122286220597,0
2023-07-28 11:08:34,447.95,1353009,10,446.34,464648,529011,-0.7642888790429749,0
2023-07-28 11:08:41,447.95,1353478,10,446.34,464819,527504,-0.7642888790429749,0
2023-07-28 11:08:41,447.95,1353478,21,446.34,464819,527504,-0.7642888790429749,0
2023-07-28 11:08:41,448.0,1353478,41,446.34,464819,527504,-0.7532122286220597,0
2023-07-28 11:08:45,448.0,1353924,41,446.34,464459,528989,-0.7532122286220597,0
2023-07-28 11:08:45,447.95,1353924,200,446.34,464459,528989,-0.7642888790429749,0
2023-07-28 11:08:45,447.95,1353924,40,446.34,464459,528989,-0.7642888790429749,0
2023-07-28 11:08:45,447.95,1353924,1,446.34,464459,528989,-0.7642888790429749,0
2023-07-28 11:08:45,448.0,1353924,54,446.34,464459,528989,-0.7532122286220597,0
2023-07-28 11:08:49,448.0,1354219,54,446.34,464220,528619,-0.7532122286220597,0
2023-07-28 11:08:49,448.0,1354219,32,446.34,464220,528619,-0.7532122286220597,0
2023-07-28 11:08:54,448.0,1354313,50,446.34,464452,528842,-0.7532122286220597,0
2023-07-28 11:08:54,447.95,1354313,15,446.34,464452,528842,-0.7642888790429749,0
2023-07-28 11:08:54,447.95,1354313,150,446.34,464452,528842,-0.7642888790429749,0
2023-07-28 11:08:54,448.0,1354313,90,446.34,464452,528842,-0.7532122286220597,0
2023-07-28 11:08:57,448.0,1354568,90,446.34,464391,528852,-0.7532122286220597,0
2023-07-28 11:08:57,447.95,1354568,1,446.34,464391,528852,-0.7642888790429749,0
2023-07-28 11:08:57,448.0,1354568,59,446.34,464391,528852,-0.7532122286220597,0
2023-07-28 11:09:01,447.95,1354649,21,446.34,464100,528985,-0.7642888790429749,0
2023-07-28 11:09:01,448.0,1354649,1,446.34,464100,528985,-0.7532122286220597,0
2023-07-28 11:09:01,448.0,1354649,18,446.34,464100,528985,-0.7532122286220597,0
2023-07-28 11:09:05,448.0,1354668,18,446.34,463564,529978,-0.7532122286220597,0
2023-07-28 11:09:05,448.0,1354668,201,446.34,463564,529978,-0.7532122286220597,0
2023-07-28 11:09:05,448.0,1354668,51,446.34,463564,529978,-0.7532122286220597,0
2023-07-28 11:09:09,448.0,1355174,5,446.35,463568,528563,-0.7532122286220597,0
2023-07-28 11:09:09,448.0,1355174,144,446.35,463568,528563,-0.7532122286220597,0
2023-07-28 11:09:09,447.95,1355174,24,446.35,463568,528563,-0.7642888790429749,0
2023-07-28 11:09:13,447.95,1355359,24,446.35,463482,528507,-0.7642888790429749,0
2023-07-28 11:09:13,448.0,1355359,164,446.35,463482,528507,-0.7532122286220597,0
2023-07-28 11:09:16,448.0,1358103,24,446.35,465520,525731,-0.7532122286220597,0
2023-07-28 11:09:16,448.05,1358103,60,446.35,465520,525731,-0.7421355782011445,0
2023-07-28 11:09:20,448.05,1358229,60,446.35,465789,525671,-0.7421355782011445,0
2023-07-28 11:09:20,448.05,1358229,14,446.35,465789,525671,-0.7421355782011445,0
2023-07-28 11:09:20,448.0,1358229,24,446.35,465789,525671,-0.7532122286220597,0
2023-07-28 11:09:20,448.05,1358229,37,446.35,465789,525671,-0.7421355782011445,0
2023-07-28 11:09:20,447.95,1358229,41,446.35,465789,525671,-0.7642888790429749,0
2023-07-28 11:09:25,447.95,1364432,41,446.36,463479,529233,-0.7642888790429749,0
2023-07-28 11:09:25,447.95,1364432,24,446.36,463479,529233,-0.7642888790429749,0
2023-07-28 11:09:30,447.95,1365856,213,446.36,462407,528332,-0.7642888790429749,0
2023-07-28 11:09:30,447.95,1365856,24,446.36,462407,528332,-0.7642888790429749,0
2023-07-28 11:09:33,447.95,1365880,24,446.36,462655,529298,-0.7642888790429749,0
2023-07-28 11:09:33,448.0,1365880,18,446.36,462655,529298,-0.7532122286220597,0
2023-07-28 11:09:34,448.0,1366080,25,446.36,464544,527298,-0.7532122286220597,0
2023-07-28 11:09:34,448.0,1366080,10,446.36,464544,527298,-0.7532122286220597,0
2023-07-28 11:09:34,448.0,1366080,20,446.36,464544,527298,-0.7532122286220597,0
2023-07-28 11:09:34,448.05,1366080,251,446.36,464544,527298,-0.7421355782011445,0
2023-07-28 11:09:40,448.05,1367036,251,446.36,463984,526784,-0.7421355782011445,0
2023-07-28 11:09:40,447.95,1367036,23,446.36,463984,526784,-0.7642888790429749,0
2023-07-28 11:09:40,448.05,1367036,1,446.36,463984,526784,-0.7421355782011445,0
2023-07-28 11:09:46,448.05,1367331,66,446.36,463889,527345,-0.7421355782011445,0
2023-07-28 11:09:46,448.0,1367331,2,446.36,463889,527345,-0.7532122286220597,0
2023-07-28 11:09:46,448.0,1367331,24,446.36,463889,527345,-0.7532122286220597,0
2023-07-28 11:09:50,448.05,1367385,3,446.36,464684,527433,-0.7421355782011445,0
2023-07-28 11:09:50,448.05,1367385,191,446.36,464684,527433,-0.7421355782011445,0
2023-07-28 11:09:53,448.0,1367612,7,446.36,464751,527589,-0.7532122286220597,0
2023-07-28 11:09:53,448.05,1367612,1,446.36,464751,527589,-0.7421355782011445,0
2023-07-28 11:09:56,447.95,1367613,12,446.36,464760,525914,-0.7642888790429749,0
2023-07-28 11:09:56,447.95,1367613,37,446.36,464760,525914,-0.7642888790429749,0
2023-07-28 11:09:56,448.05,1367613,57,446.36,464760,525914,-0.7421355782011445,0
2023-07-28 11:09:56,448.05,1367613,500,446.36,464760,525914,-0.7421355782011445,0
2023-07-28 11:10:01,447.95,1368258,1,446.36,464710,525315,-0.7642888790429749,0
2023-07-28 11:10:01,448.05,1368258,1,446.36,464710,525315,-0.7421355782011445,0
2023-07-28 11:10:01,447.95,1368258,24,446.36,464710,525315,-0.7642888790429749,0
2023-07-28 11:10:01,448.05,1368258,6,446.36,464710,525315,-0.7421355782011445,0
2023-07-28 11:10:06,448.0,1368315,25,446.36,464989,525247,-0.7532122286220597,0
2023-07-28 11:10:06,448.0,1368315,4,446.36,464989,525247,-0.7532122286220597,0
2023-07-28 11:10:06,448.05,1368315,400,446.36,464989,525247,-0.7421355782011445,0
2023-07-28 11:10:09,448.05,1368740,400,446.36,464957,524298,-0.7421355782011445,0
2023-07-28 11:10:09,448.05,1368740,35,446.36,464957,524298,-0.7421355782011445,0
2023-07-28 11:10:09,448.1,1368740,580,446.36,464957,524298,-0.7310589277802292,0
2023-07-28 11:10:09,448.05,1368740,24,446.36,464957,524298,-0.7421355782011445,0
2023-07-28 11:10:13,448.05,1369384,24,446.36,463936,522832,-0.7421355782011445,0
2023-07-28 11:10:13,448.1,1369384,25,446.36,463936,522832,-0.7310589277802292,0
2023-07-28 11:10:13,448.1,1369384,6,446.36,463936,522832,-0.7310589277802292,0
2023-07-28 11:10:13,447.95,1369384,151,446.36,463936,522832,-0.7642888790429749,0
2023-07-28 11:10:17,447.9,1370595,138,446.36,460728,523732,-0.7753655294638901,0
2023-07-28 11:10:17,447.95,1370595,1,446.36,460728,523732,-0.7642888790429749,0
2023-07-28 11:10:17,447.9,1370595,24,446.36,460728,523732,-0.7753655294638901,0
2023-07-28 11:10:17,447.9,1370595,219,446.36,460728,523732,-0.7753655294638901,0
2023-07-28 11:10:17,447.95,1370595,1,446.36,460728,523732,-0.7642888790429749,0
2023-07-28 11:10:17,448.0,1370595,20,446.36,460728,523732,-0.7532122286220597,0
2023-07-28 11:10:26,448.0,1371021,20,446.36,462420,524899,-0.7532122286220597,0
2023-07-28 11:10:26,448.0,1371021,24,446.36,462420,524899,-0.7532122286220597,0
2023-07-28 11:10:26,448.05,1371021,204,446.36,462420,524899,-0.7421355782011445,0
2023-07-28 11:10:26,447.95,1371021,21,446.36,462420,524899,-0.7642888790429749,0
2023-07-28 11:10:29,447.95,1371399,21,446.37,461995,529976,-0.7642888790429749,0
2023-07-28 11:10:29,448.05,1371399,24,446.37,461995,529976,-0.7421355782011445,0
2023-07-28 11:10:33,448.05,1371423,24,446.37,463462,530758,-0.7421355782011445,0
2023-07-28 11:10:33,448.1,1371423,13,446.37,463462,530758,-0.7310589277802292,0
2023-07-28 11:10:38,448.05,1371455,3,446.37,462429,531060,-0.7421355782011445,0
2023-07-28 11:10:42,448.0,1371461,6,446.37,464238,532519,-0.7532122286220597,0
2023-07-28 11:10:42,448.0,1371461,1,446.37,464238,532519,-0.7532122286220597,0
2023-07-28 11:10:42,448.0,1371461,22,446.37,464238,532519,-0.7532122286220597,0
2023-07-28 11:10:46,448.0,1371487,1,446.37,464013,532836,-0.7532122286220597,0
2023-07-28 11:10:46,448.0,1371487,1,446.37,464013,532836,-0.7532122286220597,0
2023-07-28 11:10:46,448.0,1371487,8,446.37,464013,532836,-0.7532122286220597,0
2023-07-28 11:10:46,448.05,1371487,7,446.37,464013,532836,-0.7421355782011445,0
2023-07-28 11:10:46,448.05,1371487,22,446.37,464013,532836,-0.7421355782011445,0
2023-07-28 11:10:51,448.05,1371541,22,446.37,464100,532385,-0.7421355782011445,0
2023-07-28 11:10:51,448.05,1371541,12,446.37,464100,532385,-0.7421355782011445,0
2023-07-28 11:10:51,448.05,1371541,3,446.37,464100,532385,-0.7421355782011445,0
2023-07-28 11:10:51,448.0,1371541,7,446.37,464100,532385,-0.7532122286220597,0
2023-07-28 11:10:51,447.95,1371541,1,446.37,464100,532385,-0.7642888790429749,0
2023-07-28 11:10:54,447.95,1371580,1,446.37,463525,533015,-0.7642888790429749,0
2023-07-28 11:10:54,447.95,1371580,1,446.37,463525,533015,-0.7642888790429749,0
2023-07-28 11:10:58,447.95,1371605,24,446.37,463172,533331,-0.7642888790429749,0
2023-07-28 11:10:58,447.95,1371605,24,446.37,463990,533136,-0.7642888790429749,0
2023-07-28 11:10:58,447.95,1371605,8,446.37,463990,533136,-0.7642888790429749,0
2023-07-28 11:10:58,448.0,1371605,2,446.37,463990,533136,-0.7532122286220597,0
2023-07-28 11:11:06,448.0,1371636,2,446.37,463254,535372,-0.7532122286220597,0
2023-07-28 11:11:06,448.0,1371636,100,446.37,463254,535372,-0.7532122286220597,0
2023-07-28 11:11:06,447.95,1371636,23,446.37,463254,535372,-0.7642888790429749,0
2023-07-28 11:11:06,448.0,1371636,3,446.37,463254,535372,-0.7532122286220597,0
2023-07-28 11:11:06,447.95,1371636,14,446.37,463254,535372,-0.7642888790429749,0
2023-07-28 11:11:11,447.95,1371803,14,446.37,464286,534991,-0.7642888790429749,0
2023-07-28 11:11:11,447.95,1371803,24,446.37,464286,534991,-0.7642888790429749,0
2023-07-28 11:11:11,448.0,1371803,1,446.37,464286,534991,-0.7532122286220597,0
2023-07-28 11:11:14,448.0,1371828,1,446.37,463711,535828,-0.7532122286220597,0
2023-07-28 11:11:14,448.0,1371828,5,446.37,463711,535828,-0.7532122286220597,0
2023-07-28 11:11:14,447.95,1371828,24,446.37,463711,535828,-0.7642888790429749,0
2023-07-28 11:11:18,447.95,1371857,24,446.37,463655,535516,-0.7642888790429749,0
2023-07-28 11:11:18,448.0,1371857,33,446.37,463655,535516,-0.7532122286220597,0
2023-07-28 11:11:18,448.0,1371857,11,446.37,463655,535516,-0.7532122286220597,0
2023-07-28 11:11:23,447.95,1371931,24,446.37,464126,535259,-0.7642888790429749,0
2023-07-28 11:11:23,447.95,1371931,24,446.37,464126,535259,-0.7642888790429749,0
2023-07-28 11:11:23,447.95,1371931,24,446.37,464126,535259,-0.7642888790429749,0
2023-07-28 11:11:23,447.95,1371931,24,446.37,464126,535259,-0.7642888790429749,0
2023-07-28 11:11:23,448.0,1371931,5,446.37,464126,535259,-0.7532122286220597,0
2023-07-28 11:11:23,448.0,1371931,25,446.37,464126,535259,-0.7532122286220597,0
2023-07-28 11:11:23,448.0,1371931,25,446.37,464126,535259,-0.7532122286220597,0
2023-07-28 11:11:28,447.95,1372082,24,446.37,464007,535221,-0.7642888790429749,0
2023-07-28 11:11:28,447.95,1372082,24,446.37,464007,535221,-0.7642888790429749,0
2023-07-28 11:11:28,448.0,1372082,6,446.37,464007,535221,-0.7532122286220597,0
2023-07-28 11:11:30,448.0,1372088,6,446.37,464099,535280,-0.7532122286220597,0
2023-07-28 11:11:30,448.0,1372088,1,446.37,464099,535280,-0.7532122286220597,0
2023-07-28 11:11:30,447.95,1372088,2,446.37,464099,535280,-0.7642888790429749,0
2023-07-28 11:11:30,448.0,1372088,11,446.37,464099,535280,-0.7532122286220597,0
2023-07-28 11:11:34,448.0,1372124,11,446.37,464081,535268,-0.7532122286220597,0
2023-07-28 11:11:34,447.95,1372124,23,446.37,464081,535268,-0.7642888790429749,0
2023-07-28 11:11:34,448.0,1372124,24,446.37,464081,535268,-0.7532122286220597,0
2023-07-28 11:11:34,447.95,1372124,5,446.37,464081,535268,-0.7642888790429749,0
2023-07-28 11:11:40,447.95,1372490,5,446.37,464636,535542,-0.7642888790429749,0
2023-07-28 11:11:40,448.0,1372490,5,446.37,464636,535542,-0.7532122286220597,0
2023-07-28 11:11:40,447.95,1372490,24,446.37,464636,535542,-0.7642888790429749,0
2023-07-28 11:11:45,447.95,1373077,25,446.37,461014,536370,-0.7642888790429749,0
2023-07-28 11:11:45,447.9,1373077,24,446.37,461014,536370,-0.7753655294638901,0
2023-07-28 11:11:48,447.9,1373101,24,446.37,463580,536808,-0.7753655294638901,0
2023-07-28 11:11:48,447.9,1373101,750,446.37,463580,536808,-0.7753655294638901,0
2023-07-28 11:11:53,447.9,1373967,12,446.37,462860,536174,-0.7753655294638901,0
2023-07-28 11:11:53,447.95,1373967,13,446.37,463272,537363,-0.7642888790429749,0
2023-07-28 11:11:53,447.95,1373967,50,446.37,463272,537363,-0.7642888790429749,0
2023-07-28 11:11:53,447.95,1373967,5,446.37,463272,537363,-0.7642888790429749,0
2023-07-28 11:11:53,448.0,1373967,1,446.37,463272,537363,-0.7532122286220597,0
2023-07-28 11:12:01,448.0,1374056,1,446.37,463947,537729,-0.7532122286220597,0
2023-07-28 11:12:01,447.95,1374056,211,446.37,463947,537729,-0.7642888790429749,0
2023-07-28 11:12:01,447.95,1374056,2,446.37,463947,537729,-0.7642888790429749,0
2023-07-28 11:12:01,447.95,1374056,24,446.37,463947,537729,-0.7642888790429749,0
2023-07-28 11:12:01,448.0,1374056,2,446.37,463947,537729,-0.7532122286220597,0
2023-07-28 11:12:05,448.0,1374573,105,446.37,463545,536711,-0.7532122286220597,0
2023-07-28 11:12:05,448.0,1374573,4,446.37,463545,536711,-0.7532122286220597,0
2023-07-28 11:12:05,447.95,1374573,1,446.37,463545,536711,-0.7642888790429749,0
2023-07-28 11:12:08,447.95,1374692,1,446.37,463791,538151,-0.7642888790429749,0
2023-07-28 11:12:13,447.95,1374717,14,446.37,463796,538124,-0.7642888790429749,0
2023-07-28 11:12:13,448.0,1374717,4,446.37,463796,538124,-0.7532122286220597,0
2023-07-28 11:12:13,447.95,1374717,9,446.37,463796,538124,-0.7642888790429749,0
2023-07-28 11:12:13,447.95,1374717,329,446.37,463796,538124,-0.7642888790429749,0
2023-07-28 11:12:13,447.95,1374717,5,446.37,463796,538124,-0.7642888790429749,0
2023-07-28 11:12:22,447.95,1375331,5,446.37,464210,538083,-0.7642888790429749,0
2023-07-28 11:12:22,447.95,1375331,14,446.37,464210,538083,-0.7642888790429749,0
2023-07-28 11:12:22,447.9,1375331,594,446.37,464210,538083,-0.7753655294638901,0
2023-07-28 11:12:23,447.9,1376421,594,446.37,462749,538987,-0.7753655294638901,0
2023-07-28 11:12:23,447.9,1376421,14,446.37,462749,538987,-0.7753655294638901,0
2023-07-28 11:12:23,447.9,1376421,9,446.37,462749,538987,-0.7753655294638901,0
2023-07-28 11:12:23,447.9,1376421,151,446.37,462749,538987,-0.7753655294638901,0
2023-07-28 11:12:23,447.9,1376421,1,446.37,462749,538987,-0.7753655294638901,0
2023-07-28 11:12:23,447.95,1376421,109,446.37,462749,538987,-0.7642888790429749,0
2023-07-28 11:12:23,447.9,1376421,24,446.37,462749,538987,-0.7753655294638901,0
2023-07-28 11:12:23,447.75,1376421,1,446.37,462749,538987,-0.8085954807266232,0
2023-07-28 11:12:35,447.75,1378747,1,446.37,454049,542561,-0.8085954807266232,0
2023-07-28 11:12:35,447.75,1378747,9,446.37,454049,542561,-0.8085954807266232,0
2023-07-28 11:12:35,447.75,1378747,1,446.37,454049,542561,-0.8085954807266232,0
2023-07-28 11:12:35,447.7,1378747,15,446.37,454049,542561,-0.8196721311475385,0
2023-07-28 11:12:35,447.75,1378747,2,446.37,454049,542561,-0.8085954807266232,0
2023-07-28 11:12:39,447.45,1380151,86,446.37,454250,538992,-0.8750553832521021,0
2023-07-28 11:12:39,447.5,1380151,24,446.37,454250,538992,-0.8639787328311869,0
2023-07-28 11:12:43,447.75,1380175,1,446.37,455509,540265,-0.8085954807266232,0
2023-07-28 11:12:43,447.55,1380175,24,446.37,455509,540265,-0.8529020824102717,0
2023-07-28 11:12:48,447.55,1380201,24,446.37,456014,539817,-0.8529020824102717,0
2023-07-28 11:12:48,447.55,1380201,24,446.37,456863,540692,-0.8529020824102717,0
2023-07-28 11:12:48,447.65,1380201,12,446.37,456863,540692,-0.8307487815684538,0
2023-07-28 11:12:48,447.65,1380201,1,446.37,456863,540692,-0.8307487815684538,0
2023-07-28 11:12:54,447.65,1380226,1,446.37,456428,540991,-0.8307487815684538,0
2023-07-28 11:12:54,447.75,1380226,1,446.37,456428,540991,-0.8085954807266232,0
2023-07-28 11:12:54,447.75,1380226,1,446.37,456428,540991,-0.8085954807266232,0
2023-07-28 11:12:54,447.75,1380226,4,446.37,456428,540991,-0.8085954807266232,0
2023-07-28 11:12:54,447.8,1380226,164,446.37,456428,540991,-0.797518830305708,0
2023-07-28 11:13:01,447.8,1380523,164,446.37,447738,540290,-0.797518830305708,0
2023-07-28 11:13:01,447.65,1380523,11,446.37,447738,540290,-0.8307487815684538,0
2023-07-28 11:13:03,447.65,1380547,11,446.37,448283,540438,-0.8307487815684538,0
2023-07-28 11:13:03,447.65,1380547,11,446.37,455286,540438,-0.8307487815684538,0
2023-07-28 11:13:03,447.65,1380547,11,446.37,455286,540329,-0.8307487815684538,0
2023-07-28 11:13:03,447.65,1380547,1,446.37,455286,540329,-0.8307487815684538,0
2023-07-28 11:13:09,447.65,1380572,1,446.37,454582,540429,-0.8307487815684538,0
2023-07-28 11:13:09,447.65,1380572,1,446.37,455374,540212,-0.8307487815684538,0
2023-07-28 11:13:09,447.7,1380572,1,446.37,455374,540212,-0.8196721311475385,0
2023-07-28 11:13:11,447.7,1380573,1,446.37,456523,540870,-0.8196721311475385,0
2023-07-28 11:13:12,447.7,1380602,29,446.37,456806,540686,-0.8196721311475385,0
2023-07-28 11:13:13,447.65,1380616,1,446.37,455780,540549,-0.8307487815684538,0
2023-07-28 11:13:14,447.7,1380638,12,446.37,457126,541630,-0.8196721311475385,0
2023-07-28 11:13:14,447.7,1380638,12,446.37,457572,541076,-0.8196721311475385,0
2023-07-28 11:13:14,447.7,1380638,12,446.37,457655,541176,-0.8196721311475385,0
2023-07-28 11:13:14,447.7,1380638,12,446.37,457577,541447,-0.8196721311475385,0
2023-07-28 11:13:14,447.55,1380638,24,446.37,457577,541447,-0.8529020824102717,0
2023-07-28 11:13:18,447.55,1380662,24,446.38,458191,541281,-0.8529020824102717,0
2023-07-28 11:13:21,447.65,1380712,50,446.38,457231,541598,-0.8307487815684538,0
2023-07-28 11:13:21,447.65,1380712,50,446.38,457232,541598,-0.8307487815684538,0
2023-07-28 11:13:21,447.65,1380712,50,446.38,457232,540072,-0.8307487815684538,0
2023-07-28 11:13:21,447.7,1380712,13,446.38,457232,540072,-0.8196721311475385,0
2023-07-28 11:13:22,447.65,1380725,24,446.38,457232,539832,-0.8307487815684538,0
2023-07-28 11:13:23,447.7,1380749,1,446.38,457212,539835,-0.8196721311475385,0
2023-07-28 11:13:24,447.7,1380753,1,446.38,459396,540426,-0.8196721311475385,0
2023-07-28 11:13:25,447.7,1380757,4,446.38,459395,539994,-0.8196721311475385,0
2023-07-28 11:13:27,447.7,1380867,25,446.38,459396,539903,-0.8196721311475385,0
2023-07-28 11:13:27,447.65,1380867,9,446.38,459396,539903,-0.8307487815684538,0
2023-07-28 11:13:28,447.65,1380901,24,446.38,459346,540333,-0.8307487815684538,0
2023-07-28 11:13:28,447.65,1380901,24,446.38,459346,540333,-0.8307487815684538,0
2023-07-28 11:13:28,447.7,1380901,5,446.38,459463,540899,-0.8196721311475385,0
2023-07-28 11:13:28,447.65,1380901,1,446.38,459463,540899,-0.8307487815684538,0
2023-07-28 11:13:32,447.75,1380918,1,446.38,459368,540589,-0.8085954807266232,0
2023-07-28 11:13:32,447.75,1380918,1,446.38,459368,540589,-0.8085954807266232,0
2023-07-28 11:13:32,447.7,1380918,24,446.38,464932,539744,-0.8196721311475385,0
2023-07-28 11:13:34,447.75,1380972,5,446.38,464866,539715,-0.8085954807266232,0
2023-07-28 11:13:34,447.75,1380972,5,446.38,464918,540154,-0.8085954807266232,0
2023-07-28 11:13:34,447.75,1380972,5,446.38,464918,540154,-0.8085954807266232,0
2023-07-28 11:13:34,447.75,1380972,1,446.38,464918,540154,-0.8085954807266232,0
2023-07-28 11:13:37,447.75,1380995,22,446.38,465528,540068,-0.8085954807266232,0
2023-07-28 11:13:37,447.7,1380995,25,446.38,465528,540068,-0.8196721311475385,0
2023-07-28 11:13:39,447.7,1381028,1,446.38,465493,540038,-0.8196721311475385,0
2023-07-28 11:13:39,447.75,1381028,1,446.38,465493,540038,-0.8085954807266232,0
2023-07-28 11:13:41,447.75,1381030,1,446.38,465530,540036,-0.8085954807266232,0
2023-07-28 11:13:42,447.75,1381041,1,446.38,466310,540257,-0.8085954807266232,0
2023-07-28 11:13:43,447.75,1381043,2,446.38,466321,540260,-0.8085954807266232,0
2023-07-28 11:13:43,447.75,1381043,3,446.38,466321,540260,-0.8085954807266232,0
2023-07-28 11:13:44,447.75,1381070,11,446.38,466236,540410,-0.8085954807266232,0
2023-07-28 11:13:45,447.75,1381081,11,446.38,466234,540529,-0.8085954807266232,0
2023-07-28 11:13:45,447.75,1381081,11,446.38,466256,540864,-0.8085954807266232,0
2023-07-28 11:13:48,447.7,1381111,25,446.38,466230,541286,-0.8196721311475385,0
2023-07-28 11:13:48,447.7,1381135,24,446.38,464671,541298,-0.8196721311475385,0
2023-07-28 11:13:50,447.75,1381141,6,446.38,464671,541292,-0.8085954807266232,0
2023-07-28 11:13:50,447.75,1381144,3,446.38,464672,541289,-0.8085954807266232,0
2023-07-28 11:13:51,447.75,1381145,1,446.38,464684,541288,-0.8085954807266232,0
2023-07-28 11:13:51,447.75,1381145,2,446.38,464684,541288,-0.8085954807266232,0
2023-07-28 11:13:53,447.75,1381355,2,446.38,464355,540779,-0.8085954807266232,0
2023-07-28 11:13:53,447.7,1381379,24,446.38,464653,540779,-0.8196721311475385,0
2023-07-28 11:13:53,447.75,1381379,6,446.38,464653,540779,-0.8085954807266232,0
2023-07-28 11:13:54,447.75,1381385,6,446.38,464653,540556,-0.8085954807266232,0
2023-07-28 11:13:54,447.7,1381385,5,446.38,464653,540556,-0.8196721311475385,0
2023-07-28 11:13:56,447.75,1381392,2,446.38,464658,540654,-0.8085954807266232,0
2023-07-28 11:13:56,447.75,1381392,2,446.38,465170,540654,-0.8085954807266232,0
2023-07-28 11:13:56,447.7,1381392,24,446.38,465170,540654,-0.8196721311475385,0
2023-07-28 11:13:59,447.75,1381422,5,446.38,465147,540355,-0.8085954807266232,0
2023-07-28 11:13:59,447.75,1381422,5,446.38,465147,540355,-0.8085954807266232,0
2023-07-28 11:14:00,447.75,1381427,1,446.38,464620,540099,-0.8085954807266232,0
2023-07-28 11:14:02,447.75,1381429,1,446.38,464620,540097,-0.8085954807266232,0
2023-07-28 11:14:02,447.7,1381429,24,446.38,464621,540273,-0.8196721311475385,0
2023-07-28 11:14:02,447.75,1381429,42,446.38,464621,540273,-0.8085954807266232,0
2023-07-28 11:14:04,447.75,1381495,42,446.38,464573,540866,-0.8085954807266232,0
2023-07-28 11:14:05,447.75,1382001,5,446.38,464608,539715,-0.8085954807266232,0
2023-07-28 11:14:05,447.75,1382001,83,446.38,464608,539715,-0.8085954807266232,0
2023-07-28 11:14:05,447.8,1382001,10,446.38,464608,539715,-0.797518830305708,0
2023-07-28 11:14:07,447.8,1382095,10,446.38,464257,540160,-0.797518830305708,0
2023-07-28 11:14:07,447.75,1382095,22,446.38,464257,540160,-0.8085954807266232,0
2023-07-28 11:14:07,447.75,1382095,20,446.38,464257,540160,-0.8085954807266232,0
2023-07-28 11:14:07,447.8,1382095,5,446.38,464257,540160,-0.797518830305708,0
2023-07-28 11:14:07,447.8,1382095,1,446.38,464257,540160,-0.797518830305708,0
2023-07-28 11:14:11,447.8,1382161,1,446.38,462921,540206,-0.797518830305708,0
2023-07-28 11:14:11,447.75,1382161,10,446.38,462921,540206,-0.8085954807266232,0
2023-07-28 11:14:11,447.8,1382161,1,446.38,462921,540206,-0.797518830305708,0
2023-07-28 11:14:11,447.75,1382161,24,446.38,462921,540206,-0.8085954807266232,0
2023-07-28 11:14:11,447.8,1382161,13,446.38,462921,540206,-0.797518830305708,0
2023-07-28 11:14:15,447.8,1382311,11,446.38,463843,540030,-0.797518830305708,0
2023-07-28 11:14:15,447.8,1382311,17,446.38,463843,540030,-0.797518830305708,0
2023-07-28 11:14:15,447.75,1382311,12,446.38,463843,540030,-0.8085954807266232,0
2023-07-28 11:14:15,447.75,1382311,1,446.38,463843,540030,-0.8085954807266232,0
2023-07-28 11:14:20,447.75,1383442,1,446.38,463332,539363,-0.8085954807266232,0
2023-07-28 11:14:20,447.75,1383442,225,446.38,463332,539363,-0.8085954807266232,0
2023-07-28 11:14:20,447.75,1383442,3,446.38,463332,539363,-0.8085954807266232,0
2023-07-28 11:14:20,447.75,1383442,3,446.38,463332,539363,-0.8085954807266232,0
2023-07-28 11:14:20,447.7,1383442,24,446.38,463332,539363,-0.8196721311475385,0
2023-07-28 11:14:20,447.7,1383442,24,446.38,463332,539363,-0.8196721311475385,0
2023-07-28 11:14:23,447.7,1383708,24,446.38,463263,539326,-0.8196721311475385,0
2023-07-28 11:14:23,447.75,1383708,3,446.38,463263,539326,-0.8085954807266232,0
2023-07-28 11:14:23,447.75,1383708,2,446.38,463263,539326,-0.8085954807266232,0
2023-07-28 11:14:23,447.75,1383708,2,446.38,463263,539326,-0.8085954807266232,0
2023-07-28 11:14:23,447.75,1383708,2,446.38,463263,539326,-0.8085954807266232,0
2023-07-28 11:14:23,447.7,1383708,24,446.38,463263,539326,-0.8196721311475385,0
2023-07-28 11:14:23,447.7,1383708,24,446.38,463263,539326,-0.8196721311475385,0
2023-07-28 11:14:28,447.7,1383737,24,446.38,456201,539683,-0.8196721311475385,0
2023-07-28 11:14:28,447.75,1383737,100,446.38,456201,539683,-0.8085954807266232,0
2023-07-28 11:14:28,447.75,1383737,226,446.38,456201,539683,-0.8085954807266232,0
2023-07-28 11:14:31,447.75,1384064,226,446.38,457199,538751,-0.8085954807266232,0
2023-07-28 11:14:31,447.7,1384064,24,446.38,457199,538751,-0.8196721311475385,0
2023-07-28 11:14:31,447.75,1384064,53,446.38,457199,538751,-0.8085954807266232,0
2023-07-28 11:14:31,447.75,1384064,40,446.38,457199,538751,-0.8085954807266232,0
2023-07-28 11:14:37,447.7,1384184,3,446.38,463816,538819,-0.8196721311475385,0
2023-07-28 11:14:37,447.7,1384184,25,446.38,463816,538819,-0.8196721311475385,0
2023-07-28 11:14:37,447.75,1384184,6,446.38,463816,538819,-0.8085954807266232,0
2023-07-28 11:14:40,447.75,1384215,6,446.38,464589,538814,-0.8085954807266232,0
2023-07-28 11:14:40,447.75,1384215,66,446.38,464589,538814,-0.8085954807266232,0
2023-07-28 11:14:45,447.75,1384405,100,446.38,465989,538758,-0.8085954807266232,0
2023-07-28 11:14:45,447.75,1384405,5,446.38,465989,538758,-0.8085954807266232,0
2023-07-28 11:14:45,447.7,1384405,25,446.38,465989,538758,-0.8196721311475385,0
2023-07-28 11:14:48,447.7,1384463,25,446.38,465692,538559,-0.8196721311475385,0
2023-07-28 11:14:48,447.75,1384463,7,446.38,465692,538559,-0.8085954807266232,0
2023-07-28 11:14:48,447.75,1384463,6,446.38,465692,538559,-0.8085954807266232,0
2023-07-28 11:14:48,447.7,1384463,30,446.38,465692,538559,-0.8196721311475385,0
2023-07-28 11:14:53,447.7,1384585,24,446.38,465322,538500,-0.8196721311475385,0
2023-07-28 11:14:53,447.7,1384585,24,446.38,465322,538500,-0.8196721311475385,0
2023-07-28 11:14:53,447.7,1384585,5,446.38,465322,538500,-0.8196721311475385,0
2023-07-28 11:14:53,447.75,1384585,17,446.38,465322,538500,-0.8085954807266232,0
2023-07-28 11:14:56,447.75,1384647,17,446.38,465328,538623,-0.8085954807266232,0
2023-07-28 11:14:56,447.7,1384647,50,446.38,465328,538623,-0.8196721311475385,0
2023-07-28 11:14:56,447.7,1384647,24,446.38,465328,538623,-0.8196721311475385,0
2023-07-28 11:14:56,447.75,1384647,11,446.38,465328,538623,-0.8085954807266232,0
2023-07-28 11:15:00,447.75,1384738,11,446.38,465565,538643,-0.8085954807266232,0
2023-07-28 11:15:00,447.7,1384738,24,446.38,465565,538643,-0.8196721311475385,0
2023-07-28 11:15:00,447.75,1384738,25,446.38,465565,538643,-0.8085954807266232,0
2023-07-28 11:15:04,447.75,1384787,25,446.38,465640,538762,-0.8085954807266232,0
2023-07-28 11:15:04,447.75,1384787,3,446.38,465640,538762,-0.8085954807266232,0
2023-07-28 11:15:04,447.7,1384787,25,446.38,465640,538762,-0.8196721311475385,0
2023-07-28 11:15:08,447.7,1384824,25,446.38,465614,538755,-0.8196721311475385,0
2023-07-28 11:15:08,447.75,1384824,18,446.38,465614,538755,-0.8085954807266232,0
2023-07-28 11:15:13,447.7,1392209,1,446.39,460059,538354,-0.8196721311475385,0
2023-07-28 11:15:13,447.75,1392209,1,446.39,460059,538354,-0.8085954807266232,0
2023-07-28 11:15:13,447.7,1392209,1,446.39,460059,538354,-0.8196721311475385,0
2023-07-28 11:15:17,447.7,1392314,1,446.39,459669,539196,-0.8196721311475385,0
2023-07-28 11:15:17,447.7,1392314,24,446.39,459669,539196,-0.8196721311475385,0
2023-07-28 11:15:17,447.75,1392314,3,446.39,459669,539196,-0.8085954807266232,0
2023-07-28 11:15:20,447.75,1392341,13,446.39,459741,539167,-0.8085954807266232,0
2023-07-28 11:15:20,447.7,1392341,24,446.39,459741,539167,-0.8196721311475385,0
2023-07-28 11:15:20,447.75,1392341,1,446.39,459741,539167,-0.8085954807266232,0
2023-07-28 11:15:20,447.75,1392341,96,446.39,459741,539167,-0.8085954807266232,0
2023-07-28 11:15:24,447.75,1392530,96,446.39,460308,538276,-0.8085954807266232,0
2023-07-28 11:15:24,447.75,1392530,45,446.39,460308,538276,-0.8085954807266232,0
2023-07-28 11:15:24,447.8,1392530,21,446.39,460308,538276,-0.797518830305708,0
2023-07-28 11:15:24,447.8,1392530,5,446.39,460308,538276,-0.797518830305708,0
2023-07-28 11:15:24,447.75,1392530,24,446.39,460308,538276,-0.8085954807266232,0
2023-07-28 11:15:34,447.8,1393318,89,446.39,460386,537757,-0.797518830305708,0
2023-07-28 11:15:34,447.9,1393318,2,446.39,460386,537757,-0.7753655294638901,0
2023-07-28 11:15:34,447.8,1393318,6,446.39,460386,537757,-0.797518830305708,0
2023-07-28 11:15:34,447.85,1393318,25,446.39,460386,537757,-0.7864421798847928,0
2023-07-28 11:15:38,447.85,1393659,25,446.39,461403,537986,-0.7864421798847928,0
2023-07-28 11:15:38,447.9,1393659,1,446.39,461403,537986,-0.7753655294638901,0
2023-07-28 11:15:38,447.9,1393659,29,446.39,461403,537986,-0.7753655294638901,0
2023-07-28 11:15:41,447.9,1393689,29,446.39,453671,537816,-0.7753655294638901,0
2023-07-28 11:15:41,447.9,1393689,1,446.39,453671,537816,-0.7753655294638901,0
2023-07-28 11:15:41,447.9,1393689,20,446.39,453671,537816,-0.7753655294638901,0
2023-07-28 11:15:41,447.95,1393689,123,446.39,453671,537816,-0.7642888790429749,0
2023-07-28 11:15:46,447.95,1394012,123,446.39,460113,535777,-0.7642888790429749,0
2023-07-28 11:15:46,447.95,1394012,1,446.39,460113,535777,-0.7642888790429749,0
2023-07-28 11:15:46,447.9,1394012,24,446.39,460113,535777,-0.7753655294638901,0
2023-07-28 11:15:46,447.9,1394012,3,446.39,460113,535777,-0.7753655294638901,0
2023-07-28 11:15:49,447.9,1394095,3,446.39,460152,535933,-0.7753655294638901,0
2023-07-28 11:15:49,447.95,1394095,12,446.39,460152,535933,-0.7642888790429749,0
2023-07-28 11:15:49,447.9,1394095,24,446.39,460152,535933,-0.7753655294638901,0
2023-07-28 11:15:49,447.95,1394095,223,446.39,460152,535933,-0.7642888790429749,0
2023-07-28 11:15:54,447.95,1394358,12,446.39,460828,535694,-0.7642888790429749,0
2023-07-28 11:15:54,447.65,1394358,369,446.39,460828,535694,-0.8307487815684538,0
2023-07-28 11:15:57,447.65,1397858,369,446.39,456321,537027,-0.8307487815684538,0
2023-07-28 11:15:57,447.65,1397858,251,446.39,456321,537027,-0.8307487815684538,0
2023-07-28 11:16:02,447.65,1398133,251,446.39,457795,538612,-0.8307487815684538,0
2023-07-28 11:16:02,447.85,1398133,1,446.39,457795,538612,-0.7864421798847928,0
2023-07-28 11:16:02,447.65,1398133,24,446.39,457795,538612,-0.8307487815684538,0
2023-07-28 11:16:02,447.65,1398133,25,446.39,457795,538612,-0.8307487815684538,0
2023-07-28 11:16:05,447.65,1398183,25,446.39,457657,537828,-0.8307487815684538,0
2023-07-28 11:16:05,447.65,1398183,25,446.39,457657,537828,-0.8307487815684538,0
2023-07-28 11:16:08,447.65,1398208,25,446.39,458062,539121,-0.8307487815684538,0
2023-07-28 11:16:08,447.6,1398208,36,446.39,458062,539121,-0.8418254319893563,0
2023-07-28 11:16:08,447.5,1398208,30,446.39,458062,539121,-0.8639787328311869,0
2023-07-28 11:16:08,447.3,1398208,8,446.39,458062,539121,-0.9082853345148352,0
2023-07-28 11:16:14,447.3,1403479,8,446.4,451504,540898,-0.9082853345148352,0
2023-07-28 11:16:14,447.2,1403479,24,446.4,451504,540898,-0.9304386353566657,0
2023-07-28 11:16:14,447.2,1403479,24,446.4,451504,540898,-0.9304386353566657,0
2023-07-28 11:16:18,447.2,1403527,24,446.4,455258,538210,-0.9304386353566657,0
2023-07-28 11:16:18,447.5,1403527,14,446.4,455258,538210,-0.8639787328311869,0
2023-07-28 11:16:23,447.4,1403573,10,446.4,454064,538921,-0.8861320336730173,0
2023-07-28 11:16:23,447.4,1403573,10,446.4,454064,538921,-0.8861320336730173,0
2023-07-28 11:16:23,447.45,1403573,10,446.4,454064,538921,-0.8750553832521021,0
2023-07-28 11:16:23,447.5,1403573,1,446.4,454064,538921,-0.8639787328311869,0
2023-07-28 11:16:27,447.5,1403605,10,446.4,454752,536577,-0.8639787328311869,0
2023-07-28 11:16:28,447.45,1403629,24,446.4,454727,536775,-0.8750553832521021,0
2023-07-28 11:16:28,447.5,1403629,9,446.4,454727,536775,-0.8639787328311869,0
2023-07-28 11:16:28,447.45,1403629,313,446.4,454727,536775,-0.8750553832521021,0
2023-07-28 11:16:35,447.45,1404680,9,446.4,453628,538133,-0.8750553832521021,0
2023-07-28 11:16:35,447.5,1404680,30,446.4,453628,538133,-0.8639787328311869,0
2023-07-28 11:16:35,447.65,1404680,82,446.4,453628,538133,-0.8307487815684538,0
