2023-07-28 10:49:30,2587.6,204308,6,2584.67,108631,135313,0.6907017919333813,0
2023-07-28 10:49:30,2587.9,204308,59,2584.67,108631,135313,0.7023756250364879,0
2023-07-28 10:49:30,2586.85,204308,1,2584.67,108631,135313,0.6615172091756328,0
2023-07-28 10:49:30,2587.6,204308,2,2584.67,108631,135313,0.6907017919333813,0
2023-07-28 10:49:33,2587.9,204438,4,2584.67,108581,135090,0.7023756250364879,0
2023-07-28 10:49:33,2587.9,204438,10,2584.67,108581,135090,0.7023756250364879,0
2023-07-28 10:49:33,2586.85,204438,5,2584.67,108581,135090,0.6615172091756328,0
2023-07-28 10:49:33,2587.9,204438,3,2584.67,108581,135090,0.7023756250364879,0
2023-07-28 10:49:33,2587.9,204438,6,2584.67,108581,135090,0.7023756250364879,0
2023-07-28 10:49:37,2587.9,204500,6,2584.67,108702,135038,0.7023756250364879,0
2023-07-28 10:49:37,2587.9,204500,6,2584.67,108702,135038,0.7023756250364879,0
2023-07-28 10:49:37,2587.9,204500,2,2584.67,108702,135038,0.7023756250364879,0
2023-07-28 10:49:37,2586.85,204500,4,2584.67,108702,135038,0.6615172091756328,0
2023-07-28 10:49:41,2587.6,204546,4,2584.68,108703,135271,0.6907017919333813,0
2023-07-28 10:49:41,2586.85,204546,3,2584.68,108703,135271,0.6615172091756328,0
2023-07-28 10:49:41,2586.85,204546,2,2584.68,108703,135271,0.6615172091756328,0
2023-07-28 10:49:46,2587.6,204576,4,2584.68,108699,134212,0.6907017919333813,0
2023-07-28 10:49:46,2587.6,204576,4,2584.68,108699,134212,0.6907017919333813,0
2023-07-28 10:49:46,2587.6,204576,5,2584.68,108699,134212,0.6907017919333813,0
2023-07-28 10:49:46,2586.85,204576,1,2584.68,108699,134212,0.6615172091756328,0
2023-07-28 10:49:50,2587.95,204748,6,2584.68,108623,134598,0.7043212638869938,0
2023-07-28 10:49:50,2587.95,204748,6,2584.68,108623,134598,0.7043212638869938,0
2023-07-28 10:49:50,2588.0,204748,5,2584.68,108623,134598,0.7062669027375175,0
2023-07-28 10:49:50,2586.85,204748,8,2584.68,108623,134598,0.6615172091756328,0
2023-07-28 10:49:54,2586.05,205363,1,2584.69,107706,135008,0.6303869875673784,0
2023-07-28 10:49:54,2586.05,205363,35,2584.69,107706,135008,0.6303869875673784,0
2023-07-28 10:49:54,2587.45,205363,15,2584.69,107706,135008,0.6848648753818282,0
2023-07-28 10:49:54,2587.45,205363,1,2584.69,107706,135008,0.6848648753818282,0
2023-07-28 10:49:57,2587.1,205717,8,2584.69,108435,134368,0.6712454034282157,0
2023-07-28 10:49:57,2586.1,205717,3,2584.69,108435,134368,0.6323326264178843,0
2023-07-28 10:50:00,2586.1,205797,3,2584.69,108230,134739,0.6323326264178843,0
2023-07-28 10:50:00,2586.45,205797,2,2584.69,108230,134739,0.6459520983714968,0
2023-07-28 10:50:04,2586.45,205799,1,2584.69,108533,134730,0.6459520983714968,0
2023-07-28 10:50:07,2586.45,205800,1,2584.69,108533,134744,0.6459520983714968,0
2023-07-28 10:50:08,2586.0,205804,8,2584.69,108587,134561,0.6284413487168548,0
2023-07-28 10:50:08,2586.0,205812,8,2584.69,108587,134580,0.6284413487168548,0
2023-07-28 10:50:08,2586.0,205812,8,2584.69,108586,134624,0.6284413487168548,0
2023-07-28 10:50:08,2586.0,205812,8,2584.69,108660,134678,0.6284413487168548,0
2023-07-28 10:50:13,2586.45,205813,1,2584.69,108795,134426,0.6459520983714968,0
2023-07-28 10:50:13,2586.45,205813,1,2584.69,108795,134426,0.6459520983714968,0
2023-07-28 10:50:14,2586.45,205814,1,2584.69,108799,134427,0.6459520983714968,0
2023-07-28 10:50:14,2586.45,205814,1,2584.69,108800,134427,0.6459520983714968,0
2023-07-28 10:50:14,2586.45,205814,1,2584.69,108792,134484,0.6459520983714968,0
2023-07-28 10:50:18,2587.1,205840,1,2584.69,108778,134542,0.6712454034282157,0
2023-07-28 10:50:18,2587.1,205840,1,2584.69,108778,134542,0.6712454034282157,0
2023-07-28 10:50:18,2587.1,205840,1,2584.69,108783,134544,0.6712454034282157,0
2023-07-28 10:50:18,2587.1,205840,23,2584.69,108783,134544,0.6712454034282157,0
2023-07-28 10:50:20,2587.1,205954,7,2584.69,108799,134465,0.6712454034282157,0
2023-07-28 10:50:20,2587.1,205954,7,2584.69,108799,134465,0.6712454034282157,0
2023-07-28 10:50:20,2586.45,205954,8,2584.69,108702,134642,0.6459520983714968,0
2023-07-28 10:50:22,2586.45,205962,8,2584.69,108695,134726,0.6459520983714968,0
2023-07-28 10:50:22,2586.45,205962,8,2584.69,108695,134726,0.6459520983714968,0
2023-07-28 10:50:22,2586.45,205962,8,2584.69,108695,134701,0.6459520983714968,0
2023-07-28 10:50:22,2586.45,205962,8,2584.69,108695,134701,0.6459520983714968,0
2023-07-28 10:50:22,2586.45,205962,8,2584.69,108695,134740,0.6459520983714968,0
2023-07-28 10:50:22,2586.45,205962,8,2584.69,108132,134871,0.6459520983714968,0
2023-07-28 10:50:22,2586.45,205962,8,2584.69,108432,134853,0.6459520983714968,0
2023-07-28 10:50:22,2586.45,205962,8,2584.69,108432,134874,0.6459520983714968,0
2023-07-28 10:50:22,2586.45,205962,8,2584.69,108636,134659,0.6459520983714968,0
2023-07-28 10:50:22,2586.45,205962,8,2584.69,108650,134659,0.6459520983714968,0
2023-07-28 10:50:31,2587.0,205965,3,2584.69,108566,134656,0.6673541257271861,0
2023-07-28 10:50:31,2587.0,205965,3,2584.69,108557,134656,0.6673541257271861,0
2023-07-28 10:50:31,2586.45,205965,8,2584.69,108557,134656,0.6459520983714968,0
2023-07-28 10:50:33,2586.45,206004,1,2584.69,108550,134660,0.6459520983714968,0
2023-07-28 10:50:33,2586.45,206004,1,2584.69,108550,134660,0.6459520983714968,0
2023-07-28 10:50:33,2586.45,206004,1,2584.69,108559,134694,0.6459520983714968,0
2023-07-28 10:50:34,2586.45,206006,2,2584.69,108566,134734,0.6459520983714968,0
2023-07-28 10:50:34,2586.45,206006,2,2584.69,108556,134972,0.6459520983714968,0
2023-07-28 10:50:34,2586.45,206006,2,2584.69,108556,135022,0.6459520983714968,0
2023-07-28 10:50:34,2586.45,206006,2,2584.69,108556,134902,0.6459520983714968,0
2023-07-28 10:50:34,2586.45,206006,2,2584.69,108552,134974,0.6459520983714968,0
2023-07-28 10:50:34,2586.45,206006,2,2584.69,108547,134956,0.6459520983714968,0
2023-07-28 10:50:34,2586.45,206006,2,2584.69,108467,134956,0.6459520983714968,0
2023-07-28 10:50:34,2586.45,206006,2,2584.69,108467,134983,0.6459520983714968,0
2023-07-28 10:50:34,2586.45,206006,2,2584.69,108487,134983,0.6459520983714968,0
2023-07-28 10:50:34,2586.45,206006,2,2584.69,108478,134983,0.6459520983714968,0
2023-07-28 10:50:45,2586.45,206023,1,2584.69,108481,134892,0.6459520983714968,0
2023-07-28 10:50:45,2586.45,206023,2,2584.69,108481,134895,0.6459520983714968,0
2023-07-28 10:50:47,2586.45,206025,1,2584.69,108384,134876,0.6459520983714968,0
2023-07-28 10:50:51,2586.45,206055,1,2584.69,108370,134934,0.6459520983714968,0
2023-07-28 10:50:51,2586.45,206055,1,2584.69,108370,134902,0.6459520983714968,0
2023-07-28 10:50:51,2586.45,206055,1,2584.69,108379,134958,0.6459520983714968,0
2023-07-28 10:50:54,2586.45,206083,1,2584.69,108375,134958,0.6459520983714968,0
2023-07-28 10:50:55,2586.45,206085,2,2584.69,108436,134933,0.6459520983714968,0
2023-07-28 10:50:55,2586.45,206085,13,2584.69,108442,134948,0.6459520983714968,0
2023-07-28 10:50:57,2586.45,206169,13,2584.69,108426,135023,0.6459520983714968,0
2023-07-28 10:50:57,2586.45,206169,13,2584.69,108456,135028,0.6459520983714968,0
2023-07-28 10:50:57,2586.45,206169,1,2584.69,108456,135028,0.6459520983714968,0
2023-07-28 10:50:59,2586.45,206217,1,2584.69,108364,135070,0.6459520983714968,0
2023-07-28 10:50:59,2586.45,206217,1,2584.69,108364,134994,0.6459520983714968,0
2023-07-28 10:50:59,2586.0,206217,1,2584.69,108364,134994,0.6284413487168548,0
2023-07-28 10:51:02,2586.0,206218,1,2584.69,108388,135192,0.6284413487168548,0
2023-07-28 10:51:02,2586.0,206218,8,2584.69,108388,135192,0.6284413487168548,0
2023-07-28 10:51:04,2586.45,206231,5,2584.69,108384,135182,0.6459520983714968,0
2023-07-28 10:51:05,2586.45,206251,13,2584.69,108394,135123,0.6459520983714968,0
2023-07-28 10:51:05,2586.85,206251,2,2584.69,108394,135123,0.6615172091756328,0
2023-07-28 10:51:06,2586.85,206253,2,2584.69,108333,135095,0.6615172091756328,0
2023-07-28 10:51:06,2586.0,206253,60,2584.69,108333,135095,0.6284413487168548,0
2023-07-28 10:51:12,2586.0,206393,60,2584.69,108439,135082,0.6284413487168548,0
2023-07-28 10:51:12,2586.0,206393,24,2584.69,108439,135082,0.6284413487168548,0
2023-07-28 10:51:15,2586.0,206419,24,2584.69,108363,135171,0.6284413487168548,0
2023-07-28 10:51:15,2586.85,206419,1,2584.69,108363,135171,0.6615172091756328,0
2023-07-28 10:51:20,2586.85,206420,1,2584.69,108430,135111,0.6615172091756328,0
2023-07-28 10:51:20,2586.85,206420,1,2584.69,108457,135033,0.6615172091756328,0
2023-07-28 10:51:20,2586.8,206420,1,2584.69,108457,135033,0.6595715703251269,0
2023-07-28 10:51:28,2586.8,206421,1,2584.69,108500,135034,0.6595715703251269,0
2023-07-28 10:51:28,2586.05,206421,6,2584.69,108500,135034,0.6303869875673784,0
2023-07-28 10:51:32,2586.05,206427,6,2584.69,108607,135079,0.6303869875673784,0
2023-07-28 10:51:32,2586.0,206427,9,2584.69,108607,135079,0.6284413487168548,0
2023-07-28 10:51:34,2586.0,206437,9,2584.7,108600,135078,0.6284413487168548,0
2023-07-28 10:51:34,2586.0,206437,9,2584.7,108608,135078,0.6284413487168548,0
2023-07-28 10:51:34,2586.8,206437,10,2584.7,108608,135078,0.6595715703251269,0
2023-07-28 10:51:47,2586.8,206448,1,2584.7,108778,135067,0.6595715703251269,0
2023-07-28 10:51:47,2586.8,206448,1,2584.7,108694,135067,0.6595715703251269,0
2023-07-28 10:51:47,2586.8,206448,4,2584.7,108694,135067,0.6595715703251269,0
2023-07-28 10:51:47,2586.8,206448,9,2584.7,108694,135067,0.6595715703251269,0
2023-07-28 10:51:47,2586.05,206448,1,2584.7,108694,135067,0.6303869875673784,0
2023-07-28 10:51:54,2586.05,206478,1,2584.7,108696,135103,0.6303869875673784,0
2023-07-28 10:51:54,2586.05,206478,1,2584.7,108696,135103,0.6303869875673784,0
2023-07-28 10:51:54,2586.8,206478,1,2584.7,108696,135103,0.6595715703251269,0
2023-07-28 10:51:54,2586.8,206478,20,2584.7,108696,135103,0.6595715703251269,0
2023-07-28 10:51:59,2586.8,206635,2,2584.7,108771,135024,0.6595715703251269,0
2023-07-28 10:51:59,2586.3,206635,11,2584.7,108771,135024,0.6401151818199612,0
2023-07-28 10:52:01,2586.3,206646,11,2584.7,108781,135092,0.6401151818199612,0
2023-07-28 10:52:01,2586.8,206646,1,2584.7,108781,135092,0.6595715703251269,0
2023-07-28 10:52:07,2586.8,206647,1,2584.7,108848,135125,0.6595715703251269,0
2023-07-28 10:52:07,2586.8,206647,1,2584.7,108848,135125,0.6595715703251269,0
2023-07-28 10:52:07,2586.35,206647,1,2584.7,108848,135125,0.6420608206704672,0
2023-07-28 10:52:07,2586.4,206647,1,2584.7,108848,135125,0.6440064595209908,0
2023-07-28 10:52:07,2586.8,206647,19,2584.7,108848,135125,0.6595715703251269,0
2023-07-28 10:52:07,2586.4,206647,1,2584.7,108848,135125,0.6440064595209908,0
2023-07-28 10:52:07,2586.75,206647,156,2584.7,108848,135125,0.6576259314746032,0
2023-07-28 10:52:16,2586.75,206856,156,2584.7,109288,134888,0.6576259314746032,0
2023-07-28 10:52:16,2586.8,206856,29,2584.7,109288,134888,0.6595715703251269,0
2023-07-28 10:52:16,2586.35,206856,7,2584.7,109288,134888,0.6420608206704672,0
2023-07-28 10:52:16,2586.45,206856,3,2584.7,109288,134888,0.6459520983714968,0
2023-07-28 10:52:19,2586.45,206969,3,2584.7,109370,134849,0.6459520983714968,0
2023-07-28 10:52:19,2586.45,206969,8,2584.7,109370,134849,0.6459520983714968,0
2023-07-28 10:52:19,2586.8,206969,1,2584.7,109370,134849,0.6595715703251269,0
2023-07-28 10:52:24,2586.8,206985,5,2584.7,109274,134896,0.6595715703251269,0
2023-07-28 10:52:24,2586.8,206985,5,2584.7,109274,134896,0.6595715703251269,0
2023-07-28 10:52:24,2586.85,206985,1,2584.7,109274,134896,0.6615172091756328,0
2023-07-28 10:52:24,2586.8,206985,8,2584.7,109274,134896,0.6595715703251269,0
2023-07-28 10:52:28,2586.8,207062,8,2584.7,109355,134825,0.6595715703251269,0
2023-07-28 10:52:28,2586.5,207062,2,2584.7,109355,134825,0.6478977372220204,0
2023-07-28 10:52:28,2586.85,207062,8,2584.7,109355,134825,0.6615172091756328,0
2023-07-28 10:52:31,2586.85,207092,8,2584.7,109187,134799,0.6615172091756328,0
2023-07-28 10:52:31,2586.7,207092,2,2584.7,109187,134799,0.6556802926240796,0
2023-07-28 10:52:35,2586.6,207094,6,2584.7,108952,134795,0.65178901492305,0
2023-07-28 10:52:35,2586.8,207094,15,2584.7,108952,134795,0.6595715703251269,0
2023-07-28 10:52:41,2586.8,207219,15,2584.7,108988,134767,0.6595715703251269,0
2023-07-28 10:52:41,2586.7,207219,3,2584.7,108988,134767,0.6556802926240796,0
2023-07-28 10:52:41,2586.95,207219,2,2584.7,108988,134767,0.6654084868766624,0
2023-07-28 10:52:46,2586.95,207574,173,2584.71,109132,134608,0.6654084868766624,0
2023-07-28 10:52:46,2586.7,207574,10,2584.71,109132,134608,0.6556802926240796,0
2023-07-28 10:52:51,2586.95,207615,2,2584.71,109053,134615,0.6654084868766624,0
2023-07-28 10:52:51,2586.7,207615,1,2584.71,109053,134615,0.6556802926240796,0
2023-07-28 10:52:51,2586.7,207615,1,2584.71,109053,134615,0.6556802926240796,0
2023-07-28 10:52:51,2586.95,207615,3,2584.71,109053,134615,0.6654084868766624,0
2023-07-28 10:52:53,2586.95,207692,3,2584.71,109008,134601,0.6654084868766624,0
2023-07-28 10:52:53,2586.7,207692,2,2584.71,109008,134601,0.6556802926240796,0
2023-07-28 10:52:53,2586.7,207692,1,2584.71,109008,134601,0.6556802926240796,0
2023-07-28 10:52:57,2586.7,207695,1,2584.71,108835,133301,0.6556802926240796,0
2023-07-28 10:52:57,2586.95,207695,5,2584.71,108835,133301,0.6654084868766624,0
2023-07-28 10:53:01,2586.95,207700,5,2584.71,108849,134703,0.6654084868766624,0
2023-07-28 10:53:01,2586.95,207700,20,2584.71,108849,134703,0.6654084868766624,0
2023-07-28 10:53:01,2586.7,207700,1,2584.71,108849,134703,0.6556802926240796,0
2023-07-28 10:53:05,2586.7,207781,1,2584.71,108833,134623,0.6556802926240796,0
2023-07-28 10:53:05,2586.7,207781,1,2584.71,108823,134543,0.6556802926240796,0
2023-07-28 10:53:08,2586.7,207786,2,2584.71,108826,134544,0.6556802926240796,0
2023-07-28 10:53:08,2587.0,207786,81,2584.71,108826,134544,0.6673541257271861,0
2023-07-28 10:53:09,2587.0,207867,81,2584.71,109032,134482,0.6673541257271861,0
2023-07-28 10:53:11,2587.3,207947,8,2584.71,108969,134461,0.6790279588302925,0
2023-07-28 10:53:11,2587.3,207947,8,2584.71,108969,134478,0.6790279588302925,0
2023-07-28 10:53:11,2587.3,207947,8,2584.71,109005,134463,0.6790279588302925,0
2023-07-28 10:53:13,2587.45,207982,2,2584.71,109010,134478,0.6848648753818282,0
2023-07-28 10:53:13,2587.45,207982,2,2584.71,109112,134735,0.6848648753818282,0
2023-07-28 10:53:13,2587.45,207982,3,2584.71,109112,134735,0.6848648753818282,0
2023-07-28 10:53:15,2587.45,208036,2,2584.71,109175,134644,0.6848648753818282,0
2023-07-28 10:53:15,2587.45,208036,2,2584.71,109175,134678,0.6848648753818282,0
2023-07-28 10:53:15,2587.45,208036,2,2584.71,109175,134626,0.6848648753818282,0
2023-07-28 10:53:15,2587.45,208036,14,2584.71,109175,134626,0.6848648753818282,0
2023-07-28 10:53:17,2587.55,208050,2,2584.71,109202,134646,0.6887561530828754,0
2023-07-28 10:53:18,2587.55,208053,2,2584.71,109129,134596,0.6887561530828754,0
2023-07-28 10:53:20,2587.55,208445,3,2584.72,109119,134565,0.6887561530828754,0
2023-07-28 10:53:20,2587.55,208445,3,2584.72,109119,134565,0.6887561530828754,0
2023-07-28 10:53:21,2586.75,208495,32,2584.72,109117,134664,0.6576259314746032,0
2023-07-28 10:53:21,2586.75,208495,32,2584.72,109117,134664,0.6576259314746032,0
2023-07-28 10:53:21,2586.75,208495,32,2584.72,109117,134664,0.6576259314746032,0
2023-07-28 10:53:22,2587.55,208497,2,2584.72,109090,134635,0.6887561530828754,0
2023-07-28 10:53:22,2587.55,208497,2,2584.72,109090,134635,0.6887561530828754,0
2023-07-28 10:53:22,2587.55,208497,2,2584.72,109090,134640,0.6887561530828754,0
2023-07-28 10:53:22,2587.55,208497,2,2584.72,109090,134641,0.6887561530828754,0
2023-07-28 10:53:22,2586.75,208497,1,2584.72,109090,134641,0.6576259314746032,0
2023-07-28 10:53:25,2586.75,208502,1,2584.72,109117,134634,0.6576259314746032,0
2023-07-28 10:53:25,2586.75,208502,1,2584.72,109117,134634,0.6576259314746032,0
2023-07-28 10:53:26,2586.75,208503,1,2584.72,109116,134723,0.6576259314746032,0
2023-07-28 10:53:28,2587.55,208521,18,2584.72,109135,134716,0.6887561530828754,0
2023-07-28 10:53:28,2587.55,208521,18,2584.72,109135,134716,0.6887561530828754,0
2023-07-28 10:53:28,2587.55,208521,18,2584.72,109135,134716,0.6887561530828754,0
2023-07-28 10:53:28,2587.55,208521,10,2584.72,109135,134716,0.6887561530828754,0
2023-07-28 10:53:31,2587.55,208531,10,2584.72,109200,134704,0.6887561530828754,0
2023-07-28 10:53:32,2587.55,208532,1,2584.72,109171,134732,0.6887561530828754,0
2023-07-28 10:53:32,2587.55,208532,1,2584.72,109171,134792,0.6887561530828754,0
2023-07-28 10:53:32,2587.55,208532,1,2584.72,109173,134792,0.6887561530828754,0
2023-07-28 10:53:37,2587.55,208533,1,2584.72,109123,134686,0.6887561530828754,0
2023-07-28 10:53:37,2587.55,208533,1,2584.72,109128,135320,0.6887561530828754,0
2023-07-28 10:53:37,2587.55,208533,1,2584.72,109192,135206,0.6887561530828754,0
2023-07-28 10:53:41,2587.45,208537,4,2584.72,109102,135210,0.6848648753818282,0
2023-07-28 10:53:41,2587.45,208537,4,2584.72,109100,135214,0.6848648753818282,0
2023-07-28 10:53:41,2587.45,208537,4,2584.72,109101,135297,0.6848648753818282,0
2023-07-28 10:53:41,2587.45,208537,4,2584.72,109100,135292,0.6848648753818282,0
2023-07-28 10:53:41,2587.45,208537,4,2584.72,109125,135330,0.6848648753818282,0
2023-07-28 10:53:41,2587.45,208537,4,2584.72,109125,135332,0.6848648753818282,0
2023-07-28 10:53:41,2587.45,208537,4,2584.72,109186,133618,0.6848648753818282,0
2023-07-28 10:53:41,2587.45,208537,4,2584.72,109141,135327,0.6848648753818282,0
2023-07-28 10:53:51,2587.35,208584,20,2584.72,109061,135159,0.6809735976807985,0
2023-07-28 10:53:51,2587.45,208584,1,2584.72,109090,133253,0.6848648753818282,0
2023-07-28 10:53:51,2587.45,208584,5,2584.72,109090,133253,0.6848648753818282,0
2023-07-28 10:53:53,2587.45,208642,5,2584.72,109035,134894,0.6848648753818282,0
2023-07-28 10:53:53,2587.45,208642,5,2584.72,109133,135191,0.6848648753818282,0
2023-07-28 10:53:53,2587.45,208642,5,2584.72,109148,133575,0.6848648753818282,0
2023-07-28 10:53:53,2587.45,208642,5,2584.72,109209,134791,0.6848648753818282,0
2023-07-28 10:53:53,2587.4,208642,1,2584.72,109209,134791,0.6829192365313221,0
2023-07-28 10:53:56,2587.4,208643,1,2584.72,109211,134757,0.6829192365313221,0
2023-07-28 10:53:56,2587.4,208643,1,2584.72,109144,134888,0.6829192365313221,0
2023-07-28 10:53:59,2587.4,208646,3,2584.72,109148,134754,0.6829192365313221,0
2023-07-28 10:53:59,2587.4,208646,5,2584.72,109148,134754,0.6829192365313221,0
2023-07-28 10:54:00,2587.4,208651,5,2584.72,109393,134593,0.6829192365313221,0
2023-07-28 10:54:00,2587.4,208651,11,2584.72,109393,134593,0.6829192365313221,0
2023-07-28 10:54:01,2587.4,208726,11,2584.72,109538,134629,0.6829192365313221,0
2023-07-28 10:54:01,2587.4,208726,11,2584.72,109538,134656,0.6829192365313221,0
2023-07-28 10:54:01,2587.0,208726,1,2584.72,109538,134656,0.6673541257271861,0
2023-07-28 10:54:03,2587.0,208737,1,2584.72,109455,134662,0.6673541257271861,0
2023-07-28 10:54:03,2587.0,208737,1,2584.72,109359,134658,0.6673541257271861,0
2023-07-28 10:54:03,2587.0,208737,1,2584.72,109359,134643,0.6673541257271861,0
2023-07-28 10:54:03,2587.0,208737,1,2584.72,109020,134643,0.6673541257271861,0
2023-07-28 10:54:03,2587.0,208737,1,2584.72,109033,134643,0.6673541257271861,0
2023-07-28 10:54:10,2587.4,208742,5,2584.72,108922,134658,0.6829192365313221,0
2023-07-28 10:54:10,2587.55,208742,11,2584.72,108922,134658,0.6887561530828754,0
2023-07-28 10:54:11,2587.55,208876,11,2584.72,108925,134689,0.6887561530828754,0
2023-07-28 10:54:13,2587.0,208879,3,2584.72,109044,134678,0.6673541257271861,0
2023-07-28 10:54:13,2587.0,208879,3,2584.72,109065,134667,0.6673541257271861,0
2023-07-28 10:54:13,2587.55,208879,4,2584.72,109065,134667,0.6887561530828754,0
2023-07-28 10:54:14,2587.55,208899,4,2584.72,108961,134961,0.6887561530828754,0
2023-07-28 10:54:14,2587.55,208899,4,2584.72,108981,134961,0.6887561530828754,0
2023-07-28 10:54:14,2587.55,208899,4,2584.72,108987,134966,0.6887561530828754,0
2023-07-28 10:54:14,2587.55,208899,4,2584.72,108987,134969,0.6887561530828754,0
2023-07-28 10:54:14,2587.55,208899,4,2584.72,108937,134989,0.6887561530828754,0
2023-07-28 10:54:14,2587.55,208899,4,2584.72,108937,134989,0.6887561530828754,0
2023-07-28 10:54:22,2587.6,208900,1,2584.72,108937,134988,0.6907017919333813,0
2023-07-28 10:54:22,2587.6,208900,1,2584.72,108937,134990,0.6907017919333813,0
2023-07-28 10:54:25,2587.75,208930,19,2584.72,109028,134900,0.6965387084849346,0
2023-07-28 10:54:25,2587.75,208930,19,2584.72,109028,134600,0.6965387084849346,0
2023-07-28 10:54:25,2587.75,208930,19,2584.72,108818,134585,0.6965387084849346,0
2023-07-28 10:54:27,2587.2,208932,2,2584.72,108962,134592,0.6751366811292453,0
2023-07-28 10:54:27,2587.2,208932,2,2584.72,108981,134660,0.6751366811292453,0
2023-07-28 10:54:27,2587.2,208932,1,2584.72,108981,134660,0.6751366811292453,0
2023-07-28 10:54:31,2587.2,208971,1,2584.72,108945,134623,0.6751366811292453,0
2023-07-28 10:54:32,2587.2,209024,1,2584.72,108943,134647,0.6751366811292453,0
2023-07-28 10:54:32,2587.2,209024,1,2584.72,108948,134636,0.6751366811292453,0
2023-07-28 10:54:32,2587.2,209024,2,2584.72,108948,134636,0.6751366811292453,0
2023-07-28 10:54:34,2587.2,209026,2,2584.72,108811,134789,0.6751366811292453,0
2023-07-28 10:54:34,2587.2,209026,2,2584.72,108776,134935,0.6751366811292453,0
2023-07-28 10:54:34,2587.45,209026,24,2584.72,108801,134935,0.6848648753818282,0
2023-07-28 10:54:37,2587.45,209101,24,2584.73,108946,135062,0.6848648753818282,0
2023-07-28 10:54:37,2587.45,209101,24,2584.73,108994,135203,0.6848648753818282,0
2023-07-28 10:54:39,2587.45,209102,1,2584.73,109004,134903,0.6848648753818282,0
2023-07-28 10:54:39,2587.45,209102,1,2584.73,108983,135494,0.6848648753818282,0
2023-07-28 10:54:39,2587.45,209102,1,2584.73,108983,135323,0.6848648753818282,0
2023-07-28 10:54:39,2587.45,209102,1,2584.73,108999,135293,0.6848648753818282,0
2023-07-28 10:54:39,2587.3,209102,1,2584.73,108999,135293,0.6790279588302925,0
2023-07-28 10:54:43,2587.3,209103,1,2584.73,109079,135319,0.6790279588302925,0
2023-07-28 10:54:43,2587.9,209103,28,2584.73,109079,135319,0.7023756250364879,0
2023-07-28 10:54:45,2587.9,209131,28,2584.73,109053,135319,0.7023756250364879,0
2023-07-28 10:54:45,2587.9,209131,28,2584.73,108985,135537,0.7023756250364879,0
2023-07-28 10:54:45,2587.9,209131,28,2584.73,108966,135558,0.7023756250364879,0
2023-07-28 10:54:45,2587.85,209131,62,2584.73,108966,135558,0.7004299861859642,0
2023-07-28 10:54:48,2587.85,209194,1,2584.73,108762,135603,0.7004299861859642,0
2023-07-28 10:54:48,2587.3,209194,3,2584.73,108772,135750,0.6790279588302925,0
2023-07-28 10:54:50,2587.3,209198,3,2584.73,108921,135897,0.6790279588302925,0
2023-07-28 10:54:50,2587.3,209198,3,2584.73,108911,135903,0.6790279588302925,0
2023-07-28 10:54:50,2587.3,209198,3,2584.73,108922,135873,0.6790279588302925,0
2023-07-28 10:54:50,2587.3,209198,3,2584.73,108739,136328,0.6790279588302925,0
2023-07-28 10:54:50,2587.3,209198,3,2584.73,108948,136464,0.6790279588302925,0
2023-07-28 10:54:50,2587.8,209198,51,2584.73,108948,136595,0.6984843473354583,0
2023-07-28 10:54:59,2587.3,209326,4,2584.73,108948,136569,0.6790279588302925,0
2023-07-28 10:54:59,2587.3,209326,4,2584.73,108980,136000,0.6790279588302925,0
2023-07-28 10:54:59,2587.8,209326,2,2584.73,108980,136000,0.6984843473354583,0
2023-07-28 10:55:00,2587.8,209328,2,2584.73,108977,136207,0.6984843473354583,0
2023-07-28 10:55:00,2587.3,209328,12,2584.73,108977,136207,0.6790279588302925,0
2023-07-28 10:55:02,2587.3,209340,12,2584.73,108929,136651,0.6790279588302925,0
2023-07-28 10:55:02,2587.8,209340,1,2584.73,108929,136653,0.6984843473354583,0
2023-07-28 10:55:04,2587.8,209341,1,2584.73,108953,136351,0.6984843473354583,0
2023-07-28 10:55:04,2587.8,209341,1,2584.73,108953,136351,0.6984843473354583,0
2023-07-28 10:55:04,2587.8,209341,25,2584.73,108953,136351,0.6984843473354583,0
2023-07-28 10:55:06,2587.8,209367,25,2584.73,108785,136276,0.6984843473354583,0
2023-07-28 10:55:06,2587.8,209367,1,2584.73,108785,136276,0.6984843473354583,0
2023-07-28 10:55:10,2587.8,209368,1,2584.73,108996,136244,0.6984843473354583,0
2023-07-28 10:55:10,2587.8,209368,1,2584.73,108996,136244,0.6984843473354583,0
2023-07-28 10:55:14,2587.8,209369,1,2584.73,109270,136503,0.6984843473354583,0
2023-07-28 10:55:14,2587.8,209369,23,2584.73,109270,136503,0.6984843473354583,0
2023-07-28 10:55:19,2587.8,209392,23,2584.73,109250,136552,0.6984843473354583,0
2023-07-28 10:55:19,2587.8,209392,2,2584.73,109250,136552,0.6984843473354583,0
2023-07-28 10:55:19,2587.8,209392,15,2584.73,109250,136552,0.6984843473354583,0
2023-07-28 10:55:19,2587.8,209392,4,2584.73,109250,136552,0.6984843473354583,0
2023-07-28 10:55:19,2587.8,209392,18,2584.73,109250,136552,0.6984843473354583,0
2023-07-28 10:55:19,2587.75,209392,4,2584.73,109250,136552,0.6965387084849346,0
2023-07-28 10:55:26,2587.75,209967,16,2584.74,108607,137034,0.6965387084849346,0
2023-07-28 10:55:26,2587.75,209967,4,2584.74,108607,137034,0.6965387084849346,0
2023-07-28 10:55:28,2587.8,209971,4,2584.74,108931,136856,0.6984843473354583,0
2023-07-28 10:55:28,2587.85,209971,5,2584.74,108931,136856,0.7004299861859642,0
2023-07-28 10:55:32,2587.85,210025,5,2584.74,108909,136973,0.7004299861859642,0
2023-07-28 10:55:32,2587.3,210025,1,2584.74,108909,136973,0.6790279588302925,0
2023-07-28 10:55:32,2587.75,210025,20,2584.74,108909,136973,0.6965387084849346,0
2023-07-28 10:55:39,2587.75,210046,20,2584.74,108909,136653,0.6965387084849346,0
2023-07-28 10:55:39,2587.3,210046,48,2584.74,108909,136653,0.6790279588302925,0
2023-07-28 10:55:39,2587.2,210046,20,2584.74,108909,136653,0.6751366811292453,0
2023-07-28 10:55:39,2587.2,210046,11,2584.74,108909,136653,0.6751366811292453,0
2023-07-28 10:55:39,2587.2,210046,3,2584.74,108909,136653,0.6751366811292453,0
2023-07-28 10:55:43,2587.2,210129,3,2584.74,108708,136782,0.6751366811292453,0
2023-07-28 10:55:43,2587.2,210129,8,2584.74,108708,136782,0.6751366811292453,0
2023-07-28 10:55:43,2587.0,210129,1,2584.74,108708,136782,0.6673541257271861,0
2023-07-28 10:55:46,2587.0,210139,1,2584.74,108721,136914,0.6673541257271861,0
2023-07-28 10:55:46,2587.0,210139,1,2584.74,108721,136914,0.6673541257271861,0
2023-07-28 10:55:53,2587.0,210271,17,2584.74,108696,136907,0.6673541257271861,0
2023-07-28 10:55:53,2587.0,210271,17,2584.74,108780,136951,0.6673541257271861,0
2023-07-28 10:55:53,2586.75,210271,2,2584.74,108780,136951,0.6576259314746032,0
2023-07-28 10:55:53,2587.0,210271,1,2584.74,108780,136951,0.6673541257271861,0
2023-07-28 10:55:53,2586.15,210271,37,2584.74,108780,136951,0.634278265268408,0
2023-07-28 10:56:01,2586.6,210443,25,2584.74,108078,136454,0.65178901492305,0
2023-07-28 10:56:01,2586.6,210443,25,2584.74,108218,136386,0.65178901492305,0
2023-07-28 10:56:01,2586.6,210443,25,2584.74,108154,136481,0.65178901492305,0
2023-07-28 10:56:01,2586.0,210443,3,2584.74,108154,136481,0.6284413487168548,0
2023-07-28 10:56:08,2586.0,210453,3,2584.74,107889,136541,0.6284413487168548,0
2023-07-28 10:56:08,2586.0,210453,3,2584.74,107889,136450,0.6284413487168548,0
2023-07-28 10:56:12,2586.0,210456,1,2584.74,107875,136482,0.6284413487168548,0
2023-07-28 10:56:12,2586.0,210456,1,2584.74,107875,136482,0.6284413487168548,0
2023-07-28 10:56:12,2586.0,210459,1,2584.74,107876,136483,0.6284413487168548,0
2023-07-28 10:56:12,2586.0,210459,1,2584.74,107924,136460,0.6284413487168548,0
2023-07-28 10:56:12,2586.0,210459,1,2584.74,107924,136398,0.6284413487168548,0
2023-07-28 10:56:12,2586.0,210459,1,2584.74,107926,136517,0.6284413487168548,0
2023-07-28 10:56:12,2586.0,210459,1,2584.74,107928,136504,0.6284413487168548,0
2023-07-28 10:56:12,2586.0,210459,1,2584.74,108149,136500,0.6284413487168548,0
2023-07-28 10:56:12,2586.65,210459,2,2584.74,108156,136211,0.6537346537735736,0
2023-07-28 10:56:12,2586.65,210459,2,2584.74,108156,136211,0.6537346537735736,0
2023-07-28 10:56:20,2586.65,210461,2,2584.74,108132,136790,0.6537346537735736,0
2023-07-28 10:56:20,2586.65,210461,5,2584.74,108132,136790,0.6537346537735736,0
2023-07-28 10:56:22,2586.65,210466,5,2584.74,108104,136488,0.6537346537735736,0
2023-07-28 10:56:22,2586.65,210466,5,2584.74,108104,136488,0.6537346537735736,0
2023-07-28 10:56:22,2586.65,210466,5,2584.74,108158,136790,0.6537346537735736,0
2023-07-28 10:56:22,2586.65,210466,5,2584.74,108536,133439,0.6537346537735736,0
2023-07-28 10:56:22,2586.65,210466,5,2584.74,108536,133439,0.6537346537735736,0
2023-07-28 10:56:26,2587.0,210467,1,2584.74,108502,136438,0.6673541257271861,0
2023-07-28 10:56:26,2587.0,210492,2,2584.74,108440,136751,0.6673541257271861,0
2023-07-28 10:56:27,2587.0,210493,1,2584.74,108358,136886,0.6673541257271861,0
2023-07-28 10:56:27,2587.0,210493,1,2584.74,108807,136562,0.6673541257271861,0
2023-07-28 10:56:27,2587.0,210493,1,2584.74,108771,136222,0.6673541257271861,0
2023-07-28 10:56:27,2587.0,210493,1,2584.74,109015,136132,0.6673541257271861,0
2023-07-28 10:56:27,2587.0,210493,3,2584.74,109015,136132,0.6673541257271861,0
2023-07-28 10:56:27,2586.8,210493,1,2584.74,109015,136132,0.6595715703251269,0
2023-07-28 10:56:33,2587.0,210503,6,2584.74,109146,136150,0.6673541257271861,0
2023-07-28 10:56:33,2587.0,210544,35,2584.74,109199,135941,0.6673541257271861,0
2023-07-28 10:56:33,2587.2,210544,2,2584.74,109199,135941,0.6751366811292453,0
2023-07-28 10:56:34,2587.2,210573,2,2584.74,108861,136120,0.6751366811292453,0
2023-07-28 10:56:34,2587.1,210573,30,2584.74,108567,136394,0.6712454034282157,0
2023-07-28 10:56:37,2587.7,210608,5,2584.74,108554,136693,0.6945930696344109,0
2023-07-28 10:56:37,2587.7,210608,5,2584.74,108522,136654,0.6945930696344109,0
2023-07-28 10:56:40,2587.15,210613,1,2584.74,108607,136468,0.6731910422787393,0
2023-07-28 10:56:41,2586.95,210622,4,2584.74,108603,136480,0.6654084868766624,0
2023-07-28 10:56:41,2586.95,210622,4,2584.74,108689,136485,0.6654084868766624,0
2023-07-28 10:56:41,2586.95,210622,4,2584.74,108689,136517,0.6654084868766624,0
2023-07-28 10:56:41,2586.95,210622,4,2584.74,108671,136471,0.6654084868766624,0
2023-07-28 10:56:41,2586.95,210622,4,2584.74,108671,136469,0.6654084868766624,0
2023-07-28 10:56:41,2586.95,210622,4,2584.74,108671,136469,0.6654084868766624,0
2023-07-28 10:56:41,2586.95,210622,4,2584.74,108671,136479,0.6654084868766624,0
2023-07-28 10:56:41,2586.95,210622,4,2584.74,108671,136485,0.6654084868766624,0
2023-07-28 10:56:41,2586.95,210622,4,2584.74,108668,136805,0.6654084868766624,0
2023-07-28 10:56:41,2586.95,210622,4,2584.74,108668,136795,0.6654084868766624,0
2023-07-28 10:56:41,2586.95,210622,4,2584.74,108668,136795,0.6654084868766624,0
2023-07-28 10:56:41,2586.95,210622,4,2584.74,108668,136820,0.6654084868766624,0
2023-07-28 10:56:41,2586.95,210622,4,2584.74,108668,136825,0.6654084868766624,0
2023-07-28 10:56:41,2586.95,210622,4,2584.74,108627,136538,0.6654084868766624,0
2023-07-28 10:56:41,2586.95,210622,4,2584.74,108759,136965,0.6654084868766624,0
2023-07-28 10:56:41,2586.95,210622,4,2584.74,108760,136950,0.6654084868766624,0
2023-07-28 10:56:41,2586.95,210622,4,2584.74,108760,136950,0.6654084868766624,0
2023-07-28 10:56:41,2586.95,210622,4,2584.74,108713,136968,0.6654084868766624,0
2023-07-28 10:56:41,2586.95,210622,4,2584.74,108716,136965,0.6654084868766624,0
2023-07-28 10:56:41,2586.95,210622,4,2584.74,108726,137016,0.6654084868766624,0
2023-07-28 10:56:41,2586.95,210622,4,2584.74,108726,137028,0.6654084868766624,0
2023-07-28 10:56:41,2586.95,210622,4,2584.74,108726,137028,0.6654084868766624,0
2023-07-28 10:56:41,2586.95,210622,4,2584.74,108726,137028,0.6654084868766624,0
2023-07-28 10:56:41,2586.95,210622,1,2584.74,108726,137028,0.6654084868766624,0
2023-07-28 10:57:05,2586.95,210645,1,2584.75,109063,136541,0.6654084868766624,0
2023-07-28 10:57:05,2586.95,210645,1,2584.75,109076,136543,0.6654084868766624,0
2023-07-28 10:57:05,2586.95,210645,1,2584.75,109076,136543,0.6654084868766624,0
2023-07-28 10:57:05,2586.95,210645,1,2584.75,109076,136543,0.6654084868766624,0
2023-07-28 10:57:05,2586.95,210645,1,2584.75,109015,136543,0.6654084868766624,0
2023-07-28 10:57:05,2586.95,210645,1,2584.75,109015,136543,0.6654084868766624,0
2023-07-28 10:57:05,2586.95,210645,1,2584.75,109015,136543,0.6654084868766624,0
2023-07-28 10:57:05,2586.95,210645,1,2584.75,109037,136543,0.6654084868766624,0
2023-07-28 10:57:15,2587.15,210659,14,2584.75,109137,136487,0.6731910422787393,0
2023-07-28 10:57:15,2587.15,210659,14,2584.75,109107,136487,0.6731910422787393,0
2023-07-28 10:57:15,2587.15,210659,14,2584.75,109036,136487,0.6731910422787393,0
2023-07-28 10:57:15,2587.15,210659,14,2584.75,109045,136570,0.6731910422787393,0
2023-07-28 10:57:15,2587.15,210659,14,2584.75,109052,136570,0.6731910422787393,0
2023-07-28 10:57:15,2587.15,210659,14,2584.75,106052,135071,0.6731910422787393,0
2023-07-28 10:57:15,2586.95,210659,1,2584.75,106052,135071,0.6654084868766624,0
2023-07-28 10:57:21,2586.95,210660,1,2584.75,106037,135022,0.6654084868766624,0
2023-07-28 10:57:21,2586.95,210660,1,2584.75,106038,134997,0.6654084868766624,0
2023-07-28 10:57:21,2586.95,210660,1,2584.75,106038,134997,0.6654084868766624,0
2023-07-28 10:57:21,2586.95,210660,1,2584.75,106038,135091,0.6654084868766624,0
2023-07-28 10:57:21,2586.95,210660,6,2584.75,106038,135091,0.6654084868766624,0
2023-07-28 10:57:26,2586.95,210857,6,2584.75,105638,135419,0.6654084868766624,0
2023-07-28 10:57:26,2586.95,210857,6,2584.75,105552,135422,0.6654084868766624,0
2023-07-28 10:57:26,2586.95,210857,6,2584.75,105560,135422,0.6654084868766624,0
2023-07-28 10:57:26,2586.95,210857,6,2584.75,105560,135422,0.6654084868766624,0
2023-07-28 10:57:26,2586.95,210857,1,2584.75,105560,135422,0.6654084868766624,0
2023-07-28 10:57:30,2586.95,210880,1,2584.75,105563,137212,0.6654084868766624,0
2023-07-28 10:57:30,2586.95,210880,1,2584.75,108563,137191,0.6654084868766624,0
2023-07-28 10:57:32,2586.95,210907,10,2584.75,108399,136913,0.6654084868766624,0
2023-07-28 10:57:32,2587.05,210907,4,2584.75,108399,136913,0.6692997645777097,0
2023-07-28 10:57:33,2586.95,210911,10,2584.75,108462,137286,0.6654084868766624,0
2023-07-28 10:57:34,2586.95,210921,10,2584.75,108405,137311,0.6654084868766624,0
2023-07-28 10:57:34,2586.95,210921,10,2584.75,108405,137220,0.6654084868766624,0
2023-07-28 10:57:34,2586.95,210921,10,2584.75,108441,137320,0.6654084868766624,0
2023-07-28 10:57:37,2586.4,210961,36,2584.75,108437,137320,0.6440064595209908,0
2023-07-28 10:57:37,2586.4,210961,36,2584.75,108459,137339,0.6440064595209908,0
2023-07-28 10:57:37,2586.4,210961,36,2584.75,108459,137289,0.6440064595209908,0
2023-07-28 10:57:37,2586.4,210961,36,2584.75,108451,137289,0.6440064595209908,0
2023-07-28 10:57:37,2586.4,210961,36,2584.75,108451,137289,0.6440064595209908,0
2023-07-28 10:57:37,2586.4,210961,36,2584.75,108451,137339,0.6440064595209908,0
2023-07-28 10:57:37,2586.4,210961,36,2584.75,108551,137380,0.6440064595209908,0
2023-07-28 10:57:37,2586.4,210961,36,2584.75,108551,137380,0.6440064595209908,0
2023-07-28 10:57:37,2586.4,210961,36,2584.75,108546,137380,0.6440064595209908,0
2023-07-28 10:57:37,2586.4,210961,36,2584.75,108546,137377,0.6440064595209908,0
2023-07-28 10:57:37,2586.4,210961,36,2584.75,108548,137383,0.6440064595209908,0
2023-07-28 10:57:48,2587.0,210962,1,2584.75,108548,137314,0.6673541257271861,0
2023-07-28 10:57:48,2587.0,210962,1,2584.75,108548,137332,0.6673541257271861,0
2023-07-28 10:57:48,2587.0,210962,1,2584.75,108548,137334,0.6673541257271861,0
2023-07-28 10:57:48,2587.0,210962,1,2584.75,108548,137334,0.6673541257271861,0
2023-07-28 10:57:48,2587.0,210962,1,2584.75,108548,137344,0.6673541257271861,0
2023-07-28 10:57:48,2587.0,210962,1,2584.75,108548,137344,0.6673541257271861,0
2023-07-28 10:57:48,2587.0,210962,1,2584.75,108548,137344,0.6673541257271861,0
2023-07-28 10:57:48,2587.0,210962,1,2584.75,108573,137283,0.6673541257271861,0
2023-07-28 10:57:48,2587.0,210962,1,2584.75,108573,137283,0.6673541257271861,0
2023-07-28 10:57:48,2587.0,210962,1,2584.75,108573,137283,0.6673541257271861,0
2023-07-28 10:57:48,2587.0,210962,1,2584.75,108589,137025,0.6673541257271861,0
2023-07-28 10:57:48,2587.0,210962,1,2584.75,108637,136762,0.6673541257271861,0
2023-07-28 10:57:48,2587.0,210962,1,2584.75,108642,136975,0.6673541257271861,0
2023-07-28 10:57:48,2587.0,210962,1,2584.75,108642,136975,0.6673541257271861,0
2023-07-28 10:57:48,2587.0,210962,1,2584.75,108642,136975,0.6673541257271861,0
2023-07-28 10:57:48,2587.0,210962,55,2584.75,108642,136975,0.6673541257271861,0
2023-07-28 10:58:05,2587.0,211062,55,2584.75,108739,136886,0.6673541257271861,0
2023-07-28 10:58:05,2587.0,211062,4,2584.75,108739,136886,0.6673541257271861,0
2023-07-28 10:58:07,2586.4,211071,5,2584.75,108633,137016,0.6440064595209908,0
2023-07-28 10:58:07,2587.0,211071,41,2584.75,108633,137016,0.6673541257271861,0
2023-07-28 10:58:07,2586.4,211071,178,2584.75,108633,137016,0.6440064595209908,0
2023-07-28 10:58:07,2586.4,211071,3,2584.75,108633,137016,0.6440064595209908,0
2023-07-28 10:58:10,2586.4,211471,12,2584.75,108651,136908,0.6440064595209908,0
2023-07-28 10:58:10,2586.95,211471,20,2584.75,108651,136908,0.6654084868766624,0
2023-07-28 10:58:14,2587.1,211704,109,2584.76,108522,136734,0.6712454034282157,0
2023-07-28 10:58:14,2586.15,211704,1,2584.76,108522,136734,0.634278265268408,0
2023-07-28 10:58:18,2587.1,211724,3,2584.76,108530,136802,0.6712454034282157,0
2023-07-28 10:58:18,2587.1,211724,3,2584.76,108536,136769,0.6712454034282157,0
2023-07-28 10:58:18,2587.0,211724,1,2584.76,108536,136769,0.6673541257271861,0
2023-07-28 10:58:24,2587.0,211726,1,2584.76,108572,136787,0.6673541257271861,0
2023-07-28 10:58:24,2586.15,211726,10,2584.76,108572,136787,0.634278265268408,0
2023-07-28 10:58:30,2586.15,211741,10,2584.76,108632,136523,0.634278265268408,0
2023-07-28 10:58:30,2586.15,211741,1,2584.76,108632,136523,0.634278265268408,0
2023-07-28 10:58:34,2586.15,211742,1,2584.76,108639,136494,0.634278265268408,0
2023-07-28 10:58:34,2586.15,211742,1,2584.76,108685,136600,0.634278265268408,0
2023-07-28 10:58:34,2586.15,211742,7,2584.76,108685,136600,0.634278265268408,0
2023-07-28 10:58:41,2586.15,211761,7,2584.76,108494,136701,0.634278265268408,0
2023-07-28 10:58:41,2586.7,211761,15,2584.76,108494,136701,0.6556802926240796,0
2023-07-28 10:58:41,2586.7,211761,1,2584.76,108494,136701,0.6556802926240796,0
2023-07-28 10:58:41,2586.7,211761,1,2584.76,108494,136701,0.6556802926240796,0
2023-07-28 10:58:47,2586.7,211778,1,2584.76,108476,136808,0.6556802926240796,0
2023-07-28 10:58:54,2586.7,211779,1,2584.76,108120,137158,0.6556802926240796,0
2023-07-28 10:58:54,2586.7,211779,2,2584.76,108120,137158,0.6556802926240796,0
2023-07-28 10:58:58,2586.7,211781,2,2584.76,108124,137171,0.6556802926240796,0
2023-07-28 10:58:58,2586.7,211781,3,2584.76,108124,137171,0.6556802926240796,0
2023-07-28 10:59:02,2586.7,211784,3,2584.76,108197,137161,0.6556802926240796,0
2023-07-28 10:59:02,2586.7,211784,3,2584.76,108155,137155,0.6556802926240796,0
2023-07-28 10:59:02,2586.7,211784,3,2584.76,108166,137190,0.6556802926240796,0
2023-07-28 10:59:02,2586.7,211784,3,2584.76,108174,137234,0.6556802926240796,0
2023-07-28 10:59:02,2586.7,211784,3,2584.76,108217,137287,0.6556802926240796,0
2023-07-28 10:59:02,2586.7,211784,3,2584.76,108217,137287,0.6556802926240796,0
2023-07-28 10:59:02,2586.7,211784,3,2584.76,108217,137287,0.6556802926240796,0
2023-07-28 10:59:02,2586.7,211784,3,2584.76,108217,137287,0.6556802926240796,0
2023-07-28 10:59:02,2586.7,211784,3,2584.76,108217,137287,0.6556802926240796,0
2023-07-28 10:59:21,2586.7,211787,3,2584.76,108579,135879,0.6556802926240796,0
2023-07-28 10:59:21,2586.7,211787,3,2584.76,108579,135879,0.6556802926240796,0
2023-07-28 10:59:21,2586.7,211787,3,2584.76,108579,135879,0.6556802926240796,0
2023-07-28 10:59:21,2586.7,211787,3,2584.76,108579,135879,0.6556802926240796,0
2023-07-28 10:59:21,2586.7,211787,3,2584.76,108579,135879,0.6556802926240796,0
2023-07-28 10:59:21,2586.7,211787,3,2584.76,108579,135879,0.6556802926240796,0
2023-07-28 10:59:21,2586.7,211787,3,2584.76,108579,135879,0.6556802926240796,0
2023-07-28 10:59:28,2586.15,211807,2,2584.76,108648,137322,0.634278265268408,0
2023-07-28 10:59:28,2586.15,211807,56,2584.76,108648,137322,0.634278265268408,0
2023-07-28 10:59:28,2586.15,211807,1,2584.76,108648,137322,0.634278265268408,0
2023-07-28 10:59:31,2586.15,211909,1,2584.76,108508,137467,0.634278265268408,0
2023-07-28 10:59:36,2586.15,211916,5,2584.76,108621,137564,0.634278265268408,0
2023-07-28 10:59:36,2586.7,211916,5,2584.76,108621,137564,0.6556802926240796,0
2023-07-28 10:59:38,2586.7,211921,5,2584.76,108625,137559,0.6556802926240796,0
2023-07-28 10:59:38,2586.15,211921,14,2584.76,108625,137559,0.634278265268408,0
2023-07-28 10:59:38,2586.7,211921,1,2584.76,108625,137559,0.6556802926240796,0
2023-07-28 10:59:38,2586.15,211921,2,2584.76,108625,137559,0.634278265268408,0
2023-07-28 10:59:47,2585.9,211959,2,2584.76,108032,137953,0.6245500710158252,0
2023-07-28 10:59:47,2585.9,211959,2,2584.76,108032,137953,0.6245500710158252,0
2023-07-28 10:59:47,2586.65,211959,60,2584.76,108032,137953,0.6537346537735736,0
2023-07-28 10:59:51,2586.65,212109,60,2584.76,108085,137674,0.6537346537735736,0
2023-07-28 10:59:51,2586.65,212109,60,2584.76,108095,138459,0.6537346537735736,0
2023-07-28 10:59:51,2585.9,212109,57,2584.76,108095,138459,0.6245500710158252,0
2023-07-28 10:59:59,2585.9,212611,57,2584.76,107717,138838,0.6245500710158252,0
2023-07-28 10:59:59,2585.9,212611,4,2584.76,107717,138838,0.6245500710158252,0
2023-07-28 10:59:59,2586.65,212611,1,2584.76,107717,138838,0.6537346537735736,0
2023-07-28 10:59:59,2585.9,212611,39,2584.76,107717,138838,0.6245500710158252,0
2023-07-28 11:00:03,2586.55,212740,2,2584.76,104688,137336,0.649843376072544,0
2023-07-28 11:00:03,2585.9,212740,57,2584.76,104688,137336,0.6245500710158252,0
2023-07-28 11:00:05,2586.55,212801,4,2584.76,104688,137287,0.649843376072544,0
2023-07-28 11:00:06,2586.55,212805,4,2584.76,104704,137083,0.649843376072544,0
2023-07-28 11:00:06,2586.55,212805,4,2584.76,104706,137418,0.649843376072544,0
2023-07-28 11:00:06,2586.55,212805,4,2584.76,104692,137415,0.649843376072544,0
2023-07-28 11:00:06,2586.55,212805,4,2584.76,104692,137405,0.649843376072544,0
2023-07-28 11:00:06,2585.9,212805,1,2584.76,107694,138905,0.6245500710158252,0
2023-07-28 11:00:12,2585.9,212873,1,2584.76,107619,138944,0.6245500710158252,0
2023-07-28 11:00:12,2585.9,212873,12,2584.76,107619,138944,0.6245500710158252,0
2023-07-28 11:00:14,2585.9,212943,12,2584.76,107697,138911,0.6245500710158252,0
2023-07-28 11:00:14,2585.9,212943,1,2584.76,107697,138911,0.6245500710158252,0
2023-07-28 11:00:15,2585.9,212953,1,2584.76,107687,138914,0.6245500710158252,0
2023-07-28 11:00:15,2585.9,212953,13,2584.76,107687,138914,0.6245500710158252,0
2023-07-28 11:00:18,2585.5,213077,1,2584.76,107189,139121,0.608984960211689,0
2023-07-28 11:00:18,2585.3,213077,3,2584.76,107653,139069,0.6012024048096298,0
2023-07-28 11:00:20,2585.05,213307,35,2584.76,107022,138904,0.5914742105570471,0
2023-07-28 11:00:21,2585.0,213316,2,2584.76,107294,138858,0.5895285717065234,0
2023-07-28 11:00:21,2585.0,213316,2,2584.76,107388,138546,0.5895285717065234,0
2023-07-28 11:00:21,2585.0,213316,2,2584.76,107361,138638,0.5895285717065234,0
2023-07-28 11:00:21,2585.5,213316,1,2584.76,107361,138638,0.608984960211689,0
2023-07-28 11:00:25,2585.5,213341,1,2584.76,107371,138490,0.608984960211689,0
2023-07-28 11:00:25,2585.5,213341,1,2584.76,107371,138490,0.608984960211689,0
2023-07-28 11:00:25,2585.5,213341,1,2584.76,107371,138474,0.608984960211689,0
2023-07-28 11:00:25,2585.5,213341,1,2584.76,107371,138479,0.608984960211689,0
2023-07-28 11:00:25,2585.5,213341,1,2584.76,107342,136631,0.608984960211689,0
2023-07-28 11:00:25,2585.5,213341,1,2584.76,107318,138426,0.608984960211689,0
2023-07-28 11:00:25,2585.5,213341,1,2584.76,107318,138427,0.608984960211689,0
2023-07-28 11:00:25,2585.5,213341,1,2584.76,107318,138486,0.608984960211689,0
2023-07-28 11:00:25,2585.45,213341,23,2584.76,107318,138486,0.6070393213611655,0
2023-07-28 11:00:33,2585.0,213399,7,2584.76,107384,138808,0.5895285717065234,0
2023-07-28 11:00:33,2585.0,213399,7,2584.76,107384,138808,0.5895285717065234,0
2023-07-28 11:00:33,2585.0,213399,7,2584.76,107384,138829,0.5895285717065234,0
2023-07-28 11:00:33,2585.5,213399,2,2584.76,107384,138829,0.608984960211689,0
2023-07-28 11:00:37,2585.0,213406,5,2584.76,107170,138535,0.5895285717065234,0
2023-07-28 11:00:38,2585.5,213407,1,2584.76,107384,138535,0.608984960211689,0
2023-07-28 11:00:40,2585.5,213410,2,2584.76,107385,138452,0.608984960211689,0
2023-07-28 11:00:41,2585.55,213435,25,2584.76,107385,138537,0.6109305990622127,0
2023-07-28 11:00:41,2585.55,213435,25,2584.76,107477,138538,0.6109305990622127,0
2023-07-28 11:00:44,2585.0,213437,2,2584.76,107475,138538,0.5895285717065234,0
2023-07-28 11:00:44,2585.0,213438,1,2584.76,107474,138539,0.5895285717065234,0
2023-07-28 11:00:44,2585.0,213438,1,2584.76,107474,138539,0.5895285717065234,0
2023-07-28 11:00:46,2585.0,213439,1,2584.76,107473,138538,0.5895285717065234,0
2023-07-28 11:00:46,2585.0,213439,6,2584.76,107473,138538,0.5895285717065234,0
2023-07-28 11:00:48,2585.0,213480,2,2584.76,107432,138627,0.5895285717065234,0
2023-07-28 11:00:49,2585.55,213485,2,2584.76,107432,138622,0.6109305990622127,0
2023-07-28 11:00:49,2585.55,213485,2,2584.76,105932,138622,0.6109305990622127,0
2023-07-28 11:00:49,2585.55,213485,2,2584.76,107432,138625,0.6109305990622127,0
2023-07-28 11:00:49,2585.0,213485,1,2584.76,104364,137214,0.5895285717065234,0
2023-07-28 11:00:52,2585.0,213667,1,2584.76,104251,137214,0.5895285717065234,0
2023-07-28 11:00:52,2585.0,213667,1,2584.76,104251,137214,0.5895285717065234,0
2023-07-28 11:00:54,2585.0,213668,1,2584.76,104229,137214,0.5895285717065234,0
2023-07-28 11:00:54,2585.0,213668,9,2584.76,104229,137214,0.5895285717065234,0
2023-07-28 11:00:55,2585.0,213678,9,2584.76,104221,137214,0.5895285717065234,0
2023-07-28 11:00:55,2585.0,213678,6,2584.76,107247,139006,0.5895285717065234,0
2023-07-28 11:00:57,2585.0,213684,6,2584.76,107232,139036,0.5895285717065234,0
2023-07-28 11:00:57,2585.0,213684,6,2584.76,107232,139088,0.5895285717065234,0
2023-07-28 11:00:57,2585.0,213684,1,2584.76,107232,139088,0.5895285717065234,0
2023-07-28 11:00:57,2584.9,213684,1,2584.76,107232,139088,0.5856372940054938,0
2023-07-28 11:01:00,2584.9,213741,1,2584.77,107076,139375,0.5856372940054938,0
2023-07-28 11:01:00,2584.9,213741,1,2584.77,107178,137734,0.5856372940054938,0
2023-07-28 11:01:02,2585.0,213743,1,2584.77,107197,139325,0.5895285717065234,0
2023-07-28 11:01:04,2584.8,213747,4,2584.77,107181,139231,0.5817460163044642,0
2023-07-28 11:01:04,2584.8,213747,6,2584.77,107181,139231,0.5817460163044642,0
2023-07-28 11:01:07,2584.8,213753,6,2584.77,107194,139133,0.5817460163044642,0
2023-07-28 11:01:07,2585.0,213753,9,2584.77,107219,138969,0.5895285717065234,0
2023-07-28 11:01:07,2585.0,213753,6,2584.77,107219,138969,0.5895285717065234,0
2023-07-28 11:01:07,2585.0,213753,6,2584.77,107219,138969,0.5895285717065234,0
2023-07-28 11:01:17,2585.0,213900,6,2584.77,107135,139178,0.5895285717065234,0
2023-07-28 11:01:17,2585.0,213900,4,2584.77,107135,139178,0.5895285717065234,0
2023-07-28 11:01:17,2585.0,213900,1,2584.77,107135,139178,0.5895285717065234,0
2023-07-28 11:01:20,2585.0,213932,1,2584.77,107077,139085,0.5895285717065234,0
2023-07-28 11:01:20,2585.0,213932,5,2584.77,107077,139085,0.5895285717065234,0
2023-07-28 11:01:20,2585.4,213932,1,2584.77,107077,139085,0.6050936825106594,0
2023-07-28 11:01:25,2585.0,213965,6,2584.77,107075,139151,0.5895285717065234,0
2023-07-28 11:01:25,2585.0,213965,1,2584.77,107075,139151,0.5895285717065234,0
2023-07-28 11:01:30,2584.7,214055,1,2584.77,107262,139288,0.577854738603417,0
2023-07-28 11:01:30,2584.5,214055,11,2584.77,107262,139288,0.5700721832013578,0
2023-07-28 11:01:33,2584.5,214087,11,2584.77,107609,139331,0.5700721832013578,0
2023-07-28 11:01:33,2584.5,214087,2,2584.77,107609,139331,0.5700721832013578,0
2023-07-28 11:01:38,2585.15,214101,1,2584.77,107648,139191,0.5953654882580767,0
2023-07-28 11:01:38,2585.15,214101,1,2584.77,107660,138816,0.5953654882580767,0
2023-07-28 11:01:38,2585.15,214101,1,2584.77,107660,138816,0.5953654882580767,0
2023-07-28 11:01:38,2585.15,214101,1,2584.77,107660,138816,0.5953654882580767,0
2023-07-28 11:01:45,2585.15,214106,1,2584.77,107612,139185,0.5953654882580767,0
2023-07-28 11:01:45,2584.55,214106,5,2584.77,107612,139185,0.5720178220518813,0
2023-07-28 11:01:45,2585.15,214106,1,2584.77,107612,139185,0.5953654882580767,0
2023-07-28 11:01:48,2585.15,214113,1,2584.77,107550,139221,0.5953654882580767,0
2023-07-28 11:01:48,2585.1,214113,1,2584.77,107550,139221,0.593419849407553,0
2023-07-28 11:01:54,2585.1,214114,1,2584.77,107574,139160,0.593419849407553,0
2023-07-28 11:01:54,2585.0,214114,1,2584.77,107574,139160,0.5895285717065234,0
2023-07-28 11:01:54,2585.0,214114,1,2584.77,107574,139160,0.5895285717065234,0
2023-07-28 11:01:57,2585.0,214224,2,2584.77,107604,138826,0.5895285717065234,0
2023-07-28 11:01:57,2585.0,214224,30,2584.77,107604,138826,0.5895285717065234,0
2023-07-28 11:01:57,2584.55,214224,9,2584.77,107604,138826,0.5720178220518813,0
2023-07-28 11:02:02,2584.55,214327,9,2584.77,107554,138781,0.5720178220518813,0
2023-07-28 11:02:02,2584.55,214327,1,2584.77,107554,138781,0.5720178220518813,0
2023-07-28 11:02:02,2584.55,214327,4,2584.77,107554,138781,0.5720178220518813,0
2023-07-28 11:02:02,2585.0,214327,1,2584.77,107554,138781,0.5895285717065234,0
2023-07-28 11:02:07,2584.55,214451,1,2584.77,107641,138660,0.5720178220518813,0
2023-07-28 11:02:07,2585.0,214451,2,2584.77,107641,138660,0.5895285717065234,0
2023-07-28 11:02:07,2584.55,214451,1,2584.77,107641,138660,0.5720178220518813,0
2023-07-28 11:02:10,2584.55,214454,1,2584.77,107672,138771,0.5720178220518813,0
2023-07-28 11:02:10,2584.55,214454,1,2584.77,107686,138127,0.5720178220518813,0
2023-07-28 11:02:10,2584.6,214454,2,2584.77,107686,138127,0.5739634609023874,0
2023-07-28 11:02:10,2584.6,214454,4,2584.77,107686,138127,0.5739634609023874,0
2023-07-28 11:02:17,2584.6,214460,4,2584.77,107690,138496,0.5739634609023874,0
2023-07-28 11:02:17,2584.6,214460,4,2584.77,107690,138496,0.5739634609023874,0
2023-07-28 11:02:17,2584.6,214460,4,2584.77,107690,138496,0.5739634609023874,0
2023-07-28 11:02:17,2584.6,214460,4,2584.77,107690,138496,0.5739634609023874,0
2023-07-28 11:02:17,2585.0,214460,1,2584.77,107690,138496,0.5895285717065234,0
2023-07-28 11:02:25,2585.0,214461,1,2584.77,107795,137722,0.5895285717065234,0
2023-07-28 11:02:25,2585.0,214461,1,2584.77,107795,137722,0.5895285717065234,0
2023-07-28 11:02:25,2585.0,214461,1,2584.77,107795,137722,0.5895285717065234,0
2023-07-28 11:02:25,2585.0,214461,1,2584.77,107795,137722,0.5895285717065234,0
2023-07-28 11:02:25,2584.6,214461,4,2584.77,107795,137722,0.5739634609023874,0
2023-07-28 11:02:27,2584.6,214469,4,2584.77,107456,138145,0.5739634609023874,0
2023-07-28 11:02:27,2584.6,214469,4,2584.77,107794,137988,0.5739634609023874,0
2023-07-28 11:02:27,2585.0,214469,6,2584.77,107794,137988,0.5895285717065234,0
2023-07-28 11:02:27,2584.6,214469,6,2584.77,107794,137988,0.5739634609023874,0
2023-07-28 11:02:37,2584.6,214481,6,2584.77,107679,138023,0.5739634609023874,0
2023-07-28 11:02:37,2584.6,214481,6,2584.77,107738,134980,0.5739634609023874,0
2023-07-28 11:02:37,2584.6,214481,6,2584.77,107393,138080,0.5739634609023874,0
2023-07-28 11:02:37,2584.6,214481,1,2584.77,107393,138080,0.5739634609023874,0
2023-07-28 11:02:48,2584.6,214490,1,2584.77,107422,138082,0.5739634609023874,0
2023-07-28 11:02:48,2584.6,214490,2,2584.77,107422,138082,0.5739634609023874,0
2023-07-28 11:02:54,2584.6,214544,5,2584.77,107335,138158,0.5739634609023874,0
2023-07-28 11:02:54,2584.6,214544,4,2584.77,107335,138158,0.5739634609023874,0
2023-07-28 11:02:57,2584.6,214574,4,2584.77,107414,138105,0.5739634609023874,0
2023-07-28 11:02:57,2584.6,214574,1,2584.77,107414,138105,0.5739634609023874,0
2023-07-28 11:02:57,2584.6,214574,2,2584.77,107414,138105,0.5739634609023874,0
2023-07-28 11:02:57,2584.6,214574,2,2584.77,107414,138105,0.5739634609023874,0
2023-07-28 11:03:02,2584.6,214602,8,2584.77,107398,137663,0.5739634609023874,0
2023-07-28 11:03:02,2584.6,214602,8,2584.77,107398,137663,0.5739634609023874,0
2023-07-28 11:03:02,2584.6,214602,8,2584.77,107440,136144,0.5739634609023874,0
2023-07-28 11:03:02,2584.6,214602,6,2584.77,107440,136144,0.5739634609023874,0
2023-07-28 11:03:07,2585.0,214610,2,2584.77,107443,136079,0.5895285717065234,0
2023-07-28 11:03:07,2585.0,214610,2,2584.77,107460,136110,0.5895285717065234,0
2023-07-28 11:03:07,2585.0,214610,2,2584.77,107460,136110,0.5895285717065234,0
2023-07-28 11:03:10,2585.1,214842,1,2584.77,107512,135969,0.593419849407553,0
2023-07-28 11:03:10,2585.1,214842,1,2584.77,107512,135977,0.593419849407553,0
2023-07-28 11:03:10,2585.1,214842,1,2584.77,107540,135890,0.593419849407553,0
2023-07-28 11:03:10,2585.1,214842,1,2584.77,107526,135890,0.593419849407553,0
2023-07-28 11:03:10,2585.0,214842,2,2584.77,107526,135890,0.5895285717065234,0
2023-07-28 11:03:13,2585.0,214846,2,2584.77,107525,135861,0.5895285717065234,0
2023-07-28 11:03:13,2585.1,214846,1,2584.77,107525,135861,0.593419849407553,0
2023-07-28 11:03:14,2585.1,214849,1,2584.77,107484,135858,0.593419849407553,0
2023-07-28 11:03:14,2585.1,214849,1,2584.77,107461,134358,0.593419849407553,0
2023-07-28 11:03:17,2585.0,214855,6,2584.77,107486,135541,0.5895285717065234,0
2023-07-28 11:03:17,2585.0,214855,6,2584.77,107568,135851,0.5895285717065234,0
2023-07-28 11:03:17,2585.0,214855,6,2584.77,107568,135851,0.5895285717065234,0
2023-07-28 11:03:17,2585.0,214855,6,2584.77,107568,135851,0.5895285717065234,0
2023-07-28 11:03:17,2585.0,214855,6,2584.77,107573,135874,0.5895285717065234,0
2023-07-28 11:03:17,2585.0,214855,6,2584.77,107573,135878,0.5895285717065234,0
2023-07-28 11:03:17,2585.0,214855,6,2584.77,107552,135850,0.5895285717065234,0
2023-07-28 11:03:17,2585.0,214855,6,2584.77,107590,135850,0.5895285717065234,0
2023-07-28 11:03:17,2585.0,214855,6,2584.77,107590,135943,0.5895285717065234,0
2023-07-28 11:03:17,2585.0,214855,6,2584.77,107590,135850,0.5895285717065234,0
2023-07-28 11:03:17,2585.0,214855,6,2584.77,107590,135850,0.5895285717065234,0
2023-07-28 11:03:27,2585.0,214861,6,2584.77,107567,135849,0.5895285717065234,0
2023-07-28 11:03:29,2585.1,214862,1,2584.77,107567,135848,0.593419849407553,0
2023-07-28 11:03:29,2585.1,214862,1,2584.77,107567,135848,0.593419849407553,0
2023-07-28 11:03:30,2585.1,214863,4,2584.77,107599,135824,0.593419849407553,0
2023-07-28 11:03:30,2585.1,214867,4,2584.77,107605,135819,0.593419849407553,0
2023-07-28 11:03:30,2585.1,214867,4,2584.77,107605,135806,0.593419849407553,0
2023-07-28 11:03:30,2585.1,214867,4,2584.77,107605,135810,0.593419849407553,0
2023-07-28 11:03:30,2585.1,214867,4,2584.77,107605,135810,0.593419849407553,0
2023-07-28 11:03:30,2585.1,214867,4,2584.77,107637,135809,0.593419849407553,0
2023-07-28 11:03:30,2585.1,214867,4,2584.77,107600,134309,0.593419849407553,0
2023-07-28 11:03:30,2585.1,214867,4,2584.77,107600,135839,0.593419849407553,0
2023-07-28 11:03:30,2585.0,214867,6,2584.77,107600,135839,0.5895285717065234,0
2023-07-28 11:03:37,2585.0,214873,6,2584.77,107594,135808,0.5895285717065234,0
2023-07-28 11:03:37,2585.0,214873,6,2584.77,107594,135811,0.5895285717065234,0
2023-07-28 11:03:37,2585.0,214873,6,2584.77,107594,135808,0.5895285717065234,0
2023-07-28 11:03:37,2585.0,214873,1,2584.77,107594,135834,0.5895285717065234,0
2023-07-28 11:03:41,2585.0,214874,1,2584.77,107593,135834,0.5895285717065234,0
2023-07-28 11:03:43,2585.1,214875,1,2584.77,107619,135808,0.593419849407553,0
2023-07-28 11:03:43,2585.1,214875,1,2584.77,107619,135808,0.593419849407553,0
2023-07-28 11:03:44,2585.1,215080,1,2584.77,107792,135570,0.593419849407553,0
2023-07-28 11:03:45,2585.1,215085,5,2584.77,107772,135606,0.593419849407553,0
2023-07-28 11:03:45,2585.0,215085,3,2584.77,107772,135606,0.5895285717065234,0
2023-07-28 11:03:47,2585.0,215093,5,2584.77,107637,135645,0.5895285717065234,0
2023-07-28 11:03:47,2585.0,215093,5,2584.77,107637,135645,0.5895285717065234,0
2023-07-28 11:03:47,2585.0,215093,5,2584.77,107647,135643,0.5895285717065234,0
2023-07-28 11:03:47,2585.0,215093,5,2584.77,107654,135634,0.5895285717065234,0
2023-07-28 11:03:47,2585.0,215093,5,2584.77,107650,135621,0.5895285717065234,0
2023-07-28 11:03:47,2585.0,215093,5,2584.77,107624,135692,0.5895285717065234,0
2023-07-28 11:03:53,2585.1,215098,5,2584.77,107646,135682,0.593419849407553,0
2023-07-28 11:03:53,2585.1,215098,5,2584.77,107646,135676,0.593419849407553,0
2023-07-28 11:03:53,2585.1,215098,5,2584.77,107540,135682,0.593419849407553,0
2023-07-28 11:03:56,2585.1,215140,42,2584.77,107537,135640,0.593419849407553,0
2023-07-28 11:03:57,2585.0,215146,2,2584.77,107572,135640,0.5895285717065234,0
2023-07-28 11:03:57,2585.0,215146,2,2584.77,107574,135651,0.5895285717065234,0
2023-07-28 11:03:57,2585.0,215146,1,2584.77,107575,135651,0.5895285717065234,0
2023-07-28 11:04:00,2585.0,215147,1,2584.77,107607,135621,0.5895285717065234,0
2023-07-28 11:04:00,2585.0,215147,1,2584.77,107608,135621,0.5895285717065234,0
2023-07-28 11:04:00,2585.1,215147,1,2584.77,107608,135622,0.593419849407553,0
2023-07-28 11:04:00,2585.6,215147,6,2584.77,107608,135622,0.6128762379127186,0
2023-07-28 11:04:04,2585.7,215630,13,2584.77,108095,135102,0.6167675156137482,0
2023-07-28 11:04:04,2586.25,215640,9,2584.77,107573,134951,0.6381695429694376,0
2023-07-28 11:04:06,2585.6,215656,2,2584.77,107491,135055,0.6128762379127186,0
2023-07-28 11:04:06,2586.35,215658,2,2584.77,107594,135053,0.6420608206704672,0
2023-07-28 11:04:08,2586.35,215668,10,2584.77,107555,135049,0.6420608206704672,0
2023-07-28 11:04:09,2585.65,215675,3,2584.77,107551,135157,0.6148218767632423,0
2023-07-28 11:04:09,2586.45,215737,1,2584.77,107595,135119,0.6459520983714968,0
2023-07-28 11:04:10,2586.45,215742,5,2584.77,107648,135114,0.6459520983714968,0
2023-07-28 11:04:10,2586.45,215742,5,2584.77,107578,135114,0.6459520983714968,0
2023-07-28 11:04:10,2586.45,215742,5,2584.77,107578,135114,0.6459520983714968,0
2023-07-28 11:04:10,2586.45,215742,1,2584.77,107578,135114,0.6459520983714968,0
2023-07-28 11:04:10,2586.45,215742,1,2584.77,107578,135114,0.6459520983714968,0
2023-07-28 11:04:14,2586.45,215745,1,2584.77,107503,135126,0.6459520983714968,0
2023-07-28 11:04:14,2586.45,215745,1,2584.77,107490,135126,0.6459520983714968,0
2023-07-28 11:04:17,2585.65,215751,6,2584.77,107358,135220,0.6148218767632423,0
2023-07-28 11:04:17,2586.45,215751,54,2584.77,107358,135220,0.6459520983714968,0
2023-07-28 11:04:19,2586.45,215805,6,2584.77,107389,135213,0.6459520983714968,0
2023-07-28 11:04:20,2586.45,215811,6,2584.77,107427,135192,0.6459520983714968,0
2023-07-28 11:04:20,2586.45,215811,6,2584.77,107495,135112,0.6459520983714968,0
2023-07-28 11:04:20,2586.45,215811,6,2584.77,103006,132132,0.6459520983714968,0
2023-07-28 11:04:23,2585.85,215817,3,2584.77,107557,135157,0.6226044321653015,0
2023-07-28 11:04:25,2586.45,215918,1,2584.77,107556,135211,0.6459520983714968,0
2023-07-28 11:04:26,2586.45,215924,6,2584.77,107556,135205,0.6459520983714968,0
2023-07-28 11:04:26,2585.85,215924,1,2584.77,107556,135205,0.6226044321653015,0
2023-07-28 11:04:27,2585.85,215930,1,2584.77,107525,135205,0.6226044321653015,0
2023-07-28 11:04:27,2585.85,215930,1,2584.77,107525,135205,0.6226044321653015,0
2023-07-28 11:04:27,2586.45,215930,58,2584.77,107525,135205,0.6459520983714968,0
2023-07-28 11:04:30,2586.45,215991,1,2584.77,107633,135111,0.6459520983714968,0
2023-07-28 11:04:31,2585.85,216003,9,2584.77,107604,135125,0.6226044321653015,0
2023-07-28 11:04:31,2585.85,216003,9,2584.77,107604,135144,0.6226044321653015,0
2023-07-28 11:04:31,2585.85,216003,1,2584.77,107604,135144,0.6226044321653015,0
2023-07-28 11:04:33,2585.85,216066,1,2584.77,107548,135145,0.6226044321653015,0
2023-07-28 11:04:33,2585.85,216066,1,2584.77,107548,135150,0.6226044321653015,0
2023-07-28 11:04:33,2585.85,216066,1,2584.77,107583,135206,0.6226044321653015,0
2023-07-28 11:04:33,2585.85,216066,1,2584.77,107577,135206,0.6226044321653015,0
2023-07-28 11:04:33,2586.0,216066,6,2584.77,107577,135206,0.6284413487168548,0
2023-07-28 11:04:37,2586.0,216107,6,2584.77,107420,136121,0.6284413487168548,0
2023-07-28 11:04:37,2586.0,216107,6,2584.77,107517,134684,0.6284413487168548,0
2023-07-28 11:04:37,2585.85,216107,22,2584.77,107517,134684,0.6226044321653015,0
2023-07-28 11:04:39,2585.85,216175,22,2584.77,107413,135935,0.6226044321653015,0
2023-07-28 11:04:39,2585.85,216175,22,2584.77,107464,136165,0.6226044321653015,0
2023-07-28 11:04:41,2585.85,216249,1,2584.77,107402,136381,0.6226044321653015,0
2023-07-28 11:04:41,2585.85,216249,14,2584.77,107433,136403,0.6226044321653015,0
2023-07-28 11:04:44,2585.85,216654,5,2584.77,107103,135885,0.6226044321653015,0
2023-07-28 11:04:44,2585.85,216654,5,2584.77,107094,135996,0.6226044321653015,0
2023-07-28 11:04:46,2585.1,216664,10,2584.77,107100,135512,0.593419849407553,0
2023-07-28 11:04:46,2585.1,216664,10,2584.77,107288,135512,0.593419849407553,0
2023-07-28 11:04:46,2585.1,216664,1,2584.77,107288,135512,0.593419849407553,0
2023-07-28 11:04:47,2585.1,216670,1,2584.77,104256,134311,0.593419849407553,0
2023-07-28 11:04:47,2585.1,216670,1,2584.77,104408,134209,0.593419849407553,0
2023-07-28 11:04:47,2585.2,216670,1,2584.77,104408,134209,0.5973111271085826,0
2023-07-28 11:04:49,2585.2,216671,1,2584.77,104473,134146,0.5973111271085826,0
2023-07-28 11:04:49,2585.2,216671,1,2584.77,104465,134220,0.5973111271085826,0
2023-07-28 11:04:49,2585.2,216671,1,2584.77,104471,134227,0.5973111271085826,0
2023-07-28 11:04:49,2585.2,216671,1,2584.77,104471,134228,0.5973111271085826,0
2023-07-28 11:04:49,2585.2,216671,1,2584.77,104476,134228,0.5973111271085826,0
2023-07-28 11:04:55,2585.2,216672,1,2584.77,107475,135728,0.5973111271085826,0
2023-07-28 11:04:55,2585.2,216672,1,2584.77,107478,135728,0.5973111271085826,0
2023-07-28 11:04:55,2585.1,216672,55,2584.77,107478,135728,0.593419849407553,0
2023-07-28 11:04:56,2585.2,216849,2,2584.77,107332,135796,0.5973111271085826,0
2023-07-28 11:04:58,2585.55,216856,1,2584.77,107283,135600,0.6109305990622127,0
2023-07-28 11:04:58,2585.2,216874,7,2584.77,107275,135604,0.5973111271085826,0
2023-07-28 11:04:58,2585.2,216874,7,2584.77,107275,135571,0.5973111271085826,0
2023-07-28 11:04:58,2585.2,216874,7,2584.77,107607,135788,0.5973111271085826,0
2023-07-28 11:04:58,2585.2,216874,7,2584.77,107725,132577,0.5973111271085826,0
2023-07-28 11:04:58,2585.2,216874,7,2584.77,107726,135787,0.5973111271085826,0
2023-07-28 11:04:58,2585.2,216874,7,2584.77,107727,135793,0.5973111271085826,0
2023-07-28 11:05:07,2585.2,216892,3,2584.77,107714,135792,0.5973111271085826,0
2023-07-28 11:05:07,2585.2,216892,3,2584.77,107715,135792,0.5973111271085826,0
2023-07-28 11:05:07,2585.2,216892,4,2584.77,107715,135792,0.5973111271085826,0
2023-07-28 11:05:09,2585.2,216943,4,2584.77,107780,135799,0.5973111271085826,0
2023-07-28 11:05:09,2585.2,216943,4,2584.77,107796,135799,0.5973111271085826,0
2023-07-28 11:05:09,2585.2,216943,4,2584.77,107796,135799,0.5973111271085826,0
2023-07-28 11:05:09,2585.2,216943,5,2584.77,107809,135800,0.5973111271085826,0
2023-07-28 11:05:13,2585.2,216959,5,2584.77,107804,135775,0.5973111271085826,0
2023-07-28 11:05:14,2585.5,216960,1,2584.77,107806,135774,0.608984960211689,0
2023-07-28 11:05:15,2585.5,217060,5,2584.77,107780,135674,0.608984960211689,0
2023-07-28 11:05:16,2585.5,217065,5,2584.77,107804,135665,0.608984960211689,0
2023-07-28 11:05:16,2585.2,217065,6,2584.77,107804,135665,0.5973111271085826,0
2023-07-28 11:05:17,2585.5,217071,1,2584.77,107780,135674,0.608984960211689,0
2023-07-28 11:05:19,2585.2,217095,20,2584.77,107785,135673,0.5973111271085826,0
2023-07-28 11:05:20,2585.1,217145,9,2584.77,107711,135685,0.593419849407553,0
2023-07-28 11:05:20,2585.5,217148,3,2584.77,107728,135682,0.608984960211689,0
2023-07-28 11:05:20,2585.1,217148,4,2584.77,107735,135682,0.593419849407553,0
2023-07-28 11:05:22,2585.1,217152,4,2584.77,107731,135683,0.593419849407553,0
2023-07-28 11:05:23,2585.5,217153,1,2584.77,107731,135682,0.608984960211689,0
2023-07-28 11:05:23,2585.5,217153,1,2584.77,107731,135682,0.608984960211689,0
2023-07-28 11:05:23,2585.5,217153,1,2584.77,107731,135817,0.608984960211689,0
2023-07-28 11:05:23,2585.5,217153,1,2584.77,107731,135817,0.608984960211689,0
2023-07-28 11:05:25,2585.5,217154,1,2584.77,107732,135816,0.608984960211689,0
2023-07-28 11:05:25,2585.5,217154,1,2584.77,107732,135816,0.608984960211689,0
2023-07-28 11:05:25,2585.5,217154,1,2584.77,107733,135816,0.608984960211689,0
2023-07-28 11:05:27,2585.1,217160,6,2584.77,107728,135815,0.593419849407553,0
2023-07-28 11:05:27,2585.1,217160,6,2584.77,107728,135848,0.593419849407553,0
2023-07-28 11:05:27,2585.1,217160,6,2584.77,107771,135828,0.593419849407553,0
2023-07-28 11:05:27,2585.1,217160,6,2584.77,107736,135838,0.593419849407553,0
2023-07-28 11:05:31,2585.5,217161,1,2584.77,107721,135818,0.608984960211689,0
2023-07-28 11:05:31,2585.5,217161,1,2584.77,107721,135821,0.608984960211689,0
2023-07-28 11:05:31,2585.5,217161,1,2584.77,107721,135821,0.608984960211689,0
2023-07-28 11:05:31,2585.5,217161,1,2584.77,107721,135811,0.608984960211689,0
2023-07-28 11:05:36,2585.55,217268,9,2584.77,107866,135587,0.6109305990622127,0
2023-07-28 11:05:36,2585.55,217277,9,2584.77,107924,135660,0.6109305990622127,0
2023-07-28 11:05:38,2585.55,217281,1,2584.77,107926,135672,0.6109305990622127,0
2023-07-28 11:05:39,2585.5,217284,2,2584.77,107947,135672,0.608984960211689,0
2023-07-28 11:05:39,2585.5,217284,2,2584.77,107877,135682,0.608984960211689,0
2023-07-28 11:05:39,2585.5,217284,2,2584.77,107877,135682,0.608984960211689,0
2023-07-28 11:05:39,2585.5,217284,2,2584.77,107889,135682,0.608984960211689,0
2023-07-28 11:05:39,2585.5,217284,2,2584.77,107895,135683,0.608984960211689,0
2023-07-28 11:05:43,2585.5,217288,2,2584.77,107902,135670,0.608984960211689,0
2023-07-28 11:05:43,2585.55,217288,1,2584.77,107902,135670,0.6109305990622127,0
2023-07-28 11:05:45,2585.55,217289,8,2584.77,107897,135669,0.6109305990622127,0
2023-07-28 11:05:45,2585.55,217299,8,2584.77,107863,135659,0.6109305990622127,0
2023-07-28 11:05:45,2585.5,217299,2,2584.77,107863,135659,0.608984960211689,0
2023-07-28 11:05:47,2585.5,217306,1,2584.77,107896,135658,0.608984960211689,0
2023-07-28 11:05:47,2585.55,217306,1,2584.77,107896,135658,0.6109305990622127,0
2023-07-28 11:05:47,2585.55,217313,1,2584.77,107891,135657,0.6109305990622127,0
2023-07-28 11:05:47,2585.55,217313,1,2584.77,107895,135663,0.6109305990622127,0
2023-07-28 11:05:47,2585.55,217313,1,2584.77,107823,135660,0.6109305990622127,0
2023-07-28 11:05:47,2585.5,217313,2,2584.77,107823,135660,0.608984960211689,0
2023-07-28 11:05:51,2585.5,217315,2,2584.77,107766,135688,0.608984960211689,0
2023-07-28 11:05:51,2585.55,217315,4,2584.77,107811,135689,0.6109305990622127,0
2023-07-28 11:05:53,2585.55,217320,4,2584.77,107811,135694,0.6109305990622127,0
2023-07-28 11:05:53,2585.55,217320,1,2584.77,107811,135694,0.6109305990622127,0
2023-07-28 11:05:53,2585.55,217321,3,2584.77,107788,135698,0.6109305990622127,0
2023-07-28 11:05:55,2585.55,217331,3,2584.77,107790,135699,0.6109305990622127,0
2023-07-28 11:05:57,2585.5,217336,5,2584.77,107765,135701,0.608984960211689,0
2023-07-28 11:05:57,2585.55,217337,1,2584.77,107765,135698,0.6109305990622127,0
2023-07-28 11:05:59,2585.5,217338,1,2584.77,107764,135698,0.608984960211689,0
2023-07-28 11:05:59,2585.5,217338,1,2584.77,104794,135698,0.608984960211689,0
2023-07-28 11:05:59,2585.5,217338,1,2584.77,107758,135727,0.608984960211689,0
2023-07-28 11:05:59,2585.5,217338,1,2584.77,107765,136161,0.608984960211689,0
2023-07-28 11:05:59,2585.5,217338,2,2584.77,107765,136161,0.608984960211689,0
2023-07-28 11:06:04,2585.5,217535,2,2584.78,107731,136247,0.608984960211689,0
2023-07-28 11:06:04,2585.55,217539,4,2584.78,107772,135862,0.6109305990622127,0
2023-07-28 11:06:04,2585.55,217539,4,2584.78,107793,136153,0.6109305990622127,0
2023-07-28 11:06:07,2585.1,217550,6,2584.78,107766,135852,0.593419849407553,0
2023-07-28 11:06:07,2585.55,217551,1,2584.78,107766,135851,0.6109305990622127,0
2023-07-28 11:06:07,2585.55,217551,1,2584.78,107766,135851,0.6109305990622127,0
2023-07-28 11:06:07,2585.55,217551,1,2584.78,107759,136063,0.6109305990622127,0
2023-07-28 11:06:07,2585.55,217551,1,2584.78,107759,136101,0.6109305990622127,0
2023-07-28 11:06:07,2585.55,217551,1,2584.78,107759,136148,0.6109305990622127,0
2023-07-28 11:06:07,2585.55,217551,1,2584.78,107760,135815,0.6109305990622127,0
2023-07-28 11:06:07,2585.55,217551,1,2584.78,107760,135815,0.6109305990622127,0
2023-07-28 11:06:07,2585.55,217551,1,2584.78,107760,135815,0.6109305990622127,0
2023-07-28 11:06:07,2585.55,217551,1,2584.78,107760,136145,0.6109305990622127,0
2023-07-28 11:06:07,2585.55,217551,1,2584.78,107745,135811,0.6109305990622127,0
2023-07-28 11:06:07,2585.1,217551,6,2584.78,107745,135811,0.593419849407553,0
2023-07-28 11:06:17,2585.1,217557,6,2584.78,107726,135815,0.593419849407553,0
2023-07-28 11:06:17,2585.1,217557,6,2584.78,107756,136149,0.593419849407553,0
2023-07-28 11:06:17,2585.1,217557,6,2584.78,107744,135815,0.593419849407553,0
2023-07-28 11:06:21,2585.65,217597,3,2584.78,107744,135775,0.6148218767632423,0
2023-07-28 11:06:21,2585.65,217600,3,2584.78,107849,135773,0.6148218767632423,0
2023-07-28 11:06:21,2585.65,217600,3,2584.78,107849,135758,0.6148218767632423,0
2023-07-28 11:06:21,2585.65,217600,3,2584.78,107849,135758,0.6148218767632423,0
2023-07-28 11:06:21,2585.65,217600,3,2584.78,107849,135768,0.6148218767632423,0
2023-07-28 11:06:21,2585.65,217600,66,2584.78,107849,135768,0.6148218767632423,0
2023-07-28 11:06:25,2585.65,217666,66,2584.78,107849,135707,0.6148218767632423,0
2023-07-28 11:06:27,2585.65,217671,5,2584.78,107850,135888,0.6148218767632423,0
2023-07-28 11:06:27,2585.65,217671,4,2584.78,107850,135888,0.6148218767632423,0
2023-07-28 11:06:28,2585.65,217691,10,2584.78,107844,135839,0.6148218767632423,0
2023-07-28 11:06:28,2585.65,217693,1,2584.78,107844,135837,0.6148218767632423,0
2023-07-28 11:06:30,2585.65,217694,1,2584.78,107844,135838,0.6148218767632423,0
2023-07-28 11:06:30,2585.65,217694,1,2584.78,107844,135838,0.6148218767632423,0
2023-07-28 11:06:30,2585.65,217694,1,2584.78,107844,135838,0.6148218767632423,0
2023-07-28 11:06:30,2585.65,217694,1,2584.78,107849,135841,0.6148218767632423,0
2023-07-28 11:06:30,2585.65,217694,1,2584.78,107849,135841,0.6148218767632423,0
2023-07-28 11:06:30,2585.65,217694,1,2584.78,107816,135841,0.6148218767632423,0
2023-07-28 11:06:30,2585.65,217694,1,2584.78,107848,135842,0.6148218767632423,0
2023-07-28 11:06:37,2585.5,217700,6,2584.78,107934,135792,0.608984960211689,0
2023-07-28 11:06:37,2585.5,217700,6,2584.78,107935,136092,0.608984960211689,0
2023-07-28 11:06:39,2585.5,217703,3,2584.78,107842,136098,0.608984960211689,0
2023-07-28 11:06:41,2585.65,217898,12,2584.78,107742,135788,0.6148218767632423,0
2023-07-28 11:06:42,2585.65,217911,1,2584.78,107802,136138,0.6148218767632423,0
2023-07-28 11:06:42,2585.65,217912,1,2584.78,107866,134668,0.6148218767632423,0
2023-07-28 11:06:42,2585.65,217912,1,2584.78,107832,136187,0.6148218767632423,0
2023-07-28 11:06:42,2585.65,217912,1,2584.78,107873,134405,0.6148218767632423,0
2023-07-28 11:06:42,2585.65,217912,1,2584.78,107856,135931,0.6148218767632423,0
2023-07-28 11:06:42,2585.5,217912,3,2584.78,107856,135931,0.608984960211689,0
2023-07-28 11:06:46,2585.5,217916,6,2584.78,107912,136113,0.608984960211689,0
2023-07-28 11:06:47,2585.65,217922,1,2584.78,107921,136112,0.6148218767632423,0
2023-07-28 11:06:48,2585.5,217925,2,2584.78,107743,135848,0.608984960211689,0
2023-07-28 11:06:48,2585.5,217925,1,2584.78,107743,135848,0.608984960211689,0
2023-07-28 11:06:51,2585.65,217927,1,2584.78,107776,135825,0.6148218767632423,0
2023-07-28 11:06:51,2585.65,217927,1,2584.78,107776,135825,0.6148218767632423,0
2023-07-28 11:06:51,2585.65,217927,1,2584.78,107776,136117,0.6148218767632423,0
2023-07-28 11:06:51,2585.65,217927,1,2584.78,107776,136118,0.6148218767632423,0
2023-07-28 11:06:51,2585.65,217927,1,2584.78,107790,135803,0.6148218767632423,0
2023-07-28 11:06:51,2585.5,217927,2,2584.78,107790,135803,0.608984960211689,0
2023-07-28 11:06:54,2585.5,217949,2,2584.78,107713,135865,0.608984960211689,0
2023-07-28 11:06:54,2585.65,217949,1,2584.78,107713,135865,0.6148218767632423,0
2023-07-28 11:06:55,2585.65,217950,1,2584.78,107704,135871,0.6148218767632423,0
2023-07-28 11:06:55,2585.65,217950,25,2584.78,107704,135871,0.6148218767632423,0
2023-07-28 11:06:57,2585.65,217981,2,2584.78,107772,135810,0.6148218767632423,0
2023-07-28 11:06:58,2585.5,217986,3,2584.78,107774,136108,0.608984960211689,0
2023-07-28 11:06:58,2585.5,217986,3,2584.78,107747,135808,0.608984960211689,0
2023-07-28 11:06:58,2585.5,217986,3,2584.78,107682,136136,0.608984960211689,0
2023-07-28 11:06:58,2585.5,217986,3,2584.78,107745,135799,0.608984960211689,0
2023-07-28 11:06:58,2585.5,217986,3,2584.78,107745,136099,0.608984960211689,0
2023-07-28 11:06:58,2585.5,217986,3,2584.78,107740,136100,0.608984960211689,0
2023-07-28 11:06:58,2585.5,217986,1,2584.78,107706,135847,0.608984960211689,0
2023-07-28 11:07:04,2585.5,217987,1,2584.78,107756,136100,0.608984960211689,0
2023-07-28 11:07:04,2585.5,217987,1,2584.78,107756,136100,0.608984960211689,0
2023-07-28 11:07:04,2585.5,217987,1,2584.78,107756,135805,0.608984960211689,0
2023-07-28 11:07:07,2585.5,217993,2,2584.78,107772,136104,0.608984960211689,0
2023-07-28 11:07:07,2585.5,217993,2,2584.78,107765,135812,0.608984960211689,0
2023-07-28 11:07:09,2585.5,218003,10,2584.78,107712,136116,0.608984960211689,0
2023-07-28 11:07:09,2585.5,218003,10,2584.78,107751,136178,0.608984960211689,0
2023-07-28 11:07:09,2585.65,218003,1,2584.78,107751,136178,0.6148218767632423,0
2023-07-28 11:07:11,2585.65,218004,1,2584.78,107753,136067,0.6148218767632423,0
2023-07-28 11:07:11,2585.65,218004,1,2584.78,107748,136088,0.6148218767632423,0
2023-07-28 11:07:11,2585.65,218004,1,2584.78,107767,136100,0.6148218767632423,0
2023-07-28 11:07:11,2585.65,218004,1,2584.78,107767,136100,0.6148218767632423,0
2023-07-28 11:07:14,2585.65,218005,1,2584.78,107715,136126,0.6148218767632423,0
2023-07-28 11:07:14,2585.65,218005,1,2584.78,107715,136114,0.6148218767632423,0
2023-07-28 11:07:17,2585.5,218043,4,2584.78,107731,136113,0.608984960211689,0
2023-07-28 11:07:17,2585.5,218043,4,2584.78,107731,136113,0.608984960211689,0
2023-07-28 11:07:18,2585.5,218044,1,2584.78,107775,136079,0.608984960211689,0
2023-07-28 11:07:18,2585.5,218044,1,2584.78,107775,136079,0.608984960211689,0
2023-07-28 11:07:18,2585.5,218044,1,2584.78,107790,136099,0.608984960211689,0
2023-07-28 11:07:22,2585.65,218045,1,2584.78,108010,135706,0.6148218767632423,0
2023-07-28 11:07:22,2585.65,218045,1,2584.78,108010,135772,0.6148218767632423,0
2023-07-28 11:07:22,2585.65,218045,1,2584.78,107493,135741,0.6148218767632423,0
2023-07-28 11:07:22,2585.5,218045,6,2584.78,107623,135743,0.608984960211689,0
2023-07-28 11:07:27,2585.5,218051,6,2584.78,107525,135772,0.608984960211689,0
2023-07-28 11:07:27,2585.5,218051,6,2584.78,107525,135772,0.608984960211689,0
2023-07-28 11:07:27,2585.5,218051,6,2584.78,107511,135772,0.608984960211689,0
2023-07-28 11:07:30,2585.65,218066,7,2584.78,107511,135953,0.6148218767632423,0
2023-07-28 11:07:30,2585.65,218066,7,2584.78,107450,136264,0.6148218767632423,0
2023-07-28 11:07:30,2585.65,218066,7,2584.78,107450,136277,0.6148218767632423,0
2023-07-28 11:07:30,2585.65,218066,7,2584.78,107450,136295,0.6148218767632423,0
2023-07-28 11:07:30,2585.65,218066,7,2584.78,107394,136086,0.6148218767632423,0
2023-07-28 11:07:36,2585.65,218069,3,2584.78,107470,136265,0.6148218767632423,0
2023-07-28 11:07:36,2585.5,218069,6,2584.78,107475,136295,0.608984960211689,0
2023-07-28 11:07:37,2585.5,218075,6,2584.78,107475,136275,0.608984960211689,0
2023-07-28 11:07:37,2585.5,218075,6,2584.78,107475,136275,0.608984960211689,0
2023-07-28 11:07:37,2585.5,218075,2,2584.78,107475,136275,0.608984960211689,0
2023-07-28 11:07:40,2585.5,218089,3,2584.78,107485,136289,0.608984960211689,0
2023-07-28 11:07:40,2585.5,218089,7,2584.78,107485,136308,0.608984960211689,0
2023-07-28 11:07:41,2585.5,218149,7,2584.78,107472,136328,0.608984960211689,0
2023-07-28 11:07:41,2585.5,218149,3,2584.78,107472,136328,0.608984960211689,0
2023-07-28 11:07:44,2585.5,218152,3,2584.78,107469,136328,0.608984960211689,0
2023-07-28 11:07:44,2585.65,218152,2,2584.78,107469,136328,0.6148218767632423,0
2023-07-28 11:07:47,2585.65,218170,1,2584.78,107480,136306,0.6148218767632423,0
2023-07-28 11:07:47,2585.65,218170,1,2584.78,107480,136309,0.6148218767632423,0
2023-07-28 11:07:49,2585.65,218172,2,2584.78,107493,136307,0.6148218767632423,0
2023-07-28 11:07:49,2585.65,218172,2,2584.78,107494,136307,0.6148218767632423,0
2023-07-28 11:07:49,2585.65,218172,2,2584.78,107478,136308,0.6148218767632423,0
2023-07-28 11:07:49,2585.5,218172,1,2584.78,107478,136308,0.608984960211689,0
2023-07-28 11:07:53,2585.5,218173,1,2584.78,107478,136310,0.608984960211689,0
2023-07-28 11:07:53,2585.5,218173,1,2584.78,107478,136310,0.608984960211689,0
2023-07-28 11:07:54,2585.5,218174,1,2584.78,107478,136308,0.608984960211689,0
2023-07-28 11:07:54,2585.5,218174,1,2584.78,107510,135945,0.608984960211689,0
2023-07-28 11:07:54,2585.5,218174,1,2584.78,107510,135925,0.608984960211689,0
2023-07-28 11:07:54,2585.5,218174,6,2584.78,107510,135925,0.608984960211689,0
2023-07-28 11:07:57,2585.5,218181,1,2584.78,107504,135990,0.608984960211689,0
2023-07-28 11:07:57,2585.5,218181,1,2584.78,107504,135990,0.608984960211689,0
2023-07-28 11:07:59,2585.5,218182,1,2584.78,107498,135990,0.608984960211689,0
2023-07-28 11:07:59,2585.5,218182,1,2584.78,107513,135990,0.608984960211689,0
2023-07-28 11:07:59,2585.5,218182,1,2584.78,107513,135995,0.608984960211689,0
2023-07-28 11:07:59,2585.5,218182,1,2584.78,107503,136300,0.608984960211689,0
2023-07-28 11:07:59,2585.5,218182,1,2584.78,107503,136300,0.608984960211689,0
2023-07-28 11:08:02,2585.65,218183,51,2584.78,107502,136306,0.6148218767632423,0
2023-07-28 11:08:03,2585.65,218238,4,2584.78,107507,135927,0.6148218767632423,0
2023-07-28 11:08:04,2585.65,218240,1,2584.78,107509,135920,0.6148218767632423,0
2023-07-28 11:08:04,2585.5,218240,6,2584.78,107509,135920,0.608984960211689,0
2023-07-28 11:08:07,2585.5,218246,6,2584.78,107501,135921,0.608984960211689,0
2023-07-28 11:08:07,2585.65,218246,1,2584.78,107501,135921,0.6148218767632423,0
2023-07-28 11:08:07,2585.5,218246,4,2584.78,107501,135921,0.608984960211689,0
2023-07-28 11:08:07,2585.65,218246,1,2584.78,107501,135921,0.6148218767632423,0
2023-07-28 11:08:13,2585.65,218328,24,2584.78,107511,135905,0.6148218767632423,0
2023-07-28 11:08:13,2585.5,218328,2,2584.78,107511,135905,0.608984960211689,0
2023-07-28 11:08:13,2585.5,218328,1,2584.78,107511,135905,0.608984960211689,0
2023-07-28 11:08:13,2585.5,218328,1,2584.78,107511,135905,0.608984960211689,0
2023-07-28 11:08:17,2585.65,218339,1,2584.78,107513,135907,0.6148218767632423,0
2023-07-28 11:08:17,2585.65,218339,10,2584.78,107513,135907,0.6148218767632423,0
2023-07-28 11:08:17,2585.5,218339,1,2584.78,107513,135907,0.608984960211689,0
2023-07-28 11:08:19,2585.5,218350,1,2584.78,107518,135908,0.608984960211689,0
2023-07-28 11:08:19,2585.5,218350,1,2584.78,107518,135908,0.608984960211689,0
2023-07-28 11:08:19,2585.5,218350,1,2584.78,107518,135908,0.608984960211689,0
2023-07-28 11:08:19,2585.65,218350,54,2584.78,107518,135908,0.6148218767632423,0
2023-07-28 11:08:19,2585.65,218350,54,2584.78,107518,135908,0.6148218767632423,0
2023-07-28 11:08:24,2585.65,218404,2,2584.78,107508,135641,0.6148218767632423,0
2023-07-28 11:08:24,2585.65,218404,2,2584.78,107508,135641,0.6148218767632423,0
2023-07-28 11:08:24,2585.65,218404,2,2584.78,107508,135641,0.6148218767632423,0
2023-07-28 11:08:24,2585.5,218404,6,2584.78,107508,135641,0.608984960211689,0
2023-07-28 11:08:24,2585.65,218404,2,2584.78,107508,135641,0.6148218767632423,0
2023-07-28 11:08:24,2585.5,218404,2,2584.78,107508,135641,0.608984960211689,0
2023-07-28 11:08:30,2585.65,218419,1,2584.78,107544,135800,0.6148218767632423,0
2023-07-28 11:08:30,2585.65,218419,1,2584.78,107544,135800,0.6148218767632423,0
2023-07-28 11:08:30,2585.65,218420,1,2584.78,107551,135942,0.6148218767632423,0
2023-07-28 11:08:30,2585.5,218420,6,2584.78,107551,135942,0.608984960211689,0
2023-07-28 11:08:30,2585.65,218420,1,2584.78,107551,135942,0.6148218767632423,0
2023-07-28 11:08:30,2585.65,218420,51,2584.78,107551,135942,0.6148218767632423,0
2023-07-28 11:08:40,2585.65,218506,6,2584.78,107575,136103,0.6148218767632423,0
2023-07-28 11:08:42,2585.65,218512,1,2584.78,107575,133096,0.6148218767632423,0
2023-07-28 11:08:42,2585.5,218512,6,2584.78,107575,133096,0.608984960211689,0
2023-07-28 11:08:42,2585.5,218512,1,2584.78,107575,133096,0.608984960211689,0
2023-07-28 11:08:48,2585.5,218520,1,2584.78,107642,133093,0.608984960211689,0
2023-07-28 11:08:48,2585.45,218520,1,2584.78,107642,133093,0.6070393213611655,0
2023-07-28 11:08:53,2585.35,219453,1,2584.78,107405,136858,0.6031480436601359,0
2023-07-28 11:08:53,2585.35,219453,2,2584.78,107405,136858,0.6031480436601359,0
2023-07-28 11:08:53,2585.35,219453,2,2584.78,107405,136858,0.6031480436601359,0
2023-07-28 11:08:53,2584.3,219453,16,2584.78,107405,136858,0.5622896277992986,0
2023-07-28 11:08:53,2583.35,219453,8,2584.78,107405,136858,0.5253224896394731,0
2023-07-28 11:08:57,2583.35,219943,8,2584.78,105041,136826,0.5253224896394731,0
2023-07-28 11:08:57,2583.3,219943,1,2584.78,105041,136826,0.5233768507889672,0
2023-07-28 11:08:57,2582.25,219943,300,2584.78,105041,136826,0.4825184349281122,0
2023-07-28 11:09:01,2582.6,221594,17,2584.76,105577,136474,0.49613790688172466,0
2023-07-28 11:09:01,2582.05,221594,3,2584.76,105577,136474,0.474735879526053,0
2023-07-28 11:09:05,2582.05,221666,3,2584.76,105635,136632,0.474735879526053,0
2023-07-28 11:09:05,2582.65,221666,49,2584.76,105635,136632,0.4980835457322483,0
2023-07-28 11:09:06,2582.05,221887,51,2584.76,105606,136439,0.474735879526053,0
2023-07-28 11:09:06,2582.05,221887,51,2584.76,105606,136439,0.474735879526053,0
2023-07-28 11:09:06,2582.3,221887,1,2584.76,105606,136439,0.4844640737786359,0
2023-07-28 11:09:09,2582.3,221917,1,2584.76,105652,136360,0.4844640737786359,0
2023-07-28 11:09:09,2582.3,221917,1,2584.76,105675,136374,0.4844640737786359,0
2023-07-28 11:09:10,2582.05,221918,1,2584.76,105663,136399,0.474735879526053,0
2023-07-28 11:09:10,2582.05,221918,9,2584.76,105663,136399,0.474735879526053,0
2023-07-28 11:09:11,2582.3,221936,1,2584.76,105754,136490,0.4844640737786359,0
2023-07-28 11:09:12,2582.05,221957,12,2584.76,105744,136454,0.474735879526053,0
2023-07-28 11:09:12,2582.05,221957,3,2584.76,105744,136454,0.474735879526053,0
2023-07-28 11:09:13,2582.05,221969,3,2584.76,105745,136129,0.474735879526053,0
2023-07-28 11:09:13,2582.05,221969,1,2584.76,105757,136359,0.474735879526053,0
2023-07-28 11:09:16,2581.25,222532,28,2584.75,105224,136450,0.44360565791778084,0
2023-07-28 11:09:16,2582.3,222532,8,2584.75,105224,136450,0.4844640737786359,0
2023-07-28 11:09:17,2581.4,222546,6,2584.75,105727,136039,0.4494425744693341,0
2023-07-28 11:09:17,2581.4,222546,2,2584.75,105727,136039,0.4494425744693341,0
2023-07-28 11:09:18,2581.4,222604,2,2584.75,105690,136039,0.4494425744693341,0
2023-07-28 11:09:18,2581.4,222604,2,2584.75,105690,135602,0.4494425744693341,0
2023-07-28 11:09:20,2581.4,222619,15,2584.75,105675,136016,0.4494425744693341,0
2023-07-28 11:09:20,2581.4,222619,15,2584.75,105675,136016,0.4494425744693341,0
2023-07-28 11:09:20,2582.3,222619,6,2584.75,105675,136016,0.4844640737786359,0
2023-07-28 11:09:22,2582.3,222637,6,2584.75,105663,135990,0.4844640737786359,0
2023-07-28 11:09:23,2582.3,222687,16,2584.75,105711,135935,0.4844640737786359,0
2023-07-28 11:09:23,2582.3,222687,16,2584.75,105712,135935,0.4844640737786359,0
2023-07-28 11:09:23,2582.3,222687,2,2584.75,105712,135935,0.4844640737786359,0
2023-07-28 11:09:26,2582.3,222719,2,2584.75,105804,135893,0.4844640737786359,0
2023-07-28 11:09:26,2581.4,222719,1,2584.75,105804,135893,0.4494425744693341,0
2023-07-28 11:09:27,2581.4,222726,5,2584.75,105804,135892,0.4494425744693341,0
2023-07-28 11:09:28,2582.3,222747,15,2584.75,105790,136148,0.4844640737786359,0
2023-07-28 11:09:28,2582.3,222747,18,2584.75,105790,136148,0.4844640737786359,0
2023-07-28 11:09:28,2582.3,222765,18,2584.75,105665,136181,0.4844640737786359,0
2023-07-28 11:09:28,2582.4,222765,2,2584.75,105665,136181,0.48835535147966547,0
2023-07-28 11:09:31,2582.3,222783,1,2584.75,105649,136234,0.4844640737786359,0
2023-07-28 11:09:31,2582.3,222844,3,2584.75,105706,136263,0.4844640737786359,0
2023-07-28 11:09:31,2581.3,222844,41,2584.75,105706,136263,0.4455512967683045,0
2023-07-28 11:09:33,2581.3,223094,41,2584.74,105378,136052,0.4455512967683045,0
2023-07-28 11:09:33,2581.3,223094,41,2584.74,105387,136014,0.4455512967683045,0
2023-07-28 11:09:33,2581.3,223094,41,2584.74,105443,136168,0.4455512967683045,0
2023-07-28 11:09:37,2581.4,223100,4,2584.74,105460,136294,0.4494425744693341,0
2023-07-28 11:09:37,2581.4,223100,4,2584.74,105462,136294,0.4494425744693341,0
2023-07-28 11:09:37,2581.4,223100,4,2584.74,105446,136247,0.4494425744693341,0
2023-07-28 11:09:37,2581.4,223100,4,2584.74,105444,136247,0.4494425744693341,0
2023-07-28 11:09:37,2582.3,223100,10,2584.74,105444,136247,0.4844640737786359,0
2023-07-28 11:09:41,2582.3,223110,10,2584.74,105444,136237,0.4844640737786359,0
2023-07-28 11:09:41,2582.3,223110,10,2584.74,105619,136223,0.4844640737786359,0
2023-07-28 11:09:41,2582.3,223110,10,2584.74,105578,136231,0.4844640737786359,0
2023-07-28 11:09:45,2582.3,223111,1,2584.74,105597,135919,0.4844640737786359,0
2023-07-28 11:09:45,2581.3,223111,1,2584.74,105597,135919,0.4455512967683045,0
2023-07-28 11:09:45,2581.3,223149,1,2584.74,105513,136268,0.4455512967683045,0
2023-07-28 11:09:47,2581.4,223153,3,2584.74,105498,135846,0.4494425744693341,0
2023-07-28 11:09:48,2581.4,223154,1,2584.74,105652,136112,0.4494425744693341,0
2023-07-28 11:09:48,2581.4,223154,1,2584.74,105453,136234,0.4494425744693341,0
2023-07-28 11:09:48,2581.4,223154,1,2584.74,105899,135652,0.4494425744693341,0
2023-07-28 11:09:48,2581.4,223154,1,2584.74,105966,135895,0.4494425744693341,0
2023-07-28 11:09:48,2581.5,223154,3,2584.74,105966,135895,0.4533338521703637,0
2023-07-28 11:09:53,2582.3,223215,1,2584.74,105680,135950,0.4844640737786359,0
2023-07-28 11:09:53,2582.3,223215,1,2584.74,105680,135950,0.4844640737786359,0
2023-07-28 11:09:53,2582.3,223215,1,2584.74,105694,135950,0.4844640737786359,0
2023-07-28 11:09:55,2581.55,223223,8,2584.74,105701,136055,0.45527949102088733,0
2023-07-28 11:09:55,2581.6,223223,5,2584.74,105701,136055,0.4572251298713933,0
2023-07-28 11:09:56,2581.6,223228,5,2584.74,105705,136065,0.4572251298713933,0
2023-07-28 11:09:56,2581.6,223228,3,2584.74,105705,136065,0.4572251298713933,0
2023-07-28 11:09:57,2581.6,223234,3,2584.74,105720,136033,0.4572251298713933,0
2023-07-28 11:09:57,2582.3,223234,1,2584.74,105721,136033,0.4844640737786359,0
2023-07-28 11:10:00,2582.3,223235,1,2584.74,105720,136032,0.4844640737786359,0
2023-07-28 11:10:02,2582.35,223350,93,2584.74,105709,135917,0.4864097126291418,0
2023-07-28 11:10:02,2582.35,223383,33,2584.74,105702,135885,0.4864097126291418,0
2023-07-28 11:10:02,2581.65,223383,5,2584.74,105704,135964,0.4591707687219169,0
2023-07-28 11:10:05,2582.3,223392,4,2584.74,105660,136186,0.4844640737786359,0
2023-07-28 11:10:05,2582.3,223392,4,2584.74,105658,136190,0.4844640737786359,0
2023-07-28 11:10:05,2581.55,223392,3,2584.74,105658,136190,0.45527949102088733,0
2023-07-28 11:10:05,2581.65,223392,6,2584.74,105658,136190,0.4591707687219169,0
2023-07-28 11:10:05,2582.35,223392,1,2584.74,105658,136190,0.4864097126291418,0
2023-07-28 11:10:10,2582.35,223452,2,2584.74,105686,135519,0.4864097126291418,0
2023-07-28 11:10:10,2582.35,223452,1,2584.74,105686,135519,0.4864097126291418,0
2023-07-28 11:10:10,2582.35,223452,1,2584.74,105686,135519,0.4864097126291418,0
2023-07-28 11:10:13,2582.35,223454,1,2584.74,105728,136144,0.4864097126291418,0
2023-07-28 11:10:13,2582.35,223454,2,2584.74,105728,136144,0.4864097126291418,0
2023-07-28 11:10:13,2581.7,223454,6,2584.74,105728,136144,0.4611164075724229,0
2023-07-28 11:10:18,2581.7,223470,1,2584.74,105663,136147,0.4611164075724229,0
2023-07-28 11:10:18,2581.7,223470,1,2584.74,105671,136072,0.4611164075724229,0
2023-07-28 11:10:18,2581.7,223470,1,2584.74,105604,136072,0.4611164075724229,0
2023-07-28 11:10:18,2581.3,223470,41,2584.74,105604,136072,0.4455512967683045,0
2023-07-28 11:10:30,2581.3,223777,41,2584.73,105511,136008,0.4455512967683045,0
2023-07-28 11:10:30,2581.25,223777,4,2584.73,105511,136008,0.44360565791778084,0
2023-07-28 11:10:33,2582.15,223789,1,2584.73,105865,136425,0.4786271572270826,0
2023-07-28 11:10:33,2582.0,223789,7,2584.73,105865,136425,0.4727902406755294,0
2023-07-28 11:10:33,2582.0,223789,3,2584.73,105865,136425,0.4727902406755294,0
2023-07-28 11:10:33,2581.25,223789,50,2584.73,105865,136425,0.44360565791778084,0
2023-07-28 11:10:38,2581.25,223980,3,2584.73,105411,136211,0.44360565791778084,0
2023-07-28 11:10:38,2581.25,223980,3,2584.73,105411,136211,0.44360565791778084,0
2023-07-28 11:10:38,2581.0,223980,5,2584.73,105411,136211,0.433877463665198,0
2023-07-28 11:10:38,2581.0,223980,4,2584.73,105411,136211,0.433877463665198,0
2023-07-28 11:10:38,2581.15,223980,20,2584.73,105411,136211,0.43971438021675124,0
2023-07-28 11:10:42,2581.25,224084,1,2584.73,105387,135882,0.44360565791778084,0
2023-07-28 11:10:42,2581.25,224084,6,2584.73,105387,135882,0.44360565791778084,0
2023-07-28 11:10:47,2581.15,224110,6,2584.73,105441,135974,0.43971438021675124,0
2023-07-28 11:10:51,2581.25,224112,2,2584.73,105435,136018,0.44360565791778084,0
2023-07-28 11:10:51,2581.0,224112,25,2584.73,105435,136018,0.433877463665198,0
2023-07-28 11:10:51,2581.25,224112,1,2584.73,105435,136018,0.44360565791778084,0
2023-07-28 11:10:54,2581.25,224186,1,2584.73,105722,136434,0.44360565791778084,0
2023-07-28 11:10:54,2581.25,224186,2,2584.73,105722,136434,0.44360565791778084,0
2023-07-28 11:10:54,2581.15,224186,1,2584.73,105722,136434,0.43971438021675124,0
2023-07-28 11:10:54,2581.15,224186,2,2584.73,105722,136434,0.43971438021675124,0
2023-07-28 11:10:59,2581.0,224242,10,2584.73,105707,136423,0.433877463665198,0
2023-07-28 11:10:59,2581.0,224242,5,2584.73,105707,136423,0.433877463665198,0
2023-07-28 11:10:59,2581.3,224242,1,2584.73,105707,136423,0.4455512967683045,0
2023-07-28 11:11:02,2581.3,224535,1,2584.72,105307,136423,0.4455512967683045,0
2023-07-28 11:11:02,2581.0,224535,13,2584.72,105307,136423,0.433877463665198,0
2023-07-28 11:11:06,2580.75,224581,2,2584.72,105292,136530,0.42414926941261516,0
2023-07-28 11:11:07,2580.7,224592,1,2584.72,105283,136554,0.42220363056209154,0
2023-07-28 11:11:08,2580.75,224673,8,2584.72,105230,136599,0.42414926941261516,0
2023-07-28 11:11:09,2581.05,224684,7,2584.72,104830,136184,0.43582310251572165,0
2023-07-28 11:11:09,2580.35,224684,15,2584.72,105252,136184,0.40858415860847913,0
2023-07-28 11:11:11,2581.0,224719,5,2584.72,105211,136346,0.433877463665198,0
2023-07-28 11:11:11,2581.0,224719,5,2584.72,105257,136333,0.433877463665198,0
2023-07-28 11:11:11,2581.0,224719,5,2584.72,105257,136334,0.433877463665198,0
2023-07-28 11:11:11,2581.0,224719,5,2584.72,105334,136279,0.433877463665198,0
2023-07-28 11:11:11,2581.0,224719,5,2584.72,105334,136291,0.433877463665198,0
2023-07-28 11:11:11,2581.0,224719,5,2584.72,105334,136313,0.433877463665198,0
2023-07-28 11:11:16,2580.7,224769,6,2584.72,105284,136627,0.42220363056209154,0
2023-07-28 11:11:17,2580.7,224790,15,2584.72,105263,136626,0.42220363056209154,0
2023-07-28 11:11:17,2581.1,224790,1,2584.72,105263,136626,0.4377687413662276,0
2023-07-28 11:11:18,2581.1,224791,1,2584.72,105263,136322,0.4377687413662276,0
2023-07-28 11:11:20,2580.3,224804,3,2584.72,105258,136323,0.40663851975797316,0
2023-07-28 11:11:21,2581.1,224812,5,2584.72,105430,136311,0.4377687413662276,0
2023-07-28 11:11:21,2581.1,224812,5,2584.72,105430,136311,0.4377687413662276,0
2023-07-28 11:11:22,2580.25,224841,7,2584.72,105420,136608,0.40469288090744954,0
2023-07-28 11:11:22,2580.25,224841,7,2584.72,105420,136608,0.40469288090744954,0
2023-07-28 11:11:22,2580.25,224841,7,2584.72,105420,136626,0.40469288090744954,0
2023-07-28 11:11:22,2580.25,224841,7,2584.72,105420,136626,0.40469288090744954,0
2023-07-28 11:11:22,2580.25,224841,38,2584.72,105420,136626,0.40469288090744954,0
2023-07-28 11:11:25,2581.05,224894,1,2584.72,105299,136618,0.43582310251572165,0
2023-07-28 11:11:26,2581.1,224902,4,2584.72,105309,136603,0.4377687413662276,0
2023-07-28 11:11:27,2580.15,225025,5,2584.71,105242,136642,0.40080160320641994,0
2023-07-28 11:11:27,2580.0,225025,1,2584.71,105242,136642,0.39496468665486667,0
2023-07-28 11:11:28,2579.9,226158,1,2584.69,103770,136328,0.3910734089538371,0
2023-07-28 11:11:28,2579.95,226158,7,2584.69,103770,136328,0.39301904780434305,0
2023-07-28 11:11:29,2579.95,226178,7,2584.69,103275,136201,0.39301904780434305,0
2023-07-28 11:11:29,2579.5,226178,1,2584.69,103319,136261,0.375508298149701,0
2023-07-28 11:11:30,2579.5,226181,2,2584.69,102581,136255,0.375508298149701,0
2023-07-28 11:11:32,2579.0,226564,38,2584.68,103406,136015,0.3560519096445353,0
2023-07-28 11:11:33,2579.8,226655,1,2584.68,104346,135981,0.3871821312528075,0
2023-07-28 11:11:34,2579.5,226716,24,2584.68,104208,136005,0.375508298149701,0
2023-07-28 11:11:34,2578.9,226716,1,2584.68,104208,136005,0.3521606319435057,0
2023-07-28 11:11:35,2578.9,226738,1,2584.67,104427,135749,0.3521606319435057,0
2023-07-28 11:11:36,2579.5,226745,6,2584.67,104410,135815,0.375508298149701,0
2023-07-28 11:11:36,2579.5,226745,6,2584.67,104410,135815,0.375508298149701,0
2023-07-28 11:11:37,2579.5,226763,13,2584.67,104501,135699,0.375508298149701,0
2023-07-28 11:11:37,2579.5,226763,13,2584.67,104501,135727,0.375508298149701,0
2023-07-28 11:11:37,2579.5,226763,13,2584.67,104563,135731,0.375508298149701,0
2023-07-28 11:11:41,2578.95,226835,1,2584.67,104571,135721,0.3541062707940117,0
2023-07-28 11:11:41,2578.95,226845,10,2584.67,104531,135681,0.3541062707940117,0
2023-07-28 11:11:41,2578.8,226845,27,2584.67,104531,135681,0.3482693542424761,0
2023-07-28 11:11:43,2578.8,226905,27,2584.67,104538,135631,0.3482693542424761,0
2023-07-28 11:11:43,2578.8,226905,27,2584.67,104433,135700,0.3482693542424761,0
2023-07-28 11:11:43,2578.8,226905,27,2584.67,104733,135700,0.3482693542424761,0
2023-07-28 11:11:43,2578.95,226905,5,2584.67,104733,135700,0.3541062707940117,0
2023-07-28 11:11:46,2579.8,226911,3,2584.67,104713,135678,0.3871821312528075,0
2023-07-28 11:11:47,2578.95,226921,6,2584.67,104991,135665,0.3541062707940117,0
2023-07-28 11:11:47,2578.95,226921,6,2584.67,104991,135665,0.3541062707940117,0
2023-07-28 11:11:47,2578.95,226921,6,2584.67,105008,135711,0.3541062707940117,0
2023-07-28 11:11:47,2578.95,226921,6,2584.67,105008,135732,0.3541062707940117,0
2023-07-28 11:11:47,2578.95,226921,6,2584.67,104944,135773,0.3541062707940117,0
2023-07-28 11:11:47,2578.8,226921,7,2584.67,104944,135625,0.3482693542424761,0
2023-07-28 11:11:47,2579.85,226921,4,2584.67,104944,135625,0.38912777010331345,0
2023-07-28 11:11:53,2579.85,227021,4,2584.67,104928,135526,0.38912777010331345,0
2023-07-28 11:11:53,2579.9,227021,4,2584.67,104928,135491,0.3910734089538371,0
2023-07-28 11:11:55,2579.9,227031,4,2584.67,104868,135529,0.3910734089538371,0
2023-07-28 11:11:55,2579.9,227031,4,2584.67,104883,135539,0.3910734089538371,0
2023-07-28 11:11:55,2579.0,227031,5,2584.67,104883,135539,0.3560519096445353,0
2023-07-28 11:11:57,2579.0,227054,5,2584.67,103300,135654,0.3560519096445353,0
2023-07-28 11:11:57,2579.0,227054,5,2584.67,104836,135654,0.3560519096445353,0
2023-07-28 11:11:57,2579.0,227054,5,2584.67,104896,134562,0.3560519096445353,0
2023-07-28 11:11:57,2579.0,227054,5,2584.67,106324,137110,0.3560519096445353,0
2023-07-28 11:11:57,2579.15,227054,1,2584.67,106324,137110,0.3618888261960886,0
2023-07-28 11:12:04,2579.15,227055,1,2584.67,106288,137141,0.3618888261960886,0
2023-07-28 11:12:04,2579.15,227055,2,2584.67,106288,137141,0.3618888261960886,0
2023-07-28 11:12:05,2579.15,227057,2,2584.67,106298,137119,0.3618888261960886,0
2023-07-28 11:12:07,2579.15,227064,3,2584.67,106317,137116,0.3618888261960886,0
2023-07-28 11:12:08,2579.15,227067,1,2584.67,106293,137116,0.3618888261960886,0
2023-07-28 11:12:09,2579.9,227068,1,2584.67,106293,137115,0.3910734089538371,0
2023-07-28 11:12:09,2579.9,227068,1,2584.67,106293,137115,0.3910734089538371,0
2023-07-28 11:12:10,2579.9,227069,1,2584.67,106312,137114,0.3910734089538371,0
2023-07-28 11:12:12,2579.9,227089,20,2584.67,106309,137095,0.3910734089538371,0
2023-07-28 11:12:12,2579.9,227089,20,2584.67,106309,137096,0.3910734089538371,0
2023-07-28 11:12:14,2579.15,227090,1,2584.67,106398,137055,0.3618888261960886,0
2023-07-28 11:12:14,2579.15,227090,1,2584.67,106398,137055,0.3618888261960886,0
2023-07-28 11:12:15,2579.15,227091,1,2584.67,106412,137045,0.3618888261960886,0
2023-07-28 11:12:15,2579.15,227091,1,2584.67,106424,136994,0.3618888261960886,0
2023-07-28 11:12:17,2579.15,227097,2,2584.67,106424,136995,0.3618888261960886,0
2023-07-28 11:12:17,2579.15,227097,2,2584.67,106424,136995,0.3618888261960886,0
2023-07-28 11:12:17,2579.15,227097,2,2584.67,106432,136998,0.3618888261960886,0
2023-07-28 11:12:17,2579.15,227097,10,2584.67,106432,136998,0.3618888261960886,0
2023-07-28 11:12:20,2579.9,227122,5,2584.67,106424,137049,0.3910734089538371,0
2023-07-28 11:12:21,2580.75,227856,1,2584.65,106813,136302,0.42414926941261516,0
2023-07-28 11:12:21,2580.75,227856,1,2584.65,106953,136801,0.42414926941261516,0
2023-07-28 11:12:21,2580.75,227856,1,2584.65,106953,136801,0.42414926941261516,0
2023-07-28 11:12:21,2580.2,227856,1,2584.65,106953,136801,0.40274724205692586,0
2023-07-28 11:12:24,2580.2,227857,1,2584.65,106957,136822,0.40274724205692586,0
2023-07-28 11:12:24,2580.2,227857,1,2584.65,106962,136857,0.40274724205692586,0
2023-07-28 11:12:27,2580.2,227863,3,2584.65,106979,136860,0.40274724205692586,0
2023-07-28 11:12:27,2580.95,227863,1,2584.65,106995,136818,0.4319318248146744,0
2023-07-28 11:12:28,2580.2,227865,1,2584.65,107025,136818,0.40274724205692586,0
2023-07-28 11:12:28,2580.2,227865,1,2584.65,107077,136792,0.40274724205692586,0
2023-07-28 11:12:28,2580.2,227865,1,2584.65,106847,136774,0.40274724205692586,0
2023-07-28 11:12:28,2581.0,227865,25,2584.65,106847,136774,0.433877463665198,0
2023-07-28 11:12:32,2581.0,227890,25,2584.65,107063,136757,0.433877463665198,0
2023-07-28 11:12:34,2581.0,227891,1,2584.65,107097,136757,0.433877463665198,0
2023-07-28 11:12:34,2581.0,227891,1,2584.65,107159,136757,0.433877463665198,0
2023-07-28 11:12:36,2580.2,228009,8,2584.65,107081,136752,0.40274724205692586,0
2023-07-28 11:12:37,2580.3,228014,5,2584.65,107084,136792,0.40663851975797316,0
2023-07-28 11:12:37,2580.3,228014,5,2584.65,107019,136830,0.40663851975797316,0
2023-07-28 11:12:37,2580.3,228014,1,2584.65,107019,136825,0.40663851975797316,0
2023-07-28 11:12:40,2581.05,228105,1,2584.65,106905,136829,0.43582310251572165,0
2023-07-28 11:12:40,2581.05,228105,1,2584.65,106905,136829,0.43582310251572165,0
