2023-07-28 10:49:26,1363.7,76373,1,1363.39,63891,65671,0.44192384179126465,0
2023-07-28 10:49:26,1363.7,76373,1,1363.39,63870,65715,0.44192384179126465,0
2023-07-28 10:49:34,1363.3,76375,1,1363.39,63851,65850,0.412462252338507,0
2023-07-28 10:49:34,1363.3,76375,1,1363.39,63841,65800,0.412462252338507,0
2023-07-28 10:49:38,1363.65,76376,1,1363.39,63855,65746,0.4382411431096741,0
2023-07-28 10:49:38,1363.65,76376,1,1363.39,63857,65746,0.4382411431096741,0
2023-07-28 10:49:38,1363.65,76376,1,1363.39,63857,65751,0.4382411431096741,0
2023-07-28 10:49:38,1363.65,76376,1,1363.39,63823,65805,0.4382411431096741,0
2023-07-28 10:49:38,1363.65,76376,1,1363.39,63818,65805,0.4382411431096741,0
2023-07-28 10:49:38,1363.65,76376,1,1363.39,63850,65805,0.4382411431096741,0
2023-07-28 10:49:38,1363.0,76376,8,1363.39,63850,65805,0.39036606024894704,0
2023-07-28 10:49:44,1363.0,76443,9,1363.39,63680,66016,0.39036606024894704,0
2023-07-28 10:49:44,1363.0,76443,9,1363.39,63895,65921,0.39036606024894704,0
2023-07-28 10:49:45,1363.4,76459,1,1363.39,63926,65940,0.4198276497017047,0
2023-07-28 10:49:45,1363.4,76459,1,1363.39,63926,66214,0.4198276497017047,0
2023-07-28 10:49:45,1363.4,76459,1,1363.39,63926,66214,0.4198276497017047,0
2023-07-28 10:49:45,1363.4,76459,1,1363.39,64003,66161,0.4198276497017047,0
2023-07-28 10:49:45,1363.4,76459,1,1363.39,63966,66235,0.4198276497017047,0
2023-07-28 10:49:45,1363.4,76459,1,1363.39,63966,66231,0.4198276497017047,0
2023-07-28 10:49:45,1362.95,76459,1,1363.39,63966,66162,0.38668336156735655,0
2023-07-28 10:49:52,1362.95,76463,1,1363.39,63963,66087,0.38668336156735655,0
2023-07-28 10:49:52,1362.95,76463,1,1363.39,63964,66087,0.38668336156735655,0
2023-07-28 10:49:52,1362.95,76463,1,1363.39,63944,66087,0.38668336156735655,0
2023-07-28 10:49:52,1362.95,76463,1,1363.39,63945,66087,0.38668336156735655,0
2023-07-28 10:49:52,1362.95,76463,1,1363.39,63946,66087,0.38668336156735655,0
2023-07-28 10:50:03,1362.95,76464,1,1363.39,63957,66145,0.38668336156735655,0
2023-07-28 10:50:03,1362.95,76464,1,1363.39,63957,66230,0.38668336156735655,0
2023-07-28 10:50:03,1362.95,76464,1,1363.39,63899,66213,0.38668336156735655,0
2023-07-28 10:50:03,1362.95,76464,1,1363.39,63957,66179,0.38668336156735655,0
2023-07-28 10:50:03,1363.45,76464,2,1363.39,63957,66179,0.42351034838329527,0
2023-07-28 10:50:08,1363.45,76467,2,1363.39,63901,66107,0.42351034838329527,0
2023-07-28 10:50:08,1363.45,76467,2,1363.39,63901,66117,0.42351034838329527,0
2023-07-28 10:50:08,1363.45,76467,2,1363.39,64024,66007,0.42351034838329527,0
2023-07-28 10:50:08,1363.45,76467,2,1363.39,64024,66007,0.42351034838329527,0
2023-07-28 10:50:08,1363.45,76467,2,1363.39,64024,66007,0.42351034838329527,0
2023-07-28 10:50:08,1363.45,76467,2,1363.39,64024,66007,0.42351034838329527,0
2023-07-28 10:50:22,1363.15,76470,2,1363.39,63973,66008,0.4014141562937354,0
2023-07-28 10:50:22,1363.15,76470,2,1363.39,63973,66008,0.4014141562937354,0
2023-07-28 10:50:22,1363.15,76470,2,1363.39,63973,66008,0.4014141562937354,0
2023-07-28 10:50:22,1363.45,76470,1,1363.39,63973,66008,0.42351034838329527,0
2023-07-28 10:50:22,1363.45,76470,1,1363.39,63973,66008,0.42351034838329527,0
2023-07-28 10:50:24,1363.0,76471,13,1363.39,63919,66228,0.39036606024894704,0
2023-07-28 10:50:31,1363.0,76566,82,1363.38,63926,66146,0.39036606024894704,0
2023-07-28 10:50:31,1363.0,76566,1,1363.38,63926,66146,0.39036606024894704,0
2023-07-28 10:50:31,1363.4,76572,13,1363.38,64059,66106,0.4198276497017047,0
2023-07-28 10:50:31,1363.4,76572,1,1363.38,64059,66106,0.4198276497017047,0
2023-07-28 10:50:31,1362.9,76572,16,1363.38,64059,66106,0.383000662885766,0
2023-07-28 10:50:39,1362.9,76604,16,1363.38,63876,66285,0.383000662885766,0
2023-07-28 10:50:39,1362.65,76604,5,1363.38,63876,66285,0.3645871694777967,0
2023-07-28 10:50:41,1362.65,76654,5,1363.38,63954,66125,0.3645871694777967,0
2023-07-28 10:50:41,1362.65,76654,5,1363.38,63886,66150,0.3645871694777967,0
2023-07-28 10:50:41,1362.7,76654,1,1363.38,63886,66150,0.36826986815938717,0
2023-07-28 10:50:52,1362.7,76657,1,1363.38,63835,66277,0.36826986815938717,0
2023-07-28 10:50:52,1363.4,76657,9,1363.38,63835,66277,0.4198276497017047,0
2023-07-28 10:50:55,1363.4,76666,9,1363.38,63835,66244,0.4198276497017047,0
2023-07-28 10:50:55,1362.65,76666,5,1363.38,63835,66244,0.3645871694777967,0
2023-07-28 10:50:59,1362.7,76683,5,1363.38,64136,66036,0.36826986815938717,0
2023-07-28 10:50:59,1363.4,76683,10,1363.38,64136,66036,0.4198276497017047,0
2023-07-28 10:51:03,1363.4,76716,10,1363.38,64195,65951,0.4198276497017047,0
2023-07-28 10:51:03,1363.4,76716,11,1363.38,64195,65951,0.4198276497017047,0
2023-07-28 10:51:07,1363.4,76729,11,1363.38,64350,65538,0.4198276497017047,0
2023-07-28 10:51:07,1363.4,76729,11,1363.38,64437,65690,0.4198276497017047,0
2023-07-28 10:51:07,1363.4,76729,11,1363.38,64215,65668,0.4198276497017047,0
2023-07-28 10:51:07,1363.2,76729,1,1363.38,64215,65668,0.4050968549753259,0
2023-07-28 10:51:22,1363.2,76733,1,1363.38,64211,65718,0.4050968549753259,0
2023-07-28 10:51:22,1363.2,76733,1,1363.38,64246,65610,0.4050968549753259,0
2023-07-28 10:51:22,1363.2,76733,1,1363.38,64463,65601,0.4050968549753259,0
2023-07-28 10:51:22,1363.9,76733,2,1363.38,64463,65601,0.4566546365176435,0
2023-07-28 10:51:37,1363.9,76736,2,1363.38,64438,65587,0.4566546365176435,0
2023-07-28 10:51:37,1363.9,76736,2,1363.38,64413,65488,0.4566546365176435,0
2023-07-28 10:51:37,1363.55,76736,1,1363.38,64413,65488,0.4308757457464763,0
2023-07-28 10:51:37,1363.55,76736,1,1363.38,64413,65488,0.4308757457464763,0
2023-07-28 10:51:49,1363.55,76739,1,1363.38,64233,65623,0.4308757457464763,0
2023-07-28 10:51:49,1363.25,76739,1,1363.38,64233,65623,0.40877955365691643,0
2023-07-28 10:51:52,1363.25,76740,1,1363.38,63856,66075,0.40877955365691643,0
2023-07-28 10:51:52,1363.4,76740,18,1363.38,63856,66075,0.4198276497017047,0
2023-07-28 10:51:55,1363.4,76760,18,1363.38,63886,65973,0.4198276497017047,0
2023-07-28 10:51:55,1363.25,76760,1,1363.38,63876,65880,0.40877955365691643,0
2023-07-28 10:52:03,1363.7,76761,2,1363.38,63940,65951,0.44192384179126465,0
2023-07-28 10:52:03,1362.7,76761,23,1363.38,63940,65951,0.36826986815938717,0
2023-07-28 10:52:08,1362.7,76803,23,1363.38,64112,65712,0.36826986815938717,0
2023-07-28 10:52:08,1362.7,76803,3,1363.38,64112,65712,0.36826986815938717,0
2023-07-28 10:52:13,1363.75,77003,13,1363.38,63988,65864,0.44560654047285514,0
2023-07-28 10:52:13,1363.75,77003,27,1363.38,63988,65864,0.44560654047285514,0
2023-07-28 10:52:16,1363.75,77074,27,1363.38,64119,65672,0.44560654047285514,0
2023-07-28 10:52:16,1363.7,77074,7,1363.38,64119,65672,0.44192384179126465,0
2023-07-28 10:52:16,1363.4,77074,3,1363.38,64119,65672,0.4198276497017047,0
2023-07-28 10:52:22,1363.7,77102,3,1363.38,64309,65601,0.44192384179126465,0
2023-07-28 10:52:24,1363.7,77105,3,1363.38,64358,65594,0.44192384179126465,0
2023-07-28 10:52:24,1363.7,77105,3,1363.38,64383,65592,0.44192384179126465,0
2023-07-28 10:52:24,1363.7,77105,1,1363.38,64414,65603,0.44192384179126465,0
2023-07-28 10:52:37,1363.7,77108,1,1363.38,64350,65657,0.44192384179126465,0
2023-07-28 10:52:37,1363.7,77108,1,1363.38,64378,65988,0.44192384179126465,0
2023-07-28 10:52:37,1363.7,77108,1,1363.38,64453,65979,0.44192384179126465,0
2023-07-28 10:52:37,1363.2,77108,1,1363.38,64453,65979,0.4050968549753259,0
2023-07-28 10:52:52,1363.7,77112,2,1363.38,64408,66002,0.44192384179126465,0
2023-07-28 10:52:52,1363.7,77112,6,1363.38,64408,66002,0.44192384179126465,0
2023-07-28 10:52:55,1363.7,77120,1,1363.38,64458,65966,0.44192384179126465,0
2023-07-28 10:52:58,1363.7,77121,1,1363.38,64492,65957,0.44192384179126465,0
2023-07-28 10:52:58,1363.7,77121,1,1363.38,64279,66814,0.44192384179126465,0
2023-07-28 10:52:58,1363.7,77121,2,1363.38,64279,66814,0.44192384179126465,0
2023-07-28 10:52:58,1363.7,77121,1,1363.38,64279,66814,0.44192384179126465,0
2023-07-28 10:52:58,1363.65,77121,14,1363.38,64279,66814,0.4382411431096741,0
2023-07-28 10:52:58,1362.65,77121,43,1363.38,64279,66814,0.3645871694777967,0
2023-07-28 10:53:13,1363.7,77328,37,1363.38,64324,66603,0.44192384179126465,0
2023-07-28 10:53:16,1363.6,77384,16,1363.38,64324,66642,0.43455844442806685,0
2023-07-28 10:53:16,1363.6,77384,16,1363.38,64324,66642,0.43455844442806685,0
2023-07-28 10:53:16,1363.6,77384,16,1363.38,64324,66642,0.43455844442806685,0
2023-07-28 10:53:16,1363.4,77384,1,1363.38,64324,66642,0.4198276497017047,0
2023-07-28 10:53:16,1363.4,77384,1,1363.38,64324,66642,0.4198276497017047,0
2023-07-28 10:53:16,1363.4,77384,1,1363.38,64324,66642,0.4198276497017047,0
2023-07-28 10:53:22,1363.4,77408,1,1363.38,64364,66663,0.4198276497017047,0
2023-07-28 10:53:22,1363.4,77408,1,1363.38,64364,66663,0.4198276497017047,0
2023-07-28 10:53:22,1363.4,77408,1,1363.38,64364,66663,0.4198276497017047,0
2023-07-28 10:53:22,1363.4,77408,1,1363.38,64364,66663,0.4198276497017047,0
2023-07-28 10:53:22,1363.4,77408,1,1363.38,64361,66662,0.4198276497017047,0
2023-07-28 10:53:22,1363.4,77408,1,1363.38,64350,66662,0.4198276497017047,0
2023-07-28 10:53:22,1363.4,77408,1,1363.38,64474,66659,0.4198276497017047,0
2023-07-28 10:53:22,1363.5,77408,3,1363.38,64474,66659,0.4271930470648858,0
2023-07-28 10:53:38,1363.5,77411,3,1363.38,64530,66634,0.4271930470648858,0
2023-07-28 10:53:38,1363.5,77411,3,1363.38,64532,66634,0.4271930470648858,0
2023-07-28 10:53:38,1363.3,77411,1,1363.38,64532,66634,0.412462252338507,0
2023-07-28 10:53:50,1363.3,77412,1,1363.38,64590,66554,0.412462252338507,0
2023-07-28 10:53:50,1363.1,77412,1,1363.38,64590,66554,0.39773145761212814,0
2023-07-28 10:53:52,1363.1,77415,1,1363.38,64597,66512,0.39773145761212814,0
2023-07-28 10:53:52,1363.1,77415,1,1363.38,64599,66513,0.39773145761212814,0
2023-07-28 10:53:52,1363.1,77415,1,1363.38,64603,66493,0.39773145761212814,0
2023-07-28 10:53:52,1363.65,77415,2,1363.38,64603,66493,0.4382411431096741,0
2023-07-28 10:54:09,1363.65,77419,1,1363.38,64545,66493,0.4382411431096741,0
2023-07-28 10:54:09,1363.65,77419,1,1363.38,64582,66493,0.4382411431096741,0
2023-07-28 10:54:09,1363.35,77419,1,1363.38,64582,66493,0.41614495102009746,0
2023-07-28 10:54:17,1363.35,77421,1,1363.38,64566,66530,0.41614495102009746,0
2023-07-28 10:54:22,1363.15,77425,1,1363.38,64318,66526,0.4014141562937354,0
2023-07-28 10:54:22,1363.15,77425,1,1363.38,64319,66526,0.4014141562937354,0
2023-07-28 10:54:22,1363.7,77425,147,1363.38,64319,66526,0.44192384179126465,0
2023-07-28 10:54:30,1363.7,77895,147,1363.38,64569,67151,0.44192384179126465,0
2023-07-28 10:54:30,1363.7,77895,54,1363.38,64569,67151,0.44192384179126465,0
2023-07-28 10:54:30,1363.05,77895,8,1363.38,64569,67151,0.3940487589305376,0
2023-07-28 10:54:30,1363.7,77895,1,1363.38,64569,67151,0.44192384179126465,0
2023-07-28 10:54:33,1363.75,78200,8,1363.38,64243,67030,0.44560654047285514,0
2023-07-28 10:54:33,1363.1,78200,1,1363.38,64243,67030,0.39773145761212814,0
2023-07-28 10:54:39,1363.0,78318,1,1363.38,64390,67065,0.39036606024894704,0
2023-07-28 10:54:39,1363.0,78318,14,1363.38,64390,67065,0.39036606024894704,0
2023-07-28 10:54:39,1363.0,78332,14,1363.38,64362,67089,0.39036606024894704,0
2023-07-28 10:54:39,1363.0,78332,14,1363.38,64372,67448,0.39036606024894704,0
2023-07-28 10:54:39,1363.0,78332,14,1363.38,64386,67400,0.39036606024894704,0
2023-07-28 10:54:39,1363.0,78332,1,1363.38,64386,67400,0.39036606024894704,0
2023-07-28 10:54:39,1363.0,78332,6,1363.38,64386,67400,0.39036606024894704,0
2023-07-28 10:54:55,1363.6,78347,5,1363.38,64439,67554,0.43455844442806685,0
2023-07-28 10:54:55,1363.0,78347,6,1363.38,64439,67554,0.39036606024894704,0
2023-07-28 10:54:55,1363.0,78347,2,1363.38,64439,67554,0.39036606024894704,0
2023-07-28 10:54:55,1363.0,78347,17,1363.38,64439,67554,0.39036606024894704,0
2023-07-28 10:54:55,1363.0,78347,3,1363.38,64439,67554,0.39036606024894704,0
2023-07-28 10:55:06,1363.0,78450,3,1363.38,64327,68538,0.39036606024894704,0
2023-07-28 10:55:06,1363.0,78450,3,1363.38,64289,69194,0.39036606024894704,0
2023-07-28 10:55:06,1363.0,78450,3,1363.38,64140,69394,0.39036606024894704,0
2023-07-28 10:55:06,1363.0,78450,3,1363.38,64140,69428,0.39036606024894704,0
2023-07-28 10:55:06,1362.9,78450,1,1363.38,64140,69428,0.383000662885766,0
2023-07-28 10:55:22,1362.9,78453,1,1363.38,64000,69616,0.383000662885766,0
2023-07-28 10:55:22,1362.9,78453,1,1363.38,63997,69742,0.383000662885766,0
2023-07-28 10:55:22,1362.9,78453,1,1363.38,64025,70391,0.383000662885766,0
2023-07-28 10:55:22,1362.7,78453,2,1363.38,64025,70391,0.36826986815938717,0
2023-07-28 10:55:38,1362.7,78456,2,1363.38,64016,70350,0.36826986815938717,0
2023-07-28 10:55:38,1362.05,78456,3,1363.38,64016,70350,0.32039478529866017,0
2023-07-28 10:55:41,1362.05,78459,3,1363.38,63981,70347,0.32039478529866017,0
2023-07-28 10:55:41,1362.05,78459,3,1363.38,63987,70392,0.32039478529866017,0
2023-07-28 10:55:52,1362.2,78463,1,1363.38,64016,70358,0.33144288134344846,0
2023-07-28 10:55:56,1361.8,78603,3,1363.38,63933,70416,0.3019812918906908,0
2023-07-28 10:55:56,1362.65,78603,15,1363.38,63933,70416,0.3645871694777967,0
2023-07-28 10:55:57,1362.65,78632,15,1363.38,63736,70463,0.3645871694777967,0
2023-07-28 10:55:57,1362.65,78632,15,1363.38,64214,70277,0.3645871694777967,0
2023-07-28 10:55:57,1362.6,78632,2,1363.38,64214,70277,0.36090447079618937,0
2023-07-28 10:56:08,1362.6,78635,2,1363.38,64204,70325,0.36090447079618937,0
2023-07-28 10:56:08,1362.6,78635,2,1363.38,64206,70323,0.36090447079618937,0
2023-07-28 10:56:08,1362.6,78635,2,1363.38,64207,70243,0.36090447079618937,0
2023-07-28 10:56:08,1362.6,78635,1,1363.38,64207,70243,0.36090447079618937,0
2023-07-28 10:56:08,1362.6,78635,1,1363.38,64207,70243,0.36090447079618937,0
2023-07-28 10:56:08,1362.6,78635,1,1363.38,64207,70243,0.36090447079618937,0
2023-07-28 10:56:22,1362.35,78639,3,1363.38,64196,70217,0.34249097738822004,0
2023-07-28 10:56:22,1362.35,78639,3,1363.38,64196,70217,0.34249097738822004,0
2023-07-28 10:56:22,1362.35,78639,3,1363.38,64196,70217,0.34249097738822004,0
2023-07-28 10:56:22,1362.35,78639,3,1363.38,64196,70217,0.34249097738822004,0
2023-07-28 10:56:22,1362.35,78639,3,1363.38,64196,70217,0.34249097738822004,0
2023-07-28 10:56:22,1362.35,78639,3,1363.38,64196,70217,0.34249097738822004,0
2023-07-28 10:56:22,1362.35,78639,3,1363.38,64196,70217,0.34249097738822004,0
2023-07-28 10:56:22,1362.35,78639,3,1363.38,63896,70216,0.34249097738822004,0
2023-07-28 10:56:22,1362.35,78639,3,1363.38,63898,70254,0.34249097738822004,0
2023-07-28 10:56:22,1362.35,78639,3,1363.38,63958,70274,0.34249097738822004,0
2023-07-28 10:56:22,1362.95,78639,1,1363.38,63958,70274,0.38668336156735655,0
2023-07-28 10:56:38,1362.95,78642,1,1363.38,64130,70261,0.38668336156735655,0
2023-07-28 10:56:38,1362.95,78642,1,1363.38,64141,70251,0.38668336156735655,0
2023-07-28 10:56:38,1362.95,78642,1,1363.38,64143,70251,0.38668336156735655,0
2023-07-28 10:56:38,1362.95,78642,15,1363.38,64143,70251,0.38668336156735655,0
2023-07-28 10:56:38,1362.95,78642,15,1363.38,64143,70251,0.38668336156735655,0
2023-07-28 10:56:52,1362.95,78687,15,1363.38,64171,70110,0.38668336156735655,0
2023-07-28 10:56:52,1362.95,78687,10,1363.38,64171,70110,0.38668336156735655,0
2023-07-28 10:56:52,1362.95,78687,15,1363.38,64171,70110,0.38668336156735655,0
2023-07-28 10:56:52,1362.65,78687,1,1363.38,64171,70110,0.3645871694777967,0
2023-07-28 10:56:52,1362.95,78687,15,1363.38,64171,70110,0.38668336156735655,0
2023-07-28 10:56:56,1362.95,78755,6,1363.38,64917,71191,0.38668336156735655,0
2023-07-28 10:56:56,1362.95,78755,10,1363.38,64917,71191,0.38668336156735655,0
2023-07-28 10:56:56,1362.95,78765,10,1363.38,64809,71280,0.38668336156735655,0
2023-07-28 10:56:56,1362.95,78765,10,1363.38,64810,71306,0.38668336156735655,0
2023-07-28 10:56:56,1362.95,78765,1,1363.38,64810,71306,0.38668336156735655,0
2023-07-28 10:57:08,1362.95,78768,1,1363.38,64789,71294,0.38668336156735655,0
2023-07-28 10:57:08,1362.95,78768,1,1363.38,64790,71284,0.38668336156735655,0
2023-07-28 10:57:08,1362.95,78768,1,1363.38,64792,71294,0.38668336156735655,0
2023-07-28 10:57:08,1362.95,78768,1,1363.38,64948,71312,0.38668336156735655,0
2023-07-28 10:57:08,1362.8,78768,1,1363.38,64948,71312,0.3756352655225682,0
2023-07-28 10:57:08,1362.65,78768,3,1363.38,64948,71312,0.3645871694777967,0
2023-07-28 10:57:23,1362.65,78777,3,1363.38,64844,71436,0.3645871694777967,0
2023-07-28 10:57:23,1362.65,78777,3,1363.38,64834,71414,0.3645871694777967,0
2023-07-28 10:57:23,1362.65,78777,1,1363.38,64836,71406,0.3645871694777967,0
2023-07-28 10:57:23,1362.65,78777,1,1363.38,64836,71406,0.3645871694777967,0
2023-07-28 10:57:35,1362.65,78781,1,1363.38,63980,71139,0.3645871694777967,0
2023-07-28 10:57:35,1362.65,78781,1,1363.38,63946,70980,0.3645871694777967,0
2023-07-28 10:57:35,1362.6,78781,2,1363.38,63946,70980,0.36090447079618937,0
2023-07-28 10:57:44,1362.6,78783,2,1363.38,63981,71006,0.36090447079618937,0
2023-07-28 10:57:44,1362.6,78783,2,1363.38,63958,71102,0.36090447079618937,0
2023-07-28 10:57:44,1362.05,78783,1,1363.38,63958,71102,0.32039478529866017,0
2023-07-28 10:57:52,1362.05,78786,1,1363.38,64032,71028,0.32039478529866017,0
2023-07-28 10:57:52,1362.6,78786,1,1363.38,64032,71028,0.36090447079618937,0
2023-07-28 10:57:54,1362.6,78788,1,1363.38,64010,71057,0.36090447079618937,0
2023-07-28 10:57:54,1362.7,78788,1,1363.38,64010,71057,0.36826986815938717,0
2023-07-28 10:57:59,1362.7,78798,1,1363.38,64072,71136,0.36826986815938717,0
2023-07-28 10:57:59,1362.7,78798,1,1363.38,64094,71060,0.36826986815938717,0
2023-07-28 10:57:59,1362.35,78798,1,1363.38,64094,71060,0.34249097738822004,0
2023-07-28 10:57:59,1362.0,78798,1,1363.38,64094,71060,0.3167120866170696,0
2023-07-28 10:58:09,1361.95,78821,17,1363.38,63898,70975,0.31302938793547913,0
2023-07-28 10:58:09,1361.95,78821,17,1363.38,64680,71105,0.31302938793547913,0
2023-07-28 10:58:09,1361.95,78821,17,1363.38,64391,71148,0.31302938793547913,0
2023-07-28 10:58:09,1362.5,78821,1,1363.38,64056,71107,0.35353907343300833,0
2023-07-28 10:58:09,1361.95,78821,4,1363.38,64056,71107,0.31302938793547913,0
2023-07-28 10:58:09,1362.55,78821,25,1363.38,64056,71107,0.3572217721145989,0
2023-07-28 10:58:09,1362.7,78821,80,1363.38,64056,71107,0.36826986815938717,0
2023-07-28 10:58:25,1362.5,79057,12,1363.37,64022,71098,0.35353907343300833,0
2023-07-28 10:58:26,1362.5,79117,12,1363.37,64532,70915,0.35353907343300833,0
2023-07-28 10:58:26,1361.7,79117,4,1363.37,64532,70915,0.29461589452750975,0
2023-07-28 10:58:31,1361.7,79130,4,1363.37,64607,71108,0.29461589452750975,0
2023-07-28 10:58:31,1362.7,79130,1,1363.37,64607,71108,0.36826986815938717,0
2023-07-28 10:58:31,1362.15,79130,1,1363.37,64607,71108,0.32776018266185797,0
2023-07-28 10:58:31,1362.6,79130,1,1363.37,64607,71108,0.36090447079618937,0
2023-07-28 10:58:37,1362.6,79135,1,1363.37,64668,71009,0.36090447079618937,0
2023-07-28 10:58:37,1362.6,79135,1,1363.37,64633,71107,0.36090447079618937,0
2023-07-28 10:58:37,1363.0,79135,9,1363.37,64633,71107,0.39036606024894704,0
2023-07-28 10:58:43,1363.0,79145,9,1363.37,64662,71093,0.39036606024894704,0
2023-07-28 10:58:43,1362.65,79145,1,1363.37,64662,71093,0.3645871694777967,0
2023-07-28 10:58:50,1362.3,79150,1,1363.37,63752,71783,0.3388082787066295,0
2023-07-28 10:58:50,1361.35,79150,2,1363.37,63752,71783,0.2688370037563426,0
2023-07-28 10:58:52,1361.35,79154,2,1363.37,63669,71364,0.2688370037563426,0
2023-07-28 10:58:52,1361.35,79154,2,1363.37,63830,71360,0.2688370037563426,0
2023-07-28 10:58:52,1362.5,79154,1,1363.37,63830,71360,0.35353907343300833,0
2023-07-28 10:58:59,1362.55,79164,2,1363.37,63777,71241,0.3572217721145989,0
2023-07-28 10:58:59,1362.25,79164,1,1363.37,63777,71241,0.335125580025039,0
2023-07-28 10:59:04,1362.6,79176,1,1363.37,63547,71146,0.36090447079618937,0
2023-07-28 10:59:07,1362.6,79177,1,1363.37,63614,71706,0.36090447079618937,0
2023-07-28 10:59:07,1362.6,79177,1,1363.37,63696,71262,0.36090447079618937,0
2023-07-28 10:59:07,1362.6,79177,1,1363.37,63594,71445,0.36090447079618937,0
2023-07-28 10:59:07,1362.6,79177,1,1363.37,63475,71320,0.36090447079618937,0
2023-07-28 10:59:07,1362.6,79177,1,1363.37,63598,71341,0.36090447079618937,0
2023-07-28 10:59:07,1362.6,79177,1,1363.37,63512,71718,0.36090447079618937,0
2023-07-28 10:59:07,1362.6,79177,1,1363.37,63585,71632,0.36090447079618937,0
2023-07-28 10:59:07,1361.9,79177,1,1363.37,63676,71713,0.3093466892538886,0
2023-07-28 10:59:15,1361.9,79178,1,1363.37,63677,71575,0.3093466892538886,0
2023-07-28 10:59:15,1361.9,79178,1,1363.37,63666,71578,0.3093466892538886,0
2023-07-28 10:59:15,1361.9,79178,1,1363.37,64147,71615,0.3093466892538886,0
2023-07-28 10:59:15,1361.9,79178,1,1363.37,64180,71480,0.3093466892538886,0
2023-07-28 10:59:15,1361.9,79178,1,1363.37,64151,71487,0.3093466892538886,0
2023-07-28 10:59:15,1362.6,79178,1,1363.37,64200,71455,0.36090447079618937,0
2023-07-28 10:59:15,1362.6,79178,1,1363.37,64200,71455,0.36090447079618937,0
2023-07-28 10:59:22,1361.9,79182,3,1363.37,64250,71493,0.3093466892538886,0
2023-07-28 10:59:22,1361.9,79182,3,1363.37,64250,71493,0.3093466892538886,0
2023-07-28 10:59:22,1361.9,79182,3,1363.37,64212,71493,0.3093466892538886,0
2023-07-28 10:59:22,1361.9,79182,3,1363.37,64212,71493,0.3093466892538886,0
2023-07-28 10:59:22,1361.9,79182,3,1363.37,64209,71538,0.3093466892538886,0
2023-07-28 10:59:22,1361.9,79182,3,1363.37,64209,71538,0.3093466892538886,0
2023-07-28 10:59:22,1361.9,79182,3,1363.37,64283,71538,0.3093466892538886,0
2023-07-28 10:59:22,1361.9,79182,3,1363.37,64283,71538,0.3093466892538886,0
2023-07-28 10:59:22,1361.9,79182,3,1363.37,64283,71539,0.3093466892538886,0
2023-07-28 10:59:22,1361.9,79182,3,1363.37,64313,71528,0.3093466892538886,0
2023-07-28 10:59:22,1361.9,79182,3,1363.37,64225,71497,0.3093466892538886,0
2023-07-28 10:59:22,1361.9,79182,3,1363.37,64306,71497,0.3093466892538886,0
2023-07-28 10:59:22,1361.9,79182,3,1363.37,64350,71497,0.3093466892538886,0
2023-07-28 10:59:22,1361.9,79182,3,1363.37,64425,71499,0.3093466892538886,0
2023-07-28 10:59:22,1361.9,79182,3,1363.37,64425,71502,0.3093466892538886,0
2023-07-28 10:59:22,1362.6,79182,1,1363.37,64425,71495,0.36090447079618937,0
2023-07-28 10:59:37,1362.6,79185,1,1363.37,64498,71397,0.36090447079618937,0
2023-07-28 10:59:37,1362.6,79185,1,1363.37,64398,71400,0.36090447079618937,0
2023-07-28 10:59:37,1362.6,79185,1,1363.37,64444,71400,0.36090447079618937,0
2023-07-28 10:59:37,1362.6,79185,1,1363.37,64408,71401,0.36090447079618937,0
2023-07-28 10:59:37,1362.6,79185,1,1363.37,64490,71421,0.36090447079618937,0
2023-07-28 10:59:44,1362.05,79188,3,1363.37,64349,71478,0.32039478529866017,0
2023-07-28 10:59:44,1362.05,79188,3,1363.37,64432,71393,0.32039478529866017,0
2023-07-28 10:59:44,1362.05,79188,3,1363.37,64445,71438,0.32039478529866017,0
2023-07-28 10:59:44,1362.05,79188,3,1363.37,63999,71437,0.32039478529866017,0
2023-07-28 10:59:44,1362.05,79188,3,1363.37,64515,71266,0.32039478529866017,0
2023-07-28 10:59:44,1362.05,79188,3,1363.37,64736,71381,0.32039478529866017,0
2023-07-28 10:59:44,1362.05,79188,3,1363.37,64810,71380,0.32039478529866017,0
2023-07-28 10:59:44,1363.0,79188,1,1363.37,64813,71377,0.39036606024894704,0
2023-07-28 10:59:44,1362.2,79188,3,1363.37,64813,71377,0.33144288134344846,0
2023-07-28 10:59:52,1362.2,79194,3,1363.37,64812,71365,0.33144288134344846,0
2023-07-28 10:59:52,1362.2,79194,3,1363.37,64812,71325,0.33144288134344846,0
2023-07-28 10:59:52,1362.2,79194,3,1363.37,64820,71325,0.33144288134344846,0
2023-07-28 10:59:56,1362.15,79207,13,1363.37,64808,71325,0.32776018266185797,0
2023-07-28 10:59:56,1362.15,79207,13,1363.37,64801,71372,0.32776018266185797,0
2023-07-28 10:59:58,1362.5,79227,10,1363.37,64032,71684,0.35353907343300833,0
2023-07-28 10:59:58,1362.5,79227,10,1363.37,64032,71684,0.35353907343300833,0
2023-07-28 10:59:58,1362.45,79227,11,1363.37,64192,71647,0.34985637475141784,0
2023-07-28 11:00:00,1362.95,79238,1,1363.37,64621,71427,0.38668336156735655,0
2023-07-28 11:00:01,1362.95,79239,1,1363.37,64655,71377,0.38668336156735655,0
2023-07-28 11:00:01,1362.95,79239,1,1363.37,64473,71471,0.38668336156735655,0
2023-07-28 11:00:01,1362.95,79239,1,1363.37,64673,71468,0.38668336156735655,0
2023-07-28 11:00:01,1362.95,79239,1,1363.37,64491,71417,0.38668336156735655,0
2023-07-28 11:00:01,1362.95,79239,1,1363.37,64628,71378,0.38668336156735655,0
2023-07-28 11:00:07,1363.0,79243,3,1363.37,64627,71451,0.39036606024894704,0
2023-07-28 11:00:07,1363.0,79243,3,1363.37,64613,71407,0.39036606024894704,0
2023-07-28 11:00:07,1363.0,79243,3,1363.37,64598,71491,0.39036606024894704,0
2023-07-28 11:00:07,1363.0,79243,3,1363.37,64554,71504,0.39036606024894704,0
2023-07-28 11:00:07,1363.0,79243,3,1363.37,64576,71502,0.39036606024894704,0
2023-07-28 11:00:07,1363.0,79243,3,1363.37,64633,71504,0.39036606024894704,0
2023-07-28 11:00:07,1363.0,79243,3,1363.37,64596,71497,0.39036606024894704,0
2023-07-28 11:00:07,1363.0,79243,3,1363.37,64622,71472,0.39036606024894704,0
2023-07-28 11:00:07,1363.0,79243,3,1363.37,64286,71499,0.39036606024894704,0
2023-07-28 11:00:07,1363.0,79243,3,1363.37,64471,71447,0.39036606024894704,0
2023-07-28 11:00:07,1363.0,79243,3,1363.37,64686,71452,0.39036606024894704,0
2023-07-28 11:00:07,1363.0,79243,3,1363.37,64796,71379,0.39036606024894704,0
2023-07-28 11:00:21,1363.0,79249,4,1363.37,64695,71415,0.39036606024894704,0
2023-07-28 11:00:22,1362.25,79256,4,1363.37,64584,71505,0.335125580025039,0
2023-07-28 11:00:23,1362.55,79257,1,1363.37,64525,71435,0.3572217721145989,0
2023-07-28 11:00:23,1361.95,79258,1,1363.37,64591,71425,0.31302938793547913,0
2023-07-28 11:00:25,1361.95,79259,1,1363.37,64516,71577,0.31302938793547913,0
2023-07-28 11:00:25,1361.95,79259,1,1363.37,64375,71456,0.31302938793547913,0
2023-07-28 11:00:25,1361.95,79259,1,1363.37,64467,71577,0.31302938793547913,0
2023-07-28 11:00:25,1361.95,79259,1,1363.37,64299,71507,0.31302938793547913,0
2023-07-28 11:00:30,1361.75,79270,9,1363.37,64157,71635,0.2982985932091003,0
2023-07-28 11:00:30,1361.75,79270,9,1363.37,64532,71545,0.2982985932091003,0
2023-07-28 11:00:30,1361.75,79270,9,1363.37,64108,71743,0.2982985932091003,0
2023-07-28 11:00:30,1361.75,79270,9,1363.37,64144,71731,0.2982985932091003,0
2023-07-28 11:00:30,1361.75,79270,9,1363.37,64181,71731,0.2982985932091003,0
2023-07-28 11:00:30,1361.75,79270,9,1363.37,64181,71702,0.2982985932091003,0
2023-07-28 11:00:30,1362.5,79270,2,1363.37,64181,71702,0.35353907343300833,0
2023-07-28 11:00:38,1362.5,79272,2,1363.37,64380,71518,0.35353907343300833,0
2023-07-28 11:00:38,1361.75,79272,19,1363.37,64412,71540,0.2982985932091003,0
2023-07-28 11:00:40,1362.55,79302,2,1363.37,64507,71617,0.3572217721145989,0
2023-07-28 11:00:41,1362.55,79309,2,1363.37,64418,71396,0.3572217721145989,0
2023-07-28 11:00:43,1362.95,79321,1,1363.37,64187,71415,0.38668336156735655,0
2023-07-28 11:00:43,1362.95,79321,1,1363.37,64187,71415,0.38668336156735655,0
2023-07-28 11:00:43,1362.95,79321,1,1363.37,64280,71430,0.38668336156735655,0
2023-07-28 11:00:47,1362.05,79343,12,1363.37,64350,71485,0.32039478529866017,0
2023-07-28 11:00:47,1362.05,79343,12,1363.37,64239,71476,0.32039478529866017,0
2023-07-28 11:00:47,1362.05,79343,12,1363.37,64311,71446,0.32039478529866017,0
2023-07-28 11:00:47,1362.05,79343,12,1363.37,64237,71441,0.32039478529866017,0
2023-07-28 11:00:47,1362.05,79343,12,1363.37,64373,71442,0.32039478529866017,0
2023-07-28 11:00:52,1362.05,79346,3,1363.37,64333,71442,0.32039478529866017,0
2023-07-28 11:00:52,1362.05,79346,3,1363.37,64370,71405,0.32039478529866017,0
2023-07-28 11:00:54,1362.05,79347,1,1363.37,64518,71348,0.32039478529866017,0
2023-07-28 11:00:54,1362.05,79347,1,1363.37,64518,71402,0.32039478529866017,0
2023-07-28 11:00:54,1362.05,79347,1,1363.37,64519,71374,0.32039478529866017,0
2023-07-28 11:00:54,1362.95,79347,1,1363.37,64565,71330,0.38668336156735655,0
2023-07-28 11:00:59,1362.85,79367,10,1363.37,64457,71429,0.37931796420415875,0
2023-07-28 11:00:59,1362.85,79368,1,1363.37,64451,71376,0.37931796420415875,0
2023-07-28 11:00:59,1362.85,79368,1,1363.37,64532,71386,0.37931796420415875,0
2023-07-28 11:00:59,1362.85,79368,1,1363.37,64576,71384,0.37931796420415875,0
2023-07-28 11:01:04,1362.3,79378,7,1363.37,64863,71262,0.3388082787066295,0
2023-07-28 11:01:04,1363.0,79378,1,1363.37,64863,71262,0.39036606024894704,0
2023-07-28 11:01:05,1363.0,79379,1,1363.37,64152,70467,0.39036606024894704,0
2023-07-28 11:01:05,1363.0,79379,1,1363.37,64153,70467,0.39036606024894704,0
2023-07-28 11:01:05,1363.0,79379,1,1363.37,64155,70503,0.39036606024894704,0
2023-07-28 11:01:05,1363.0,79379,1,1363.37,64155,70509,0.39036606024894704,0
2023-07-28 11:01:05,1363.0,79379,1,1363.37,64092,70509,0.39036606024894704,0
2023-07-28 11:01:05,1363.0,79379,1,1363.37,64209,70509,0.39036606024894704,0
2023-07-28 11:01:05,1363.0,79379,1,1363.37,64205,70509,0.39036606024894704,0
2023-07-28 11:01:22,1363.0,79383,1,1363.37,64122,70476,0.39036606024894704,0
2023-07-28 11:01:22,1363.0,79383,1,1363.37,64124,70476,0.39036606024894704,0
2023-07-28 11:01:22,1363.0,79383,1,1363.37,64152,70510,0.39036606024894704,0
2023-07-28 11:01:22,1363.0,79383,1,1363.37,64902,71265,0.39036606024894704,0
2023-07-28 11:01:22,1363.0,79383,1,1363.37,64902,71237,0.39036606024894704,0
2023-07-28 11:01:22,1363.0,79383,1,1363.37,64903,71237,0.39036606024894704,0
2023-07-28 11:01:22,1363.0,79383,1,1363.37,64911,71207,0.39036606024894704,0
2023-07-28 11:01:22,1363.0,79383,1,1363.37,64971,71207,0.39036606024894704,0
2023-07-28 11:01:22,1363.0,79383,1,1363.37,64986,71206,0.39036606024894704,0
2023-07-28 11:01:22,1363.0,79383,1,1363.37,64996,71240,0.39036606024894704,0
2023-07-28 11:01:22,1363.0,79383,1,1363.37,64996,71240,0.39036606024894704,0
2023-07-28 11:01:38,1363.0,79386,1,1363.37,65013,71229,0.39036606024894704,0
2023-07-28 11:01:38,1363.0,79386,1,1363.37,65015,71229,0.39036606024894704,0
2023-07-28 11:01:38,1363.0,79386,1,1363.37,65086,71237,0.39036606024894704,0
2023-07-28 11:01:38,1363.0,79386,1,1363.37,65155,71155,0.39036606024894704,0
2023-07-28 11:01:38,1362.5,79386,1,1363.37,65113,71118,0.35353907343300833,0
2023-07-28 11:01:52,1362.5,79390,1,1363.37,64924,71143,0.35353907343300833,0
2023-07-28 11:01:53,1363.0,79400,10,1363.37,64925,71162,0.39036606024894704,0
2023-07-28 11:01:53,1363.0,79400,1,1363.37,64925,71162,0.39036606024894704,0
2023-07-28 11:01:54,1363.0,79401,1,1363.37,64968,71139,0.39036606024894704,0
2023-07-28 11:01:54,1363.0,79401,1,1363.37,64971,71160,0.39036606024894704,0
2023-07-28 11:01:54,1363.0,79401,1,1363.37,64972,71159,0.39036606024894704,0
2023-07-28 11:01:54,1363.0,79401,1,1363.37,65151,71154,0.39036606024894704,0
2023-07-28 11:01:54,1363.0,79401,1,1363.37,65174,71120,0.39036606024894704,0
2023-07-28 11:01:59,1363.0,79411,10,1363.37,65094,71172,0.39036606024894704,0
2023-07-28 11:01:59,1363.0,79411,10,1363.37,65130,71192,0.39036606024894704,0
2023-07-28 11:01:59,1363.0,79411,10,1363.37,65165,71192,0.39036606024894704,0
2023-07-28 11:01:59,1363.0,79411,10,1363.37,65165,71204,0.39036606024894704,0
2023-07-28 11:01:59,1363.0,79411,2,1363.37,65195,71218,0.39036606024894704,0
2023-07-28 11:02:07,1363.0,79413,2,1363.37,65135,71198,0.39036606024894704,0
2023-07-28 11:02:07,1363.0,79413,10,1363.37,65135,71198,0.39036606024894704,0
2023-07-28 11:02:12,1363.0,79423,1,1363.37,65151,71224,0.39036606024894704,0
2023-07-28 11:02:15,1363.0,79424,1,1363.37,65222,71186,0.39036606024894704,0
2023-07-28 11:02:15,1362.55,79424,14,1363.37,65222,71186,0.3572217721145989,0
2023-07-28 11:02:15,1362.55,79424,3,1363.37,65222,71186,0.3572217721145989,0
2023-07-28 11:02:15,1362.55,79424,3,1363.37,65222,71186,0.3572217721145989,0
2023-07-28 11:02:15,1362.55,79424,3,1363.37,65222,71186,0.3572217721145989,0
2023-07-28 11:02:22,1362.55,79445,3,1363.37,65158,71178,0.3572217721145989,0
2023-07-28 11:02:22,1363.0,79445,1,1363.37,65158,71178,0.39036606024894704,0
2023-07-28 11:02:22,1363.0,79445,1,1363.37,65158,71178,0.39036606024894704,0
2023-07-28 11:02:22,1363.0,79445,1,1363.37,65158,71178,0.39036606024894704,0
2023-07-28 11:02:22,1363.0,79445,1,1363.37,65158,71178,0.39036606024894704,0
2023-07-28 11:02:22,1363.0,79445,1,1363.37,65158,71178,0.39036606024894704,0
2023-07-28 11:02:24,1363.0,79446,1,1363.37,64749,71182,0.39036606024894704,0
2023-07-28 11:02:24,1363.0,79446,2,1363.37,64749,71182,0.39036606024894704,0
2023-07-28 11:02:32,1363.0,79448,2,1363.37,64733,71198,0.39036606024894704,0
2023-07-28 11:02:32,1363.0,79448,2,1363.37,64706,71225,0.39036606024894704,0
2023-07-28 11:02:37,1363.0,79451,2,1363.37,64710,71205,0.39036606024894704,0
2023-07-28 11:02:37,1363.0,79451,2,1363.37,64714,71205,0.39036606024894704,0
2023-07-28 11:02:37,1363.0,79451,2,1363.37,64724,71215,0.39036606024894704,0
2023-07-28 11:02:37,1362.8,79451,2,1363.37,64724,71215,0.3756352655225682,0
2023-07-28 11:02:37,1363.0,79451,1,1363.37,64724,71215,0.39036606024894704,0
2023-07-28 11:02:52,1363.0,79455,9,1363.37,64687,71219,0.39036606024894704,0
2023-07-28 11:02:53,1363.0,79465,1,1363.37,64754,71211,0.39036606024894704,0
2023-07-28 11:02:53,1363.0,79465,11,1363.37,64754,71211,0.39036606024894704,0
2023-07-28 11:02:59,1363.0,79477,1,1363.37,64692,71201,0.39036606024894704,0
2023-07-28 11:02:59,1362.9,79477,1,1363.37,64692,71201,0.383000662885766,0
2023-07-28 11:03:04,1362.9,79481,1,1363.37,64076,71370,0.383000662885766,0
2023-07-28 11:03:04,1362.9,79481,1,1363.37,64087,71394,0.383000662885766,0
2023-07-28 11:03:04,1362.9,79481,1,1363.37,64126,71385,0.383000662885766,0
2023-07-28 11:03:04,1362.9,79481,1,1363.37,64590,71207,0.383000662885766,0
2023-07-28 11:03:22,1362.3,79485,2,1363.37,64492,71161,0.3388082787066295,0
2023-07-28 11:03:22,1362.3,79485,2,1363.37,64573,71162,0.3388082787066295,0
2023-07-28 11:03:22,1362.1,79485,9,1363.37,64573,71162,0.32407748398025066,0
2023-07-28 11:03:28,1362.1,79495,9,1363.37,64567,71162,0.32407748398025066,0
2023-07-28 11:03:28,1362.1,79495,9,1363.37,64799,71006,0.32407748398025066,0
2023-07-28 11:03:28,1362.95,79495,1,1363.37,64799,71006,0.38668336156735655,0
2023-07-28 11:03:38,1362.95,79496,1,1363.37,64831,71051,0.38668336156735655,0
2023-07-28 11:03:42,1363.0,79498,1,1363.37,64761,71061,0.39036606024894704,0
2023-07-28 11:03:42,1363.0,79498,3,1363.37,64761,71061,0.39036606024894704,0
2023-07-28 11:03:45,1363.0,79502,3,1363.37,64784,71033,0.39036606024894704,0
2023-07-28 11:03:45,1363.0,79502,6,1363.37,64784,71033,0.39036606024894704,0
2023-07-28 11:03:49,1363.0,79508,6,1363.37,64817,71054,0.39036606024894704,0
2023-07-28 11:03:49,1362.8,79508,1,1363.37,64817,71054,0.3756352655225682,0
2023-07-28 11:03:52,1362.8,79511,1,1363.37,64651,71120,0.3756352655225682,0
2023-07-28 11:03:52,1362.35,79511,4,1363.37,64651,71120,0.34249097738822004,0
2023-07-28 11:03:58,1362.35,79566,4,1363.37,64668,71087,0.34249097738822004,0
2023-07-28 11:03:58,1363.0,79566,20,1363.37,64668,71087,0.39036606024894704,0
2023-07-28 11:03:58,1363.0,79586,20,1363.37,64894,71113,0.39036606024894704,0
2023-07-28 11:03:58,1363.0,79586,1,1363.37,64894,71113,0.39036606024894704,0
2023-07-28 11:04:03,1363.0,79587,1,1363.37,64940,71072,0.39036606024894704,0
2023-07-28 11:04:03,1363.0,79587,8,1363.37,64940,71072,0.39036606024894704,0
2023-07-28 11:04:03,1363.0,79587,3,1363.37,64940,71072,0.39036606024894704,0
2023-07-28 11:04:03,1361.75,79587,4,1363.37,64940,71072,0.2982985932091003,0
2023-07-28 11:04:08,1362.5,80040,19,1363.36,64438,71697,0.35353907343300833,0
2023-07-28 11:04:10,1362.95,80059,1,1363.36,64710,71415,0.38668336156735655,0
2023-07-28 11:04:14,1363.0,80083,1,1363.36,64921,71358,0.39036606024894704,0
2023-07-28 11:04:14,1363.0,80083,8,1363.36,64921,71358,0.39036606024894704,0
2023-07-28 11:04:20,1362.65,80458,6,1363.36,63844,72063,0.3645871694777967,0
2023-07-28 11:04:23,1362.65,80553,7,1363.36,64532,71722,0.3645871694777967,0
2023-07-28 11:04:23,1361.95,80553,1,1363.36,64532,71722,0.31302938793547913,0
2023-07-28 11:04:29,1362.5,80561,6,1363.36,64640,71658,0.35353907343300833,0
2023-07-28 11:04:29,1362.45,80561,1,1363.36,64640,71658,0.34985637475141784,0
2023-07-28 11:04:34,1362.45,80592,1,1363.36,64016,71972,0.34985637475141784,0
2023-07-28 11:04:34,1362.7,80592,15,1363.36,64016,71972,0.36826986815938717,0
2023-07-28 11:04:34,1362.7,80610,2,1363.36,63872,72023,0.36826986815938717,0
2023-07-28 11:04:39,1362.7,80612,2,1363.36,63913,71984,0.36826986815938717,0
2023-07-28 11:04:39,1362.7,80612,2,1363.36,63914,71984,0.36826986815938717,0
2023-07-28 11:04:39,1362.3,80612,1,1363.36,63914,71984,0.3388082787066295,0
2023-07-28 11:04:49,1362.3,80613,1,1363.36,64636,71475,0.3388082787066295,0
2023-07-28 11:04:49,1362.1,80613,2,1363.36,64636,71475,0.32407748398025066,0
2023-07-28 11:04:52,1362.5,80617,1,1363.36,64539,72037,0.35353907343300833,0
2023-07-28 11:04:59,1362.5,80628,10,1363.36,64600,72052,0.35353907343300833,0
2023-07-28 11:04:59,1362.5,80628,1,1363.36,64600,72052,0.35353907343300833,0
2023-07-28 11:05:00,1362.5,80629,1,1363.36,64581,72051,0.35353907343300833,0
2023-07-28 11:05:00,1362.5,80629,1,1363.36,64581,72051,0.35353907343300833,0
2023-07-28 11:05:04,1362.5,80630,2,1363.36,64600,72057,0.35353907343300833,0
2023-07-28 11:05:07,1362.5,80633,2,1363.36,64589,72033,0.35353907343300833,0
2023-07-28 11:05:07,1362.5,80633,2,1363.36,64592,72040,0.35353907343300833,0
2023-07-28 11:05:07,1362.3,80633,1,1363.36,64592,72040,0.3388082787066295,0
2023-07-28 11:05:07,1362.5,80633,1,1363.36,64592,72040,0.35353907343300833,0
2023-07-28 11:05:22,1362.5,80637,1,1363.36,64623,72026,0.35353907343300833,0
2023-07-28 11:05:22,1362.5,80637,1,1363.36,64623,72026,0.35353907343300833,0
2023-07-28 11:05:22,1362.5,80637,1,1363.36,64623,72026,0.35353907343300833,0
2023-07-28 11:05:22,1362.5,80637,1,1363.36,64623,72026,0.35353907343300833,0
2023-07-28 11:05:22,1362.5,80637,1,1363.36,64623,72026,0.35353907343300833,0
2023-07-28 11:05:22,1362.5,80637,1,1363.36,64623,72026,0.35353907343300833,0
2023-07-28 11:05:22,1362.5,80637,1,1363.36,64503,71856,0.35353907343300833,0
2023-07-28 11:05:22,1362.5,80637,1,1363.36,64480,71851,0.35353907343300833,0
2023-07-28 11:05:22,1362.3,80637,1,1363.36,64480,71851,0.3388082787066295,0
2023-07-28 11:05:34,1362.5,80639,1,1363.36,64410,71581,0.35353907343300833,0
2023-07-28 11:05:34,1362.5,80639,1,1363.36,64410,71581,0.35353907343300833,0
2023-07-28 11:05:38,1362.5,80641,1,1363.36,64509,71825,0.35353907343300833,0
2023-07-28 11:05:38,1362.05,80641,1,1363.36,64509,71825,0.32039478529866017,0
2023-07-28 11:05:42,1362.05,80642,1,1363.36,64376,71885,0.32039478529866017,0
2023-07-28 11:05:42,1362.05,80642,1,1363.36,64382,71885,0.32039478529866017,0
2023-07-28 11:05:42,1362.05,80642,1,1363.36,64377,71834,0.32039478529866017,0
2023-07-28 11:05:42,1362.05,80642,3,1363.36,64377,71834,0.32039478529866017,0
2023-07-28 11:05:56,1362.5,80649,11,1363.36,64326,71942,0.35353907343300833,0
2023-07-28 11:05:56,1362.45,80649,1,1363.36,64326,71942,0.34985637475141784,0
2023-07-28 11:05:56,1362.45,80649,2,1363.36,64326,71942,0.34985637475141784,0
2023-07-28 11:05:56,1362.5,80649,4,1363.36,64326,71942,0.35353907343300833,0
2023-07-28 11:05:59,1362.5,80669,4,1363.36,64324,71884,0.35353907343300833,0
2023-07-28 11:05:59,1362.5,80669,1,1363.36,64324,71884,0.35353907343300833,0
2023-07-28 11:06:01,1362.5,80670,1,1363.36,64278,71948,0.35353907343300833,0
2023-07-28 11:06:01,1362.25,80670,1,1363.36,64278,71948,0.335125580025039,0
2023-07-28 11:06:06,1362.25,80672,1,1363.36,63959,72095,0.335125580025039,0
2023-07-28 11:06:06,1362.25,80672,1,1363.36,64008,71994,0.335125580025039,0
2023-07-28 11:06:06,1362.25,80672,1,1363.36,64124,71941,0.335125580025039,0
2023-07-28 11:06:06,1362.4,80672,483,1363.36,64124,71941,0.3461736760698273,0
2023-07-28 11:06:06,1362.5,80672,4,1363.36,64124,71941,0.35353907343300833,0
2023-07-28 11:06:19,1362.5,81176,2,1363.35,64356,71796,0.35353907343300833,0
2023-07-28 11:06:19,1362.4,81176,4,1363.35,64356,71796,0.3461736760698273,0
2023-07-28 11:06:26,1362.5,81843,134,1363.34,64062,72102,0.35353907343300833,0
2023-07-28 11:06:26,1362.4,81843,3,1363.34,64062,72102,0.3461736760698273,0
2023-07-28 11:06:27,1362.45,82012,18,1363.34,63609,72222,0.34985637475141784,0
2023-07-28 11:06:27,1362.4,82012,1,1363.34,63609,72222,0.3461736760698273,0
2023-07-28 11:06:27,1362.4,82012,1,1363.34,63609,72222,0.3461736760698273,0
2023-07-28 11:06:32,1362.5,82036,10,1363.34,64691,71998,0.35353907343300833,0
2023-07-28 11:06:32,1362.5,82036,395,1363.34,64691,71998,0.35353907343300833,0
2023-07-28 11:06:35,1362.5,82561,10,1363.33,64351,71981,0.35353907343300833,0
2023-07-28 11:06:35,1362.45,82561,3,1363.33,64351,71981,0.34985637475141784,0
2023-07-28 11:06:38,1362.85,82742,2,1363.33,64096,71821,0.37931796420415875,0
2023-07-28 11:06:41,1362.85,82766,2,1363.33,64212,71939,0.37931796420415875,0
2023-07-28 11:06:41,1362.9,82766,2,1363.33,64212,71939,0.383000662885766,0
2023-07-28 11:06:49,1362.55,82771,1,1363.33,64111,72044,0.3572217721145989,0
2023-07-28 11:06:49,1362.2,82771,1,1363.33,64111,72044,0.33144288134344846,0
2023-07-28 11:06:52,1362.2,82781,1,1363.33,64248,71929,0.33144288134344846,0
2023-07-28 11:06:52,1362.05,82781,17,1363.33,64248,71929,0.32039478529866017,0
2023-07-28 11:06:52,1362.55,82781,1,1363.33,64248,71929,0.3572217721145989,0
2023-07-28 11:06:57,1362.55,82802,1,1363.33,64152,71681,0.3572217721145989,0
2023-07-28 11:06:57,1362.8,82802,1,1363.33,64152,71681,0.3756352655225682,0
2023-07-28 11:06:57,1362.55,82802,1,1363.33,64152,71681,0.3572217721145989,0
2023-07-28 11:07:00,1362.55,82814,1,1363.33,64449,71761,0.3572217721145989,0
2023-07-28 11:07:00,1362.65,82814,1,1363.33,64449,71761,0.3645871694777967,0
2023-07-28 11:07:02,1362.65,82815,1,1363.33,64198,72043,0.3645871694777967,0
2023-07-28 11:07:02,1362.65,82815,1,1363.33,64198,72043,0.3645871694777967,0
2023-07-28 11:07:02,1362.65,82815,1,1363.33,64237,72050,0.3645871694777967,0
2023-07-28 11:07:02,1362.65,82815,1,1363.33,64198,72043,0.3645871694777967,0
2023-07-28 11:07:02,1362.65,82815,1,1363.33,64206,72029,0.3645871694777967,0
2023-07-28 11:07:02,1362.65,82815,1,1363.33,64198,72029,0.3645871694777967,0
2023-07-28 11:07:02,1362.65,82815,1,1363.33,64198,72029,0.3645871694777967,0
2023-07-28 11:07:02,1362.65,82815,1,1363.33,64198,72029,0.3645871694777967,0
2023-07-28 11:07:02,1362.65,82815,1,1363.33,64207,72029,0.3645871694777967,0
2023-07-28 11:07:02,1362.65,82815,1,1363.33,64200,72018,0.3645871694777967,0
2023-07-28 11:07:02,1362.65,82815,1,1363.33,64260,72011,0.3645871694777967,0
2023-07-28 11:07:02,1362.45,82815,1,1363.33,64237,72011,0.34985637475141784,0
2023-07-28 11:07:19,1362.45,82818,1,1363.33,64305,72199,0.34985637475141784,0
2023-07-28 11:07:20,1362.9,82829,2,1363.33,64309,72069,0.383000662885766,0
2023-07-28 11:07:21,1362.45,82830,1,1363.33,64406,72065,0.34985637475141784,0
2023-07-28 11:07:21,1362.0,82830,3,1363.33,64408,71648,0.3167120866170696,0
2023-07-28 11:07:22,1362.0,82833,3,1363.33,64302,72261,0.3167120866170696,0
2023-07-28 11:07:22,1362.0,82833,3,1363.33,64283,72191,0.3167120866170696,0
2023-07-28 11:07:22,1362.0,82833,3,1363.33,64019,72225,0.3167120866170696,0
2023-07-28 11:07:22,1362.0,82833,3,1363.33,64185,71781,0.3167120866170696,0
2023-07-28 11:07:22,1362.0,82833,3,1363.33,64238,71791,0.3167120866170696,0
2023-07-28 11:07:22,1362.0,82833,3,1363.33,64198,71790,0.3167120866170696,0
2023-07-28 11:07:22,1362.0,82833,3,1363.33,64317,72165,0.3167120866170696,0
2023-07-28 11:07:22,1362.0,82833,3,1363.33,64254,72165,0.3167120866170696,0
2023-07-28 11:07:22,1362.0,82833,3,1363.33,64303,72165,0.3167120866170696,0
2023-07-28 11:07:22,1362.0,82833,3,1363.33,64237,72154,0.3167120866170696,0
2023-07-28 11:07:22,1362.0,82833,3,1363.33,64246,72163,0.3167120866170696,0
2023-07-28 11:07:22,1362.0,82833,3,1363.33,64289,72101,0.3167120866170696,0
2023-07-28 11:07:37,1362.85,82835,2,1363.33,64281,71986,0.37931796420415875,0
2023-07-28 11:07:37,1362.85,82835,2,1363.33,64315,72015,0.37931796420415875,0
2023-07-28 11:07:37,1362.85,82835,2,1363.33,64329,72083,0.37931796420415875,0
2023-07-28 11:07:37,1362.85,82835,2,1363.33,64403,72084,0.37931796420415875,0
2023-07-28 11:07:37,1362.85,82835,2,1363.33,64403,72148,0.37931796420415875,0
2023-07-28 11:07:37,1362.15,82835,1,1363.33,64403,72148,0.32776018266185797,0
2023-07-28 11:07:46,1362.9,82937,1,1363.33,64037,72245,0.383000662885766,0
2023-07-28 11:07:46,1362.9,82948,11,1363.33,64089,72246,0.383000662885766,0
2023-07-28 11:07:46,1362.9,82948,11,1363.33,64171,72246,0.383000662885766,0
2023-07-28 11:07:46,1362.9,82948,11,1363.33,64171,72246,0.383000662885766,0
2023-07-28 11:07:46,1362.9,82948,11,1363.33,64255,72246,0.383000662885766,0
2023-07-28 11:07:46,1362.9,82948,11,1363.33,64218,72237,0.383000662885766,0
2023-07-28 11:07:46,1362.1,82948,2,1363.33,64218,72237,0.32407748398025066,0
2023-07-28 11:07:52,1362.1,82952,2,1363.33,64243,72251,0.32407748398025066,0
2023-07-28 11:07:52,1362.1,82952,2,1363.33,64180,72251,0.32407748398025066,0
2023-07-28 11:07:52,1362.1,82952,2,1363.33,64196,72251,0.32407748398025066,0
2023-07-28 11:07:52,1362.1,82952,2,1363.33,64227,72256,0.32407748398025066,0
2023-07-28 11:07:52,1362.1,82952,2,1363.33,64232,72239,0.32407748398025066,0
2023-07-28 11:07:52,1362.95,82952,1,1363.33,64232,72239,0.38668336156735655,0
2023-07-28 11:07:58,1362.95,82953,1,1363.33,64406,72011,0.38668336156735655,0
2023-07-28 11:07:58,1362.95,82953,1,1363.33,64406,72011,0.38668336156735655,0
2023-07-28 11:07:58,1362.95,82963,1,1363.33,64126,72393,0.38668336156735655,0
2023-07-28 11:07:58,1362.95,82963,1,1363.33,64193,72340,0.38668336156735655,0
2023-07-28 11:07:58,1362.95,82963,1,1363.33,64197,72340,0.38668336156735655,0
2023-07-28 11:07:58,1362.95,82963,1,1363.33,64197,72330,0.38668336156735655,0
2023-07-28 11:07:58,1362.95,82963,1,1363.33,64302,72248,0.38668336156735655,0
2023-07-28 11:07:58,1362.95,82963,1,1363.33,64265,72198,0.38668336156735655,0
2023-07-28 11:07:58,1362.95,82963,1,1363.33,64302,72184,0.38668336156735655,0
2023-07-28 11:08:08,1362.95,82966,1,1363.33,64211,72242,0.38668336156735655,0
2023-07-28 11:08:08,1362.95,82966,1,1363.33,64242,72242,0.38668336156735655,0
2023-07-28 11:08:08,1362.95,82966,1,1363.33,64234,72239,0.38668336156735655,0
2023-07-28 11:08:08,1362.95,82966,1,1363.33,64294,72212,0.38668336156735655,0
2023-07-28 11:08:08,1362.95,82966,1,1363.33,64331,72214,0.38668336156735655,0
2023-07-28 11:08:08,1362.95,82966,1,1363.33,64331,72237,0.38668336156735655,0
2023-07-28 11:08:08,1362.95,82966,1,1363.33,64333,72237,0.38668336156735655,0
2023-07-28 11:08:19,1362.6,82969,1,1363.33,64171,72290,0.36090447079618937,0
2023-07-28 11:08:19,1362.6,82969,1,1363.33,64191,72333,0.36090447079618937,0
2023-07-28 11:08:19,1362.6,82969,1,1363.33,64218,72336,0.36090447079618937,0
2023-07-28 11:08:19,1361.95,82969,3,1363.33,64253,72312,0.31302938793547913,0
2023-07-28 11:08:19,1361.95,82969,3,1363.33,64253,72312,0.31302938793547913,0
2023-07-28 11:08:22,1361.95,82972,3,1363.33,64198,72295,0.31302938793547913,0
2023-07-28 11:08:22,1361.95,82972,3,1363.33,64235,72295,0.31302938793547913,0
2023-07-28 11:08:22,1361.95,82972,3,1363.33,64235,72295,0.31302938793547913,0
2023-07-28 11:08:22,1361.95,82972,3,1363.33,64272,72289,0.31302938793547913,0
2023-07-28 11:08:22,1361.95,82972,3,1363.33,64272,72289,0.31302938793547913,0
2023-07-28 11:08:22,1361.95,82972,3,1363.33,64306,72292,0.31302938793547913,0
2023-07-28 11:08:22,1361.95,82972,3,1363.33,64306,72292,0.31302938793547913,0
2023-07-28 11:08:22,1361.95,82972,3,1363.33,64307,72292,0.31302938793547913,0
2023-07-28 11:08:22,1361.95,82972,3,1363.33,64307,72292,0.31302938793547913,0
2023-07-28 11:08:22,1361.95,82972,3,1363.33,64337,72292,0.31302938793547913,0
2023-07-28 11:08:22,1361.95,82972,3,1363.33,64375,72292,0.31302938793547913,0
2023-07-28 11:08:22,1361.95,82972,3,1363.33,64438,72257,0.31302938793547913,0
2023-07-28 11:08:34,1362.4,82973,1,1363.33,64277,72229,0.3461736760698273,0
2023-07-28 11:08:34,1362.4,82973,1,1363.33,64673,72049,0.3461736760698273,0
2023-07-28 11:08:34,1362.4,82973,1,1363.33,64747,72040,0.3461736760698273,0
2023-07-28 11:08:38,1362.9,82975,1,1363.33,64718,72004,0.383000662885766,0
2023-07-28 11:08:38,1362.9,82975,2,1363.33,64684,72004,0.383000662885766,0
2023-07-28 11:08:46,1362.9,82977,2,1363.33,64684,72002,0.383000662885766,0
2023-07-28 11:08:46,1362.9,82977,2,1363.33,64667,72002,0.383000662885766,0
2023-07-28 11:08:46,1362.9,82977,2,1363.33,64767,71988,0.383000662885766,0
2023-07-28 11:08:46,1362.35,82977,1,1363.33,64767,71988,0.34249097738822004,0
2023-07-28 11:08:52,1362.35,82980,1,1363.33,64706,71981,0.34249097738822004,0
2023-07-28 11:08:52,1362.35,82980,1,1363.33,64743,71981,0.34249097738822004,0
2023-07-28 11:08:52,1362.35,82980,1,1363.33,64708,71981,0.34249097738822004,0
2023-07-28 11:08:52,1362.35,82980,1,1363.33,64773,71977,0.34249097738822004,0
2023-07-28 11:08:52,1362.95,82980,1,1363.33,64773,71977,0.38668336156735655,0
2023-07-28 11:08:58,1362.95,82991,1,1363.33,64706,72026,0.38668336156735655,0
2023-07-28 11:08:58,1362.95,82991,1,1363.33,64568,72053,0.38668336156735655,0
2023-07-28 11:08:58,1362.95,82991,1,1363.33,64550,72080,0.38668336156735655,0
2023-07-28 11:08:58,1362.95,82991,1,1363.33,64657,72088,0.38668336156735655,0
2023-07-28 11:08:58,1362.95,82991,1,1363.33,64747,71993,0.38668336156735655,0
2023-07-28 11:08:58,1362.95,82991,1,1363.33,64752,71993,0.38668336156735655,0
2023-07-28 11:08:58,1363.0,82991,1,1363.33,64752,71993,0.39036606024894704,0
2023-07-28 11:09:08,1363.0,82994,1,1363.33,64685,72069,0.39036606024894704,0
2023-07-28 11:09:08,1363.0,82994,1,1363.33,64687,72135,0.39036606024894704,0
2023-07-28 11:09:19,1362.65,82997,1,1363.33,64630,72012,0.3645871694777967,0
2023-07-28 11:09:19,1362.5,82997,3,1363.33,64630,72012,0.35353907343300833,0
2023-07-28 11:09:22,1362.5,83001,3,1363.33,64487,72294,0.35353907343300833,0
2023-07-28 11:09:22,1362.5,83001,3,1363.33,64415,72333,0.35353907343300833,0
2023-07-28 11:09:22,1362.6,83001,1,1363.33,64478,72345,0.36090447079618937,0
2023-07-28 11:09:33,1362.6,83004,1,1363.33,64498,72385,0.36090447079618937,0
2023-07-28 11:09:33,1362.6,83004,1,1363.33,64498,72355,0.36090447079618937,0
2023-07-28 11:09:33,1362.6,83004,1,1363.33,64500,72349,0.36090447079618937,0
2023-07-28 11:09:33,1362.65,83004,1,1363.33,64500,72349,0.3645871694777967,0
2023-07-28 11:09:49,1362.65,83006,1,1363.33,64901,72086,0.3645871694777967,0
2023-07-28 11:09:49,1362.5,83006,2,1363.33,64901,72086,0.35353907343300833,0
2023-07-28 11:09:52,1362.5,83009,2,1363.33,64916,72146,0.35353907343300833,0
2023-07-28 11:09:52,1362.5,83009,2,1363.33,64970,72095,0.35353907343300833,0
2023-07-28 11:09:52,1362.95,83009,1,1363.33,64970,72095,0.38668336156735655,0
2023-07-28 11:09:52,1363.0,83009,9,1363.33,64970,72095,0.39036606024894704,0
2023-07-28 11:09:52,1362.8,83009,1,1363.33,64970,72095,0.3756352655225682,0
2023-07-28 11:10:00,1363.0,83176,3,1363.33,64677,70940,0.39036606024894704,0
2023-07-28 11:10:01,1363.0,83211,3,1363.33,64768,71103,0.39036606024894704,0
2023-07-28 11:10:01,1363.0,83211,2,1363.33,64768,71103,0.39036606024894704,0
2023-07-28 11:10:08,1363.0,83214,2,1363.33,64657,71116,0.39036606024894704,0
2023-07-28 11:10:08,1363.0,83214,2,1363.33,64657,71148,0.39036606024894704,0
2023-07-28 11:10:08,1363.0,83214,3,1363.33,64657,71148,0.39036606024894704,0
2023-07-28 11:10:17,1363.0,83217,3,1363.33,64812,71187,0.39036606024894704,0
2023-07-28 11:10:17,1363.0,83217,2,1363.33,64812,71187,0.39036606024894704,0
2023-07-28 11:10:17,1362.4,83217,2,1363.33,64812,71187,0.3461736760698273,0
2023-07-28 11:10:22,1362.4,83222,2,1363.33,64857,71178,0.3461736760698273,0
2023-07-28 11:10:22,1362.4,83222,2,1363.33,62277,71297,0.3461736760698273,0
2023-07-28 11:10:38,1363.0,83226,1,1363.33,64948,71412,0.39036606024894704,0
2023-07-28 11:10:38,1363.0,83226,1,1363.33,65011,71319,0.39036606024894704,0
2023-07-28 11:10:38,1363.0,83226,1,1363.33,65078,71238,0.39036606024894704,0
2023-07-28 11:10:38,1362.45,83226,1,1363.33,65078,71238,0.34985637475141784,0
2023-07-28 11:10:46,1362.45,83237,1,1363.33,64434,71663,0.34985637475141784,0
2023-07-28 11:10:46,1361.95,83237,4,1363.33,64434,71663,0.31302938793547913,0
2023-07-28 11:10:52,1362.75,83241,10,1363.33,64457,71264,0.3719525668409777,0
2023-07-28 11:10:58,1362.7,83252,1,1363.33,64621,71103,0.36826986815938717,0
2023-07-28 11:10:58,1362.75,83252,2,1363.33,64621,71103,0.3719525668409777,0
2023-07-28 11:10:58,1361.75,83252,8,1363.33,64621,71103,0.2982985932091003,0
2023-07-28 11:11:02,1361.75,83289,8,1363.33,63602,71913,0.2982985932091003,0
2023-07-28 11:11:02,1361.75,83289,8,1363.33,64223,71651,0.2982985932091003,0
2023-07-28 11:11:02,1361.75,83289,8,1363.33,64226,71651,0.2982985932091003,0
2023-07-28 11:11:02,1361.75,83289,8,1363.33,64229,71639,0.2982985932091003,0
2023-07-28 11:11:02,1361.75,83289,8,1363.33,64229,71681,0.2982985932091003,0
2023-07-28 11:11:02,1361.75,83289,8,1363.33,64229,71676,0.2982985932091003,0
2023-07-28 11:11:02,1361.75,83289,8,1363.33,64417,71602,0.2982985932091003,0
2023-07-28 11:11:19,1362.75,83439,8,1363.33,64553,71487,0.3719525668409777,0
2023-07-28 11:11:19,1362.7,83439,3,1363.33,64553,71487,0.36826986815938717,0
2023-07-28 11:11:20,1362.7,83486,3,1363.33,64306,71827,0.36826986815938717,0
2023-07-28 11:11:20,1362.65,83486,1,1363.33,64139,71793,0.3645871694777967,0
2023-07-28 11:11:22,1361.75,83492,3,1363.33,64117,71769,0.2982985932091003,0
2023-07-28 11:11:22,1361.75,83492,3,1363.33,64117,71769,0.2982985932091003,0
2023-07-28 11:11:22,1361.75,83492,3,1363.33,63582,72048,0.2982985932091003,0
2023-07-28 11:11:22,1361.75,83492,3,1363.33,63582,72048,0.2982985932091003,0
2023-07-28 11:11:22,1361.75,83492,3,1363.33,63582,72048,0.2982985932091003,0
2023-07-28 11:11:22,1361.75,83492,3,1363.33,63703,72016,0.2982985932091003,0
2023-07-28 11:11:22,1361.75,83492,3,1363.33,63703,72016,0.2982985932091003,0
2023-07-28 11:11:22,1361.75,83492,3,1363.33,63703,72016,0.2982985932091003,0
2023-07-28 11:11:22,1361.75,83492,3,1363.33,63703,71988,0.2982985932091003,0
2023-07-28 11:11:22,1361.75,83492,3,1363.33,63798,71802,0.2982985932091003,0
2023-07-28 11:11:22,1361.75,83492,3,1363.33,63816,71776,0.2982985932091003,0
2023-07-28 11:11:22,1361.75,83492,3,1363.33,63816,71761,0.2982985932091003,0
2023-07-28 11:11:22,1361.75,83492,3,1363.33,63816,71776,0.2982985932091003,0
2023-07-28 11:11:22,1361.75,83492,3,1363.33,63816,71777,0.2982985932091003,0
2023-07-28 11:11:22,1361.75,83492,3,1363.33,64399,71798,0.2982985932091003,0
2023-07-28 11:11:22,1361.75,83492,3,1363.33,64446,71798,0.2982985932091003,0
2023-07-28 11:11:22,1362.4,83492,2,1363.33,64409,71798,0.3461736760698273,0
2023-07-28 11:11:37,1362.4,83494,2,1363.33,64468,71787,0.3461736760698273,0
2023-07-28 11:11:37,1362.4,83494,2,1363.33,64468,71776,0.3461736760698273,0
2023-07-28 11:11:37,1361.6,83494,3,1363.33,64468,71776,0.28725049716431195,0
2023-07-28 11:11:41,1361.6,83497,3,1363.33,64475,71764,0.28725049716431195,0
2023-07-28 11:11:41,1361.6,83497,3,1363.33,64449,71764,0.28725049716431195,0
2023-07-28 11:11:41,1361.6,83497,3,1363.33,64449,71761,0.28725049716431195,0
2023-07-28 11:11:41,1361.6,83497,3,1363.33,64346,71775,0.28725049716431195,0
2023-07-28 11:11:41,1361.6,83497,3,1363.33,64364,71770,0.28725049716431195,0
2023-07-28 11:11:41,1361.6,83497,3,1363.33,64364,71770,0.28725049716431195,0
2023-07-28 11:11:41,1362.0,83497,1,1363.33,64372,71804,0.3167120866170696,0
2023-07-28 11:11:49,1362.0,83500,1,1363.33,64351,71823,0.3167120866170696,0
2023-07-28 11:11:50,1361.5,83550,15,1363.33,64157,71747,0.2798850998011309,0
2023-07-28 11:11:50,1362.35,83566,16,1363.33,64270,71703,0.34249097738822004,0
2023-07-28 11:11:52,1361.45,83569,3,1363.33,64275,71697,0.27620240111954036,0
2023-07-28 11:11:52,1361.45,83569,3,1363.33,64284,71709,0.27620240111954036,0
2023-07-28 11:11:52,1361.45,83569,3,1363.33,64284,71711,0.27620240111954036,0
2023-07-28 11:11:52,1361.45,83569,3,1363.33,64340,71711,0.27620240111954036,0
2023-07-28 11:11:52,1362.4,83569,2,1363.33,64340,71711,0.3461736760698273,0
2023-07-28 11:11:57,1362.35,83571,1,1363.33,64412,71681,0.34249097738822004,0
2023-07-28 11:11:58,1362.35,83581,1,1363.33,64068,71786,0.34249097738822004,0
2023-07-28 11:11:58,1362.35,83581,1,1363.33,64068,71786,0.34249097738822004,0
2023-07-28 11:11:58,1362.35,83581,1,1363.33,64132,71794,0.34249097738822004,0
2023-07-28 11:11:58,1362.35,83581,1,1363.33,64144,71743,0.34249097738822004,0
2023-07-28 11:11:58,1362.35,83581,1,1363.33,64144,71723,0.34249097738822004,0
2023-07-28 11:11:58,1362.35,83581,1,1363.33,64419,71712,0.34249097738822004,0
2023-07-28 11:11:58,1362.35,83581,1,1363.33,64501,71785,0.34249097738822004,0
2023-07-28 11:12:08,1362.35,83584,1,1363.33,64000,71958,0.34249097738822004,0
2023-07-28 11:12:08,1362.35,83584,1,1363.33,64164,71669,0.34249097738822004,0
2023-07-28 11:12:08,1362.35,83584,1,1363.33,64203,71653,0.34249097738822004,0
2023-07-28 11:12:08,1362.4,83584,3,1363.33,64203,71653,0.3461736760698273,0
2023-07-28 11:12:19,1362.4,83587,3,1363.33,64081,71533,0.3461736760698273,0
2023-07-28 11:12:19,1361.7,83587,1,1363.33,64081,71533,0.29461589452750975,0
2023-07-28 11:12:22,1361.7,83591,1,1363.33,64126,71586,0.29461589452750975,0
2023-07-28 11:12:22,1361.7,83591,1,1363.33,64127,71584,0.29461589452750975,0
2023-07-28 11:12:22,1361.7,83591,1,1363.33,64225,71621,0.29461589452750975,0
2023-07-28 11:12:22,1362.45,83591,1,1363.33,64225,71621,0.34985637475141784,0
2023-07-28 11:12:38,1362.45,83594,1,1363.33,64079,71634,0.34985637475141784,0
2023-07-28 11:12:38,1361.7,83594,1,1363.33,64079,71634,0.29461589452750975,0
2023-07-28 11:12:43,1361.25,83595,1,1363.33,63864,71966,0.2614716063931615,0
2023-07-28 11:12:44,1361.25,83596,1,1363.33,64182,71753,0.2614716063931615,0
2023-07-28 11:12:52,1361.8,83599,2,1363.33,64230,71745,0.3019812918906908,0
2023-07-28 11:12:52,1361.8,83599,2,1363.33,64268,71760,0.3019812918906908,0
2023-07-28 11:12:52,1361.8,83599,2,1363.33,64256,71694,0.3019812918906908,0
2023-07-28 11:12:52,1362.4,83599,2,1363.33,64256,71694,0.3461736760698273,0
2023-07-28 11:13:04,1362.3,83612,1,1363.33,63966,72129,0.3388082787066295,0
2023-07-28 11:13:05,1362.3,83623,1,1363.33,64172,71765,0.3388082787066295,0
2023-07-28 11:13:05,1362.3,83623,1,1363.33,64300,71795,0.3388082787066295,0
2023-07-28 11:13:05,1362.3,83623,1,1363.33,64302,71862,0.3388082787066295,0
2023-07-28 11:13:05,1362.65,83623,3,1363.33,64302,71862,0.3645871694777967,0
2023-07-28 11:13:05,1361.95,83623,1,1363.33,64302,71862,0.31302938793547913,0
2023-07-28 11:13:22,1361.95,83631,1,1363.33,63793,71619,0.31302938793547913,0
2023-07-28 11:13:22,1361.95,83631,1,1363.33,64046,71627,0.31302938793547913,0
2023-07-28 11:13:22,1361.3,83631,1,1363.33,64046,71627,0.2651543050747521,0
2023-07-28 11:13:32,1361.3,83634,1,1363.33,63559,71440,0.2651543050747521,0
2023-07-28 11:13:32,1361.05,83634,10,1363.33,63559,71440,0.24674081166678272,0
2023-07-28 11:13:37,1361.05,83647,1,1363.33,63794,70817,0.24674081166678272,0
2023-07-28 11:13:37,1361.05,83647,7,1363.33,63794,70817,0.24674081166678272,0
2023-07-28 11:13:38,1361.05,83654,7,1363.32,63782,70854,0.24674081166678272,0
2023-07-28 11:13:38,1361.05,83654,7,1363.32,63444,71378,0.24674081166678272,0
2023-07-28 11:13:38,1361.05,83654,7,1363.32,63256,71119,0.24674081166678272,0
2023-07-28 11:13:38,1361.3,83654,1,1363.32,63256,71119,0.2651543050747521,0
2023-07-28 11:13:52,1361.3,83658,1,1363.32,63141,71112,0.2651543050747521,0
2023-07-28 11:13:52,1361.75,83658,2,1363.32,63141,71112,0.2982985932091003,0
2023-07-28 11:13:58,1361.9,83668,11,1363.32,63334,71166,0.3093466892538886,0
2023-07-28 11:14:03,1361.3,83684,1,1363.32,63164,71237,0.2651543050747521,0
2023-07-28 11:14:03,1361.3,83684,1,1363.32,63204,71220,0.2651543050747521,0
2023-07-28 11:14:03,1361.85,83684,1,1363.32,63204,71220,0.30566399057228133,0
2023-07-28 11:14:08,1361.85,83685,1,1363.32,63426,71068,0.30566399057228133,0
2023-07-28 11:14:08,1361.85,83685,1,1363.32,63723,71062,0.30566399057228133,0
2023-07-28 11:14:08,1361.85,83685,1,1363.32,63838,71061,0.30566399057228133,0
2023-07-28 11:14:08,1361.45,83685,3,1363.32,63838,71061,0.27620240111954036,0
2023-07-28 11:14:08,1361.45,83685,3,1363.32,63838,71061,0.27620240111954036,0
2023-07-28 11:14:22,1361.45,83688,3,1363.32,63752,71136,0.27620240111954036,0
2023-07-28 11:14:22,1361.45,83688,3,1363.32,63752,71136,0.27620240111954036,0
2023-07-28 11:14:22,1361.45,83688,3,1363.32,63752,71136,0.27620240111954036,0
2023-07-28 11:14:22,1361.45,83688,3,1363.32,63752,71136,0.27620240111954036,0
2023-07-28 11:14:22,1361.45,83688,3,1363.32,63752,71136,0.27620240111954036,0
2023-07-28 11:14:22,1361.45,83688,3,1363.32,63752,71136,0.27620240111954036,0
2023-07-28 11:14:22,1361.45,83688,3,1363.32,63752,71136,0.27620240111954036,0
2023-07-28 11:14:22,1361.45,83688,3,1363.32,63753,71146,0.27620240111954036,0
2023-07-28 11:14:22,1361.45,83688,3,1363.32,63753,71146,0.27620240111954036,0
2023-07-28 11:14:22,1362.1,83688,1,1363.32,63753,71146,0.32407748398025066,0
2023-07-28 11:14:30,1362.1,83689,1,1363.32,63768,71130,0.32407748398025066,0
2023-07-28 11:14:30,1362.25,83689,2,1363.32,64035,71008,0.335125580025039,0
2023-07-28 11:14:37,1362.25,83692,2,1363.32,63996,71024,0.335125580025039,0
2023-07-28 11:14:37,1362.25,83692,2,1363.32,64290,71024,0.335125580025039,0
2023-07-28 11:14:37,1362.25,83692,2,1363.32,63956,71038,0.335125580025039,0
2023-07-28 11:14:37,1361.9,83692,2,1363.32,63956,71038,0.3093466892538886,0
2023-07-28 11:14:52,1362.25,83695,4,1363.32,63961,70988,0.335125580025039,0
2023-07-28 11:14:53,1362.25,83705,4,1363.32,63533,71361,0.335125580025039,0
2023-07-28 11:14:53,1362.0,83705,2,1363.32,63533,71361,0.3167120866170696,0
2023-07-28 11:15:00,1362.05,83725,1,1363.32,63793,71484,0.32039478529866017,0
2023-07-28 11:15:00,1362.1,83725,6,1363.32,63793,71484,0.32407748398025066,0
2023-07-28 11:15:00,1362.1,83731,6,1363.32,63928,71328,0.32407748398025066,0
2023-07-28 11:15:00,1362.2,83731,6,1363.32,63928,71328,0.33144288134344846,0
2023-07-28 11:15:00,1362.2,83731,1,1363.32,63928,71328,0.33144288134344846,0
2023-07-28 11:15:08,1362.2,83740,1,1363.32,63869,71737,0.33144288134344846,0
2023-07-28 11:15:08,1362.25,83740,6,1363.32,63869,71737,0.335125580025039,0
2023-07-28 11:15:13,1362.25,83754,8,1363.32,63861,71907,0.335125580025039,0
2023-07-28 11:15:13,1362.25,83754,12,1363.32,63861,71907,0.335125580025039,0
2023-07-28 11:15:13,1362.25,83754,6,1363.32,63861,71907,0.335125580025039,0
2023-07-28 11:15:15,1362.25,83772,6,1363.32,63989,71682,0.335125580025039,0
2023-07-28 11:15:15,1362.25,83772,1,1363.32,63989,71682,0.335125580025039,0
2023-07-28 11:15:20,1362.25,83778,1,1363.32,63993,71905,0.335125580025039,0
2023-07-28 11:15:20,1361.75,83778,2,1363.32,63993,71905,0.2982985932091003,0
2023-07-28 11:15:20,1362.45,83778,16,1363.32,63993,71905,0.34985637475141784,0
2023-07-28 11:15:20,1362.4,83778,1,1363.32,63993,71905,0.3461736760698273,0
2023-07-28 11:15:25,1362.2,83859,1,1363.32,63969,71964,0.33144288134344846,0
2023-07-28 11:15:26,1362.2,83883,1,1363.32,64156,71570,0.33144288134344846,0
2023-07-28 11:15:26,1362.4,83883,6,1363.32,64156,71570,0.3461736760698273,0
2023-07-28 11:15:31,1362.4,83889,6,1363.32,64211,71457,0.3461736760698273,0
2023-07-28 11:15:31,1362.6,83889,5,1363.32,64211,71457,0.36090447079618937,0
2023-07-28 11:15:31,1362.5,83889,1,1363.32,64211,71457,0.35353907343300833,0
2023-07-28 11:15:38,1362.5,83898,1,1363.32,64116,71445,0.35353907343300833,0
2023-07-28 11:15:38,1362.5,83898,6,1363.32,64116,71445,0.35353907343300833,0
2023-07-28 11:15:40,1362.5,83904,6,1363.32,64048,71439,0.35353907343300833,0
2023-07-28 11:15:40,1362.5,83904,6,1363.32,64048,71439,0.35353907343300833,0
2023-07-28 11:15:45,1362.5,83910,6,1363.32,64111,71485,0.35353907343300833,0
2023-07-28 11:15:50,1362.5,83916,6,1363.32,64111,71510,0.35353907343300833,0
2023-07-28 11:15:50,1362.5,83916,3,1363.32,64111,71510,0.35353907343300833,0
2023-07-28 11:15:50,1361.7,83916,1,1363.32,64111,71510,0.29461589452750975,0
2023-07-28 11:15:52,1362.3,83925,4,1363.32,64067,71876,0.3388082787066295,0
2023-07-28 11:15:52,1362.35,83925,1,1363.32,64067,71876,0.34249097738822004,0
2023-07-28 11:15:52,1362.4,83925,8,1363.32,64067,71876,0.3461736760698273,0
2023-07-28 11:16:00,1362.4,83945,8,1363.32,64182,71473,0.3461736760698273,0
2023-07-28 11:16:00,1362.4,83945,8,1363.32,64015,71466,0.3461736760698273,0
2023-07-28 11:16:00,1362.15,83945,1,1363.32,64015,71466,0.32776018266185797,0
2023-07-28 11:16:07,1362.15,83948,1,1363.32,63679,71911,0.32776018266185797,0
2023-07-28 11:16:07,1362.15,83948,1,1363.32,63752,71604,0.32776018266185797,0
2023-07-28 11:16:07,1362.15,83948,1,1363.32,63936,71662,0.32776018266185797,0
2023-07-28 11:16:07,1361.85,83948,1,1363.32,63936,71662,0.30566399057228133,0
2023-07-28 11:16:22,1361.85,83951,1,1363.32,63731,71931,0.30566399057228133,0
2023-07-28 11:16:22,1361.85,83951,1,1363.32,63832,71755,0.30566399057228133,0
2023-07-28 11:16:22,1361.85,83951,1,1363.32,63883,71708,0.30566399057228133,0
2023-07-28 11:16:22,1361.85,83951,1,1363.32,63850,71671,0.30566399057228133,0
2023-07-28 11:16:22,1362.4,83951,2,1363.32,63850,71671,0.3461736760698273,0
2023-07-28 11:16:38,1362.4,83954,2,1363.32,63889,71608,0.3461736760698273,0
2023-07-28 11:16:38,1362.4,83954,2,1363.32,63976,71664,0.3461736760698273,0
2023-07-28 11:16:38,1362.0,83954,1,1363.32,63976,71664,0.3167120866170696,0
2023-07-28 11:16:38,1361.8,83954,1,1363.32,63976,71664,0.3019812918906908,0
2023-07-28 11:16:49,1361.8,83956,1,1363.32,64177,71758,0.3019812918906908,0
2023-07-28 11:16:49,1361.6,83956,2,1363.32,64177,71758,0.28725049716431195,0
2023-07-28 11:16:52,1362.0,83960,5,1363.32,63858,71922,0.3167120866170696,0
2023-07-28 11:16:52,1361.75,83960,1,1363.32,63858,71922,0.2982985932091003,0
2023-07-28 11:16:52,1361.95,83960,3,1363.32,63858,71922,0.31302938793547913,0
2023-07-28 11:16:58,1362.0,83975,10,1363.32,64264,71857,0.3167120866170696,0
2023-07-28 11:16:58,1362.0,83975,38,1363.32,64264,71857,0.3167120866170696,0
2023-07-28 11:17:02,1362.0,84023,38,1363.32,64295,71774,0.3167120866170696,0
2023-07-28 11:17:02,1362.0,84023,10,1363.32,64295,71774,0.3167120866170696,0
2023-07-28 11:17:07,1362.0,84037,2,1363.32,63937,71745,0.3167120866170696,0
2023-07-28 11:17:07,1362.0,84037,2,1363.32,63914,71738,0.3167120866170696,0
2023-07-28 11:17:07,1362.0,84037,2,1363.32,63849,71697,0.3167120866170696,0
2023-07-28 11:17:07,1362.0,84037,2,1363.32,64122,71669,0.3167120866170696,0
2023-07-28 11:17:07,1361.75,84037,2,1363.32,64122,71669,0.2982985932091003,0
2023-07-28 11:17:07,1361.75,84037,2,1363.32,64122,71669,0.2982985932091003,0
2023-07-28 11:17:07,1361.75,84037,2,1363.32,64122,71669,0.2982985932091003,0
2023-07-28 11:17:22,1361.75,84040,2,1363.32,64032,71669,0.2982985932091003,0
2023-07-28 11:17:22,1361.75,84040,2,1363.32,64032,71669,0.2982985932091003,0
2023-07-28 11:17:22,1361.75,84040,2,1363.32,64032,71669,0.2982985932091003,0
2023-07-28 11:17:22,1361.75,84040,2,1363.32,64032,71669,0.2982985932091003,0
2023-07-28 11:17:22,1362.0,84040,15,1363.32,64032,71669,0.3167120866170696,0
2023-07-28 11:17:22,1362.0,84040,15,1363.32,64032,71669,0.3167120866170696,0
2023-07-28 11:17:22,1362.0,84040,15,1363.32,64032,71669,0.3167120866170696,0
2023-07-28 11:17:28,1362.0,84055,15,1363.32,63973,71715,0.3167120866170696,0
2023-07-28 11:17:28,1362.0,84055,15,1363.32,63960,71808,0.3167120866170696,0
2023-07-28 11:17:28,1362.0,84055,1,1363.32,63960,71808,0.3167120866170696,0
2023-07-28 11:17:38,1362.0,84058,1,1363.32,63958,71777,0.3167120866170696,0
2023-07-28 11:17:38,1362.0,84058,1,1363.32,63668,71778,0.3167120866170696,0
2023-07-28 11:17:38,1361.5,84058,1,1363.32,63808,71731,0.2798850998011309,0
2023-07-28 11:17:47,1362.0,84059,2,1363.32,63881,71792,0.3167120866170696,0
2023-07-28 11:17:47,1360.85,84059,63,1363.32,63881,71792,0.23201001694040388,0
2023-07-28 11:17:47,1362.0,84059,6,1363.32,63881,71792,0.3167120866170696,0
2023-07-28 11:17:55,1362.0,84586,6,1363.3,64358,71795,0.3167120866170696,0
2023-07-28 11:17:55,1362.0,84586,31,1363.3,64358,71795,0.3167120866170696,0
2023-07-28 11:17:55,1362.0,84586,7,1363.3,64358,71795,0.3167120866170696,0
2023-07-28 11:17:55,1362.0,84586,6,1363.3,64358,71795,0.3167120866170696,0
2023-07-28 11:17:55,1361.5,84586,41,1363.3,64358,71795,0.2798850998011309,0
2023-07-28 11:18:00,1361.8,84795,7,1363.3,64288,71755,0.3019812918906908,0
2023-07-28 11:18:00,1362.0,84795,11,1363.3,64288,71755,0.3167120866170696,0
2023-07-28 11:18:04,1361.65,84814,1,1363.3,64221,71777,0.2909331958459192,0
2023-07-28 11:18:04,1362.0,84814,2,1363.3,64221,71777,0.3167120866170696,0
2023-07-28 11:18:08,1362.0,84816,2,1363.3,64234,71767,0.3167120866170696,0
2023-07-28 11:18:08,1362.0,84816,2,1363.3,64234,71777,0.3167120866170696,0
2023-07-28 11:18:08,1362.0,84816,2,1363.3,64236,71808,0.3167120866170696,0
2023-07-28 11:18:08,1361.7,84816,3,1363.3,64237,71807,0.29461589452750975,0
2023-07-28 11:18:22,1361.7,84820,3,1363.3,64079,72002,0.29461589452750975,0
2023-07-28 11:18:22,1361.7,84820,3,1363.3,64124,71992,0.29461589452750975,0
2023-07-28 11:18:22,1361.7,84820,3,1363.3,64162,71925,0.29461589452750975,0
2023-07-28 11:18:22,1361.65,84820,2,1363.3,64162,71925,0.2909331958459192,0
2023-07-28 11:18:38,1361.65,84822,2,1363.3,64375,71959,0.2909331958459192,0
2023-07-28 11:18:38,1361.65,84822,2,1363.3,64376,72012,0.2909331958459192,0
2023-07-28 11:18:38,1361.65,84822,2,1363.3,64378,72002,0.2909331958459192,0
2023-07-28 11:18:52,1361.4,84825,1,1363.3,64394,71974,0.2725197024379499,0
2023-07-28 11:18:52,1361.2,84825,7,1363.3,64394,71974,0.25778890771157104,0
2023-07-28 11:18:52,1361.65,84825,3,1363.3,64394,71974,0.2909331958459192,0
2023-07-28 11:18:55,1361.65,84856,11,1363.3,64452,71972,0.2909331958459192,0
2023-07-28 11:18:55,1361.65,84856,10,1363.3,64452,71972,0.2909331958459192,0
2023-07-28 11:18:59,1361.65,84877,10,1363.3,64524,72075,0.2909331958459192,0
2023-07-28 11:18:59,1361.65,84877,10,1363.3,64553,72075,0.2909331958459192,0
2023-07-28 11:18:59,1361.65,84877,1,1363.3,64553,72075,0.2909331958459192,0
2023-07-28 11:19:08,1361.65,84886,1,1363.3,64432,72101,0.2909331958459192,0
2023-07-28 11:19:08,1361.05,84886,1,1363.3,64432,72101,0.24674081166678272,0
2023-07-28 11:19:16,1361.65,84914,12,1363.3,64441,72186,0.2909331958459192,0
2023-07-28 11:19:22,1361.1,84929,3,1363.3,64126,72261,0.25042351034837323,0
2023-07-28 11:19:22,1361.1,84929,3,1363.3,64126,72252,0.25042351034837323,0
2023-07-28 11:19:22,1361.1,84929,3,1363.3,64049,72361,0.25042351034837323,0
2023-07-28 11:19:22,1361.1,84929,3,1363.3,64062,72322,0.25042351034837323,0
2023-07-28 11:19:22,1361.65,84929,1,1363.3,64062,72322,0.2909331958459192,0
2023-07-28 11:19:38,1361.65,84933,1,1363.3,63991,72315,0.2909331958459192,0
2023-07-28 11:19:38,1361.65,84933,1,1363.3,63991,72315,0.2909331958459192,0
2023-07-28 11:19:41,1361.65,84934,1,1363.3,64092,72301,0.2909331958459192,0
2023-07-28 11:19:41,1361.65,84934,1,1363.3,64098,72296,0.2909331958459192,0
2023-07-28 11:19:41,1361.65,84934,1,1363.3,64250,72252,0.2909331958459192,0
2023-07-28 11:19:41,1361.15,84934,2,1363.3,64250,72252,0.2541062090299805,0
2023-07-28 11:19:52,1361.15,84938,2,1363.3,64267,72252,0.2541062090299805,0
2023-07-28 11:19:59,1361.65,84949,11,1363.3,64376,72245,0.2909331958459192,0
2023-07-28 11:19:59,1361.65,84949,11,1363.3,64378,72282,0.2909331958459192,0
2023-07-28 11:20:08,1361.65,84952,1,1363.3,64369,72243,0.2909331958459192,0
2023-07-28 11:20:08,1361.65,84952,1,1363.3,64371,72241,0.2909331958459192,0
2023-07-28 11:20:08,1361.65,84952,1,1363.3,64499,72201,0.2909331958459192,0
2023-07-28 11:20:08,1361.4,84952,1,1363.3,64499,72201,0.2725197024379499,0
2023-07-28 11:20:22,1361.4,84955,1,1363.3,64235,72293,0.2725197024379499,0
2023-07-28 11:20:22,1361.4,84955,1,1363.3,64235,72293,0.2725197024379499,0
2023-07-28 11:20:22,1361.4,84955,1,1363.3,64235,72293,0.2725197024379499,0
2023-07-28 11:20:22,1361.4,84955,1,1363.3,64235,72293,0.2725197024379499,0
2023-07-28 11:20:22,1361.4,84955,1,1363.3,64235,72293,0.2725197024379499,0
2023-07-28 11:20:22,1361.2,84955,1,1363.3,64235,72293,0.25778890771157104,0
2023-07-28 11:20:22,1361.2,84955,1,1363.3,64235,72293,0.25778890771157104,0
2023-07-28 11:20:22,1361.2,84955,1,1363.3,64235,72293,0.25778890771157104,0
2023-07-28 11:20:26,1361.2,84956,1,1363.3,64064,72471,0.25778890771157104,0
2023-07-28 11:20:26,1361.2,84956,1,1363.3,64064,72471,0.25778890771157104,0
2023-07-28 11:20:26,1361.15,84956,1,1363.3,64064,72471,0.2541062090299805,0
2023-07-28 11:20:30,1361.15,84957,1,1363.3,63627,72379,0.2541062090299805,0
2023-07-28 11:20:30,1361.65,84957,2,1363.3,63638,72381,0.2909331958459192,0
2023-07-28 11:20:37,1361.65,84959,2,1363.3,63758,72382,0.2909331958459192,0
2023-07-28 11:20:37,1360.95,84959,2,1363.3,63758,72382,0.23937541430360168,0
2023-07-28 11:20:44,1360.95,84961,2,1363.3,63726,72416,0.23937541430360168,0
2023-07-28 11:20:44,1361.3,84961,1,1363.3,63726,72416,0.2651543050747521,0
2023-07-28 11:20:49,1361.3,84963,1,1363.3,63760,72426,0.2651543050747521,0
2023-07-28 11:20:49,1361.15,84963,1,1363.3,63760,72426,0.2541062090299805,0
2023-07-28 11:20:52,1361.65,84966,10,1363.3,63919,72311,0.2909331958459192,0
2023-07-28 11:20:52,1361.4,84966,1,1363.3,63919,72311,0.2725197024379499,0
2023-07-28 11:20:57,1361.6,84977,1,1363.3,63941,72318,0.28725049716431195,0
2023-07-28 11:20:57,1361.65,84977,8,1363.3,63941,72318,0.2909331958459192,0
2023-07-28 11:20:57,1361.4,84977,1,1363.3,63941,72318,0.2725197024379499,0
2023-07-28 11:21:02,1361.4,84989,2,1363.3,63552,72565,0.2725197024379499,0
2023-07-28 11:21:02,1361.4,84989,2,1363.3,63716,72446,0.2725197024379499,0
2023-07-28 11:21:02,1361.4,84989,1,1363.3,63716,72446,0.2725197024379499,0
2023-07-28 11:21:15,1361.4,84990,1,1363.3,63933,72424,0.2725197024379499,0
2023-07-28 11:21:15,1361.4,84990,1,1363.3,64068,72419,0.2725197024379499,0
2023-07-28 11:21:15,1361.05,84990,2,1363.3,64068,72419,0.24674081166678272,0
2023-07-28 11:21:22,1361.05,84994,2,1363.3,63921,72423,0.24674081166678272,0
2023-07-28 11:21:22,1361.05,84994,2,1363.3,63921,72423,0.24674081166678272,0
2023-07-28 11:21:22,1361.05,84994,2,1363.3,63923,72423,0.24674081166678272,0
2023-07-28 11:21:22,1361.05,84994,2,1363.3,64029,72425,0.24674081166678272,0
2023-07-28 11:21:22,1361.65,84994,34,1363.3,64029,72425,0.2909331958459192,0
2023-07-28 11:21:37,1362.0,85051,19,1363.3,64417,71858,0.3167120866170696,0
2023-07-28 11:21:41,1362.0,85070,19,1363.3,64548,71839,0.3167120866170696,0
2023-07-28 11:21:41,1362.0,85070,19,1363.3,64568,71838,0.3167120866170696,0
2023-07-28 11:21:41,1361.55,85070,2,1363.3,64350,72119,0.28356779848272146,0
2023-07-28 11:21:52,1361.55,85075,2,1363.3,64226,72168,0.28356779848272146,0
2023-07-28 11:21:52,1361.9,85075,1,1363.3,64226,72168,0.3093466892538886,0
2023-07-28 11:21:52,1362.0,85075,9,1363.3,64226,72168,0.3167120866170696,0
2023-07-28 11:21:59,1362.0,85085,9,1363.3,64195,72198,0.3167120866170696,0
2023-07-28 11:21:59,1362.0,85085,9,1363.3,64134,72126,0.3167120866170696,0
2023-07-28 11:21:59,1362.0,85085,9,1363.3,64243,72096,0.3167120866170696,0
2023-07-28 11:21:59,1362.0,85085,9,1363.3,64282,72043,0.3167120866170696,0
2023-07-28 11:21:59,1362.0,85085,1,1363.3,64282,72043,0.3167120866170696,0
2023-07-28 11:22:07,1362.0,85090,2,1363.3,64136,72068,0.3167120866170696,0
2023-07-28 11:22:07,1362.0,85090,2,1363.3,64146,72068,0.3167120866170696,0
2023-07-28 11:22:07,1362.0,85090,2,1363.3,64249,72142,0.3167120866170696,0
2023-07-28 11:22:07,1362.0,85090,2,1363.3,64251,72142,0.3167120866170696,0
2023-07-28 11:22:07,1362.0,85090,2,1363.3,64260,72176,0.3167120866170696,0
2023-07-28 11:22:07,1362.0,85090,2,1363.3,64260,72132,0.3167120866170696,0
2023-07-28 11:22:07,1362.0,85090,20,1363.3,64224,72143,0.3167120866170696,0
2023-07-28 11:22:14,1362.0,85110,20,1363.3,64281,72123,0.3167120866170696,0
2023-07-28 11:22:15,1362.0,85120,10,1363.29,64290,72113,0.3167120866170696,0
2023-07-28 11:22:15,1362.0,85120,10,1363.29,64901,71963,0.3167120866170696,0
2023-07-28 11:22:15,1362.0,85120,10,1363.29,64908,71963,0.3167120866170696,0
2023-07-28 11:22:19,1362.95,86407,4,1363.28,65137,71237,0.38668336156735655,0
2023-07-28 11:22:19,1362.95,86412,21,1363.28,65365,71280,0.38668336156735655,0
2023-07-28 11:22:20,1362.95,86465,21,1363.28,62981,71365,0.38668336156735655,0
2023-07-28 11:22:20,1363.0,86465,21,1363.28,62981,71365,0.39036606024894704,0
2023-07-28 11:22:21,1363.0,86579,10,1363.27,65410,71264,0.39036606024894704,0
2023-07-28 11:22:22,1363.1,86595,4,1363.27,65263,71402,0.39773145761212814,0
2023-07-28 11:22:22,1363.25,86595,14,1363.27,65263,71402,0.40877955365691643,0
2023-07-28 11:22:24,1363.1,87332,2,1363.27,65191,71256,0.39773145761212814,0
2023-07-28 11:22:25,1363.5,87471,35,1363.28,64835,71306,0.4271930470648858,0
2023-07-28 11:22:25,1363.5,87471,35,1363.28,64696,71403,0.4271930470648858,0
2023-07-28 11:22:25,1363.5,87471,35,1363.28,64695,71397,0.4271930470648858,0
2023-07-28 11:22:25,1363.5,87471,35,1363.28,64696,71376,0.4271930470648858,0
2023-07-28 11:22:25,1363.5,87471,35,1363.28,64696,71369,0.4271930470648858,0
2023-07-28 11:22:25,1363.5,87471,35,1363.28,64696,71374,0.4271930470648858,0
2023-07-28 11:22:25,1363.5,87471,35,1363.28,65122,71169,0.4271930470648858,0
2023-07-28 11:22:25,1363.5,87471,35,1363.28,65159,71180,0.4271930470648858,0
2023-07-28 11:22:25,1363.6,87471,1,1363.28,65159,71180,0.43455844442806685,0
2023-07-28 11:22:38,1363.6,87473,1,1363.28,65121,71251,0.43455844442806685,0
2023-07-28 11:22:38,1363.6,87473,1,1363.28,65121,71251,0.43455844442806685,0
2023-07-28 11:22:38,1363.6,87473,1,1363.28,65121,71251,0.43455844442806685,0
2023-07-28 11:22:38,1363.6,87473,1,1363.28,64867,71290,0.43455844442806685,0
2023-07-28 11:22:38,1363.6,87473,1,1363.28,64913,71290,0.43455844442806685,0
2023-07-28 11:22:38,1363.6,87473,1,1363.28,65075,71288,0.43455844442806685,0
2023-07-28 11:22:38,1363.6,87473,1,1363.28,65079,71352,0.43455844442806685,0
2023-07-28 11:22:38,1363.6,87473,1,1363.28,65079,71342,0.43455844442806685,0
2023-07-28 11:22:38,1363.7,87473,1,1363.28,65079,71337,0.44192384179126465,0
2023-07-28 11:22:52,1362.9,87480,2,1363.28,64893,71628,0.383000662885766,0
2023-07-28 11:22:52,1362.9,87480,2,1363.28,64930,71669,0.383000662885766,0
2023-07-28 11:22:52,1362.9,87480,2,1363.28,64946,71669,0.383000662885766,0
2023-07-28 11:22:52,1362.9,87480,2,1363.28,64909,71682,0.383000662885766,0
2023-07-28 11:22:52,1362.9,87480,2,1363.28,64946,71682,0.383000662885766,0
2023-07-28 11:22:52,1363.5,87480,10,1363.28,64946,71682,0.4271930470648858,0
2023-07-28 11:22:58,1363.5,87490,10,1363.28,64952,71652,0.4271930470648858,0
2023-07-28 11:22:58,1363.5,87490,10,1363.28,64984,71534,0.4271930470648858,0
2023-07-28 11:23:03,1362.8,87530,15,1363.28,64788,71746,0.3756352655225682,0
2023-07-28 11:23:03,1363.3,87542,2,1363.28,65625,71391,0.412462252338507,0
2023-07-28 11:23:03,1363.3,87542,2,1363.28,65320,71688,0.412462252338507,0
2023-07-28 11:23:03,1363.3,87542,2,1363.28,65346,71692,0.412462252338507,0
2023-07-28 11:23:03,1363.3,87542,2,1363.28,65386,71685,0.412462252338507,0
2023-07-28 11:23:03,1363.3,87542,2,1363.28,65382,71685,0.412462252338507,0
2023-07-28 11:23:03,1363.3,87542,2,1363.28,65384,71681,0.412462252338507,0
2023-07-28 11:23:03,1363.3,87542,2,1363.28,65347,71596,0.412462252338507,0
2023-07-28 11:23:03,1363.3,87542,2,1363.28,65453,71566,0.412462252338507,0
2023-07-28 11:23:03,1362.9,87542,17,1363.28,65452,71566,0.383000662885766,0
2023-07-28 11:23:20,1362.9,87571,17,1363.27,65411,71572,0.383000662885766,0
2023-07-28 11:23:22,1363.0,87574,3,1363.27,65408,71575,0.39036606024894704,0
2023-07-28 11:23:22,1363.0,87574,3,1363.27,65408,71575,0.39036606024894704,0
2023-07-28 11:23:22,1363.0,87574,3,1363.27,65417,71603,0.39036606024894704,0
2023-07-28 11:23:22,1363.0,87574,3,1363.27,65417,71603,0.39036606024894704,0
2023-07-28 11:23:22,1363.0,87574,3,1363.27,65417,71603,0.39036606024894704,0
2023-07-28 11:23:22,1363.0,87574,3,1363.27,65348,71603,0.39036606024894704,0
2023-07-28 11:23:22,1363.0,87574,3,1363.27,65348,71603,0.39036606024894704,0
2023-07-28 11:23:22,1363.0,87574,3,1363.27,65348,71603,0.39036606024894704,0
2023-07-28 11:23:22,1363.0,87574,3,1363.27,65348,71603,0.39036606024894704,0
2023-07-28 11:23:22,1363.0,87574,3,1363.27,65348,71603,0.39036606024894704,0
2023-07-28 11:23:22,1363.0,87574,3,1363.27,65348,71603,0.39036606024894704,0
2023-07-28 11:23:22,1363.0,87574,3,1363.27,65393,71540,0.39036606024894704,0
2023-07-28 11:23:22,1363.0,87574,3,1363.27,65389,71540,0.39036606024894704,0
2023-07-28 11:23:22,1363.0,87574,3,1363.27,65420,71587,0.39036606024894704,0
2023-07-28 11:23:22,1363.0,87574,3,1363.27,65333,71586,0.39036606024894704,0
2023-07-28 11:23:22,1363.0,87574,3,1363.27,65296,71512,0.39036606024894704,0
2023-07-28 11:23:22,1363.9,87574,2,1363.27,65296,71512,0.4566546365176435,0
2023-07-28 11:23:35,1363.95,87649,1,1363.28,65318,71336,0.460337335199234,0
2023-07-28 11:23:36,1364.0,87668,1,1363.28,65383,71435,0.4640200338808245,0
2023-07-28 11:23:37,1364.0,87670,1,1363.28,65383,71034,0.4640200338808245,0
2023-07-28 11:23:37,1364.0,87670,1,1363.28,65411,71413,0.4640200338808245,0
2023-07-28 11:23:37,1364.0,87670,1,1363.28,65411,71413,0.4640200338808245,0
2023-07-28 11:23:40,1364.0,87672,1,1363.28,65242,71858,0.4640200338808245,0
2023-07-28 11:23:40,1364.0,87672,1,1363.28,65243,71832,0.4640200338808245,0
2023-07-28 11:23:40,1364.0,87672,1,1363.28,65440,71824,0.4640200338808245,0
2023-07-28 11:23:40,1364.0,87672,1,1363.28,65497,71800,0.4640200338808245,0
2023-07-28 11:23:52,1363.45,87675,1,1363.28,65321,71813,0.42351034838329527,0
2023-07-28 11:23:52,1363.45,87675,1,1363.28,65321,71602,0.42351034838329527,0
2023-07-28 11:23:52,1363.45,87675,1,1363.28,65322,71602,0.42351034838329527,0
2023-07-28 11:23:52,1363.45,87675,1,1363.28,65477,71663,0.42351034838329527,0
2023-07-28 11:23:52,1363.45,87675,1,1363.28,65477,71644,0.42351034838329527,0
2023-07-28 11:23:59,1363.9,87685,10,1363.28,65438,71508,0.4566546365176435,0
2023-07-28 11:23:59,1363.9,87685,10,1363.28,65596,72066,0.4566546365176435,0
2023-07-28 11:23:59,1363.9,87685,10,1363.28,65596,72066,0.4566546365176435,0
2023-07-28 11:23:59,1363.9,87685,3,1363.28,65650,71882,0.4566546365176435,0
2023-07-28 11:24:03,1363.9,87688,3,1363.28,65647,71886,0.4566546365176435,0
2023-07-28 11:24:03,1363.9,87688,2,1363.28,65647,71886,0.4566546365176435,0
2023-07-28 11:24:08,1363.9,87690,2,1363.28,65719,71818,0.4566546365176435,0
2023-07-28 11:24:08,1363.9,87690,2,1363.28,65719,71818,0.4566546365176435,0
2023-07-28 11:24:08,1363.9,87690,2,1363.28,65687,71785,0.4566546365176435,0
2023-07-28 11:24:08,1363.9,87690,2,1363.28,65535,71820,0.4566546365176435,0
2023-07-28 11:24:08,1363.3,87690,1,1363.28,65535,71820,0.412462252338507,0
2023-07-28 11:24:22,1363.3,87694,1,1363.28,65413,72132,0.412462252338507,0
2023-07-28 11:24:22,1363.3,87694,1,1363.28,65413,72133,0.412462252338507,0
2023-07-28 11:24:22,1363.3,87694,1,1363.28,65415,72133,0.412462252338507,0
2023-07-28 11:24:22,1363.3,87694,1,1363.28,65400,72176,0.412462252338507,0
2023-07-28 11:24:22,1363.9,87694,59,1363.28,65400,72176,0.4566546365176435,0
2023-07-28 11:24:22,1363.9,87694,1,1363.28,65400,72176,0.4566546365176435,0
2023-07-28 11:24:37,1363.9,87756,16,1363.28,65270,72213,0.4566546365176435,0
2023-07-28 11:24:38,1363.9,87772,16,1363.28,65280,72096,0.4566546365176435,0
2023-07-28 11:24:38,1363.9,87772,150,1363.28,65280,72096,0.4566546365176435,0
2023-07-28 11:24:38,1363.9,87772,26,1363.28,65280,72096,0.4566546365176435,0
2023-07-28 11:24:38,1364.0,87772,28,1363.28,65280,72096,0.4640200338808245,0
2023-07-28 11:24:46,1364.0,88023,28,1363.28,65278,71718,0.4640200338808245,0
2023-07-28 11:24:46,1363.9,88023,1,1363.28,65278,71718,0.4566546365176435,0
2023-07-28 11:24:46,1363.45,88023,2,1363.28,65278,71718,0.42351034838329527,0
2023-07-28 11:24:50,1363.45,88040,2,1363.28,64733,72356,0.42351034838329527,0
2023-07-28 11:24:50,1363.45,88040,2,1363.28,64980,72398,0.42351034838329527,0
2023-07-28 11:24:50,1363.25,88040,3,1363.28,64980,72398,0.40877955365691643,0
2023-07-28 11:24:59,1363.4,88043,7,1363.28,65102,72176,0.4198276497017047,0
2023-07-28 11:24:59,1363.3,88043,1,1363.28,65102,72176,0.412462252338507,0
2023-07-28 11:25:03,1363.3,88051,1,1363.28,65147,72111,0.412462252338507,0
2023-07-28 11:25:03,1363.5,88051,2,1363.28,65147,72111,0.4271930470648858,0
2023-07-28 11:25:08,1363.5,88053,2,1363.28,65072,72145,0.4271930470648858,0
2023-07-28 11:25:08,1363.45,88053,8,1363.28,65072,72145,0.42351034838329527,0
2023-07-28 11:25:12,1363.45,88061,8,1363.28,65043,72194,0.42351034838329527,0
2023-07-28 11:25:12,1363.45,88061,8,1363.28,65044,72194,0.42351034838329527,0
2023-07-28 11:25:22,1363.0,88064,1,1363.28,64885,72290,0.39036606024894704,0
2023-07-28 11:25:22,1363.0,88064,1,1363.28,64791,72290,0.39036606024894704,0
2023-07-28 11:25:22,1363.0,88064,1,1363.28,64793,72290,0.39036606024894704,0
2023-07-28 11:25:22,1363.0,88064,1,1363.28,64988,72281,0.39036606024894704,0
2023-07-28 11:25:22,1363.45,88064,1,1363.28,64988,72281,0.42351034838329527,0
2023-07-28 11:25:38,1363.45,88067,1,1363.28,64868,72271,0.42351034838329527,0
2023-07-28 11:25:38,1363.45,88067,1,1363.28,64857,72269,0.42351034838329527,0
2023-07-28 11:25:38,1363.0,88067,10,1363.28,64857,72269,0.39036606024894704,0
2023-07-28 11:25:38,1362.8,88067,1,1363.28,64857,72269,0.3756352655225682,0
2023-07-28 11:25:38,1363.35,88067,23,1363.28,64857,72269,0.41614495102009746,0
2023-07-28 11:25:38,1362.3,88067,4,1363.28,64857,72269,0.3388082787066295,0
2023-07-28 11:25:53,1362.3,88201,9,1363.28,64225,72421,0.3388082787066295,0
2023-07-28 11:25:58,1363.0,88212,3,1363.28,64317,72789,0.39036606024894704,0
2023-07-28 11:25:58,1362.65,88212,1,1363.28,64304,72385,0.3645871694777967,0
2023-07-28 11:25:58,1362.65,88212,1,1363.28,64304,72385,0.3645871694777967,0
2023-07-28 11:26:07,1362.65,88216,1,1363.28,64936,72183,0.3645871694777967,0
2023-07-28 11:26:07,1362.65,88216,1,1363.28,64942,72181,0.3645871694777967,0
2023-07-28 11:26:19,1362.8,88217,1,1363.28,64747,72167,0.3756352655225682,0
2023-07-28 11:26:19,1362.45,88217,1,1363.28,64747,72167,0.34985637475141784,0
2023-07-28 11:26:22,1362.45,88246,1,1363.28,64446,72451,0.34985637475141784,0
2023-07-28 11:26:22,1362.45,88246,1,1363.28,64446,72451,0.34985637475141784,0
2023-07-28 11:26:22,1362.45,88246,1,1363.28,64469,72386,0.34985637475141784,0
2023-07-28 11:26:22,1362.45,88246,1,1363.28,64469,72386,0.34985637475141784,0
2023-07-28 11:26:22,1362.45,88246,1,1363.28,64469,72386,0.34985637475141784,0
2023-07-28 11:26:22,1362.45,88246,1,1363.28,64469,72386,0.34985637475141784,0
2023-07-28 11:26:22,1362.45,88246,1,1363.28,64469,72386,0.34985637475141784,0
2023-07-28 11:26:22,1362.45,88246,1,1363.28,64586,72245,0.34985637475141784,0
2023-07-28 11:26:22,1362.45,88246,1,1363.28,64586,72245,0.34985637475141784,0
2023-07-28 11:26:22,1362.45,88246,1,1363.28,64599,72245,0.34985637475141784,0
2023-07-28 11:26:22,1361.4,88246,53,1363.28,64599,72245,0.2725197024379499,0
2023-07-28 11:26:37,1363.0,90246,18,1363.24,63653,72740,0.39036606024894704,0
2023-07-28 11:26:37,1361.55,90246,17,1363.24,63653,72740,0.28356779848272146,0
2023-07-28 11:26:37,1363.95,90246,36,1363.24,63653,72740,0.460337335199234,0
2023-07-28 11:26:37,1363.7,90246,50,1363.24,63653,72740,0.44192384179126465,0
2023-07-28 11:26:37,1363.55,90246,11,1363.24,63653,72740,0.4308757457464763,0
2023-07-28 11:26:37,1363.75,90246,1,1363.24,63653,72740,0.44560654047285514,0
2023-07-28 11:26:46,1363.75,96372,1,1363.26,65019,70490,0.44560654047285514,0
2023-07-28 11:26:46,1363.75,96372,12,1363.26,65019,70490,0.44560654047285514,0
2023-07-28 11:26:48,1363.75,96392,91,1363.26,65036,70385,0.44560654047285514,0
2023-07-28 11:26:48,1363.8,96392,64,1363.26,65036,70385,0.4492892391544457,0
2023-07-28 11:26:56,1363.6,97296,10,1363.26,65321,70549,0.43455844442806685,0
2023-07-28 11:26:56,1363.6,97296,1,1363.26,65321,70549,0.43455844442806685,0
2023-07-28 11:26:57,1363.85,97297,3,1363.26,65409,70259,0.4529719378360362,0
2023-07-28 11:26:57,1363.9,97297,2,1363.26,65409,70259,0.4566546365176435,0
2023-07-28 11:26:57,1363.7,97297,1,1363.26,65409,70259,0.44192384179126465,0
2023-07-28 11:27:03,1363.8,97346,18,1363.26,65265,70220,0.4492892391544457,0
2023-07-28 11:27:06,1363.8,97364,18,1363.27,65336,70236,0.4492892391544457,0
2023-07-28 11:27:06,1363.8,97364,1,1363.27,65336,70236,0.4492892391544457,0
2023-07-28 11:27:07,1363.8,97365,1,1363.27,65141,70584,0.4492892391544457,0
2023-07-28 11:27:07,1363.8,97365,1,1363.27,65170,70584,0.4492892391544457,0
2023-07-28 11:27:07,1363.8,97365,1,1363.27,65234,70460,0.4492892391544457,0
2023-07-28 11:27:07,1363.8,97365,1,1363.27,65261,70453,0.4492892391544457,0
2023-07-28 11:27:07,1363.8,97365,1,1363.27,65187,70481,0.4492892391544457,0
2023-07-28 11:27:07,1363.8,97365,1,1363.27,65322,70324,0.4492892391544457,0
2023-07-28 11:27:07,1363.8,97365,1,1363.27,65356,70472,0.4492892391544457,0
2023-07-28 11:27:07,1363.8,97365,1,1363.27,65340,70433,0.4492892391544457,0
2023-07-28 11:27:07,1363.8,97365,1,1363.27,65356,70426,0.4492892391544457,0
2023-07-28 11:27:07,1363.8,97365,1,1363.27,65338,70433,0.4492892391544457,0
2023-07-28 11:27:07,1363.8,97365,1,1363.27,65296,70429,0.4492892391544457,0
2023-07-28 11:27:07,1363.8,97365,1,1363.27,65524,70404,0.4492892391544457,0
2023-07-28 11:27:21,1363.8,97367,2,1363.27,65570,70404,0.4492892391544457,0
2023-07-28 11:27:22,1363.15,97373,4,1363.27,65718,70420,0.4014141562937354,0
2023-07-28 11:27:22,1363.15,97373,4,1363.27,65715,70417,0.4014141562937354,0
2023-07-28 11:27:22,1363.15,97373,4,1363.27,65708,70417,0.4014141562937354,0
2023-07-28 11:27:22,1363.15,97373,4,1363.27,65715,70417,0.4014141562937354,0
2023-07-28 11:27:22,1363.15,97373,4,1363.27,65670,70452,0.4014141562937354,0
2023-07-28 11:27:22,1363.15,97373,4,1363.27,65670,70462,0.4014141562937354,0
2023-07-28 11:27:22,1363.15,97373,4,1363.27,65670,70434,0.4014141562937354,0
2023-07-28 11:27:22,1363.15,97373,4,1363.27,65682,70404,0.4014141562937354,0
2023-07-28 11:27:22,1363.8,97373,1,1363.27,65682,70404,0.4492892391544457,0
2023-07-28 11:27:38,1363.8,97375,1,1363.27,65711,70294,0.4492892391544457,0
2023-07-28 11:27:38,1363.8,97375,1,1363.27,65744,70278,0.4492892391544457,0
2023-07-28 11:27:41,1363.85,97376,1,1363.27,65577,70328,0.4529719378360362,0
2023-07-28 11:27:41,1363.85,97376,1,1363.27,65604,70328,0.4529719378360362,0
2023-07-28 11:27:41,1363.85,97376,1,1363.27,65605,70328,0.4529719378360362,0
2023-07-28 11:27:41,1363.85,97376,1,1363.27,65616,70328,0.4529719378360362,0
2023-07-28 11:27:49,1363.0,97647,8,1363.26,65566,70386,0.39036606024894704,0
2023-07-28 11:27:49,1363.85,97647,4,1363.26,65566,70386,0.4529719378360362,0
2023-07-28 11:27:49,1363.85,97693,4,1363.26,66138,70149,0.4529719378360362,0
2023-07-28 11:27:49,1363.85,97693,4,1363.26,66145,70157,0.4529719378360362,0
2023-07-28 11:27:49,1363.9,97693,4,1363.26,66145,70157,0.4566546365176435,0
2023-07-28 11:27:51,1363.3,97697,3,1363.26,66065,70268,0.412462252338507,0
2023-07-28 11:27:52,1363.3,97700,3,1363.26,63543,70321,0.412462252338507,0
2023-07-28 11:27:53,1363.9,97704,4,1363.26,66153,70317,0.4566546365176435,0
2023-07-28 11:27:53,1363.9,97704,4,1363.26,66154,70317,0.4566546365176435,0
2023-07-28 11:27:53,1363.9,97704,4,1363.26,66110,70317,0.4566546365176435,0
2023-07-28 11:27:53,1363.9,97704,4,1363.26,66144,70264,0.4566546365176435,0
2023-07-28 11:27:53,1363.85,97704,1,1363.26,66144,70264,0.4529719378360362,0
2023-07-28 11:27:58,1363.9,97705,9,1363.26,66224,70209,0.4566546365176435,0
2023-07-28 11:27:59,1363.9,97714,9,1363.26,66312,70207,0.4566546365176435,0
2023-07-28 11:27:59,1363.9,97714,9,1363.26,66312,70187,0.4566546365176435,0
2023-07-28 11:27:59,1363.9,97714,9,1363.26,66312,70077,0.4566546365176435,0
2023-07-28 11:27:59,1363.9,97714,9,1363.26,66284,70206,0.4566546365176435,0
2023-07-28 11:27:59,1363.9,97714,1,1363.26,66284,70206,0.4566546365176435,0
2023-07-28 11:28:08,1363.9,97716,1,1363.26,66279,70190,0.4566546365176435,0
2023-07-28 11:28:08,1363.9,97716,1,1363.26,66170,70281,0.4566546365176435,0
2023-07-28 11:28:08,1363.9,97716,1,1363.26,66150,70314,0.4566546365176435,0
2023-07-28 11:28:08,1363.75,97716,1,1363.26,66150,70314,0.44560654047285514,0
2023-07-28 11:28:08,1363.9,97716,1,1363.26,66150,70314,0.4566546365176435,0
2023-07-28 11:28:23,1363.9,97720,1,1363.26,66270,70210,0.4566546365176435,0
2023-07-28 11:28:23,1364.0,97720,1,1363.26,66270,70210,0.4640200338808245,0
2023-07-28 11:28:23,1363.9,97720,1,1363.26,66270,70210,0.4566546365176435,0
2023-07-28 11:28:26,1363.9,97725,1,1363.26,66301,69991,0.4566546365176435,0
2023-07-28 11:28:26,1364.05,97725,1,1363.26,66301,69991,0.467702732562415,0
2023-07-28 11:28:26,1364.2,97725,2,1363.26,66301,69991,0.47875082860720336,0
2023-07-28 11:28:26,1364.2,97725,2,1363.26,66301,69991,0.47875082860720336,0
2023-07-28 11:28:38,1364.2,97732,2,1363.26,66126,69950,0.47875082860720336,0
2023-07-28 11:28:38,1364.2,97732,2,1363.26,66119,69961,0.47875082860720336,0
2023-07-28 11:28:38,1364.2,97732,2,1363.26,66121,69998,0.47875082860720336,0
2023-07-28 11:28:38,1363.9,97732,3,1363.26,66121,69998,0.4566546365176435,0
2023-07-28 11:28:52,1363.9,97736,3,1363.27,66127,70290,0.4566546365176435,0
2023-07-28 11:28:52,1364.15,97736,8,1363.27,66127,70290,0.4750681299256128,0
2023-07-28 11:28:58,1364.15,97746,8,1363.27,65205,69902,0.4750681299256128,0
2023-07-28 11:28:58,1364.15,97746,8,1363.27,65454,69709,0.4750681299256128,0
2023-07-28 11:28:58,1364.15,97746,8,1363.27,65468,69722,0.4750681299256128,0
2023-07-28 11:28:58,1364.1,97746,2,1363.27,65468,69722,0.47138543124400556,0
2023-07-28 11:29:07,1364.1,97749,2,1363.27,65396,69715,0.47138543124400556,0
2023-07-28 11:29:07,1364.1,97749,2,1363.27,65399,69722,0.47138543124400556,0
2023-07-28 11:29:07,1364.1,97749,2,1363.27,65441,69731,0.47138543124400556,0
2023-07-28 11:29:07,1363.7,97749,2,1363.27,65441,69731,0.44192384179126465,0
2023-07-28 11:29:22,1363.7,97752,2,1363.27,65584,69803,0.44192384179126465,0
2023-07-28 11:29:22,1363.7,97752,2,1363.27,65584,69803,0.44192384179126465,0
2023-07-28 11:29:22,1363.7,97752,2,1363.27,65584,69803,0.44192384179126465,0
2023-07-28 11:29:22,1363.7,97752,2,1363.27,65584,69803,0.44192384179126465,0
2023-07-28 11:29:22,1363.7,97752,2,1363.27,65584,69803,0.44192384179126465,0
2023-07-28 11:29:22,1363.7,97752,2,1363.27,65584,69803,0.44192384179126465,0
2023-07-28 11:29:22,1363.7,97752,2,1363.27,65584,69803,0.44192384179126465,0
2023-07-28 11:29:22,1363.7,97752,2,1363.27,65484,69857,0.44192384179126465,0
2023-07-28 11:29:22,1363.7,97752,2,1363.27,65484,69857,0.44192384179126465,0
2023-07-28 11:29:22,1363.7,97752,2,1363.27,65484,69857,0.44192384179126465,0
2023-07-28 11:29:22,1363.7,97752,2,1363.27,65484,69857,0.44192384179126465,0
2023-07-28 11:29:22,1363.7,97752,2,1363.27,65485,69856,0.44192384179126465,0
2023-07-28 11:29:38,1363.95,97754,2,1363.27,65487,69860,0.460337335199234,0
2023-07-28 11:29:38,1363.95,97754,2,1363.27,65716,69784,0.460337335199234,0
2023-07-28 11:29:38,1363.45,97754,3,1363.27,65716,69784,0.42351034838329527,0
2023-07-28 11:29:45,1363.45,97757,3,1363.27,65662,69785,0.42351034838329527,0
2023-07-28 11:29:45,1363.45,97757,3,1363.27,65566,69811,0.42351034838329527,0
2023-07-28 11:29:45,1363.8,97757,1,1363.27,65566,69811,0.4492892391544457,0
2023-07-28 11:29:52,1363.8,97760,1,1363.27,65518,69825,0.4492892391544457,0
2023-07-28 11:29:52,1363.8,97760,1,1363.27,65612,69785,0.4492892391544457,0
2023-07-28 11:29:52,1363.1,97760,11,1363.27,65612,69785,0.39773145761212814,0
2023-07-28 11:29:58,1364.1,97813,15,1363.27,65556,69793,0.47138543124400556,0
2023-07-28 11:30:02,1364.1,97828,15,1363.27,65596,69776,0.47138543124400556,0
2023-07-28 11:30:02,1364.1,97828,3,1363.27,65596,69776,0.47138543124400556,0
2023-07-28 11:30:02,1364.1,97828,1,1363.27,65596,69776,0.47138543124400556,0
2023-07-28 11:30:02,1363.75,97828,42,1363.27,65596,69776,0.44560654047285514,0
2023-07-28 11:30:09,1363.65,97939,20,1363.27,64948,70142,0.4382411431096741,0
2023-07-28 11:30:10,1363.65,97959,20,1363.27,65260,70072,0.4382411431096741,0
2023-07-28 11:30:10,1363.65,97959,20,1363.27,65288,70059,0.4382411431096741,0
2023-07-28 11:30:10,1362.95,97959,1,1363.27,65288,70059,0.38668336156735655,0
2023-07-28 11:30:22,1362.95,97963,1,1363.27,65178,70224,0.38668336156735655,0
2023-07-28 11:30:22,1362.95,97963,1,1363.27,64918,70099,0.38668336156735655,0
2023-07-28 11:30:22,1362.95,97963,1,1363.27,65095,69984,0.38668336156735655,0
2023-07-28 11:30:22,1362.95,97963,1,1363.27,65243,69932,0.38668336156735655,0
2023-07-28 11:30:22,1362.95,97963,1,1363.27,65264,69898,0.38668336156735655,0
2023-07-28 11:30:22,1363.6,97963,1,1363.27,65264,69898,0.43455844442806685,0
2023-07-28 11:30:40,1363.6,97966,1,1363.27,64936,69989,0.43455844442806685,0
2023-07-28 11:30:40,1363.6,97966,1,1363.27,65258,69852,0.43455844442806685,0
2023-07-28 11:30:40,1363.6,97966,1,1363.27,65302,69844,0.43455844442806685,0
2023-07-28 11:30:40,1363.15,97966,2,1363.27,65302,69844,0.4014141562937354,0
2023-07-28 11:30:52,1363.15,97969,2,1363.27,65036,70221,0.4014141562937354,0
2023-07-28 11:30:52,1363.15,97969,2,1363.27,65021,70321,0.4014141562937354,0
2023-07-28 11:30:52,1363.55,97969,1,1363.27,65021,70321,0.4308757457464763,0
2023-07-28 11:30:58,1363.55,97979,1,1363.27,65151,70178,0.4308757457464763,0
2023-07-28 11:30:58,1363.55,97979,1,1363.27,65219,70163,0.4308757457464763,0
2023-07-28 11:31:08,1363.6,97981,1,1363.27,65488,70151,0.43455844442806685,0
2023-07-28 11:31:08,1363.6,97981,1,1363.27,65474,70151,0.43455844442806685,0
2023-07-28 11:31:08,1363.6,97981,1,1363.27,65534,70148,0.43455844442806685,0
2023-07-28 11:31:08,1363.6,97981,1,1363.27,65550,70148,0.43455844442806685,0
2023-07-28 11:31:14,1363.65,97986,4,1363.27,65643,70160,0.4382411431096741,0
2023-07-28 11:31:14,1363.65,97986,4,1363.27,65645,70188,0.4382411431096741,0
2023-07-28 11:31:14,1363.65,97986,3,1363.27,65573,70181,0.4382411431096741,0
2023-07-28 11:31:22,1363.15,97993,3,1363.27,65593,70181,0.4014141562937354,0
2023-07-28 11:31:22,1363.15,97993,3,1363.27,65593,70180,0.4014141562937354,0
2023-07-28 11:31:22,1363.15,97993,3,1363.27,65594,70180,0.4014141562937354,0
2023-07-28 11:31:31,1363.0,98018,10,1363.27,65463,70180,0.39036606024894704,0
2023-07-28 11:31:31,1363.65,98018,10,1363.27,65463,70180,0.4382411431096741,0
2023-07-28 11:31:31,1363.65,98028,10,1363.27,65464,70160,0.4382411431096741,0
2023-07-28 11:31:31,1363.65,98028,10,1363.27,65446,70166,0.4382411431096741,0
2023-07-28 11:31:31,1363.0,98028,50,1363.27,65446,70166,0.39036606024894704,0
2023-07-28 11:31:34,1363.0,98078,50,1363.27,65665,70199,0.39036606024894704,0
2023-07-28 11:31:34,1363.0,98078,50,1363.27,65651,70123,0.39036606024894704,0
2023-07-28 11:31:34,1363.0,98078,50,1363.27,65689,70082,0.39036606024894704,0
2023-07-28 11:31:34,1363.0,98078,50,1363.27,65650,70082,0.39036606024894704,0
2023-07-28 11:31:34,1363.0,98078,50,1363.27,65650,70055,0.39036606024894704,0
2023-07-28 11:31:34,1363.0,98078,50,1363.27,65650,70079,0.39036606024894704,0
