2023-07-28 10:49:20,572.95,325394,1,573.57,237027,235360,0.11357679538705068,0
2023-07-28 10:49:20,572.95,325394,1,573.57,237121,235360,0.11357679538705068,0
2023-07-28 10:49:20,572.95,325394,1,573.57,237027,235360,0.11357679538705068,0
2023-07-28 10:49:20,572.95,325394,1,573.57,237027,235600,0.11357679538705068,0
2023-07-28 10:49:20,572.95,325394,1,573.57,237027,235617,0.11357679538705068,0
2023-07-28 10:49:20,572.95,325394,1,573.57,237131,235340,0.11357679538705068,0
2023-07-28 10:49:20,572.95,325394,1,573.57,237131,235562,0.11357679538705068,0
2023-07-28 10:49:20,572.95,325394,1,573.57,237131,235562,0.11357679538705068,0
2023-07-28 10:49:20,572.95,325394,1,573.57,237431,235562,0.11357679538705068,0
2023-07-28 10:49:20,572.95,325394,1,573.57,237368,235878,0.11357679538705068,0
2023-07-28 10:49:20,572.7,325394,23,573.57,237368,235878,0.06989341254588345,0
2023-07-28 10:50:06,572.7,325467,23,573.57,237453,236076,0.06989341254588345,0
2023-07-28 10:50:06,573.0,325467,3,573.57,237453,236076,0.12231347195527617,0
2023-07-28 10:50:10,573.0,325471,3,573.57,237453,235912,0.12231347195527617,0
2023-07-28 10:50:10,572.7,325471,13,573.57,237453,235912,0.06989341254588345,0
2023-07-28 10:50:15,572.7,325495,13,573.57,237429,236150,0.06989341254588345,0
2023-07-28 10:50:15,572.7,325495,41,573.57,237429,236150,0.06989341254588345,0
2023-07-28 10:50:15,572.7,325495,41,573.57,237429,236150,0.06989341254588345,0
2023-07-28 10:50:15,572.7,325495,41,573.57,237429,236150,0.06989341254588345,0
2023-07-28 10:50:20,572.7,325536,41,573.57,237285,236167,0.06989341254588345,0
2023-07-28 10:50:20,572.7,325536,41,573.57,237285,236167,0.06989341254588345,0
2023-07-28 10:50:20,572.7,325536,41,573.57,237285,236167,0.06989341254588345,0
2023-07-28 10:50:20,572.7,325536,41,573.57,237285,236167,0.06989341254588345,0
2023-07-28 10:50:20,572.7,325536,41,573.57,237285,236167,0.06989341254588345,0
2023-07-28 10:50:20,572.7,325536,41,573.57,237285,236167,0.06989341254588345,0
2023-07-28 10:50:20,572.7,325536,41,573.57,237286,235847,0.06989341254588345,0
2023-07-28 10:50:20,572.7,325536,41,573.57,237426,235411,0.06989341254588345,0
2023-07-28 10:50:20,572.7,325536,19,573.57,237426,235411,0.06989341254588345,0
2023-07-28 10:50:33,572.7,325555,19,573.57,237463,235853,0.06989341254588345,0
2023-07-28 10:50:33,572.7,325555,19,573.57,237592,234622,0.06989341254588345,0
2023-07-28 10:50:33,572.7,325555,19,573.57,237592,234622,0.06989341254588345,0
2023-07-28 10:50:45,572.5,326439,120,573.56,236718,235902,0.034946706272941726,0
2023-07-28 10:50:45,572.85,326439,24,573.56,236718,235902,0.0961034422505798,0
2023-07-28 10:50:45,572.55,326439,2,573.56,236718,235902,0.043683382841167226,0
2023-07-28 10:50:46,572.85,326470,1,573.56,236939,235567,0.0961034422505798,0
2023-07-28 10:50:53,572.85,326481,10,573.56,236793,235341,0.0961034422505798,0
2023-07-28 10:50:53,572.9,326481,1,573.56,236793,235341,0.10484011881880531,0
2023-07-28 10:50:54,572.9,326482,1,573.56,236799,235403,0.10484011881880531,0
2023-07-28 10:50:54,572.9,326482,1,573.56,236756,235437,0.10484011881880531,0
2023-07-28 10:50:54,572.9,326482,1,573.56,236636,235425,0.10484011881880531,0
2023-07-28 10:50:54,572.9,326482,1,573.56,236577,235240,0.10484011881880531,0
2023-07-28 10:50:54,572.9,326482,3,573.56,236577,235240,0.10484011881880531,0
2023-07-28 10:51:15,572.9,326485,3,573.56,236732,235150,0.10484011881880531,0
2023-07-28 10:51:15,572.9,326485,3,573.56,236732,235150,0.10484011881880531,0
2023-07-28 10:51:15,572.9,326485,3,573.56,236707,235150,0.10484011881880531,0
2023-07-28 10:51:15,572.9,326485,3,573.56,236732,235150,0.10484011881880531,0
2023-07-28 10:51:15,572.9,326485,3,573.56,236713,235053,0.10484011881880531,0
2023-07-28 10:51:15,572.9,326485,3,573.56,236781,235053,0.10484011881880531,0
2023-07-28 10:51:15,572.9,326485,1,573.56,236781,235053,0.10484011881880531,0
2023-07-28 10:51:15,572.55,326485,1,573.56,236781,235053,0.043683382841167226,0
2023-07-28 10:51:15,572.65,326485,2,573.56,236781,235053,0.061156735977638085,0
2023-07-28 10:51:40,572.65,326489,2,573.56,236648,236334,0.061156735977638085,0
2023-07-28 10:51:40,572.65,326489,2,573.56,236939,236010,0.061156735977638085,0
2023-07-28 10:51:40,572.8,326489,3,573.56,236939,236010,0.08736676568233445,0
2023-07-28 10:51:49,572.8,326492,3,573.56,236690,236119,0.08736676568233445,0
2023-07-28 10:51:49,572.55,326492,10,573.56,236690,236119,0.043683382841167226,0
2023-07-28 10:51:49,572.55,326492,19,573.56,236690,236119,0.043683382841167226,0
2023-07-28 10:51:54,572.55,326552,19,573.56,224626,236225,0.043683382841167226,0
2023-07-28 10:51:54,572.55,326552,19,573.56,224651,236225,0.043683382841167226,0
2023-07-28 10:51:54,572.55,326552,19,573.56,224651,236325,0.043683382841167226,0
2023-07-28 10:51:54,572.55,326552,8,573.56,224651,236325,0.043683382841167226,0
2023-07-28 10:52:04,572.55,326560,8,573.56,236975,236787,0.043683382841167226,0
2023-07-28 10:52:04,572.55,326560,8,573.56,236734,237188,0.043683382841167226,0
2023-07-28 10:52:04,572.55,326560,8,573.56,236759,237223,0.043683382841167226,0
2023-07-28 10:52:04,572.5,326560,1,573.56,236759,237223,0.034946706272941726,0
2023-07-28 10:52:18,572.5,326561,1,573.56,236706,237223,0.034946706272941726,0
2023-07-28 10:52:18,572.35,326561,37,573.56,236706,237223,0.008736676568245364,0
2023-07-28 10:52:23,572.35,327577,37,573.56,231949,239636,0.008736676568245364,0
2023-07-28 10:52:24,572.35,327611,21,573.56,232416,239186,0.008736676568245364,0
2023-07-28 10:52:24,572.35,327611,21,573.56,232473,238393,0.008736676568245364,0
2023-07-28 10:52:24,572.35,327611,21,573.56,233140,237933,0.008736676568245364,0
2023-07-28 10:52:24,572.2,327611,19,573.56,233140,237933,-0.017473353136450997,0
2023-07-28 10:52:39,572.2,327630,19,573.56,233417,238334,-0.017473353136450997,0
2023-07-28 10:52:39,572.2,327630,19,573.56,233311,237968,-0.017473353136450997,0
2023-07-28 10:52:39,572.2,327630,19,573.56,233329,237840,-0.017473353136450997,0
2023-07-28 10:52:39,572.2,327630,19,573.56,233329,237822,-0.017473353136450997,0
2023-07-28 10:52:39,572.55,327630,91,573.56,233329,237822,0.043683382841167226,0
2023-07-28 10:52:54,572.55,328030,91,573.56,233027,237560,0.043683382841167226,0
2023-07-28 10:53:03,572.55,328121,1,573.56,234597,235546,0.043683382841167226,0
2023-07-28 10:53:03,572.5,328121,24,573.56,234597,235546,0.034946706272941726,0
2023-07-28 10:53:13,572.5,328147,24,573.56,234146,238346,0.034946706272941726,0
2023-07-28 10:53:13,572.5,328147,24,573.56,234080,238050,0.034946706272941726,0
2023-07-28 10:53:13,572.5,328147,24,573.56,234080,238050,0.034946706272941726,0
2023-07-28 10:53:13,572.5,328147,24,573.56,234080,238050,0.034946706272941726,0
2023-07-28 10:53:13,572.5,328147,24,573.56,234080,238050,0.034946706272941726,0
2023-07-28 10:53:13,572.5,328147,24,573.56,234080,238050,0.034946706272941726,0
2023-07-28 10:53:13,572.5,328147,24,573.56,234080,238050,0.034946706272941726,0
2023-07-28 10:53:13,572.5,328147,24,573.56,233711,236996,0.034946706272941726,0
2023-07-28 10:53:13,572.5,328147,24,573.56,233711,236996,0.034946706272941726,0
2023-07-28 10:53:13,572.5,328147,24,573.56,233711,236996,0.034946706272941726,0
2023-07-28 10:53:13,572.5,328147,24,573.56,233711,236996,0.034946706272941726,0
2023-07-28 10:53:13,572.5,328147,24,573.56,233573,237248,0.034946706272941726,0
2023-07-28 10:53:13,572.5,328147,24,573.56,233797,237273,0.034946706272941726,0
2023-07-28 10:53:13,572.3,328147,7,573.56,233797,237273,0.0,0
2023-07-28 10:53:35,572.3,328166,7,573.56,233729,237214,0.0,0
2023-07-28 10:53:35,572.25,328166,25,573.56,233729,237214,-0.008736676568225498,0
2023-07-28 10:53:40,572.5,328231,5,573.56,233707,237279,0.034946706272941726,0
2023-07-28 10:53:40,572.5,328231,5,573.56,233735,236744,0.034946706272941726,0
2023-07-28 10:53:40,572.2,328231,50,573.56,233735,236744,-0.017473353136450997,0
2023-07-28 10:53:40,572.25,328231,91,573.56,233735,236744,-0.008736676568225498,0
2023-07-28 10:53:48,572.25,328372,91,573.56,230183,238326,-0.008736676568225498,0
2023-07-28 10:53:48,572.25,328372,91,573.56,230183,238265,-0.008736676568225498,0
2023-07-28 10:53:48,572.25,328372,91,573.56,230177,238265,-0.008736676568225498,0
2023-07-28 10:53:48,572.45,328372,2,573.56,230177,238265,0.026210029704716226,0
2023-07-28 10:53:48,572.2,328372,19,573.56,230177,238265,-0.017473353136450997,0
2023-07-28 10:53:48,572.15,328372,34,573.56,230177,238265,-0.02621002970469636,0
2023-07-28 10:53:48,572.1,328372,12,573.56,230177,238265,-0.03494670627292186,0
2023-07-28 10:54:04,572.1,329499,12,573.55,228971,238654,-0.03494670627292186,0
2023-07-28 10:54:04,572.1,329499,12,573.55,228838,238082,-0.03494670627292186,0
2023-07-28 10:54:04,572.1,329499,12,573.55,228739,238108,-0.03494670627292186,0
2023-07-28 10:54:04,572.1,329499,12,573.55,228870,238137,-0.03494670627292186,0
2023-07-28 10:54:04,572.1,329499,12,573.55,229073,238125,-0.03494670627292186,0
2023-07-28 10:54:04,572.1,329499,1,573.55,228944,238173,-0.03494670627292186,0
2023-07-28 10:54:27,572.1,329500,1,573.55,228877,238043,-0.03494670627292186,0
2023-07-28 10:54:27,572.1,329500,1,573.55,228887,238043,-0.03494670627292186,0
2023-07-28 10:54:27,572.1,329500,1,573.55,228838,239291,-0.03494670627292186,0
2023-07-28 10:54:27,572.35,329500,13,573.55,228838,239291,0.008736676568245364,0
2023-07-28 10:54:48,572.35,329550,13,573.55,228966,239749,0.008736676568245364,0
2023-07-28 10:54:48,572.05,329550,10,573.55,228966,239749,-0.043683382841167226,0
2023-07-28 10:54:55,572.3,329660,10,573.55,228881,239687,0.0,0
2023-07-28 10:54:55,572.05,329660,19,573.55,228881,239687,-0.043683382841167226,0
2023-07-28 10:54:58,572.05,329679,19,573.55,228866,240233,-0.043683382841167226,0
2023-07-28 10:54:58,572.05,329679,19,573.55,228866,240363,-0.043683382841167226,0
2023-07-28 10:54:58,572.05,329679,19,573.55,228866,240363,-0.043683382841167226,0
2023-07-28 10:54:58,572.05,329679,19,573.55,228866,240840,-0.043683382841167226,0
2023-07-28 10:54:58,572.05,329679,34,573.55,228866,240840,-0.043683382841167226,0
2023-07-28 10:55:19,572.05,329823,34,573.55,228745,240620,-0.043683382841167226,0
2023-07-28 10:55:19,571.8,329823,1,573.55,228745,240620,-0.08736676568233445,0
2023-07-28 10:55:22,571.65,331856,1,573.54,228473,242235,-0.1135767953870308,0
2023-07-28 10:55:22,571.65,331856,41,573.54,228473,242235,-0.1135767953870308,0
2023-07-28 10:55:22,571.65,331856,13,573.54,228473,242235,-0.1135767953870308,0
2023-07-28 10:55:22,571.35,331856,14,573.54,228473,242235,-0.16599685479642354,0
2023-07-28 10:55:28,571.35,332034,14,573.54,227670,241100,-0.16599685479642354,0
2023-07-28 10:55:28,571.35,332034,20,573.54,227670,241100,-0.16599685479642354,0
2023-07-28 10:55:32,571.35,332074,20,573.54,227850,241411,-0.16599685479642354,0
2023-07-28 10:55:32,571.35,332074,40,573.54,227850,241411,-0.16599685479642354,0
2023-07-28 10:55:32,571.9,332074,25,573.54,227850,241411,-0.06989341254586358,0
2023-07-28 10:55:32,571.7,332074,2,573.54,227850,241411,-0.10484011881878544,0
2023-07-28 10:55:43,571.7,332839,2,573.54,229840,242649,-0.10484011881878544,0
2023-07-28 10:55:43,571.85,332839,1,573.54,229840,242649,-0.07863008911408909,0
2023-07-28 10:55:43,571.9,332839,530,573.54,229840,242649,-0.06989341254586358,0
2023-07-28 10:55:45,571.75,333370,1,573.53,231096,241810,-0.09610344225055995,0
2023-07-28 10:55:50,571.8,333472,154,573.53,230285,240075,-0.08736676568233445,0
2023-07-28 10:55:50,571.75,333472,6,573.53,230285,240075,-0.09610344225055995,0
2023-07-28 10:55:54,571.75,333723,6,573.53,230450,240238,-0.09610344225055995,0
2023-07-28 10:55:54,571.75,333723,25,573.53,230450,240238,-0.09610344225055995,0
2023-07-28 10:55:59,571.75,333773,25,573.53,231014,238965,-0.09610344225055995,0
2023-07-28 10:55:59,571.8,333773,200,573.53,231014,238965,-0.08736676568233445,0
2023-07-28 10:56:04,572.0,333974,1,573.53,231463,240151,-0.05242005940939272,0
2023-07-28 10:56:04,572.0,333974,1,573.53,231550,240031,-0.05242005940939272,0
2023-07-28 10:56:04,572.0,333974,1,573.53,231511,240032,-0.05242005940939272,0
2023-07-28 10:56:04,572.0,333974,1,573.53,231753,240032,-0.05242005940939272,0
2023-07-28 10:56:04,571.75,333974,44,573.53,231752,240119,-0.09610344225055995,0
2023-07-28 10:56:15,571.75,334031,13,573.53,231772,240106,-0.09610344225055995,0
2023-07-28 10:56:15,571.75,334031,13,573.53,231772,239760,-0.09610344225055995,0
2023-07-28 10:56:15,571.75,334031,13,573.53,231767,239760,-0.09610344225055995,0
2023-07-28 10:56:15,571.75,334031,13,573.53,231731,239751,-0.09610344225055995,0
2023-07-28 10:56:15,571.75,334031,13,573.53,231743,239720,-0.09610344225055995,0
2023-07-28 10:56:15,571.75,334031,40,573.53,231743,239720,-0.09610344225055995,0
2023-07-28 10:56:15,571.75,334031,1,573.53,231743,239720,-0.09610344225055995,0
2023-07-28 10:56:19,571.75,334072,1,573.53,230995,240013,-0.09610344225055995,0
2023-07-28 10:56:19,571.75,334072,19,573.53,231608,240013,-0.09610344225055995,0
2023-07-28 10:56:22,571.75,334091,19,573.53,231580,240013,-0.09610344225055995,0
2023-07-28 10:56:22,571.75,334091,19,573.53,231580,240013,-0.09610344225055995,0
2023-07-28 10:56:22,571.75,334091,10,573.53,228940,241093,-0.09610344225055995,0
2023-07-28 10:56:22,571.75,334091,10,573.53,228940,241093,-0.09610344225055995,0
2023-07-28 10:56:24,571.75,334110,10,573.53,230797,240240,-0.09610344225055995,0
2023-07-28 10:56:24,571.75,334110,10,573.53,231564,239311,-0.09610344225055995,0
2023-07-28 10:56:24,571.75,334110,10,573.53,231564,239311,-0.09610344225055995,0
2023-07-28 10:56:24,571.75,334110,10,573.53,231948,239642,-0.09610344225055995,0
2023-07-28 10:56:24,571.75,334110,10,573.53,231948,239642,-0.09610344225055995,0
2023-07-28 10:56:24,571.75,334110,10,573.53,231948,239614,-0.09610344225055995,0
2023-07-28 10:56:24,571.75,334110,10,573.53,231358,239716,-0.09610344225055995,0
2023-07-28 10:56:24,571.75,334110,10,573.53,230012,239664,-0.09610344225055995,0
2023-07-28 10:56:31,571.75,334111,1,573.53,230206,239489,-0.09610344225055995,0
2023-07-28 10:56:31,571.75,334111,1,573.53,231879,239612,-0.09610344225055995,0
2023-07-28 10:56:31,571.75,334111,1,573.53,230689,239464,-0.09610344225055995,0
2023-07-28 10:56:31,571.75,334111,1,573.53,230855,239464,-0.09610344225055995,0
2023-07-28 10:56:31,571.75,334111,1,573.53,231381,239844,-0.09610344225055995,0
2023-07-28 10:56:31,571.75,334111,1,573.53,231172,239844,-0.09610344225055995,0
2023-07-28 10:56:31,571.75,334111,1,573.53,231396,239871,-0.09610344225055995,0
2023-07-28 10:56:31,571.75,334111,1,573.53,231934,239484,-0.09610344225055995,0
2023-07-28 10:56:40,571.7,334411,20,573.53,231663,239501,-0.10484011881878544,0
2023-07-28 10:56:40,571.7,334411,20,573.53,230979,240692,-0.10484011881878544,0
2023-07-28 10:56:40,571.7,334411,20,573.53,231782,240316,-0.10484011881878544,0
2023-07-28 10:56:40,571.7,334411,20,573.53,232175,239356,-0.10484011881878544,0
2023-07-28 10:56:40,571.75,334411,5,573.53,232175,239356,-0.09610344225055995,0
2023-07-28 10:56:43,571.75,334416,5,573.53,231814,239593,-0.09610344225055995,0
2023-07-28 10:56:43,571.75,334416,5,573.53,232044,239791,-0.09610344225055995,0
2023-07-28 10:56:43,571.75,334416,5,573.53,232044,239736,-0.09610344225055995,0
2023-07-28 10:56:47,571.75,334454,10,573.53,231850,239680,-0.09610344225055995,0
2023-07-28 10:56:48,572.0,334482,9,573.53,231109,240149,-0.05242005940939272,0
2023-07-28 10:56:49,571.7,334492,10,573.53,231355,240010,-0.10484011881878544,0
2023-07-28 10:56:49,571.7,334492,10,573.53,231355,240010,-0.10484011881878544,0
2023-07-28 10:56:50,571.95,334510,18,573.53,232620,239074,-0.06115673597761822,0
2023-07-28 10:56:51,572.1,334528,18,573.53,231598,238896,-0.03494670627292186,0
2023-07-28 10:56:52,572.15,334546,7,573.53,231856,239179,-0.02621002970469636,0
2023-07-28 10:56:52,572.15,334546,7,573.53,231856,239179,-0.02621002970469636,0
2023-07-28 10:56:52,572.15,334546,7,573.53,231843,239049,-0.02621002970469636,0
2023-07-28 10:56:54,572.15,334564,18,573.53,231844,238912,-0.02621002970469636,0
2023-07-28 10:56:55,572.15,334570,6,573.53,231854,238843,-0.02621002970469636,0
2023-07-28 10:56:55,572.15,334570,5,573.53,231854,238843,-0.02621002970469636,0
2023-07-28 10:56:55,572.15,334575,5,573.53,238253,244269,-0.02621002970469636,0
2023-07-28 10:56:55,572.15,334575,5,573.53,238103,244269,-0.02621002970469636,0
2023-07-28 10:56:55,572.15,334575,5,573.53,238093,244269,-0.02621002970469636,0
2023-07-28 10:56:55,572.15,334575,5,573.53,238093,244488,-0.02621002970469636,0
2023-07-28 10:56:55,571.85,334575,18,573.53,238093,244488,-0.07863008911408909,0
2023-07-28 10:57:01,571.85,334594,18,573.53,238015,244555,-0.07863008911408909,0
2023-07-28 10:57:01,571.85,334594,18,573.53,236041,245482,-0.07863008911408909,0
2023-07-28 10:57:01,571.85,334594,18,573.53,236700,244663,-0.07863008911408909,0
2023-07-28 10:57:01,571.85,334594,18,573.53,235049,245023,-0.07863008911408909,0
2023-07-28 10:57:01,571.85,334594,18,573.53,235477,245750,-0.07863008911408909,0
2023-07-28 10:57:01,571.85,334594,18,573.53,236516,245820,-0.07863008911408909,0
2023-07-28 10:57:01,571.85,334594,18,573.53,235510,245924,-0.07863008911408909,0
2023-07-28 10:57:10,572.0,334810,28,573.53,239852,243175,-0.05242005940939272,0
2023-07-28 10:57:10,572.0,334810,28,573.53,239908,243824,-0.05242005940939272,0
2023-07-28 10:57:10,572.0,334810,28,573.53,239834,243824,-0.05242005940939272,0
2023-07-28 10:57:10,572.0,334810,28,573.53,239801,243788,-0.05242005940939272,0
2023-07-28 10:57:10,572.0,334810,28,573.53,239836,243788,-0.05242005940939272,0
2023-07-28 10:57:15,571.85,334950,78,573.53,239731,243738,-0.07863008911408909,0
2023-07-28 10:57:15,571.85,334950,78,573.53,239731,243738,-0.07863008911408909,0
2023-07-28 10:57:15,571.85,334950,78,573.53,239608,243738,-0.07863008911408909,0
2023-07-28 10:57:15,571.85,334950,78,573.53,239608,243737,-0.07863008911408909,0
2023-07-28 10:57:15,571.85,334950,78,573.53,239633,243688,-0.07863008911408909,0
2023-07-28 10:57:15,571.85,334950,78,573.53,239633,243684,-0.07863008911408909,0
2023-07-28 10:57:15,571.85,334950,78,573.53,239613,243621,-0.07863008911408909,0
2023-07-28 10:57:15,571.85,334950,78,573.53,239613,243621,-0.07863008911408909,0
2023-07-28 10:57:15,571.85,334950,78,573.53,239713,243621,-0.07863008911408909,0
2023-07-28 10:57:15,571.85,334950,78,573.53,239613,243621,-0.07863008911408909,0
2023-07-28 10:57:15,571.85,334950,78,573.53,239893,243857,-0.07863008911408909,0
2023-07-28 10:57:15,571.85,334950,78,573.53,239893,243857,-0.07863008911408909,0
2023-07-28 10:57:15,571.85,334950,78,573.53,239463,243857,-0.07863008911408909,0
2023-07-28 10:57:15,571.85,334950,78,573.53,239463,243857,-0.07863008911408909,0
2023-07-28 10:57:15,571.85,334950,78,573.53,239463,243857,-0.07863008911408909,0
2023-07-28 10:57:15,571.85,334950,78,573.53,239463,243961,-0.07863008911408909,0
2023-07-28 10:57:15,571.85,334950,78,573.53,239468,243838,-0.07863008911408909,0
2023-07-28 10:57:15,571.85,334950,78,573.53,239468,243838,-0.07863008911408909,0
2023-07-28 10:57:15,571.85,334950,78,573.53,239468,243830,-0.07863008911408909,0
2023-07-28 10:57:15,571.85,334950,78,573.53,239280,243955,-0.07863008911408909,0
2023-07-28 10:57:47,571.9,334970,20,573.53,237830,244275,-0.06989341254586358,0
2023-07-28 10:57:47,571.9,334970,20,573.53,237460,244606,-0.06989341254586358,0
2023-07-28 10:57:47,571.9,334970,20,573.53,237349,244935,-0.06989341254586358,0
2023-07-28 10:57:47,571.9,334970,20,573.53,237468,244895,-0.06989341254586358,0
2023-07-28 10:57:47,571.9,334970,20,573.53,237468,244895,-0.06989341254586358,0
2023-07-28 10:57:47,571.9,334970,20,573.53,237468,244895,-0.06989341254586358,0
2023-07-28 10:57:57,571.8,335079,30,573.53,233469,245989,-0.08736676568233445,0
2023-07-28 10:57:57,571.8,335079,30,573.53,233962,245894,-0.08736676568233445,0
2023-07-28 10:57:57,571.8,335079,30,573.53,233839,245894,-0.08736676568233445,0
2023-07-28 10:57:57,571.8,335079,30,573.53,233629,245968,-0.08736676568233445,0
2023-07-28 10:57:57,571.8,335079,30,573.53,233822,245968,-0.08736676568233445,0
2023-07-28 10:57:57,571.8,335079,30,573.53,233809,245968,-0.08736676568233445,0
2023-07-28 10:57:57,571.8,335079,30,573.53,233809,248088,-0.08736676568233445,0
2023-07-28 10:57:57,571.75,335079,6,573.53,233809,248088,-0.09610344225055995,0
2023-07-28 10:58:04,571.75,335129,6,573.53,233944,248181,-0.09610344225055995,0
2023-07-28 10:58:05,571.25,335883,25,573.52,230151,248608,-0.1834702079328944,0
2023-07-28 10:58:05,571.35,335883,57,573.52,230151,248608,-0.16599685479642354,0
2023-07-28 10:58:05,571.2,335883,50,573.52,230151,248608,-0.1922068845011199,0
2023-07-28 10:58:05,571.2,335883,1,573.52,230151,248608,-0.1922068845011199,0
2023-07-28 10:58:09,571.2,335997,1,573.52,234436,247291,-0.1922068845011199,0
2023-07-28 10:58:09,571.2,335997,1,573.52,234436,247291,-0.1922068845011199,0
2023-07-28 10:58:09,571.2,335997,50,573.52,234436,247291,-0.1922068845011199,0
2023-07-28 10:58:09,571.4,335997,19,573.52,234436,247291,-0.15726017822819804,0
2023-07-28 10:58:09,571.3,335997,1,573.52,234436,247291,-0.1747335313646689,0
2023-07-28 10:58:09,571.25,335997,50,573.52,234436,247291,-0.1834702079328944,0
2023-07-28 10:58:09,571.25,335997,1,573.52,234436,247291,-0.1834702079328944,0
2023-07-28 10:58:17,571.25,336525,50,573.52,233962,247513,-0.1834702079328944,0
2023-07-28 10:58:17,571.2,336525,1,573.52,233962,247513,-0.1922068845011199,0
2023-07-28 10:58:17,571.2,336525,1,573.52,233962,247513,-0.1922068845011199,0
2023-07-28 10:58:17,571.15,336525,1,573.52,233962,247513,-0.20094356106936526,0
2023-07-28 10:58:20,571.15,336630,1,573.52,234505,247302,-0.20094356106936526,0
2023-07-28 10:58:20,571.55,336630,1,573.52,234505,247302,-0.13105014852350166,0
2023-07-28 10:58:20,571.6,336630,1,573.52,234505,247302,-0.12231347195525631,0
2023-07-28 10:58:20,571.6,336630,1,573.52,234505,247302,-0.12231347195525631,0
2023-07-28 10:58:25,571.6,338142,10,573.51,237611,246517,-0.12231347195525631,0
2023-07-28 10:58:25,571.6,338142,10,573.51,237611,246517,-0.12231347195525631,0
2023-07-28 10:58:25,571.6,338142,10,573.51,237611,246517,-0.12231347195525631,0
2023-07-28 10:58:25,571.6,338142,41,573.51,237611,246517,-0.12231347195525631,0
2023-07-28 10:58:25,571.65,338142,20,573.51,237611,246517,-0.1135767953870308,0
2023-07-28 10:58:28,571.65,338265,20,573.51,238087,245190,-0.1135767953870308,0
2023-07-28 10:58:28,571.75,338265,100,573.51,238087,245190,-0.09610344225055995,0
2023-07-28 10:58:28,571.7,338265,28,573.51,238087,245190,-0.10484011881878544,0
2023-07-28 10:58:33,571.9,338846,87,573.5,240592,244913,-0.06989341254586358,0
2023-07-28 10:58:33,571.65,338846,18,573.5,240592,244913,-0.1135767953870308,0
2023-07-28 10:58:33,571.8,338846,1,573.5,240592,244913,-0.08736676568233445,0
2023-07-28 10:58:33,571.75,338846,55,573.5,240592,244913,-0.09610344225055995,0
2023-07-28 10:58:37,571.65,340294,11,573.5,236295,244725,-0.1135767953870308,0
2023-07-28 10:58:37,571.7,340294,1,573.5,236295,244725,-0.10484011881878544,0
2023-07-28 10:58:37,571.9,340294,1,573.5,236295,244725,-0.06989341254586358,0
2023-07-28 10:58:37,571.9,340294,26,573.5,236295,244725,-0.06989341254586358,0
2023-07-28 10:58:42,571.9,340347,26,573.5,238022,242566,-0.06989341254586358,0
2023-07-28 10:58:42,571.9,340347,1,573.5,238022,242566,-0.06989341254586358,0
2023-07-28 10:58:42,571.5,340347,1,573.5,238022,242566,-0.13978682509172716,0
2023-07-28 10:58:44,571.5,340608,1,573.49,234940,245945,-0.13978682509172716,0
2023-07-28 10:58:44,571.45,340608,2,573.49,234940,245945,-0.14852350165995268,0
2023-07-28 10:58:47,571.45,340741,2,573.49,234961,242778,-0.14852350165995268,0
2023-07-28 10:58:47,571.45,340741,3,573.49,234961,242778,-0.14852350165995268,0
2023-07-28 10:58:47,571.0,340741,1,573.49,234961,242778,-0.2271535907740616,0
2023-07-28 10:58:47,570.9,340741,1,573.49,234961,242778,-0.24462694391053247,0
2023-07-28 10:58:47,570.9,340741,1,573.49,234961,242778,-0.24462694391053247,0
2023-07-28 10:58:53,570.9,342397,1,573.48,219979,242136,-0.24462694391053247,0
2023-07-28 10:58:53,571.05,342397,115,573.48,219979,242136,-0.21841691420583612,0
2023-07-28 10:58:53,570.9,342397,1,573.48,219979,242136,-0.24462694391053247,0
2023-07-28 10:58:58,571.0,343747,1,573.47,233566,241762,-0.2271535907740616,0
2023-07-28 10:58:58,571.0,343747,1,573.47,233566,241762,-0.2271535907740616,0
2023-07-28 10:58:58,571.0,343747,1,573.47,233566,241762,-0.2271535907740616,0
2023-07-28 10:58:58,571.0,343747,1,573.47,233566,241762,-0.2271535907740616,0
2023-07-28 10:59:01,571.0,343804,1,573.47,233358,241669,-0.2271535907740616,0
2023-07-28 10:59:01,571.3,343804,21,573.47,233358,241669,-0.1747335313646689,0
2023-07-28 10:59:01,571.25,343804,5,573.47,233358,241669,-0.1834702079328944,0
2023-07-28 10:59:05,571.5,345137,1,573.46,234447,239139,-0.13978682509172716,0
2023-07-28 10:59:06,571.5,345189,1,573.46,235016,239404,-0.13978682509172716,0
2023-07-28 10:59:07,571.5,345289,4,573.46,236100,239565,-0.13978682509172716,0
2023-07-28 10:59:07,571.5,345289,4,573.46,236100,239565,-0.13978682509172716,0
2023-07-28 10:59:07,571.5,345289,4,573.46,236338,240013,-0.13978682509172716,0
2023-07-28 10:59:07,571.5,345289,131,573.46,236338,240013,-0.13978682509172716,0
2023-07-28 10:59:09,571.6,345873,11,573.46,234163,236487,-0.12231347195525631,0
2023-07-28 10:59:10,571.75,346075,50,573.46,235006,236368,-0.09610344225055995,0
2023-07-28 10:59:10,571.75,346075,50,573.46,235006,236368,-0.09610344225055995,0
2023-07-28 10:59:11,571.75,346125,42,573.46,235093,236427,-0.09610344225055995,0
2023-07-28 10:59:12,571.45,346244,24,573.46,235023,236462,-0.14852350165995268,0
2023-07-28 10:59:13,571.75,346560,9,573.45,236746,236843,-0.09610344225055995,0
2023-07-28 10:59:13,571.75,346560,9,573.45,236746,236843,-0.09610344225055995,0
2023-07-28 10:59:14,571.75,346563,1,573.45,237125,236959,-0.09610344225055995,0
2023-07-28 10:59:16,571.5,346585,8,573.45,237107,236806,-0.13978682509172716,0
2023-07-28 10:59:16,571.5,346585,8,573.45,237107,236806,-0.13978682509172716,0
2023-07-28 10:59:16,571.5,346585,8,573.45,239112,236842,-0.13978682509172716,0
2023-07-28 10:59:16,571.5,346585,8,573.45,239112,236862,-0.13978682509172716,0
2023-07-28 10:59:20,571.45,346590,5,573.45,240281,236862,-0.14852350165995268,0
2023-07-28 10:59:20,571.45,346590,5,573.45,240281,236862,-0.14852350165995268,0
2023-07-28 10:59:20,571.45,346590,5,573.45,240281,236862,-0.14852350165995268,0
2023-07-28 10:59:20,571.45,346590,5,573.45,240281,236862,-0.14852350165995268,0
2023-07-28 10:59:20,571.45,346590,5,573.45,242209,236739,-0.14852350165995268,0
2023-07-28 10:59:20,571.45,346590,5,573.45,242209,236739,-0.14852350165995268,0
2023-07-28 10:59:20,571.45,346590,5,573.45,242432,236913,-0.14852350165995268,0
2023-07-28 10:59:20,571.25,346590,15,573.45,242432,236913,-0.1834702079328944,0
2023-07-28 10:59:25,571.25,346883,15,573.45,237149,239853,-0.1834702079328944,0
2023-07-28 10:59:25,571.25,346883,15,573.45,237149,239853,-0.1834702079328944,0
2023-07-28 10:59:25,571.25,346883,15,573.45,236506,239854,-0.1834702079328944,0
2023-07-28 10:59:25,571.25,346883,15,573.45,239331,239847,-0.1834702079328944,0
2023-07-28 10:59:29,571.4,346884,1,573.45,238856,239339,-0.15726017822819804,0
2023-07-28 10:59:29,571.4,346884,1,573.45,236975,240279,-0.15726017822819804,0
2023-07-28 10:59:29,571.4,346884,1,573.45,237754,240279,-0.15726017822819804,0
2023-07-28 10:59:29,571.4,346884,1,573.45,239128,242474,-0.15726017822819804,0
2023-07-28 10:59:29,571.4,346884,1,573.45,239079,242588,-0.15726017822819804,0
2023-07-28 10:59:29,571.4,346884,1,573.45,236469,242208,-0.15726017822819804,0
2023-07-28 10:59:29,571.4,346884,1,573.45,237687,241547,-0.15726017822819804,0
2023-07-28 10:59:29,571.1,346884,1,573.45,237687,241547,-0.20968023763759075,0
2023-07-28 10:59:37,571.1,346885,1,573.45,236100,241635,-0.20968023763759075,0
2023-07-28 10:59:37,571.1,346885,2,573.45,236100,241635,-0.20968023763759075,0
2023-07-28 10:59:39,571.05,346891,3,573.45,235157,241641,-0.21841691420583612,0
2023-07-28 10:59:39,571.05,346891,3,573.45,235157,241641,-0.21841691420583612,0
2023-07-28 10:59:40,571.2,346892,1,573.45,235045,241633,-0.1922068845011199,0
2023-07-28 10:59:40,571.2,346892,20,573.45,235045,241633,-0.1922068845011199,0
2023-07-28 10:59:41,571.2,346915,2,573.45,235022,241510,-0.1922068845011199,0
2023-07-28 10:59:41,571.2,346915,2,573.45,235002,241584,-0.1922068845011199,0
2023-07-28 10:59:41,571.2,346915,2,573.45,235019,241357,-0.1922068845011199,0
2023-07-28 10:59:41,571.2,346915,2,573.45,234914,241357,-0.1922068845011199,0
2023-07-28 10:59:41,571.2,346915,2,573.45,234914,241357,-0.1922068845011199,0
2023-07-28 10:59:41,571.2,346915,2,573.45,234914,241480,-0.1922068845011199,0
2023-07-28 10:59:41,571.2,346915,26,573.45,234955,241357,-0.1922068845011199,0
2023-07-28 10:59:50,571.2,346941,26,573.45,233870,241976,-0.1922068845011199,0
2023-07-28 10:59:50,571.2,346941,26,573.45,234312,243024,-0.1922068845011199,0
2023-07-28 10:59:52,571.0,347041,100,573.45,233845,242296,-0.2271535907740616,0
2023-07-28 10:59:53,571.0,347043,1,573.45,233530,242315,-0.2271535907740616,0
2023-07-28 10:59:53,571.0,347043,1,573.45,233530,242315,-0.2271535907740616,0
2023-07-28 10:59:55,571.0,347380,184,573.45,233469,242820,-0.2271535907740616,0
2023-07-28 10:59:55,571.0,347431,1,573.45,233329,242194,-0.2271535907740616,0
2023-07-28 10:59:56,571.0,347482,1,573.45,233230,242454,-0.2271535907740616,0
2023-07-28 10:59:58,571.0,347534,1,573.45,233131,242515,-0.2271535907740616,0
2023-07-28 10:59:58,571.0,347534,50,573.45,233131,242515,-0.2271535907740616,0
2023-07-28 10:59:59,571.0,347585,50,573.45,233080,242537,-0.2271535907740616,0
2023-07-28 10:59:59,571.0,347585,1,573.45,233080,242537,-0.2271535907740616,0
2023-07-28 11:00:01,571.0,348589,286,573.44,230136,245734,-0.2271535907740616,0
2023-07-28 11:00:01,571.0,348589,286,573.44,230136,245734,-0.2271535907740616,0
2023-07-28 11:00:02,570.65,348590,1,573.44,228633,244618,-0.2883103267516997,0
2023-07-28 11:00:03,571.1,348939,5,573.44,230401,243594,-0.20968023763759075,0
2023-07-28 11:00:04,570.85,350778,42,573.42,225415,244853,-0.253363620478758,0
2023-07-28 11:00:04,570.6,350778,1,573.42,225415,244853,-0.2970470033199252,0
2023-07-28 11:00:05,570.6,350931,1,573.42,228995,244827,-0.2970470033199252,0
2023-07-28 11:00:05,570.95,350931,6,573.42,228995,244827,-0.2358902673422871,0
2023-07-28 11:00:06,570.95,350942,6,573.42,229513,244558,-0.2358902673422871,0
2023-07-28 11:00:06,570.95,350942,1,573.42,229513,244558,-0.2358902673422871,0
2023-07-28 11:00:08,571.15,351913,36,573.41,232464,242939,-0.20094356106936526,0
2023-07-28 11:00:08,571.15,351983,1,573.41,234213,242813,-0.20094356106936526,0
2023-07-28 11:00:09,571.15,351984,1,573.41,234354,242579,-0.20094356106936526,0
2023-07-28 11:00:10,571.15,351988,4,573.41,234423,242505,-0.20094356106936526,0
2023-07-28 11:00:12,571.05,352503,1,573.41,230718,242653,-0.21841691420583612,0
2023-07-28 11:00:12,571.05,352503,1,573.41,230718,242653,-0.21841691420583612,0
2023-07-28 11:00:12,571.05,352503,1,573.41,230885,243694,-0.21841691420583612,0
2023-07-28 11:00:14,570.75,352504,1,573.41,231158,243750,-0.27083697361522885,0
2023-07-28 11:00:14,570.75,352504,1,573.41,231116,243980,-0.27083697361522885,0
2023-07-28 11:00:14,571.25,352504,5,573.41,231116,243980,-0.1834702079328944,0
2023-07-28 11:00:16,571.5,352765,150,573.41,234796,242656,-0.13978682509172716,0
2023-07-28 11:00:17,571.5,352815,50,573.41,235090,242710,-0.13978682509172716,0
2023-07-28 11:00:18,571.5,352917,1,573.41,235767,240878,-0.13978682509172716,0
2023-07-28 11:00:20,571.2,353322,5,573.41,234722,242867,-0.1922068845011199,0
2023-07-28 11:00:21,571.4,353324,1,573.41,234667,242969,-0.15726017822819804,0
2023-07-28 11:00:22,571.45,353343,1,573.41,234783,243141,-0.14852350165995268,0
2023-07-28 11:00:24,571.55,353427,1,573.41,234753,241930,-0.13105014852350166,0
2023-07-28 11:00:24,571.65,353428,1,573.41,235088,241111,-0.1135767953870308,0
2023-07-28 11:00:25,571.6,353429,1,573.41,234161,241147,-0.12231347195525631,0
2023-07-28 11:00:25,571.6,353429,1,573.41,234161,241147,-0.12231347195525631,0
2023-07-28 11:00:26,571.65,353479,24,573.41,235487,240780,-0.1135767953870308,0
2023-07-28 11:00:27,571.65,353482,1,573.41,234164,240809,-0.1135767953870308,0
2023-07-28 11:00:28,571.75,353533,1,573.4,235519,241021,-0.09610344225055995,0
2023-07-28 11:00:28,571.75,353533,1,573.4,235519,241021,-0.09610344225055995,0
2023-07-28 11:00:29,571.5,353635,51,573.4,233583,242526,-0.13978682509172716,0
2023-07-28 11:00:29,571.6,353635,1,573.4,233583,242526,-0.12231347195525631,0
2023-07-28 11:00:30,571.55,353641,12,573.4,233355,242411,-0.13105014852350166,0
2023-07-28 11:00:31,571.55,353692,1,573.4,234277,242528,-0.13105014852350166,0
2023-07-28 11:00:31,571.55,353692,1,573.4,234277,242528,-0.13105014852350166,0
2023-07-28 11:00:31,571.55,353692,1,573.4,234277,242528,-0.13105014852350166,0
2023-07-28 11:00:33,571.5,353840,1,573.4,234362,242730,-0.13978682509172716,0
2023-07-28 11:00:33,571.5,353840,1,573.4,234306,242851,-0.13978682509172716,0
2023-07-28 11:00:33,571.5,353840,2,573.4,234306,242851,-0.13978682509172716,0
2023-07-28 11:00:35,571.5,353854,10,573.4,232919,242736,-0.13978682509172716,0
2023-07-28 11:00:37,571.5,353859,5,573.4,234638,242809,-0.13978682509172716,0
2023-07-28 11:00:37,571.35,354113,1,573.4,232673,243530,-0.16599685479642354,0
2023-07-28 11:00:39,571.3,354991,77,573.4,230551,242160,-0.1747335313646689,0
2023-07-28 11:00:40,571.1,355033,1,573.4,234221,240692,-0.20968023763759075,0
2023-07-28 11:00:40,571.45,355034,1,573.4,233806,241691,-0.14852350165995268,0
2023-07-28 11:00:40,571.45,355034,1,573.4,233875,241681,-0.14852350165995268,0
2023-07-28 11:00:43,571.35,355076,1,573.39,234407,241920,-0.16599685479642354,0
2023-07-28 11:00:43,571.35,355076,1,573.39,234407,241920,-0.16599685479642354,0
2023-07-28 11:00:44,571.1,355131,54,573.39,234104,242472,-0.20968023763759075,0
2023-07-28 11:00:44,571.1,355131,54,573.39,234226,242026,-0.20968023763759075,0
2023-07-28 11:00:44,571.1,355131,54,573.39,234226,242245,-0.20968023763759075,0
2023-07-28 11:00:44,571.1,355131,54,573.39,234202,242369,-0.20968023763759075,0
2023-07-28 11:00:44,571.1,355131,54,573.39,234227,242379,-0.20968023763759075,0
2023-07-28 11:00:44,571.1,355131,54,573.39,234416,242392,-0.20968023763759075,0
2023-07-28 11:00:44,571.1,355131,54,573.39,234416,242392,-0.20968023763759075,0
2023-07-28 11:00:44,571.1,355131,54,573.39,234530,242390,-0.20968023763759075,0
2023-07-28 11:00:44,571.1,355131,54,573.39,234326,241950,-0.20968023763759075,0
2023-07-28 11:00:44,571.1,355131,54,573.39,234990,241910,-0.20968023763759075,0
2023-07-28 11:00:44,571.15,355131,12,573.39,234990,241910,-0.20094356106936526,0
2023-07-28 11:00:54,571.15,355143,12,573.39,234494,241811,-0.20094356106936526,0
2023-07-28 11:00:54,571.15,355143,12,573.39,235366,240926,-0.20094356106936526,0
2023-07-28 11:00:54,571.15,355143,12,573.39,235255,240917,-0.20094356106936526,0
2023-07-28 11:00:54,571.15,355143,12,573.39,235235,240883,-0.20094356106936526,0
2023-07-28 11:00:54,571.15,355143,12,573.39,234966,240952,-0.20094356106936526,0
2023-07-28 11:00:54,571.15,355143,12,573.39,235007,241124,-0.20094356106936526,0
2023-07-28 11:00:54,571.15,355143,12,573.39,235257,240958,-0.20094356106936526,0
2023-07-28 11:00:54,571.15,355143,12,573.39,235331,241110,-0.20094356106936526,0
2023-07-28 11:00:54,571.15,355143,12,573.39,234435,242049,-0.20094356106936526,0
2023-07-28 11:00:54,571.15,355143,12,573.39,234582,242078,-0.20094356106936526,0
2023-07-28 11:01:04,571.15,355151,8,573.39,235037,241140,-0.20094356106936526,0
2023-07-28 11:01:05,571.0,355296,35,573.39,234804,242326,-0.2271535907740616,0
2023-07-28 11:01:05,571.0,355296,35,573.39,229980,236993,-0.2271535907740616,0
2023-07-28 11:01:05,571.0,355296,35,573.39,229882,237095,-0.2271535907740616,0
2023-07-28 11:01:05,571.0,355296,35,573.39,229467,237066,-0.2271535907740616,0
2023-07-28 11:01:05,571.0,355296,35,573.39,229326,237014,-0.2271535907740616,0
2023-07-28 11:01:05,571.0,355296,35,573.39,229300,237015,-0.2271535907740616,0
2023-07-28 11:01:05,571.0,355296,35,573.39,229989,236618,-0.2271535907740616,0
2023-07-28 11:01:05,571.0,355296,35,573.39,229732,236600,-0.2271535907740616,0
2023-07-28 11:01:05,571.0,355296,35,573.39,229732,236601,-0.2271535907740616,0
2023-07-28 11:01:05,571.0,355296,35,573.39,229600,237274,-0.2271535907740616,0
2023-07-28 11:01:05,571.0,355296,35,573.39,229752,237259,-0.2271535907740616,0
2023-07-28 11:01:05,571.0,355296,35,573.39,229752,237128,-0.2271535907740616,0
2023-07-28 11:01:05,571.0,355296,35,573.39,229752,237128,-0.2271535907740616,0
2023-07-28 11:01:05,571.0,355296,35,573.39,229752,237128,-0.2271535907740616,0
2023-07-28 11:01:05,571.0,355296,35,573.39,228727,237238,-0.2271535907740616,0
2023-07-28 11:01:22,570.95,355416,4,573.39,228572,237562,-0.2358902673422871,0
2023-07-28 11:01:22,571.3,355422,5,573.39,228379,236618,-0.1747335313646689,0
2023-07-28 11:01:22,571.3,355422,5,573.39,228367,236618,-0.1747335313646689,0
2023-07-28 11:01:22,571.3,355422,5,573.39,228368,236619,-0.1747335313646689,0
2023-07-28 11:01:22,571.05,355422,3,573.39,233377,241800,-0.21841691420583612,0
2023-07-28 11:01:26,571.05,355426,3,573.39,233255,242112,-0.21841691420583612,0
2023-07-28 11:01:26,571.05,355426,3,573.39,233161,242167,-0.21841691420583612,0
2023-07-28 11:01:26,571.35,355426,9,573.39,233161,242167,-0.16599685479642354,0
2023-07-28 11:01:28,571.35,355476,9,573.39,233109,242062,-0.16599685479642354,0
2023-07-28 11:01:28,571.35,355476,9,573.39,233109,242062,-0.16599685479642354,0
2023-07-28 11:01:28,571.0,355476,9,573.39,233235,241831,-0.2271535907740616,0
2023-07-28 11:01:31,571.0,355496,9,573.39,233275,241831,-0.2271535907740616,0
2023-07-28 11:01:31,571.05,355496,1,573.39,233403,241651,-0.21841691420583612,0
2023-07-28 11:01:33,571.05,355497,1,573.39,234039,242086,-0.21841691420583612,0
2023-07-28 11:01:33,571.05,355497,1,573.39,234039,242173,-0.21841691420583612,0
2023-07-28 11:01:37,571.3,355547,22,573.39,233971,242164,-0.1747335313646689,0
2023-07-28 11:01:37,571.3,355547,22,573.39,234001,242164,-0.1747335313646689,0
2023-07-28 11:01:37,571.3,355547,22,573.39,234001,242157,-0.1747335313646689,0
2023-07-28 11:01:37,571.3,355547,50,573.39,234006,242157,-0.1747335313646689,0
2023-07-28 11:01:48,571.3,355597,50,573.39,234006,242024,-0.1747335313646689,0
2023-07-28 11:01:48,571.3,355597,50,573.39,233996,242024,-0.1747335313646689,0
2023-07-28 11:01:48,571.3,355597,50,573.39,233996,241658,-0.1747335313646689,0
2023-07-28 11:01:48,571.3,355597,50,573.39,233529,241780,-0.1747335313646689,0
2023-07-28 11:01:48,571.0,355597,86,573.39,233529,241780,-0.2271535907740616,0
2023-07-28 11:01:53,571.0,355975,86,573.39,233382,240973,-0.2271535907740616,0
2023-07-28 11:01:53,571.0,355975,86,573.39,233556,240980,-0.2271535907740616,0
2023-07-28 11:01:56,571.3,356025,19,573.39,233509,240943,-0.1747335313646689,0
2023-07-28 11:01:56,571.3,356025,19,573.39,233509,241189,-0.1747335313646689,0
2023-07-28 11:01:56,571.3,356025,19,573.39,233499,241206,-0.1747335313646689,0
2023-07-28 11:01:56,571.3,356025,19,573.39,233865,241183,-0.1747335313646689,0
2023-07-28 11:01:56,571.3,356025,19,573.39,233854,240937,-0.1747335313646689,0
2023-07-28 11:01:56,571.3,356025,19,573.39,233853,240937,-0.1747335313646689,0
2023-07-28 11:01:56,571.3,356025,19,573.39,233832,240937,-0.1747335313646689,0
2023-07-28 11:01:56,571.3,356025,19,573.39,233932,240937,-0.1747335313646689,0
2023-07-28 11:01:56,570.95,356025,10,573.39,233932,240937,-0.2358902673422871,0
2023-07-28 11:02:05,570.95,356044,10,573.39,233796,240937,-0.2358902673422871,0
2023-07-28 11:02:05,570.95,356044,10,573.39,233796,241024,-0.2358902673422871,0
2023-07-28 11:02:05,570.95,356044,6,573.39,233796,241024,-0.2358902673422871,0
2023-07-28 11:02:08,570.95,356085,6,573.39,232751,241222,-0.2358902673422871,0
2023-07-28 11:02:08,570.9,356085,10,573.39,232751,241222,-0.24462694391053247,0
2023-07-28 11:02:08,570.9,356085,8,573.39,232751,241222,-0.24462694391053247,0
2023-07-28 11:02:14,570.9,356115,8,573.39,232662,241224,-0.24462694391053247,0
2023-07-28 11:02:14,570.9,356115,8,573.39,232662,241265,-0.24462694391053247,0
2023-07-28 11:02:14,570.9,356115,8,573.39,232662,241265,-0.24462694391053247,0
2023-07-28 11:02:14,570.9,356115,8,573.39,232662,241265,-0.24462694391053247,0
2023-07-28 11:02:14,570.9,356115,8,573.39,232662,241266,-0.24462694391053247,0
2023-07-28 11:02:14,570.9,356115,8,573.39,232662,241266,-0.24462694391053247,0
2023-07-28 11:02:14,570.9,356115,8,573.39,232662,241266,-0.24462694391053247,0
2023-07-28 11:02:14,570.9,356115,8,573.39,232662,241266,-0.24462694391053247,0
2023-07-28 11:02:14,570.9,356115,8,573.39,232662,241266,-0.24462694391053247,0
2023-07-28 11:02:14,570.9,356115,8,573.39,232662,241266,-0.24462694391053247,0
2023-07-28 11:02:14,570.9,356115,8,573.39,232662,241266,-0.24462694391053247,0
2023-07-28 11:02:14,570.9,356115,6,573.39,232662,241266,-0.24462694391053247,0
2023-07-28 11:02:27,570.9,356124,6,573.39,232657,241162,-0.24462694391053247,0
2023-07-28 11:02:27,570.9,356124,6,573.39,234044,241632,-0.24462694391053247,0
2023-07-28 11:02:27,570.75,356124,5,573.39,234044,241632,-0.27083697361522885,0
2023-07-28 11:02:34,570.75,356174,5,573.39,234341,241660,-0.27083697361522885,0
2023-07-28 11:02:34,570.75,356174,5,573.39,234341,241504,-0.27083697361522885,0
2023-07-28 11:02:34,570.75,356174,5,573.39,234341,241504,-0.27083697361522885,0
2023-07-28 11:02:34,570.75,356174,5,573.39,234841,241504,-0.27083697361522885,0
2023-07-28 11:03:01,570.9,356175,1,573.39,235401,241217,-0.24462694391053247,0
2023-07-28 11:03:05,570.75,356276,89,573.39,235542,241224,-0.27083697361522885,0
2023-07-28 11:03:05,570.75,356276,89,573.39,235972,241176,-0.27083697361522885,0
2023-07-28 11:03:05,570.75,356276,89,573.39,235972,241176,-0.27083697361522885,0
2023-07-28 11:03:05,570.75,356276,89,573.39,235972,241176,-0.27083697361522885,0
2023-07-28 11:03:05,570.75,356276,4,573.39,235972,241176,-0.27083697361522885,0
2023-07-28 11:03:19,570.75,356280,4,573.39,235707,241191,-0.27083697361522885,0
2023-07-28 11:03:19,570.75,356280,4,573.39,235708,241191,-0.27083697361522885,0
2023-07-28 11:03:19,570.75,356280,4,573.39,235708,241191,-0.27083697361522885,0
2023-07-28 11:03:19,570.75,356280,18,573.39,235708,241191,-0.27083697361522885,0
2023-07-28 11:03:32,570.75,356716,18,573.38,230219,243981,-0.27083697361522885,0
2023-07-28 11:03:32,570.5,356716,68,573.38,230219,243981,-0.3145203564563961,0
2023-07-28 11:03:32,570.5,356716,1,573.38,230219,243981,-0.3145203564563961,0
2023-07-28 11:03:32,570.5,356716,20,573.38,230219,243981,-0.3145203564563961,0
2023-07-28 11:03:41,570.5,356843,19,573.38,228589,243133,-0.3145203564563961,0
2023-07-28 11:03:41,570.7,356843,9,573.38,228589,243133,-0.2795736501834543,0
2023-07-28 11:03:45,570.7,356853,9,573.38,228814,242953,-0.2795736501834543,0
2023-07-28 11:03:45,570.5,356853,5,573.38,228814,242953,-0.3145203564563961,0
2023-07-28 11:03:47,570.95,356858,13,573.38,228422,242445,-0.2358902673422871,0
2023-07-28 11:03:50,570.95,357858,13,573.38,229203,241081,-0.2358902673422871,0
2023-07-28 11:03:50,570.95,357858,13,573.38,229100,241051,-0.2358902673422871,0
2023-07-28 11:03:50,570.95,357858,13,573.38,229160,241071,-0.2358902673422871,0
2023-07-28 11:03:50,570.95,357858,13,573.38,229160,241122,-0.2358902673422871,0
2023-07-28 11:03:50,570.95,357858,13,573.38,229160,241122,-0.2358902673422871,0
2023-07-28 11:03:50,570.95,357858,13,573.38,229160,241063,-0.2358902673422871,0
2023-07-28 11:03:50,570.9,357858,1,573.38,229160,241063,-0.24462694391053247,0
2023-07-28 11:04:20,570.95,357864,4,573.38,229476,241007,-0.2358902673422871,0
2023-07-28 11:04:20,570.95,357864,4,573.38,229476,241007,-0.2358902673422871,0
2023-07-28 11:04:20,570.7,357864,63,573.38,229476,241007,-0.2795736501834543,0
2023-07-28 11:04:27,570.7,357964,63,573.37,229451,241021,-0.2795736501834543,0
2023-07-28 11:04:27,570.7,357964,63,573.37,229393,241613,-0.2795736501834543,0
2023-07-28 11:04:27,570.7,357964,63,573.37,229463,242426,-0.2795736501834543,0
2023-07-28 11:04:27,570.6,357964,12,573.37,229463,242426,-0.2970470033199252,0
2023-07-28 11:04:27,570.6,357964,16,573.37,229463,242426,-0.2970470033199252,0
2023-07-28 11:04:41,570.6,358049,16,573.37,228526,244030,-0.2970470033199252,0
2023-07-28 11:04:41,570.5,358049,28,573.37,228526,244030,-0.3145203564563961,0
2023-07-28 11:04:44,570.5,358379,28,573.37,228785,243701,-0.3145203564563961,0
2023-07-28 11:04:44,570.5,358379,28,573.37,228989,241701,-0.3145203564563961,0
2023-07-28 11:04:44,570.5,358379,28,573.37,229074,241911,-0.3145203564563961,0
2023-07-28 11:04:44,570.3,358379,20,573.37,229074,241911,-0.3494670627293378,0
2023-07-28 11:04:57,570.2,358420,1,573.37,228944,242203,-0.3669404158657888,0
2023-07-28 11:04:59,570.2,359715,1,573.36,229724,241867,-0.3669404158657888,0
2023-07-28 11:04:59,570.15,359715,19,573.36,229724,241867,-0.37567709243403413,0
2023-07-28 11:04:59,570.15,359715,19,573.36,229724,241867,-0.37567709243403413,0
2023-07-28 11:05:06,570.15,359753,19,573.36,229740,242167,-0.37567709243403413,0
2023-07-28 11:05:06,570.35,359753,10,573.36,229740,242167,-0.3407303861610924,0
2023-07-28 11:05:07,570.35,359763,10,573.36,233044,241784,-0.3407303861610924,0
2023-07-28 11:05:07,570.35,359763,100,573.36,233044,241784,-0.3407303861610924,0
2023-07-28 11:05:13,570.35,363126,100,573.33,230903,241148,-0.3407303861610924,0
2023-07-28 11:05:13,570.35,363126,4,573.33,230903,241148,-0.3407303861610924,0
2023-07-28 11:05:15,570.35,363130,4,573.33,231177,241566,-0.3407303861610924,0
2023-07-28 11:05:15,570.15,363130,2,573.33,231177,241566,-0.37567709243403413,0
2023-07-28 11:05:15,570.55,363130,20,573.33,231177,241566,-0.30578367988817057,0
2023-07-28 11:05:22,570.55,363612,20,573.33,231372,241089,-0.30578367988817057,0
2023-07-28 11:05:22,570.55,363612,20,573.33,231372,241089,-0.30578367988817057,0
2023-07-28 11:05:22,570.55,363612,20,573.33,231372,241089,-0.30578367988817057,0
2023-07-28 11:05:22,570.55,363612,20,573.33,231372,241089,-0.30578367988817057,0
2023-07-28 11:05:22,570.55,363612,20,573.33,231372,241089,-0.30578367988817057,0
2023-07-28 11:05:22,570.55,363612,20,573.33,231372,241089,-0.30578367988817057,0
2023-07-28 11:05:22,570.55,363612,20,573.33,231372,241089,-0.30578367988817057,0
2023-07-28 11:05:22,570.55,363612,20,573.33,231345,241361,-0.30578367988817057,0
2023-07-28 11:05:22,570.55,363612,20,573.33,231345,241361,-0.30578367988817057,0
2023-07-28 11:05:22,570.55,363612,20,573.33,231345,241361,-0.30578367988817057,0
2023-07-28 11:05:22,570.55,363612,20,573.33,231345,241351,-0.30578367988817057,0
2023-07-28 11:05:22,570.55,363612,20,573.33,231367,241232,-0.30578367988817057,0
2023-07-28 11:05:22,570.55,363612,11,573.33,231367,241232,-0.30578367988817057,0
2023-07-28 11:05:42,570.55,363662,11,573.33,231452,240181,-0.30578367988817057,0
2023-07-28 11:05:42,570.55,363662,11,573.33,231395,241442,-0.30578367988817057,0
2023-07-28 11:05:42,570.55,363662,11,573.33,231581,241539,-0.30578367988817057,0
2023-07-28 11:05:42,570.25,363662,43,573.33,231581,241539,-0.3582037392975633,0
2023-07-28 11:05:53,570.25,363706,43,573.33,231497,241776,-0.3582037392975633,0
2023-07-28 11:06:00,570.25,363708,2,573.33,232120,241227,-0.3582037392975633,0
2023-07-28 11:06:00,570.25,363708,2,573.33,232148,241922,-0.3582037392975633,0
2023-07-28 11:06:00,570.25,363708,50,573.33,232148,241922,-0.3582037392975633,0
2023-07-28 11:06:07,570.25,363758,50,573.33,232097,241871,-0.3582037392975633,0
2023-07-28 11:06:07,570.25,363758,1,573.33,232097,241871,-0.3582037392975633,0
2023-07-28 11:06:10,570.25,363761,1,573.33,231938,241890,-0.3582037392975633,0
2023-07-28 11:06:10,570.25,363761,1,573.33,231963,241936,-0.3582037392975633,0
2023-07-28 11:06:10,570.5,363761,1,573.33,231963,241936,-0.3145203564563961,0
2023-07-28 11:06:10,570.25,363761,2,573.33,231963,241936,-0.3582037392975633,0
2023-07-28 11:06:21,570.5,363764,1,573.33,231949,242541,-0.3145203564563961,0
2023-07-28 11:06:21,570.55,363764,19,573.33,231949,242541,-0.30578367988817057,0
2023-07-28 11:06:21,570.25,363764,41,573.33,231949,242541,-0.3582037392975633,0
2023-07-28 11:06:24,570.25,363876,41,573.33,231815,242412,-0.3582037392975633,0
2023-07-28 11:06:24,570.25,363876,41,573.33,231596,242415,-0.3582037392975633,0
2023-07-28 11:06:24,570.25,363876,41,573.33,231596,239892,-0.3582037392975633,0
2023-07-28 11:06:24,570.25,363876,3,573.33,231596,239892,-0.3582037392975633,0
2023-07-28 11:06:35,570.25,363879,3,573.33,231623,239889,-0.3582037392975633,0
2023-07-28 11:06:35,569.75,363879,109,573.33,231623,239889,-0.44557050497989775,0
2023-07-28 11:06:35,569.9,363879,1,573.33,231623,239889,-0.41936047527520137,0
2023-07-28 11:06:35,570.0,363879,5,573.33,231623,239889,-0.4018871221387305,0
2023-07-28 11:06:40,569.75,372878,1,573.24,226350,242346,-0.44557050497989775,0
2023-07-28 11:06:40,569.5,372878,1,573.24,226350,242346,-0.48925388782106494,0
2023-07-28 11:06:40,569.8,372878,119,573.24,226350,242346,-0.43683382841167223,0
2023-07-28 11:06:40,569.65,372878,1,573.24,226350,242346,-0.4630438581163686,0
2023-07-28 11:06:43,569.65,373387,1,573.23,230263,241282,-0.4630438581163686,0
2023-07-28 11:06:43,569.95,373387,31,573.23,230263,241282,-0.41062379870695603,0
2023-07-28 11:06:43,569.7,373387,1,573.23,230263,241282,-0.4543071815481232,0
2023-07-28 11:06:46,569.7,373577,1,573.23,230374,241405,-0.4543071815481232,0
2023-07-28 11:06:46,570.0,373577,62,573.23,230374,241405,-0.4018871221387305,0
2023-07-28 11:06:46,569.7,373577,20,573.23,230374,241405,-0.4543071815481232,0
2023-07-28 11:06:46,569.7,373577,4,573.23,230374,241405,-0.4543071815481232,0
2023-07-28 11:06:52,569.7,373675,11,573.23,230170,241447,-0.4543071815481232,0
2023-07-28 11:06:52,569.7,373675,11,573.23,230251,241295,-0.4543071815481232,0
2023-07-28 11:06:52,569.8,373675,59,573.23,230251,241295,-0.43683382841167223,0
2023-07-28 11:06:52,569.9,373675,2,573.23,230251,241295,-0.41936047527520137,0
2023-07-28 11:07:01,569.9,373930,2,573.23,230306,235649,-0.41936047527520137,0
2023-07-28 11:07:01,569.65,373930,350,573.23,230306,235649,-0.4630438581163686,0
2023-07-28 11:07:01,569.65,373930,4,573.23,230306,235649,-0.4630438581163686,0
2023-07-28 11:07:01,569.9,373930,1,573.23,230306,235649,-0.41936047527520137,0
2023-07-28 11:07:01,569.65,373930,1,573.23,230306,235649,-0.4630438581163686,0
2023-07-28 11:07:04,569.65,374423,1,573.22,230213,240018,-0.4630438581163686,0
2023-07-28 11:07:04,569.65,374423,1,573.22,230313,240018,-0.4630438581163686,0
2023-07-28 11:07:04,569.65,374423,1,573.22,230325,239984,-0.4630438581163686,0
2023-07-28 11:07:04,569.65,374423,1,573.22,230325,239800,-0.4630438581163686,0
2023-07-28 11:07:10,569.65,374612,5,573.22,229555,242302,-0.4630438581163686,0
2023-07-28 11:07:10,569.65,374612,6,573.22,229555,242302,-0.4630438581163686,0
2023-07-28 11:07:11,569.65,374625,6,573.22,230415,242122,-0.4630438581163686,0
2023-07-28 11:07:11,569.65,374625,5,573.22,230415,242122,-0.4630438581163686,0
2023-07-28 11:07:12,569.65,374722,5,573.22,230554,242501,-0.4630438581163686,0
2023-07-28 11:07:12,569.65,374722,5,573.22,230554,242501,-0.4630438581163686,0
2023-07-28 11:07:12,569.65,374722,5,573.22,230554,242440,-0.4630438581163686,0
2023-07-28 11:07:12,569.65,374722,5,573.22,230516,242573,-0.4630438581163686,0
2023-07-28 11:07:12,569.65,374722,5,573.22,230516,242585,-0.4630438581163686,0
2023-07-28 11:07:12,569.65,374722,5,573.22,230556,242585,-0.4630438581163686,0
2023-07-28 11:07:18,569.75,374723,1,573.22,230561,242589,-0.44557050497989775,0
2023-07-28 11:07:19,569.55,374748,8,573.22,230546,242589,-0.48051721125283947,0
2023-07-28 11:07:19,569.55,374748,8,573.22,230620,242620,-0.48051721125283947,0
2023-07-28 11:07:19,569.55,374748,8,573.22,230786,245087,-0.48051721125283947,0
2023-07-28 11:07:19,569.55,374748,8,573.22,230364,245048,-0.48051721125283947,0
2023-07-28 11:07:19,569.55,374748,8,573.22,230501,243596,-0.48051721125283947,0
2023-07-28 11:07:25,569.7,374990,29,573.22,229798,241574,-0.4543071815481232,0
2023-07-28 11:07:25,569.75,374990,1,573.22,229798,241574,-0.44557050497989775,0
2023-07-28 11:07:26,569.75,374991,1,573.22,231186,242418,-0.44557050497989775,0
2023-07-28 11:07:26,569.75,374991,1,573.22,229263,242936,-0.44557050497989775,0
2023-07-28 11:07:26,569.75,374991,1,573.22,229200,242936,-0.44557050497989775,0
2023-07-28 11:07:31,569.65,375130,20,573.22,227696,244451,-0.4630438581163686,0
2023-07-28 11:07:31,569.65,375130,20,573.22,228414,244237,-0.4630438581163686,0
2023-07-28 11:07:31,569.65,375130,20,573.22,228133,244290,-0.4630438581163686,0
2023-07-28 11:07:31,569.65,375130,20,573.22,228212,244137,-0.4630438581163686,0
2023-07-28 11:07:31,569.65,375130,20,573.22,228267,243814,-0.4630438581163686,0
2023-07-28 11:07:31,569.75,375130,120,573.22,228278,243814,-0.44557050497989775,0
2023-07-28 11:07:37,569.75,376495,120,573.2,228781,242932,-0.44557050497989775,0
2023-07-28 11:07:37,569.75,376495,120,573.2,228579,242959,-0.44557050497989775,0
2023-07-28 11:07:37,569.75,376495,120,573.2,228598,242884,-0.44557050497989775,0
2023-07-28 11:07:37,569.75,376495,120,573.2,228622,243190,-0.44557050497989775,0
2023-07-28 11:07:37,569.75,376495,120,573.2,228590,242952,-0.44557050497989775,0
2023-07-28 11:07:37,569.75,376495,120,573.2,228588,242993,-0.44557050497989775,0
2023-07-28 11:07:37,569.75,376495,120,573.2,228588,242983,-0.44557050497989775,0
2023-07-28 11:07:37,569.75,376495,120,573.2,228588,243088,-0.44557050497989775,0
2023-07-28 11:07:37,569.75,376495,120,573.2,228588,243090,-0.44557050497989775,0
2023-07-28 11:07:37,569.75,376495,120,573.2,228546,243325,-0.44557050497989775,0
2023-07-28 11:07:49,569.6,376536,41,573.2,228632,243648,-0.4717805346845941,0
2023-07-28 11:07:49,569.6,376536,41,573.2,228632,243626,-0.4717805346845941,0
2023-07-28 11:07:49,569.6,376536,1,573.2,228632,243626,-0.4717805346845941,0
2023-07-28 11:07:53,569.6,376537,1,573.2,228545,243626,-0.4717805346845941,0
2023-07-28 11:07:53,569.6,376537,1,573.2,228545,243627,-0.4717805346845941,0
2023-07-28 11:07:53,569.6,376537,1,573.2,228632,243562,-0.4717805346845941,0
2023-07-28 11:07:53,569.6,376537,1,573.2,228737,243541,-0.4717805346845941,0
2023-07-28 11:07:53,569.6,376537,1,573.2,228737,243541,-0.4717805346845941,0
2023-07-28 11:07:53,569.6,376537,1,573.2,228737,243542,-0.4717805346845941,0
2023-07-28 11:08:00,569.6,376571,12,573.2,228767,243542,-0.4717805346845941,0
2023-07-28 11:08:00,569.6,376571,12,573.2,228804,243562,-0.4717805346845941,0
2023-07-28 11:08:00,569.6,376571,12,573.2,228869,243562,-0.4717805346845941,0
2023-07-28 11:08:00,569.6,376571,12,573.2,228837,243562,-0.4717805346845941,0
2023-07-28 11:08:00,569.6,376571,12,573.2,228899,243783,-0.4717805346845941,0
2023-07-28 11:08:00,569.6,376571,100,573.2,228899,243783,-0.4717805346845941,0
2023-07-28 11:08:00,569.6,376571,64,573.2,228899,243783,-0.4717805346845941,0
2023-07-28 11:08:16,569.6,377119,64,573.2,229985,244931,-0.4717805346845941,0
2023-07-28 11:08:16,569.55,377119,36,573.2,229985,244931,-0.48051721125283947,0
2023-07-28 11:08:16,569.6,377119,10,573.2,229985,244931,-0.4717805346845941,0
2023-07-28 11:08:20,569.6,377201,10,573.2,229815,245287,-0.4717805346845941,0
2023-07-28 11:08:20,569.75,377201,5,573.2,229815,245287,-0.44557050497989775,0
2023-07-28 11:08:20,569.75,377201,5,573.2,229815,245287,-0.44557050497989775,0
2023-07-28 11:08:20,569.75,377201,5,573.2,229815,245287,-0.44557050497989775,0
2023-07-28 11:08:22,569.75,377206,5,573.2,229861,244230,-0.44557050497989775,0
2023-07-28 11:08:22,569.75,377206,5,573.2,229861,244230,-0.44557050497989775,0
2023-07-28 11:08:22,569.75,377206,5,573.2,229861,244230,-0.44557050497989775,0
2023-07-28 11:08:22,569.75,377206,5,573.2,229861,244230,-0.44557050497989775,0
2023-07-28 11:08:22,569.75,377206,5,573.2,229861,244230,-0.44557050497989775,0
2023-07-28 11:08:22,569.75,377206,5,573.2,229861,244230,-0.44557050497989775,0
2023-07-28 11:08:22,569.75,377206,5,573.2,229793,244430,-0.44557050497989775,0
2023-07-28 11:08:22,569.75,377206,24,573.2,230586,244422,-0.44557050497989775,0
2023-07-28 11:08:33,569.75,377233,24,573.2,230182,245418,-0.44557050497989775,0
2023-07-28 11:08:33,569.6,377233,38,573.2,230182,245418,-0.4717805346845941,0
2023-07-28 11:08:41,569.6,378132,38,573.19,229387,245541,-0.4717805346845941,0
2023-07-28 11:08:41,569.55,378132,33,573.19,229387,245541,-0.48051721125283947,0
2023-07-28 11:08:47,569.55,378232,33,573.19,229312,245056,-0.48051721125283947,0
2023-07-28 11:08:47,569.55,378232,33,573.19,229483,246217,-0.48051721125283947,0
2023-07-28 11:08:47,569.5,378232,4,573.19,229483,246217,-0.48925388782106494,0
2023-07-28 11:08:57,569.5,378240,4,573.19,229532,246487,-0.48925388782106494,0
2023-07-28 11:08:57,569.6,378240,59,573.19,229532,246487,-0.4717805346845941,0
2023-07-28 11:08:57,569.6,378299,59,573.19,229638,246109,-0.4717805346845941,0
2023-07-28 11:08:57,569.5,378299,1,573.19,229638,246109,-0.48925388782106494,0
2023-07-28 11:08:57,569.45,378299,10,573.19,229638,246109,-0.49799056438929046,0
2023-07-28 11:09:03,569.5,378310,10,573.19,229629,246386,-0.48925388782106494,0
2023-07-28 11:09:05,569.5,378320,10,573.19,229636,246023,-0.48925388782106494,0
2023-07-28 11:09:05,569.5,378320,10,573.19,229713,249023,-0.48925388782106494,0
2023-07-28 11:09:05,569.5,378320,10,573.19,229713,249023,-0.48925388782106494,0
2023-07-28 11:09:05,569.5,378320,10,573.19,229757,249021,-0.48925388782106494,0
2023-07-28 11:09:11,569.3,378323,3,573.19,230003,249191,-0.5242005940940067,0
2023-07-28 11:09:11,569.3,378323,3,573.19,229939,249191,-0.5242005940940067,0
2023-07-28 11:09:11,569.3,378323,3,573.19,229939,249191,-0.5242005940940067,0
2023-07-28 11:09:14,569.3,378325,2,573.19,229880,249191,-0.5242005940940067,0
2023-07-28 11:09:14,569.3,378325,2,573.19,229944,249191,-0.5242005940940067,0
2023-07-28 11:09:14,569.3,378325,2,573.19,230000,249219,-0.5242005940940067,0
2023-07-28 11:09:14,569.3,378325,2,573.19,230212,249187,-0.5242005940940067,0
2023-07-28 11:09:16,569.3,378340,15,573.19,230197,249174,-0.5242005940940067,0
2023-07-28 11:09:18,569.15,378858,26,573.18,214406,250275,-0.5504106237987031,0
2023-07-28 11:09:18,569.15,378858,26,573.18,214198,248154,-0.5504106237987031,0
2023-07-28 11:09:18,569.1,378858,20,573.18,214198,248154,-0.5591473003669285,0
2023-07-28 11:09:20,569.1,378878,20,573.18,217650,247607,-0.5591473003669285,0
2023-07-28 11:09:20,569.1,378878,15,573.18,217650,247607,-0.5591473003669285,0
2023-07-28 11:09:21,569.1,378893,15,573.18,217468,247894,-0.5591473003669285,0
2023-07-28 11:09:21,569.1,378893,15,573.18,217550,247352,-0.5591473003669285,0
2023-07-28 11:09:21,569.35,378893,20,573.18,217550,247352,-0.5154639175257614,0
2023-07-28 11:09:23,569.35,379193,20,573.18,217680,247553,-0.5154639175257614,0
2023-07-28 11:09:23,569.25,379193,30,573.18,217246,247945,-0.5329372706622322,0
2023-07-28 11:09:24,569.25,379850,30,573.17,216569,246163,-0.5329372706622322,0
2023-07-28 11:09:24,569.25,379850,30,573.17,217126,245925,-0.5329372706622322,0
2023-07-28 11:09:24,569.25,379850,30,573.17,217545,245776,-0.5329372706622322,0
2023-07-28 11:09:24,569.25,379850,30,573.17,217627,245776,-0.5329372706622322,0
2023-07-28 11:09:24,569.25,379850,30,573.17,217627,245776,-0.5329372706622322,0
2023-07-28 11:09:24,569.25,379850,30,573.17,217301,247823,-0.5329372706622322,0
2023-07-28 11:09:24,569.25,379850,30,573.17,217706,247654,-0.5329372706622322,0
2023-07-28 11:09:24,569.45,379850,10,573.17,217706,247654,-0.49799056438929046,0
2023-07-28 11:09:32,569.45,379860,10,573.17,218033,247729,-0.49799056438929046,0
2023-07-28 11:09:32,569.45,379860,10,573.17,217914,247959,-0.49799056438929046,0
2023-07-28 11:09:32,569.45,379860,10,573.17,217796,247993,-0.49799056438929046,0
2023-07-28 11:09:32,569.45,379860,10,573.17,217796,247993,-0.49799056438929046,0
2023-07-28 11:09:39,569.15,379863,3,573.17,217886,247993,-0.5504106237987031,0
2023-07-28 11:09:39,569.15,379863,3,573.17,217886,247993,-0.5504106237987031,0
2023-07-28 11:09:39,569.1,379863,23,573.17,217886,247993,-0.5591473003669285,0
2023-07-28 11:09:44,569.1,379903,23,573.17,217530,248392,-0.5591473003669285,0
2023-07-28 11:09:45,569.05,379985,18,573.17,217616,247985,-0.5678839769351739,0
2023-07-28 11:09:45,569.05,379985,18,573.17,216646,247645,-0.5678839769351739,0
2023-07-28 11:09:46,569.0,379987,2,573.17,216780,249182,-0.5766206535033994,0
2023-07-28 11:09:48,569.0,380028,41,573.17,216905,248998,-0.5766206535033994,0
2023-07-28 11:09:48,569.0,380028,41,573.17,216905,247211,-0.5766206535033994,0
2023-07-28 11:09:48,569.0,380028,41,573.17,216905,248711,-0.5766206535033994,0
2023-07-28 11:09:48,569.0,380028,41,573.17,216905,248711,-0.5766206535033994,0
2023-07-28 11:09:53,569.15,380328,300,573.17,216992,248781,-0.5504106237987031,0
2023-07-28 11:09:53,569.15,380328,300,573.17,217111,248707,-0.5504106237987031,0
2023-07-28 11:09:55,569.4,384301,36,573.12,219919,239980,-0.5067272409575359,0
2023-07-28 11:09:55,569.4,384301,36,573.12,219053,240508,-0.5067272409575359,0
2023-07-28 11:09:57,569.5,384303,2,573.12,219753,240099,-0.48925388782106494,0
2023-07-28 11:09:58,569.45,384758,6,573.12,219069,239215,-0.49799056438929046,0
2023-07-28 11:09:58,569.45,384758,6,573.12,221004,239088,-0.49799056438929046,0
2023-07-28 11:10:00,569.75,384952,1,573.12,221007,238828,-0.44557050497989775,0
2023-07-28 11:10:01,569.45,385661,109,573.11,218086,241086,-0.49799056438929046,0
2023-07-28 11:10:01,569.45,385980,19,573.11,218779,242327,-0.49799056438929046,0
2023-07-28 11:10:01,569.45,385980,19,573.11,219101,242571,-0.49799056438929046,0
2023-07-28 11:10:01,569.6,385980,1,573.11,219101,242571,-0.4717805346845941,0
2023-07-28 11:10:03,569.6,385982,1,573.11,219402,241154,-0.4717805346845941,0
2023-07-28 11:10:03,569.6,385982,1,573.11,219402,242659,-0.4717805346845941,0
2023-07-28 11:10:03,569.6,385982,1,573.11,219402,242679,-0.4717805346845941,0
2023-07-28 11:10:03,569.6,385982,1,573.11,219402,241405,-0.4717805346845941,0
2023-07-28 11:10:03,569.6,385982,1,573.11,219408,243011,-0.4717805346845941,0
2023-07-28 11:10:03,569.6,385982,1,573.11,219313,243133,-0.4717805346845941,0
2023-07-28 11:10:03,569.6,385982,1,573.11,219746,242840,-0.4717805346845941,0
2023-07-28 11:10:03,569.4,385982,3,573.11,219746,242840,-0.5067272409575359,0
2023-07-28 11:10:11,569.4,385985,3,573.11,219662,243218,-0.5067272409575359,0
2023-07-28 11:10:11,569.4,385985,3,573.11,219547,241607,-0.5067272409575359,0
2023-07-28 11:10:11,569.4,385985,3,573.11,219572,243163,-0.5067272409575359,0
2023-07-28 11:10:11,569.4,385985,3,573.11,219572,243222,-0.5067272409575359,0
2023-07-28 11:10:11,569.4,385985,3,573.11,219697,243543,-0.5067272409575359,0
2023-07-28 11:10:11,569.4,385985,3,573.11,219343,243407,-0.5067272409575359,0
2023-07-28 11:10:11,569.4,385985,36,573.11,219343,243407,-0.5067272409575359,0
2023-07-28 11:10:19,569.4,386474,34,573.1,219066,243223,-0.5067272409575359,0
2023-07-28 11:10:19,569.4,386474,34,573.1,219066,243223,-0.5067272409575359,0
2023-07-28 11:10:20,569.4,386757,283,573.1,217922,242686,-0.5067272409575359,0
2023-07-28 11:10:20,569.3,386772,15,573.1,217806,243778,-0.5242005940940067,0
2023-07-28 11:10:20,569.3,386772,15,573.1,217815,243526,-0.5242005940940067,0
2023-07-28 11:10:20,569.3,386772,15,573.1,217492,243875,-0.5242005940940067,0
2023-07-28 11:10:20,569.3,386772,60,573.1,217492,243875,-0.5242005940940067,0
2023-07-28 11:10:24,569.3,386892,15,573.1,217496,242024,-0.5242005940940067,0
2023-07-28 11:10:24,569.3,386892,15,573.1,217969,241963,-0.5242005940940067,0
2023-07-28 11:10:24,569.3,386892,15,573.1,218218,242164,-0.5242005940940067,0
2023-07-28 11:10:24,569.3,386892,15,573.1,218351,241653,-0.5242005940940067,0
2023-07-28 11:10:24,569.3,386892,15,573.1,218351,241550,-0.5242005940940067,0
2023-07-28 11:10:24,569.3,386892,15,573.1,218351,241552,-0.5242005940940067,0
2023-07-28 11:10:24,569.35,386892,17,573.1,218351,241552,-0.5154639175257614,0
2023-07-28 11:10:32,569.35,386992,17,573.1,219062,242700,-0.5154639175257614,0
2023-07-28 11:10:32,569.35,386992,17,573.1,218335,242014,-0.5154639175257614,0
2023-07-28 11:10:32,569.35,386992,17,573.1,218335,242103,-0.5154639175257614,0
2023-07-28 11:10:32,569.35,386992,17,573.1,218335,242113,-0.5154639175257614,0
2023-07-28 11:10:32,569.35,386992,17,573.1,218345,242103,-0.5154639175257614,0
2023-07-28 11:10:37,569.3,386996,4,573.1,217118,244114,-0.5242005940940067,0
2023-07-28 11:10:37,569.25,386996,10,573.1,217118,244114,-0.5329372706622322,0
2023-07-28 11:10:38,569.65,387206,308,573.1,218548,242160,-0.4630438581163686,0
2023-07-28 11:10:39,569.65,387601,308,573.09,218319,242393,-0.4630438581163686,0
2023-07-28 11:10:39,569.65,387601,308,573.09,218414,242671,-0.4630438581163686,0
2023-07-28 11:10:39,569.65,387601,308,573.09,219057,244229,-0.4630438581163686,0
2023-07-28 11:10:39,569.65,387601,308,573.09,219050,242566,-0.4630438581163686,0
2023-07-28 11:10:39,569.65,387601,308,573.09,221159,243811,-0.4630438581163686,0
2023-07-28 11:10:39,569.65,387601,308,573.09,220719,244255,-0.4630438581163686,0
2023-07-28 11:10:39,569.65,387601,308,573.09,220500,244540,-0.4630438581163686,0
2023-07-28 11:10:39,569.65,387601,308,573.09,220500,244374,-0.4630438581163686,0
2023-07-28 11:10:39,569.65,387601,308,573.09,220914,244336,-0.4630438581163686,0
2023-07-28 11:10:39,569.65,387601,308,573.09,220736,244345,-0.4630438581163686,0
2023-07-28 11:10:39,569.65,387601,308,573.09,220758,244364,-0.4630438581163686,0
2023-07-28 11:10:39,569.65,387601,308,573.09,220863,242849,-0.4630438581163686,0
2023-07-28 11:10:39,569.65,387601,308,573.09,220863,242862,-0.4630438581163686,0
2023-07-28 11:10:52,569.4,387646,25,573.09,220953,245036,-0.5067272409575359,0
2023-07-28 11:10:52,569.4,387646,25,573.09,221270,244954,-0.5067272409575359,0
2023-07-28 11:10:52,569.4,387646,25,573.09,221250,245043,-0.5067272409575359,0
2023-07-28 11:10:52,569.4,387646,25,573.09,221199,244819,-0.5067272409575359,0
2023-07-28 11:10:52,569.4,387646,25,573.09,221199,245002,-0.5067272409575359,0
2023-07-28 11:10:52,569.4,387646,25,573.09,221203,245002,-0.5067272409575359,0
2023-07-28 11:10:52,569.4,387646,25,573.09,221403,245002,-0.5067272409575359,0
2023-07-28 11:10:52,569.4,387646,25,573.09,221403,245002,-0.5067272409575359,0
2023-07-28 11:10:52,569.4,387646,25,573.09,220315,244522,-0.5067272409575359,0
2023-07-28 11:11:06,569.25,387656,3,573.09,220151,244556,-0.5329372706622322,0
2023-07-28 11:11:06,569.25,387656,3,573.09,220151,244556,-0.5329372706622322,0
2023-07-28 11:11:06,569.25,387656,3,573.09,220146,243143,-0.5329372706622322,0
2023-07-28 11:11:06,569.25,387656,3,573.09,220146,244531,-0.5329372706622322,0
2023-07-28 11:11:06,569.25,387656,3,573.09,220146,244531,-0.5329372706622322,0
2023-07-28 11:11:14,569.4,387661,5,573.09,220078,244867,-0.5067272409575359,0
2023-07-28 11:11:14,569.2,387661,5,573.09,220078,244867,-0.5416739472304577,0
2023-07-28 11:11:15,569.2,387666,5,573.09,220278,244463,-0.5416739472304577,0
2023-07-28 11:11:17,569.2,387677,10,573.09,221156,243968,-0.5416739472304577,0
2023-07-28 11:11:18,569.2,387678,1,573.09,221312,243891,-0.5416739472304577,0
2023-07-28 11:11:18,569.2,387678,1,573.09,221312,243861,-0.5416739472304577,0
2023-07-28 11:11:18,569.2,387678,1,573.09,221312,243861,-0.5416739472304577,0
2023-07-28 11:11:18,569.2,387678,1,573.09,221563,243861,-0.5416739472304577,0
2023-07-28 11:11:18,569.2,387678,1,573.09,221563,243861,-0.5416739472304577,0
2023-07-28 11:11:18,569.2,387678,1,573.09,220169,243413,-0.5416739472304577,0
2023-07-28 11:11:18,569.05,387678,2,573.09,220169,243413,-0.5678839769351739,0
2023-07-28 11:11:18,569.05,387678,2,573.09,220169,243413,-0.5678839769351739,0
2023-07-28 11:11:24,569.05,387680,2,573.09,220170,243413,-0.5678839769351739,0
2023-07-28 11:11:24,569.05,387680,2,573.09,220170,243532,-0.5678839769351739,0
2023-07-28 11:11:24,569.05,387680,2,573.09,220170,243532,-0.5678839769351739,0
2023-07-28 11:11:27,569.05,387684,2,573.09,220021,243614,-0.5678839769351739,0
2023-07-28 11:11:27,569.05,387688,2,573.09,220520,242632,-0.5678839769351739,0
2023-07-28 11:11:27,569.05,387688,2,573.09,220520,242632,-0.5678839769351739,0
2023-07-28 11:11:29,569.15,387690,1,573.09,220010,242444,-0.5504106237987031,0
2023-07-28 11:11:29,569.15,387690,1,573.09,220681,241483,-0.5504106237987031,0
2023-07-28 11:11:29,569.15,387690,1,573.09,220800,241483,-0.5504106237987031,0
2023-07-28 11:11:29,569.15,387690,1,573.09,220721,241317,-0.5504106237987031,0
2023-07-28 11:11:29,569.15,387690,1,573.09,220721,241404,-0.5504106237987031,0
2023-07-28 11:11:29,569.15,387690,1,573.09,220751,241404,-0.5504106237987031,0
2023-07-28 11:11:29,569.15,387690,1,573.09,220751,241497,-0.5504106237987031,0
2023-07-28 11:11:41,569.05,387716,1,573.09,220386,241530,-0.5678839769351739,0
2023-07-28 11:11:41,569.05,387718,1,573.09,219956,243421,-0.5678839769351739,0
2023-07-28 11:11:41,569.05,387718,1,573.09,219956,243446,-0.5678839769351739,0
2023-07-28 11:11:41,569.0,387718,1,573.09,219956,243431,-0.5766206535033994,0
2023-07-28 11:11:44,569.0,387722,1,573.09,220139,241736,-0.5766206535033994,0
2023-07-28 11:11:44,569.0,387722,1,573.09,220139,241750,-0.5766206535033994,0
2023-07-28 11:11:44,569.0,387722,1,573.09,220264,241750,-0.5766206535033994,0
2023-07-28 11:11:44,569.0,387722,2,573.09,220264,241750,-0.5766206535033994,0
2023-07-28 11:11:49,569.0,387724,2,573.09,220362,242020,-0.5766206535033994,0
2023-07-28 11:11:49,569.0,387724,2,573.09,220352,243553,-0.5766206535033994,0
2023-07-28 11:11:49,569.0,387724,2,573.09,220201,243629,-0.5766206535033994,0
2023-07-28 11:11:49,569.0,387724,2,573.09,220201,243629,-0.5766206535033994,0
2023-07-28 11:11:49,569.0,387724,2,573.09,220201,243629,-0.5766206535033994,0
2023-07-28 11:11:49,569.0,387724,1,573.09,220201,243629,-0.5766206535033994,0
2023-07-28 11:11:55,569.0,387726,1,573.09,220164,243737,-0.5766206535033994,0
2023-07-28 11:11:55,569.0,387726,1,573.09,219414,243321,-0.5766206535033994,0
2023-07-28 11:11:55,569.0,387726,1,573.09,220029,243316,-0.5766206535033994,0
2023-07-28 11:11:58,569.0,387746,5,573.09,219872,243206,-0.5766206535033994,0
2023-07-28 11:11:58,569.0,387746,3,573.09,219872,243206,-0.5766206535033994,0
2023-07-28 11:12:00,569.0,387749,3,573.09,220123,243039,-0.5766206535033994,0
2023-07-28 11:12:00,569.0,387749,3,573.09,220244,242764,-0.5766206535033994,0
2023-07-28 11:12:04,569.0,387751,2,573.09,220242,242996,-0.5766206535033994,0
2023-07-28 11:12:04,569.0,387751,2,573.09,219948,242675,-0.5766206535033994,0
2023-07-28 11:12:04,569.0,387751,2,573.09,219898,243089,-0.5766206535033994,0
2023-07-28 11:12:04,568.85,387751,10,573.09,219898,243089,-0.6028306832080957,0
2023-07-28 11:12:11,568.85,388092,35,573.09,218765,245349,-0.6028306832080957,0
2023-07-28 11:12:11,569.05,388092,1,573.09,218765,245349,-0.5678839769351739,0
2023-07-28 11:12:16,569.05,388093,1,573.09,219230,243975,-0.5678839769351739,0
2023-07-28 11:12:16,569.05,388093,1,573.09,219592,243851,-0.5678839769351739,0
2023-07-28 11:12:16,568.7,388093,13,573.09,219592,243851,-0.6290407129127922,0
2023-07-28 11:12:16,568.65,388093,84,573.09,219592,243851,-0.6377773894810375,0
2023-07-28 11:12:25,568.85,388313,2,573.09,218070,243106,-0.6028306832080957,0
2023-07-28 11:12:25,568.6,388313,2,573.09,218070,243106,-0.646514066049263,0
2023-07-28 11:12:25,568.85,388313,2,573.09,218070,243106,-0.6028306832080957,0
2023-07-28 11:12:28,568.85,388323,2,573.09,218336,242870,-0.6028306832080957,0
2023-07-28 11:12:28,568.95,388323,1,573.09,218336,242870,-0.5853573300716249,0
2023-07-28 11:12:32,568.95,388324,1,573.09,218572,242887,-0.5853573300716249,0
2023-07-28 11:12:32,568.6,388324,36,573.09,218572,242887,-0.646514066049263,0
2023-07-28 11:12:38,568.85,388366,1,573.09,217497,243107,-0.6028306832080957,0
2023-07-28 11:12:38,568.55,388366,3,573.09,217497,243107,-0.6552507426175084,0
2023-07-28 11:12:38,568.85,388366,5,573.09,217497,243107,-0.6028306832080957,0
2023-07-28 11:12:42,568.85,388377,5,573.09,217612,244964,-0.6028306832080957,0
2023-07-28 11:12:42,568.85,388377,2,573.09,217612,244964,-0.6028306832080957,0
2023-07-28 11:12:42,568.85,388377,2,573.09,217612,244964,-0.6028306832080957,0
2023-07-28 11:12:46,568.85,388381,2,573.09,217608,244662,-0.6028306832080957,0
2023-07-28 11:12:46,568.85,388381,1,573.09,217608,244662,-0.6028306832080957,0
2023-07-28 11:12:46,568.55,388381,2,573.09,217608,244662,-0.6552507426175084,0
2023-07-28 11:12:52,568.85,388385,1,573.09,217627,244649,-0.6028306832080957,0
2023-07-28 11:12:52,569.15,388385,29,573.09,217627,244649,-0.5504106237987031,0
2023-07-28 11:12:52,569.0,388385,9,573.09,217627,244649,-0.5766206535033994,0
2023-07-28 11:12:55,569.0,388882,9,573.08,221541,240928,-0.5766206535033994,0
2023-07-28 11:12:55,569.0,388882,1,573.08,221541,240928,-0.5766206535033994,0
2023-07-28 11:13:00,568.85,388891,5,573.08,221046,240971,-0.6028306832080957,0
2023-07-28 11:13:00,569.05,388891,1,573.08,221046,240971,-0.5678839769351739,0
2023-07-28 11:13:04,569.2,389077,6,573.08,222113,240619,-0.5416739472304577,0
2023-07-28 11:13:06,569.0,389089,12,573.08,221859,241733,-0.5766206535033994,0
2023-07-28 11:13:06,569.0,389089,1,573.08,221859,241733,-0.5766206535033994,0
2023-07-28 11:13:07,569.0,389090,1,573.08,221545,242004,-0.5766206535033994,0
2023-07-28 11:13:07,569.0,389090,1,573.08,221545,242004,-0.5766206535033994,0
2023-07-28 11:13:10,569.0,389213,1,573.08,220902,242694,-0.5766206535033994,0
2023-07-28 11:13:10,569.0,389213,1,573.08,220902,242694,-0.5766206535033994,0
2023-07-28 11:13:11,569.0,389250,37,573.08,221322,241822,-0.5766206535033994,0
2023-07-28 11:13:11,569.0,389250,37,573.08,221855,242473,-0.5766206535033994,0
2023-07-28 11:13:11,569.0,389250,37,573.08,221947,241843,-0.5766206535033994,0
2023-07-28 11:13:11,568.9,389250,5,573.08,221947,241843,-0.5940940066398702,0
2023-07-28 11:13:14,568.9,389255,5,573.08,221782,242124,-0.5940940066398702,0
2023-07-28 11:13:14,568.9,389255,5,573.08,221428,242608,-0.5940940066398702,0
2023-07-28 11:13:18,569.15,389256,1,573.08,221840,242175,-0.5504106237987031,0
2023-07-28 11:13:18,569.15,389256,1,573.08,221824,242175,-0.5504106237987031,0
2023-07-28 11:13:18,569.2,389256,1,573.08,221890,242169,-0.5416739472304577,0
2023-07-28 11:13:20,569.2,389258,1,573.08,221721,242163,-0.5416739472304577,0
2023-07-28 11:13:20,569.2,389258,1,573.08,221552,242163,-0.5416739472304577,0
2023-07-28 11:13:20,569.2,389258,1,573.08,221552,242163,-0.5416739472304577,0
2023-07-28 11:13:21,569.2,389259,1,573.08,221312,242123,-0.5416739472304577,0
2023-07-28 11:13:21,569.1,389259,1,573.08,221324,242123,-0.5591473003669285,0
2023-07-28 11:13:24,569.1,389260,1,573.08,221489,241900,-0.5591473003669285,0
2023-07-28 11:13:24,569.1,389260,1,573.08,221489,241900,-0.5591473003669285,0
2023-07-28 11:13:25,569.1,389261,1,573.08,221552,241711,-0.5591473003669285,0
2023-07-28 11:13:27,569.2,389276,1,573.08,222058,241598,-0.5416739472304577,0
2023-07-28 11:13:27,569.2,389276,1,573.08,222057,241534,-0.5416739472304577,0
2023-07-28 11:13:27,569.2,389276,1,573.08,222178,241253,-0.5416739472304577,0
2023-07-28 11:13:27,569.2,389276,53,573.08,222178,241253,-0.5416739472304577,0
2023-07-28 11:13:28,569.2,389334,53,573.08,222331,240984,-0.5416739472304577,0
2023-07-28 11:13:28,569.2,389334,53,573.08,222508,240998,-0.5416739472304577,0
2023-07-28 11:13:28,569.25,389334,4,573.08,222508,240998,-0.5329372706622322,0
2023-07-28 11:13:31,569.25,389340,4,573.07,222947,241101,-0.5329372706622322,0
2023-07-28 11:13:31,569.25,389340,4,573.07,222693,242690,-0.5329372706622322,0
2023-07-28 11:13:31,569.3,389340,2,573.07,222693,242690,-0.5242005940940067,0
2023-07-28 11:13:33,569.0,389362,9,573.07,222088,242622,-0.5766206535033994,0
2023-07-28 11:13:34,569.3,389365,1,573.07,222259,242632,-0.5242005940940067,0
2023-07-28 11:13:34,569.3,389365,1,573.07,222505,242626,-0.5242005940940067,0
2023-07-28 11:13:34,569.3,389365,1,573.07,222485,242628,-0.5242005940940067,0
2023-07-28 11:13:34,569.3,389365,1,573.07,222485,242628,-0.5242005940940067,0
2023-07-28 11:13:40,569.3,389367,1,573.07,222414,242903,-0.5242005940940067,0
2023-07-28 11:13:40,569.3,389367,1,573.07,222337,242903,-0.5242005940940067,0
2023-07-28 11:13:40,569.3,389367,1,573.07,222317,242903,-0.5242005940940067,0
2023-07-28 11:13:40,569.35,389367,1,573.07,222317,242903,-0.5154639175257614,0
2023-07-28 11:13:43,568.9,390947,47,573.06,221291,241222,-0.5940940066398702,0
2023-07-28 11:13:43,568.9,390947,47,573.06,221533,241888,-0.5940940066398702,0
2023-07-28 11:13:43,568.9,390947,47,573.06,221724,241772,-0.5940940066398702,0
2023-07-28 11:13:43,569.15,390947,1,573.06,221724,241772,-0.5504106237987031,0
2023-07-28 11:13:46,569.15,390948,5,573.06,221789,241608,-0.5504106237987031,0
2023-07-28 11:13:47,569.15,390953,5,573.06,221775,241642,-0.5504106237987031,0
2023-07-28 11:13:47,569.15,390953,5,573.06,221594,241399,-0.5504106237987031,0
2023-07-28 11:13:47,569.15,390953,1,573.06,221594,241399,-0.5504106237987031,0
2023-07-28 11:13:50,569.15,390954,1,573.06,221594,241348,-0.5504106237987031,0
2023-07-28 11:13:51,569.0,390962,6,573.06,222437,241326,-0.5766206535033994,0
2023-07-28 11:13:53,569.2,390963,1,573.06,222668,241366,-0.5416739472304577,0
2023-07-28 11:13:53,569.2,390963,1,573.06,222438,241333,-0.5416739472304577,0
2023-07-28 11:13:53,569.2,390963,1,573.06,222429,241333,-0.5416739472304577,0
2023-07-28 11:13:53,569.2,390963,1,573.06,222425,241420,-0.5416739472304577,0
2023-07-28 11:13:57,569.2,390964,1,573.06,222406,241343,-0.5416739472304577,0
2023-07-28 11:13:57,569.2,390964,2,573.06,221277,241886,-0.5416739472304577,0
2023-07-28 11:13:59,569.2,390966,2,573.06,221477,241966,-0.5416739472304577,0
2023-07-28 11:13:59,569.0,390966,3,573.06,221477,241966,-0.5766206535033994,0
2023-07-28 11:14:01,569.0,390969,3,573.06,220641,242016,-0.5766206535033994,0
2023-07-28 11:14:01,569.0,390969,3,573.06,220627,242016,-0.5766206535033994,0
2023-07-28 11:14:04,569.0,390973,3,573.06,220624,242016,-0.5766206535033994,0
2023-07-28 11:14:04,569.2,390973,1,573.06,220624,242016,-0.5416739472304577,0
2023-07-28 11:14:04,569.2,390974,1,573.06,220636,241965,-0.5416739472304577,0
2023-07-28 11:14:05,569.3,391305,33,573.05,223368,239508,-0.5242005940940067,0
2023-07-28 11:14:05,569.3,391305,33,573.05,223020,240926,-0.5242005940940067,0
2023-07-28 11:14:05,568.8,391305,76,573.05,223020,240926,-0.6115673597763411,0
2023-07-28 11:14:08,568.8,392360,11,573.04,219809,241627,-0.6115673597763411,0
2023-07-28 11:14:08,568.8,392360,11,573.04,221906,243694,-0.6115673597763411,0
2023-07-28 11:14:08,568.8,392360,1,573.04,221906,243694,-0.6115673597763411,0
2023-07-28 11:14:08,568.8,392360,2,573.04,221906,243694,-0.6115673597763411,0
2023-07-28 11:14:10,568.55,392363,1,573.04,221726,243618,-0.6552507426175084,0
2023-07-28 11:14:11,568.55,392366,1,573.04,221743,243947,-0.6552507426175084,0
2023-07-28 11:14:11,568.55,392386,20,573.04,222224,242654,-0.6552507426175084,0
2023-07-28 11:14:13,568.55,392407,21,573.04,222423,242312,-0.6552507426175084,0
2023-07-28 11:14:13,568.5,392407,2,573.04,222287,242244,-0.6639874191857339,0
2023-07-28 11:14:14,568.5,392409,2,573.04,222285,242331,-0.6639874191857339,0
2023-07-28 11:14:16,568.5,392411,2,573.04,222324,242543,-0.6639874191857339,0
2023-07-28 11:14:16,568.5,392411,2,573.04,222335,242544,-0.6639874191857339,0
2023-07-28 11:14:16,568.5,392411,2,573.04,222362,242544,-0.6639874191857339,0
2023-07-28 11:14:16,568.5,392411,2,573.04,222578,242544,-0.6639874191857339,0
2023-07-28 11:14:16,568.8,392411,1,573.04,222578,242544,-0.6115673597763411,0
2023-07-28 11:14:22,568.8,392413,1,573.04,222568,242369,-0.6115673597763411,0
2023-07-28 11:14:22,568.8,392413,1,573.04,222568,242369,-0.6115673597763411,0
2023-07-28 11:14:23,568.55,392415,1,573.04,222568,242378,-0.6552507426175084,0
2023-07-28 11:14:23,568.55,392415,1,573.04,222556,242378,-0.6552507426175084,0
2023-07-28 11:14:23,568.55,392415,3,573.04,222556,242378,-0.6552507426175084,0
2023-07-28 11:14:25,568.8,392418,1,573.04,222506,242427,-0.6115673597763411,0
2023-07-28 11:14:26,568.8,392419,1,573.04,222522,242386,-0.6115673597763411,0
2023-07-28 11:14:27,568.8,392420,1,573.04,222494,242347,-0.6115673597763411,0
2023-07-28 11:14:27,568.8,392420,1,573.04,222494,242347,-0.6115673597763411,0
2023-07-28 11:14:27,568.8,392420,1,573.04,222457,242347,-0.6115673597763411,0
2023-07-28 11:14:27,568.6,392420,2,573.04,222457,242347,-0.646514066049263,0
2023-07-28 11:14:29,568.6,392423,2,573.04,222330,242920,-0.646514066049263,0
2023-07-28 11:14:29,568.6,392423,2,573.04,222376,242920,-0.646514066049263,0
2023-07-28 11:14:29,568.6,392423,2,573.04,222387,242929,-0.646514066049263,0
2023-07-28 11:14:29,568.85,392423,1,573.04,222387,242929,-0.6028306832080957,0
2023-07-28 11:14:32,568.85,392424,1,573.04,222315,242960,-0.6028306832080957,0
2023-07-28 11:14:33,568.8,392425,1,573.04,222354,242872,-0.6115673597763411,0
2023-07-28 11:14:33,568.8,392425,1,573.04,222263,242559,-0.6115673597763411,0
2023-07-28 11:14:33,568.8,392425,1,573.04,222277,242559,-0.6115673597763411,0
2023-07-28 11:14:33,568.8,392425,1,573.04,222267,242559,-0.6115673597763411,0
2023-07-28 11:14:38,568.85,392429,4,573.04,222277,242555,-0.6028306832080957,0
2023-07-28 11:14:38,568.85,392429,4,573.04,222277,242555,-0.6028306832080957,0
2023-07-28 11:14:41,568.85,392430,1,573.04,222277,242425,-0.6028306832080957,0
2023-07-28 11:14:42,568.85,392435,1,573.04,222451,242568,-0.6028306832080957,0
2023-07-28 11:14:42,568.85,392435,1,573.04,222451,242568,-0.6028306832080957,0
2023-07-28 11:14:42,568.85,392435,1,573.04,222615,242568,-0.6028306832080957,0
2023-07-28 11:14:44,568.9,392439,4,573.04,222606,242378,-0.5940940066398702,0
2023-07-28 11:14:44,568.9,392439,4,573.04,222656,242382,-0.5940940066398702,0
2023-07-28 11:14:44,568.9,392439,2,573.04,222656,242382,-0.5940940066398702,0
2023-07-28 11:14:46,568.9,392441,2,573.04,222672,242380,-0.5940940066398702,0
2023-07-28 11:14:46,568.55,392441,1,573.04,222672,242380,-0.6552507426175084,0
2023-07-28 11:14:47,568.55,392442,1,573.04,222684,242386,-0.6552507426175084,0
2023-07-28 11:14:47,568.95,392442,1,573.04,222684,242386,-0.5853573300716249,0
2023-07-28 11:14:49,568.95,392444,1,573.04,223070,242421,-0.5853573300716249,0
2023-07-28 11:14:49,568.95,392444,1,573.04,223156,242423,-0.5853573300716249,0
2023-07-28 11:14:51,568.95,392449,5,573.04,223159,242418,-0.5853573300716249,0
2023-07-28 11:14:51,568.95,392449,5,573.04,223159,242418,-0.5853573300716249,0
2023-07-28 11:14:51,568.95,392449,5,573.04,223159,242794,-0.5853573300716249,0
2023-07-28 11:14:51,568.95,392449,5,573.04,223145,242795,-0.5853573300716249,0
2023-07-28 11:14:56,568.65,392469,8,573.04,222691,243079,-0.6377773894810375,0
2023-07-28 11:14:56,568.65,392469,8,573.04,222738,243079,-0.6377773894810375,0
2023-07-28 11:14:56,568.65,392469,8,573.04,222953,243079,-0.6377773894810375,0
2023-07-28 11:14:56,568.65,392469,8,573.04,222953,243080,-0.6377773894810375,0
2023-07-28 11:14:59,568.55,392470,1,573.04,222952,243001,-0.6552507426175084,0
2023-07-28 11:15:00,568.9,392484,4,573.04,222952,242922,-0.5940940066398702,0
2023-07-28 11:15:00,568.9,392484,4,573.04,222850,243106,-0.5940940066398702,0
2023-07-28 11:15:00,568.95,392484,86,573.04,222850,243106,-0.5853573300716249,0
2023-07-28 11:15:02,568.95,392784,86,573.04,222806,242987,-0.5853573300716249,0
2023-07-28 11:15:02,568.95,392784,86,573.04,222823,243088,-0.5853573300716249,0
2023-07-28 11:15:05,568.9,392834,1,573.04,222827,243131,-0.5940940066398702,0
2023-07-28 11:15:05,568.95,392834,3,573.04,222827,243131,-0.5853573300716249,0
2023-07-28 11:15:05,568.95,392834,2,573.04,222827,243131,-0.5853573300716249,0
2023-07-28 11:15:07,568.95,392848,2,573.04,223164,242236,-0.5853573300716249,0
2023-07-28 11:15:07,568.95,392848,2,573.04,223164,242236,-0.5853573300716249,0
2023-07-28 11:15:07,568.95,392848,2,573.04,223164,242236,-0.5853573300716249,0
2023-07-28 11:15:07,569.0,392848,1,573.04,223164,242236,-0.5766206535033994,0
2023-07-28 11:15:11,569.0,392858,1,573.04,223650,241234,-0.5766206535033994,0
2023-07-28 11:15:11,569.0,392858,7,573.04,223650,241234,-0.5766206535033994,0
2023-07-28 11:15:15,569.0,392865,7,573.04,223482,241623,-0.5766206535033994,0
2023-07-28 11:15:15,569.0,392865,1,573.04,223482,241623,-0.5766206535033994,0
2023-07-28 11:15:15,569.0,392865,1,573.04,223482,241623,-0.5766206535033994,0
2023-07-28 11:15:15,569.0,392865,7,573.04,223482,241623,-0.5766206535033994,0
2023-07-28 11:15:20,569.0,392874,7,573.04,224075,241444,-0.5766206535033994,0
2023-07-28 11:15:20,569.0,392874,2,573.04,224075,241444,-0.5766206535033994,0
2023-07-28 11:15:20,569.0,392874,7,573.04,224075,241444,-0.5766206535033994,0
2023-07-28 11:15:25,568.75,392884,1,573.04,223717,241637,-0.6203040363445667,0
2023-07-28 11:15:25,568.9,392884,2,573.04,223717,241637,-0.5940940066398702,0
2023-07-28 11:15:25,568.6,392884,21,573.04,223717,241637,-0.646514066049263,0
2023-07-28 11:15:25,568.8,392884,2,573.04,223717,241637,-0.6115673597763411,0
2023-07-28 11:15:29,568.85,393437,4,573.03,223195,242116,-0.6028306832080957,0
2023-07-28 11:15:29,568.9,393437,1,573.03,223195,242116,-0.5940940066398702,0
2023-07-28 11:15:33,568.95,393445,4,573.03,223152,241871,-0.5853573300716249,0
2023-07-28 11:15:33,568.95,393445,2,573.03,223152,241871,-0.5853573300716249,0
2023-07-28 11:15:33,568.9,393445,1,573.03,223152,241871,-0.5940940066398702,0
2023-07-28 11:15:38,568.9,393467,1,573.03,223449,242150,-0.5940940066398702,0
2023-07-28 11:15:38,568.65,393467,2,573.03,223449,242150,-0.6377773894810375,0
2023-07-28 11:15:38,568.85,393467,7,573.03,223449,242150,-0.6028306832080957,0
2023-07-28 11:15:40,568.85,393520,7,573.03,223451,242494,-0.6028306832080957,0
2023-07-28 11:15:40,568.6,393520,1,573.03,223451,242494,-0.646514066049263,0
2023-07-28 11:15:45,568.85,393530,1,573.03,223970,241822,-0.6028306832080957,0
2023-07-28 11:15:45,568.85,393530,1,573.03,223970,241822,-0.6028306832080957,0
2023-07-28 11:15:45,568.9,393530,1,573.03,223970,241822,-0.5940940066398702,0
2023-07-28 11:15:50,568.9,393536,8,573.03,223465,242577,-0.5940940066398702,0
2023-07-28 11:15:53,568.9,393545,1,573.03,223684,242240,-0.5940940066398702,0
2023-07-28 11:15:53,568.9,393545,1,573.03,223684,242240,-0.5940940066398702,0
2023-07-28 11:15:57,568.85,393626,1,573.03,223639,242195,-0.6028306832080957,0
2023-07-28 11:15:57,568.85,393626,1,573.03,223639,242195,-0.6028306832080957,0
2023-07-28 11:15:57,568.85,393626,1,573.03,223735,242117,-0.6028306832080957,0
2023-07-28 11:15:57,568.9,393626,1,573.03,223735,242117,-0.5940940066398702,0
2023-07-28 11:15:57,568.9,393626,1,573.03,223735,242117,-0.5940940066398702,0
2023-07-28 11:15:57,568.9,393626,2,573.03,223735,242117,-0.5940940066398702,0
2023-07-28 11:15:57,568.9,393626,1,573.03,223735,242117,-0.5940940066398702,0
2023-07-28 11:15:57,568.6,393626,4,573.03,223735,242117,-0.646514066049263,0
2023-07-28 11:16:05,568.9,393644,1,573.03,224584,242792,-0.5940940066398702,0
2023-07-28 11:16:05,568.9,393644,1,573.03,224584,242792,-0.5940940066398702,0
2023-07-28 11:16:05,568.9,393644,1,573.03,224584,242792,-0.5940940066398702,0
2023-07-28 11:16:05,568.9,393644,1,573.03,224584,242792,-0.5940940066398702,0
2023-07-28 11:16:05,568.9,393644,1,573.03,224584,242792,-0.5940940066398702,0
2023-07-28 11:16:10,568.9,393650,2,573.03,224630,242786,-0.5940940066398702,0
2023-07-28 11:16:10,568.6,393650,1,573.03,224630,242786,-0.646514066049263,0
2023-07-28 11:16:10,568.25,393650,1,573.03,224630,242786,-0.707670802026901,0
2023-07-28 11:16:14,568.0,398165,58,572.98,219101,243525,-0.7513541848680683,0
2023-07-28 11:16:14,568.2,398165,2,572.98,219101,243525,-0.7164074785951265,0
2023-07-28 11:16:16,568.2,398167,2,572.98,220366,243204,-0.7164074785951265,0
2023-07-28 11:16:22,568.15,398518,24,572.97,220618,242920,-0.7251441551633719,0
2023-07-28 11:16:22,568.0,398518,1,572.97,220618,242920,-0.7513541848680683,0
2023-07-28 11:16:22,568.25,398518,1,572.97,220618,242920,-0.707670802026901,0
2023-07-28 11:16:26,568.25,398558,1,572.97,220908,243581,-0.707670802026901,0
2023-07-28 11:16:26,568.25,398558,1,572.97,220908,243581,-0.707670802026901,0
2023-07-28 11:16:26,568.25,398558,30,572.97,220908,243581,-0.707670802026901,0
2023-07-28 11:16:29,568.25,398598,30,572.97,221133,243259,-0.707670802026901,0
2023-07-28 11:16:29,568.65,398598,1,572.97,221133,243259,-0.6377773894810375,0
2023-07-28 11:16:34,568.65,398662,1,572.97,222440,243679,-0.6377773894810375,0
2023-07-28 11:16:34,568.3,398662,1,572.97,222440,243679,-0.6989341254586756,0
2023-07-28 11:16:34,568.65,398662,2,572.97,222440,243679,-0.6377773894810375,0
2023-07-28 11:16:38,568.65,398665,2,572.97,222680,243432,-0.6377773894810375,0
2023-07-28 11:16:38,568.65,398665,2,572.97,222920,243761,-0.6377773894810375,0
2023-07-28 11:16:38,568.45,398665,1,572.97,222920,243761,-0.6727240957539593,0
2023-07-28 11:16:46,568.45,398866,1,572.97,222707,242656,-0.6727240957539593,0
2023-07-28 11:16:46,568.65,398866,10,572.97,222707,242656,-0.6377773894810375,0
2023-07-28 11:16:47,568.7,398877,10,572.97,222790,242709,-0.6290407129127922,0
2023-07-28 11:16:47,568.75,398877,1,572.97,222790,242709,-0.6203040363445667,0
2023-07-28 11:16:54,568.75,398888,7,572.97,214385,241547,-0.6203040363445667,0
2023-07-28 11:16:54,568.75,398888,1,572.97,214385,241547,-0.6203040363445667,0
2023-07-28 11:16:54,568.75,398888,1,572.97,214385,241547,-0.6203040363445667,0
2023-07-28 11:16:57,568.75,398947,1,572.97,221747,242836,-0.6203040363445667,0
2023-07-28 11:16:57,568.75,398947,2,572.97,221747,242836,-0.6203040363445667,0
2023-07-28 11:17:01,568.75,398949,2,572.97,221827,242881,-0.6203040363445667,0
2023-07-28 11:17:01,568.25,398949,13,572.97,221827,242881,-0.707670802026901,0
2023-07-28 11:17:05,568.25,399554,13,572.96,218326,244436,-0.707670802026901,0
2023-07-28 11:17:05,568.25,399554,13,572.96,218376,244812,-0.707670802026901,0
2023-07-28 11:17:05,568.25,399554,13,572.96,218050,245099,-0.707670802026901,0
2023-07-28 11:17:09,568.25,399595,2,572.96,217936,244769,-0.707670802026901,0
2023-07-28 11:17:10,568.35,399597,2,572.96,218028,244651,-0.6901974488904302,0
2023-07-28 11:17:10,568.35,399598,1,572.96,218101,244613,-0.6901974488904302,0
2023-07-28 11:17:11,568.35,399599,1,572.96,217929,244705,-0.6901974488904302,0
2023-07-28 11:17:11,568.35,399599,1,572.96,217929,244705,-0.6901974488904302,0
2023-07-28 11:17:13,568.35,399601,1,572.96,218029,244686,-0.6901974488904302,0
2023-07-28 11:17:13,568.35,399601,1,572.96,218029,244686,-0.6901974488904302,0
2023-07-28 11:17:14,568.35,399602,1,572.96,220116,242947,-0.6901974488904302,0
2023-07-28 11:17:15,568.35,399603,1,572.96,219942,243003,-0.6901974488904302,0
2023-07-28 11:17:15,568.35,399603,1,572.96,220133,243026,-0.6901974488904302,0
2023-07-28 11:17:15,568.1,399603,2,572.96,220133,243026,-0.7338808317315975,0
2023-07-28 11:17:17,568.1,399605,2,572.96,220405,243099,-0.7338808317315975,0
2023-07-28 11:17:17,568.1,399605,2,572.96,220405,243159,-0.7338808317315975,0
2023-07-28 11:17:17,568.1,399605,2,572.96,220405,243246,-0.7338808317315975,0
2023-07-28 11:17:17,568.1,399605,2,572.96,220607,243092,-0.7338808317315975,0
2023-07-28 11:17:17,568.1,399605,2,572.96,220822,243129,-0.7338808317315975,0
2023-07-28 11:17:17,568.1,399605,2,572.96,220783,242861,-0.7338808317315975,0
2023-07-28 11:17:17,568.1,399605,2,572.96,220815,243003,-0.7338808317315975,0
2023-07-28 11:17:17,568.1,399605,2,572.96,220815,243003,-0.7338808317315975,0
2023-07-28 11:17:17,568.1,399605,2,572.96,220815,243003,-0.7338808317315975,0
2023-07-28 11:17:17,568.0,399605,260,572.96,220827,243004,-0.7513541848680683,0
2023-07-28 11:17:26,568.0,400605,260,572.95,219834,243883,-0.7513541848680683,0
2023-07-28 11:17:26,568.0,400605,260,572.95,219834,243883,-0.7513541848680683,0
2023-07-28 11:17:26,568.0,400605,260,572.95,219897,243883,-0.7513541848680683,0
2023-07-28 11:17:26,568.0,400605,260,572.95,219897,243883,-0.7513541848680683,0
2023-07-28 11:17:26,568.0,400605,260,572.95,219897,243883,-0.7513541848680683,0
2023-07-28 11:17:26,568.2,400605,25,572.95,219852,243707,-0.7164074785951265,0
2023-07-28 11:17:30,568.2,400630,25,572.95,219852,243682,-0.7164074785951265,0
2023-07-28 11:17:31,568.2,400631,1,572.95,220098,243639,-0.7164074785951265,0
2023-07-28 11:17:31,568.2,400631,1,572.95,220198,243732,-0.7164074785951265,0
2023-07-28 11:17:31,568.0,400631,4,572.95,220198,243732,-0.7513541848680683,0
2023-07-28 11:17:35,568.0,400635,4,572.95,220433,244043,-0.7513541848680683,0
2023-07-28 11:17:35,568.0,400635,4,572.95,220453,244083,-0.7513541848680683,0
2023-07-28 11:17:35,568.0,400635,4,572.95,220653,244083,-0.7513541848680683,0
2023-07-28 11:17:35,568.0,400635,4,572.95,220479,244083,-0.7513541848680683,0
2023-07-28 11:17:35,568.0,400635,4,572.95,220722,244038,-0.7513541848680683,0
2023-07-28 11:17:35,568.0,400635,4,572.95,220722,243967,-0.7513541848680683,0
2023-07-28 11:17:35,568.2,400635,18,572.95,220821,244952,-0.7164074785951265,0
2023-07-28 11:17:43,568.2,400655,18,572.95,221166,244987,-0.7164074785951265,0
2023-07-28 11:17:46,568.25,400673,11,572.95,221711,243161,-0.707670802026901,0
2023-07-28 11:17:46,568.25,400673,11,572.95,221415,243205,-0.707670802026901,0
2023-07-28 11:17:46,568.25,400673,11,572.95,219536,243849,-0.707670802026901,0
2023-07-28 11:17:46,568.25,400673,11,572.95,219420,242823,-0.707670802026901,0
2023-07-28 11:17:46,568.25,400673,11,572.95,219420,243032,-0.707670802026901,0
2023-07-28 11:17:46,568.25,400673,11,572.95,219651,243086,-0.707670802026901,0
2023-07-28 11:17:46,568.25,400673,11,572.95,220966,242266,-0.707670802026901,0
2023-07-28 11:17:46,568.25,400673,10,572.95,221157,241931,-0.707670802026901,0
2023-07-28 11:17:55,568.25,400683,10,572.95,221562,241648,-0.707670802026901,0
2023-07-28 11:17:55,568.25,400683,10,572.95,221545,241648,-0.707670802026901,0
2023-07-28 11:17:55,568.25,400683,10,572.95,221545,241648,-0.707670802026901,0
2023-07-28 11:17:58,568.25,400703,10,572.95,221561,241846,-0.707670802026901,0
2023-07-28 11:17:58,568.05,400703,1,572.95,221561,241846,-0.7426175082998427,0
2023-07-28 11:18:00,568.35,400715,4,572.95,221677,241940,-0.6901974488904302,0
2023-07-28 11:18:02,568.1,400718,3,572.95,221511,242127,-0.7338808317315975,0
2023-07-28 11:18:02,568.1,400718,3,572.95,221548,242066,-0.7338808317315975,0
2023-07-28 11:18:02,568.1,400718,3,572.95,221653,242084,-0.7338808317315975,0
2023-07-28 11:18:02,568.1,400718,3,572.95,221671,242084,-0.7338808317315975,0
2023-07-28 11:18:02,568.3,400718,59,572.95,221671,242084,-0.6989341254586756,0
2023-07-28 11:18:10,568.3,400777,59,572.95,221234,241983,-0.6989341254586756,0
2023-07-28 11:18:10,568.1,400777,3,572.95,221234,241983,-0.7338808317315975,0
2023-07-28 11:18:10,568.1,400777,20,572.95,221234,241983,-0.7338808317315975,0
2023-07-28 11:18:16,568.1,400802,20,572.95,221080,242359,-0.7338808317315975,0
2023-07-28 11:18:16,568.15,400802,65,572.95,221080,242359,-0.7251441551633719,0
2023-07-28 11:18:18,568.15,401055,65,572.94,221744,243438,-0.7251441551633719,0
2023-07-28 11:18:18,568.1,401055,2,572.94,221744,243438,-0.7338808317315975,0
2023-07-28 11:18:18,568.1,401055,2,572.94,221744,243438,-0.7338808317315975,0
2023-07-28 11:18:25,568.1,401064,2,572.94,221935,243003,-0.7338808317315975,0
2023-07-28 11:18:25,568.1,401064,10,572.94,221935,243003,-0.7338808317315975,0
2023-07-28 11:18:25,568.1,401064,9,572.94,221935,243003,-0.7338808317315975,0
2023-07-28 11:18:29,568.1,401124,9,572.94,221936,243050,-0.7338808317315975,0
2023-07-28 11:18:29,568.15,401124,87,572.94,221936,243050,-0.7251441551633719,0
2023-07-28 11:18:33,568.15,401654,87,572.93,221688,243076,-0.7251441551633719,0
2023-07-28 11:18:33,568.0,401654,10,572.93,221688,243076,-0.7513541848680683,0
2023-07-28 11:18:33,568.0,401654,2,572.93,221688,243076,-0.7513541848680683,0
2023-07-28 11:18:39,568.0,401711,41,572.93,221606,243032,-0.7513541848680683,0
2023-07-28 11:18:39,567.95,401711,87,572.93,221606,243032,-0.7600908614362938,0
2023-07-28 11:18:40,567.95,402761,87,572.92,221532,243560,-0.7600908614362938,0
2023-07-28 11:18:40,567.9,402761,10,572.92,221532,243560,-0.7688275380045392,0
2023-07-28 11:18:45,567.9,402771,10,572.92,222296,243495,-0.7688275380045392,0
2023-07-28 11:18:45,567.9,402771,3,572.92,222296,243495,-0.7688275380045392,0
2023-07-28 11:18:50,567.9,402777,3,572.92,222235,244377,-0.7688275380045392,0
2023-07-28 11:18:50,567.9,402777,3,572.92,222019,244396,-0.7688275380045392,0
2023-07-28 11:18:50,568.05,402777,24,572.92,222019,244396,-0.7426175082998427,0
2023-07-28 11:18:50,568.1,402777,42,572.92,222019,244396,-0.7338808317315975,0
2023-07-28 11:18:50,568.0,402777,9,572.92,222019,244396,-0.7513541848680683,0
2023-07-28 11:19:00,568.0,404160,9,572.9,222601,241202,-0.7513541848680683,0
2023-07-28 11:19:00,568.1,404160,2,572.9,222601,241202,-0.7338808317315975,0
2023-07-28 11:19:00,568.1,404160,10,572.9,222601,241202,-0.7338808317315975,0
2023-07-28 11:19:05,568.1,404173,1,572.9,222378,242897,-0.7338808317315975,0
2023-07-28 11:19:05,568.1,404173,1,572.9,222378,242897,-0.7338808317315975,0
2023-07-28 11:19:05,568.1,404173,1,572.9,222496,242971,-0.7338808317315975,0
2023-07-28 11:19:05,568.1,404173,1,572.9,222053,244045,-0.7338808317315975,0
2023-07-28 11:19:05,568.1,404173,1,572.9,221728,243054,-0.7338808317315975,0
2023-07-28 11:19:05,568.1,404173,1,572.9,221080,242999,-0.7338808317315975,0
2023-07-28 11:19:05,568.1,404173,1,572.9,221865,243445,-0.7338808317315975,0
2023-07-28 11:19:05,568.1,404173,1,572.9,221998,242742,-0.7338808317315975,0
2023-07-28 11:19:05,568.3,404173,2,572.9,221998,242742,-0.6989341254586756,0
2023-07-28 11:19:35,568.3,404188,7,572.9,222082,243031,-0.6989341254586756,0
2023-07-28 11:19:35,568.0,404188,2,572.9,222082,243031,-0.7513541848680683,0
2023-07-28 11:19:36,568.0,404192,2,572.9,221952,243236,-0.7513541848680683,0
2023-07-28 11:19:36,568.0,404192,2,572.9,222035,243469,-0.7513541848680683,0
2023-07-28 11:19:36,568.0,404192,2,572.9,223127,243040,-0.7513541848680683,0
2023-07-28 11:19:36,568.0,404192,2,572.9,223179,242319,-0.7513541848680683,0
2023-07-28 11:19:36,568.0,404192,2,572.9,223507,242548,-0.7513541848680683,0
2023-07-28 11:19:36,568.0,404192,2,572.9,223507,242548,-0.7513541848680683,0
2023-07-28 11:19:36,568.4,404192,75,572.9,223507,242548,-0.6814607723222047,0
2023-07-28 11:20:02,568.4,406102,75,572.88,224913,236724,-0.6814607723222047,0
2023-07-28 11:20:02,568.55,406102,1,572.88,224913,236724,-0.6552507426175084,0
2023-07-28 11:20:04,568.55,406103,1,572.88,225027,239203,-0.6552507426175084,0
2023-07-28 11:20:04,568.65,406103,2,572.88,225027,239203,-0.6377773894810375,0
2023-07-28 11:20:07,568.65,406407,2,572.88,225278,238950,-0.6377773894810375,0
2023-07-28 11:20:07,568.75,406407,1,572.88,225278,238950,-0.6203040363445667,0
2023-07-28 11:20:07,568.4,406407,41,572.88,225278,238950,-0.6814607723222047,0
2023-07-28 11:20:07,568.35,406407,1,572.88,225278,238950,-0.6901974488904302,0
