2023-07-28 10:49:29,984.8,2992871,155,983.0,414541,475663,-0.5503660691744555,0
2023-07-28 10:49:30,984.25,2996188,23,983.01,408380,479447,-0.6059075990911386,0
2023-07-28 10:49:30,984.25,2997715,1,983.01,410172,482070,-0.6059075990911386,0
2023-07-28 10:49:32,984.3,2998767,1,983.01,411520,483149,-0.600858369098717,0
2023-07-28 10:49:33,984.3,2998888,1,983.01,412927,483284,-0.600858369098717,0
2023-07-28 10:49:33,984.35,2998888,6,983.01,412927,483284,-0.595809139106284,0
2023-07-28 10:49:33,984.45,2998888,700,983.01,412927,483284,-0.5857106791214294,0
2023-07-28 10:49:35,984.5,3002470,1,983.01,409573,482171,-0.5806614491290079,0
2023-07-28 10:49:35,984.55,3002470,5,983.01,409573,482171,-0.5756122191365862,0
2023-07-28 10:49:36,984.5,3005103,36,983.01,410748,483498,-0.5806614491290079,0
2023-07-28 10:49:37,984.55,3007302,58,983.01,410856,483088,-0.5756122191365862,0
2023-07-28 10:49:39,984.6,3011988,65,983.01,412145,482640,-0.5705629891441533,0
2023-07-28 10:49:40,984.55,3012968,15,983.01,414220,481032,-0.5756122191365862,0
2023-07-28 10:49:40,984.6,3012968,50,983.01,414220,481032,-0.5705629891441533,0
2023-07-28 10:49:41,984.35,3013575,15,983.01,413158,482040,-0.595809139106284,0
2023-07-28 10:49:42,984.3,3014151,1,983.01,412303,482229,-0.600858369098717,0
2023-07-28 10:49:42,984.3,3014151,1,983.01,412303,482229,-0.600858369098717,0
2023-07-28 10:49:43,984.8,3016585,157,983.02,413605,481826,-0.5503660691744555,0
2023-07-28 10:49:43,984.7,3016585,2,983.02,413605,481826,-0.5604645291592986,0
2023-07-28 10:49:44,984.7,3018644,170,983.02,413520,482878,-0.5604645291592986,0
2023-07-28 10:49:45,984.3,3019988,1,983.02,413226,481904,-0.600858369098717,0
2023-07-28 10:49:46,984.3,3021384,56,983.02,412990,482508,-0.600858369098717,0
2023-07-28 10:49:47,984.7,3023676,202,983.02,412979,481208,-0.5604645291592986,0
2023-07-28 10:49:49,984.65,3025296,70,983.02,410847,480284,-0.5655137591517316,0
2023-07-28 10:49:50,984.7,3025511,6,983.02,410939,479568,-0.5604645291592986,0
2023-07-28 10:49:50,984.7,3025511,1,983.02,410939,479568,-0.5604645291592986,0
2023-07-28 10:49:51,984.75,3025643,59,983.02,411502,480269,-0.555415299166877,0
2023-07-28 10:49:51,984.8,3025643,95,983.02,411502,480269,-0.5503660691744555,0
2023-07-28 10:49:52,984.85,3028695,10,983.02,410407,477722,-0.5453168391820225,0
2023-07-28 10:49:53,984.65,3030619,20,983.02,411380,478556,-0.5655137591517316,0
2023-07-28 10:49:53,984.75,3030619,1,983.02,411380,478556,-0.555415299166877,0
2023-07-28 10:49:54,984.75,3031665,1,983.02,412192,479696,-0.555415299166877,0
2023-07-28 10:49:54,984.8,3031665,16,983.02,412192,479696,-0.5503660691744555,0
2023-07-28 10:49:55,984.8,3035152,1,983.03,413110,479722,-0.5503660691744555,0
2023-07-28 10:49:56,984.45,3038775,2,983.03,412987,478367,-0.5857106791214294,0
2023-07-28 10:49:57,984.45,3041455,1,983.03,412970,480255,-0.5857106791214294,0
2023-07-28 10:49:57,984.7,3041455,38,983.03,412970,480255,-0.5604645291592986,0
2023-07-28 10:49:58,984.35,3042944,11,983.03,411401,482338,-0.595809139106284,0
2023-07-28 10:49:58,984.35,3042944,20,983.03,411401,482338,-0.595809139106284,0
2023-07-28 10:50:00,984.4,3046725,1,983.03,408021,479772,-0.5907599091138624,0
2023-07-28 10:50:00,984.7,3046725,1,983.03,408021,479772,-0.5604645291592986,0
2023-07-28 10:50:01,984.7,3047724,45,983.03,412274,480385,-0.5604645291592986,0
2023-07-28 10:50:02,984.75,3048531,84,983.03,411818,480604,-0.555415299166877,0
2023-07-28 10:50:03,984.35,3049314,1,983.03,412292,482109,-0.595809139106284,0
2023-07-28 10:50:04,984.75,3049747,97,983.03,412721,482018,-0.555415299166877,0
2023-07-28 10:50:05,984.35,3050339,54,983.03,411847,480633,-0.595809139106284,0
2023-07-28 10:50:06,984.35,3051138,7,983.03,410162,481065,-0.595809139106284,0
2023-07-28 10:50:07,984.6,3052068,94,983.04,410892,483144,-0.5705629891441533,0
2023-07-28 10:50:09,984.55,3053481,291,983.04,411784,484018,-0.5756122191365862,0
2023-07-28 10:50:09,984.3,3053787,143,983.04,410581,483548,-0.600858369098717,0
2023-07-28 10:50:10,984.6,3054646,1,983.04,409276,482176,-0.5705629891441533,0
2023-07-28 10:50:11,984.35,3055003,1,983.04,408212,485049,-0.595809139106284,0
2023-07-28 10:50:11,984.5,3055003,1,983.04,408212,485049,-0.5806614491290079,0
2023-07-28 10:50:12,984.55,3055424,1,983.04,412492,484490,-0.5756122191365862,0
2023-07-28 10:50:12,984.5,3055424,1,983.04,412492,484490,-0.5806614491290079,0
2023-07-28 10:50:13,984.3,3056382,10,983.04,409969,484233,-0.600858369098717,0
2023-07-28 10:50:13,984.25,3056877,107,983.04,410734,484745,-0.6059075990911386,0
2023-07-28 10:50:13,984.2,3056877,34,983.04,410734,484745,-0.6109568290835602,0
2023-07-28 10:50:15,984.2,3057020,1,983.04,411261,483427,-0.6109568290835602,0
2023-07-28 10:50:15,984.2,3057020,1,983.04,411261,483427,-0.6109568290835602,0
2023-07-28 10:50:16,984.5,3057076,9,983.04,410932,483737,-0.5806614491290079,0
2023-07-28 10:50:17,984.2,3057215,9,983.04,410536,483983,-0.6109568290835602,0
2023-07-28 10:50:18,984.05,3057548,75,983.04,410366,484122,-0.6261045190608479,0
2023-07-28 10:50:20,984.4,3057851,34,983.04,410315,484344,-0.5907599091138624,0
2023-07-28 10:50:20,984.05,3057851,5,983.04,410315,484344,-0.6261045190608479,0
2023-07-28 10:50:20,984.05,3057851,5,983.04,410315,484344,-0.6261045190608479,0
2023-07-28 10:50:20,984.2,3057851,2,983.04,410315,484344,-0.6109568290835602,0
2023-07-28 10:50:22,984.2,3058009,1,983.04,409253,486228,-0.6109568290835602,0
2023-07-28 10:50:22,984.2,3058009,1,983.04,409253,486228,-0.6109568290835602,0
2023-07-28 10:50:23,984.05,3058592,4,983.04,409816,487013,-0.6261045190608479,0
2023-07-28 10:50:24,984.0,3059005,1,983.04,409606,486416,-0.6311537490532694,0
2023-07-28 10:50:24,984.05,3059005,322,983.04,409606,486416,-0.6261045190608479,0
2023-07-28 10:50:25,984.2,3061131,12,983.04,407295,484962,-0.6109568290835602,0
2023-07-28 10:50:26,984.0,3062594,10,983.04,409058,483186,-0.6311537490532694,0
2023-07-28 10:50:27,984.25,3063535,12,983.04,410604,484325,-0.6059075990911386,0
2023-07-28 10:50:29,984.25,3064476,4,983.04,410733,485053,-0.6059075990911386,0
2023-07-28 10:50:29,984.4,3064696,50,983.04,410382,483785,-0.5907599091138624,0
2023-07-28 10:50:29,984.4,3064696,125,983.04,410382,483785,-0.5907599091138624,0
2023-07-28 10:50:31,984.25,3065108,2,983.04,410218,483957,-0.6059075990911386,0
2023-07-28 10:50:31,984.4,3065108,61,983.04,410218,483957,-0.5907599091138624,0
2023-07-28 10:50:32,984.4,3065501,59,983.04,409054,484746,-0.5907599091138624,0
2023-07-28 10:50:33,984.05,3065695,1,983.04,409575,484696,-0.6261045190608479,0
2023-07-28 10:50:34,984.4,3065783,29,983.04,409096,485543,-0.5907599091138624,0
2023-07-28 10:50:35,984.05,3065874,1,983.04,408572,489265,-0.6261045190608479,0
2023-07-28 10:50:36,984.0,3065893,1,983.04,408849,489401,-0.6311537490532694,0
2023-07-28 10:50:36,984.2,3065893,1,983.04,408849,489401,-0.6109568290835602,0
2023-07-28 10:50:37,984.2,3066282,4,983.04,408874,490165,-0.6109568290835602,0
2023-07-28 10:50:37,984.2,3066282,13,983.04,408874,490165,-0.6109568290835602,0
2023-07-28 10:50:37,984.15,3066425,21,983.04,408590,489431,-0.6160060590759933,0
2023-07-28 10:50:39,984.0,3066598,14,983.04,408591,489649,-0.6311537490532694,0
2023-07-28 10:50:41,984.3,3066624,3,983.04,408793,489068,-0.600858369098717,0
2023-07-28 10:50:41,984.3,3066624,1,983.04,408793,489068,-0.600858369098717,0
2023-07-28 10:50:42,984.3,3066658,1,983.04,408980,489272,-0.600858369098717,0
2023-07-28 10:50:42,984.3,3066658,18,983.04,408980,489272,-0.600858369098717,0
2023-07-28 10:50:43,984.2,3066740,3,983.04,406428,489159,-0.6109568290835602,0
2023-07-28 10:50:44,984.2,3066783,4,983.04,409042,488819,-0.6109568290835602,0
2023-07-28 10:50:44,984.2,3066802,3,983.04,409195,489233,-0.6109568290835602,0
2023-07-28 10:50:47,984.25,3066815,1,983.04,408371,489114,-0.6059075990911386,0
2023-07-28 10:50:47,984.05,3066815,1,983.04,408371,489114,-0.6261045190608479,0
2023-07-28 10:50:48,984.05,3066818,1,983.04,408070,489348,-0.6261045190608479,0
2023-07-28 10:50:49,984.05,3066826,1,983.04,408626,489377,-0.6261045190608479,0
2023-07-28 10:50:50,984.05,3066834,2,983.04,408345,489043,-0.6261045190608479,0
2023-07-28 10:50:50,984.05,3066834,2,983.04,408345,489043,-0.6261045190608479,0
2023-07-28 10:50:51,984.25,3066913,22,983.04,409036,489045,-0.6059075990911386,0
2023-07-28 10:50:51,984.05,3066913,19,983.04,409036,489045,-0.6261045190608479,0
2023-07-28 10:50:52,984.05,3066987,30,983.04,408823,490369,-0.6261045190608479,0
2023-07-28 10:50:52,984.25,3066987,11,983.04,408823,490369,-0.6059075990911386,0
2023-07-28 10:50:53,984.2,3067042,9,983.04,409229,489663,-0.6109568290835602,0
2023-07-28 10:50:54,984.0,3067308,59,983.04,408996,489728,-0.6311537490532694,0
2023-07-28 10:50:54,984.2,3067308,39,983.04,408996,489728,-0.6109568290835602,0
2023-07-28 10:50:55,984.2,3067453,2,983.04,409544,490039,-0.6109568290835602,0
2023-07-28 10:50:55,984.2,3067453,10,983.04,409544,490039,-0.6109568290835602,0
2023-07-28 10:50:56,984.0,3067529,2,983.04,409447,490035,-0.6311537490532694,0
2023-07-28 10:50:57,984.2,3067566,12,983.04,409450,490112,-0.6109568290835602,0
2023-07-28 10:50:59,984.15,3067873,28,983.04,409528,491032,-0.6160060590759933,0
2023-07-28 10:50:59,984.25,3067873,27,983.04,409528,491032,-0.6059075990911386,0
2023-07-28 10:50:59,984.25,3067993,27,983.04,409499,490925,-0.6059075990911386,0
2023-07-28 10:50:59,984.25,3067993,1,983.04,409499,490925,-0.6059075990911386,0
2023-07-28 10:51:01,984.25,3068400,3,983.04,407140,491240,-0.6059075990911386,0
2023-07-28 10:51:02,984.2,3069788,9,983.04,408776,489584,-0.6109568290835602,0
2023-07-28 10:51:02,984.1,3069788,270,983.04,408776,489584,-0.6210552890684148,0
2023-07-28 10:51:04,984.25,3073484,13,983.04,409952,489123,-0.6059075990911386,0
2023-07-28 10:51:05,984.3,3075669,466,983.04,409959,488496,-0.600858369098717,0
2023-07-28 10:51:06,984.35,3076125,10,983.04,409468,489782,-0.595809139106284,0
2023-07-28 10:51:06,984.35,3076125,11,983.04,409468,489782,-0.595809139106284,0
2023-07-28 10:51:07,984.35,3076338,8,983.04,409228,490457,-0.595809139106284,0
2023-07-28 10:51:08,984.4,3078336,1,983.05,408887,489113,-0.5907599091138624,0
2023-07-28 10:51:08,984.45,3078336,2,983.05,408887,489113,-0.5857106791214294,0
2023-07-28 10:51:09,984.45,3080285,1,983.05,406549,489878,-0.5857106791214294,0
2023-07-28 10:51:09,984.3,3080285,115,983.05,406549,489878,-0.600858369098717,0
2023-07-28 10:51:10,984.45,3082369,5,983.05,407725,488870,-0.5857106791214294,0
2023-07-28 10:51:11,984.45,3083447,19,983.05,408216,487692,-0.5857106791214294,0
2023-07-28 10:51:12,984.2,3090041,113,983.05,408498,481879,-0.6109568290835602,0
2023-07-28 10:51:13,984.5,3093413,33,983.05,409340,483813,-0.5806614491290079,0
2023-07-28 10:51:14,984.25,3094683,1,983.05,410746,481863,-0.6059075990911386,0
2023-07-28 10:51:15,984.45,3094690,7,983.05,410922,481822,-0.5857106791214294,0
2023-07-28 10:51:15,984.45,3094690,1,983.05,410922,481822,-0.5857106791214294,0
2023-07-28 10:51:16,984.45,3094695,1,983.05,411419,481830,-0.5857106791214294,0
2023-07-28 10:51:16,984.45,3095069,1,983.05,410132,483013,-0.5857106791214294,0
2023-07-28 10:51:16,984.3,3095069,1,983.05,410132,483013,-0.600858369098717,0
2023-07-28 10:51:18,984.3,3095461,1,983.05,409673,483038,-0.600858369098717,0
2023-07-28 10:51:18,984.3,3095461,1,983.05,409673,483038,-0.600858369098717,0
2023-07-28 10:51:18,984.3,3095680,1,983.05,409410,483132,-0.600858369098717,0
2023-07-28 10:51:18,984.35,3095680,15,983.05,409410,483132,-0.595809139106284,0
2023-07-28 10:51:20,984.3,3096119,2,983.05,409670,482994,-0.600858369098717,0
2023-07-28 10:51:21,984.3,3096899,61,983.05,409985,482255,-0.600858369098717,0
2023-07-28 10:51:23,984.45,3097528,5,983.05,407400,483400,-0.5857106791214294,0
2023-07-28 10:51:23,984.2,3097528,63,983.05,407400,483400,-0.6109568290835602,0
2023-07-28 10:51:24,984.0,3097992,72,983.05,407826,483337,-0.6311537490532694,0
2023-07-28 10:51:24,984.0,3098544,72,983.05,409446,482647,-0.6311537490532694,0
2023-07-28 10:51:24,984.2,3098544,33,983.05,409446,482647,-0.6109568290835602,0
2023-07-28 10:51:26,984.3,3099149,1,983.05,408899,483166,-0.600858369098717,0
2023-07-28 10:51:27,984.1,3099933,44,983.06,409224,484268,-0.6210552890684148,0
2023-07-28 10:51:28,984.0,3100905,69,983.06,408600,482250,-0.6311537490532694,0
2023-07-28 10:51:30,984.25,3102874,1,983.06,411216,482893,-0.6059075990911386,0
2023-07-28 10:51:30,984.25,3102874,2,983.06,411216,482893,-0.6059075990911386,0
2023-07-28 10:51:30,984.25,3103560,2,983.06,410523,480853,-0.6059075990911386,0
2023-07-28 10:51:30,984.25,3103560,108,983.06,410523,480853,-0.6059075990911386,0
2023-07-28 10:51:32,984.2,3110745,63,983.06,411226,479938,-0.6109568290835602,0
2023-07-28 10:51:32,984.2,3110745,15,983.06,411226,479938,-0.6109568290835602,0
2023-07-28 10:51:33,984.25,3114502,564,983.06,408332,484240,-0.6059075990911386,0
2023-07-28 10:51:34,984.25,3116454,292,983.06,407776,484339,-0.6059075990911386,0
2023-07-28 10:51:35,984.05,3117401,158,983.06,409525,484528,-0.6261045190608479,0
2023-07-28 10:51:35,983.85,3117401,10,983.06,409525,484528,-0.6463014390305456,0
2023-07-28 10:51:37,983.9,3126181,2,983.06,406440,484477,-0.641252209038124,0
2023-07-28 10:51:37,984.0,3126181,5,983.06,406440,484477,-0.6311537490532694,0
2023-07-28 10:51:38,983.95,3129963,33,983.07,405086,486378,-0.6362029790456909,0
2023-07-28 10:51:39,983.85,3134274,11,983.07,404829,484745,-0.6463014390305456,0
2023-07-28 10:51:40,983.85,3137088,15,983.07,407908,481476,-0.6463014390305456,0
2023-07-28 10:51:41,984.0,3137577,92,983.07,407979,485098,-0.6311537490532694,0
2023-07-28 10:51:43,984.05,3138902,7,983.07,407442,484259,-0.6261045190608479,0
2023-07-28 10:51:44,984.4,3140641,1,983.07,408039,484108,-0.5907599091138624,0
2023-07-28 10:51:44,984.45,3140641,22,983.07,408039,484108,-0.5857106791214294,0
2023-07-28 10:51:45,984.45,3141273,76,983.07,407741,484330,-0.5857106791214294,0
2023-07-28 10:51:46,984.45,3142239,145,983.07,408012,484540,-0.5857106791214294,0
2023-07-28 10:51:47,984.0,3143486,70,983.07,406557,485037,-0.6311537490532694,0
2023-07-28 10:51:47,983.95,3143486,145,983.07,406557,485037,-0.6362029790456909,0
2023-07-28 10:51:49,984.25,3147687,511,983.07,407183,487009,-0.6059075990911386,0
2023-07-28 10:51:50,984.0,3150653,31,983.07,407606,487892,-0.6311537490532694,0
2023-07-28 10:51:51,984.25,3150693,8,983.07,407377,487555,-0.6059075990911386,0
2023-07-28 10:51:51,984.1,3150693,2,983.07,407377,487555,-0.6210552890684148,0
2023-07-28 10:51:52,984.1,3153155,1,983.07,408014,486175,-0.6210552890684148,0
2023-07-28 10:51:52,984.25,3153155,369,983.07,408014,486175,-0.6059075990911386,0
2023-07-28 10:51:53,984.25,3156847,554,983.07,406746,486960,-0.6059075990911386,0
2023-07-28 10:51:54,984.1,3157834,21,983.08,407586,486151,-0.6210552890684148,0
2023-07-28 10:51:55,984.1,3158978,45,983.08,407436,485410,-0.6210552890684148,0
2023-07-28 10:51:56,984.25,3159208,1,983.08,407713,487684,-0.6059075990911386,0
2023-07-28 10:51:57,984.25,3159606,184,983.08,407415,487398,-0.6059075990911386,0
2023-07-28 10:51:59,984.2,3159740,17,983.08,406544,488174,-0.6109568290835602,0
2023-07-28 10:51:59,984.1,3159740,2,983.08,406544,488174,-0.6210552890684148,0
2023-07-28 10:52:00,984.2,3159822,1,983.08,405800,487881,-0.6109568290835602,0
2023-07-28 10:52:00,984.2,3159822,13,983.08,405800,487881,-0.6109568290835602,0
2023-07-28 10:52:00,984.25,3159822,17,983.08,405800,487881,-0.6059075990911386,0
2023-07-28 10:52:02,984.25,3159965,5,983.08,408198,486444,-0.6059075990911386,0
2023-07-28 10:52:03,984.25,3160006,29,983.08,408198,486818,-0.6059075990911386,0
2023-07-28 10:52:05,984.1,3160075,6,983.08,407065,487491,-0.6210552890684148,0
2023-07-28 10:52:05,984.1,3160089,4,983.08,407349,487389,-0.6210552890684148,0
2023-07-28 10:52:05,984.1,3160089,3,983.08,407349,487389,-0.6210552890684148,0
2023-07-28 10:52:06,984.1,3160093,3,983.08,407476,487320,-0.6210552890684148,0
2023-07-28 10:52:06,984.05,3160093,30,983.08,407476,487320,-0.6261045190608479,0
2023-07-28 10:52:08,984.05,3160194,1,983.08,407189,486764,-0.6261045190608479,0
2023-07-28 10:52:09,983.95,3160563,58,983.08,406754,485978,-0.6362029790456909,0
2023-07-28 10:52:09,984.0,3160563,56,983.08,406754,485978,-0.6311537490532694,0
2023-07-28 10:52:10,983.95,3163654,4,983.08,405051,483853,-0.6362029790456909,0
2023-07-28 10:52:11,983.95,3163916,1,983.08,405939,483750,-0.6362029790456909,0
2023-07-28 10:52:13,984.0,3164501,15,983.08,405196,483701,-0.6311537490532694,0
2023-07-28 10:52:13,984.0,3164904,403,983.08,405409,483298,-0.6311537490532694,0
2023-07-28 10:52:13,984.0,3164904,13,983.08,405409,483298,-0.6311537490532694,0
2023-07-28 10:52:14,983.95,3165259,10,983.08,405473,485458,-0.6362029790456909,0
2023-07-28 10:52:15,984.0,3165363,1,983.08,405511,485371,-0.6311537490532694,0
2023-07-28 10:52:15,984.0,3165363,310,983.08,405511,485371,-0.6311537490532694,0
2023-07-28 10:52:16,984.0,3166053,5,983.08,405291,485057,-0.6311537490532694,0
2023-07-28 10:52:16,984.0,3166053,5,983.08,405291,485057,-0.6311537490532694,0
2023-07-28 10:52:17,983.8,3166943,40,983.08,404240,485129,-0.6513506690229786,0
2023-07-28 10:52:18,983.8,3166945,1,983.08,405187,485540,-0.6513506690229786,0
2023-07-28 10:52:19,983.8,3166959,14,983.08,404370,486202,-0.6513506690229786,0
2023-07-28 10:52:19,983.8,3166959,32,983.08,404370,486202,-0.6513506690229786,0
2023-07-28 10:52:20,983.8,3166991,32,983.08,405083,486538,-0.6513506690229786,0
2023-07-28 10:52:22,984.0,3174750,6493,983.08,405826,484227,-0.6311537490532694,0
2023-07-28 10:52:23,984.0,3175564,7,983.08,404757,484704,-0.6311537490532694,0
2023-07-28 10:52:23,984.05,3175564,2,983.08,404757,484704,-0.6261045190608479,0
2023-07-28 10:52:25,984.05,3175875,5,983.08,405146,486490,-0.6261045190608479,0
2023-07-28 10:52:25,984.1,3175880,5,983.08,405236,486524,-0.6210552890684148,0
2023-07-28 10:52:26,984.2,3175881,19,983.08,405294,486532,-0.6109568290835602,0
2023-07-28 10:52:26,984.2,3175903,19,983.08,406336,486529,-0.6109568290835602,0
2023-07-28 10:52:26,984.2,3175903,116,983.08,406336,486529,-0.6109568290835602,0
2023-07-28 10:52:28,984.2,3176575,1,983.08,404686,487558,-0.6109568290835602,0
2023-07-28 10:52:28,984.2,3176575,1,983.08,404686,487558,-0.6109568290835602,0
2023-07-28 10:52:29,984.25,3177303,11,983.08,406969,488055,-0.6059075990911386,0
2023-07-28 10:52:30,984.3,3177351,37,983.08,406592,484309,-0.600858369098717,0
2023-07-28 10:52:30,984.3,3177757,37,983.08,407220,484526,-0.600858369098717,0
2023-07-28 10:52:30,984.35,3177757,3,983.08,407220,484526,-0.595809139106284,0
2023-07-28 10:52:32,984.4,3177986,30,983.08,406653,484653,-0.5907599091138624,0
2023-07-28 10:52:33,984.45,3178372,26,983.08,407505,484800,-0.5857106791214294,0
2023-07-28 10:52:36,984.55,3181788,1,983.08,409082,484586,-0.5756122191365862,0
2023-07-28 10:52:36,984.5,3182874,8,983.08,406338,484001,-0.5806614491290079,0
2023-07-28 10:52:38,984.55,3183472,6,983.08,405419,483165,-0.5756122191365862,0
2023-07-28 10:52:38,984.65,3183472,31,983.08,405419,483165,-0.5655137591517316,0
2023-07-28 10:52:39,984.55,3183892,1,983.08,405223,485518,-0.5756122191365862,0
2023-07-28 10:52:40,984.35,3186726,1,983.08,406062,481923,-0.595809139106284,0
2023-07-28 10:52:41,984.55,3186829,1,983.08,405857,482607,-0.5756122191365862,0
2023-07-28 10:52:42,984.55,3186830,1,983.08,405846,482941,-0.5756122191365862,0
2023-07-28 10:52:43,984.55,3186845,10,983.08,405702,483800,-0.5756122191365862,0
2023-07-28 10:52:44,984.55,3187423,1,983.09,406790,485232,-0.5756122191365862,0
2023-07-28 10:52:45,984.55,3187596,70,983.09,406630,486158,-0.5756122191365862,0
2023-07-28 10:52:47,984.55,3187897,10,983.09,406407,483224,-0.5756122191365862,0
2023-07-28 10:52:47,984.55,3187900,1,983.09,407054,482525,-0.5756122191365862,0
2023-07-28 10:52:49,984.55,3187907,1,983.09,406457,483141,-0.5756122191365862,0
2023-07-28 10:52:49,984.55,3187907,1,983.09,406457,483141,-0.5756122191365862,0
2023-07-28 10:52:50,984.55,3188190,2,983.09,406622,483920,-0.5756122191365862,0
2023-07-28 10:52:50,984.65,3188190,1,983.09,406622,483920,-0.5655137591517316,0
2023-07-28 10:52:51,984.65,3188244,10,983.09,407019,485451,-0.5655137591517316,0
2023-07-28 10:52:51,984.65,3188244,34,983.09,407019,485451,-0.5655137591517316,0
2023-07-28 10:52:52,984.6,3188398,1,983.09,407901,485478,-0.5705629891441533,0
2023-07-28 10:52:53,984.55,3189117,13,983.09,407151,485565,-0.5756122191365862,0
2023-07-28 10:52:54,984.55,3189285,3,983.09,408153,483790,-0.5756122191365862,0
2023-07-28 10:52:56,984.4,3191555,163,983.09,407548,481792,-0.5907599091138624,0
2023-07-28 10:52:56,984.4,3191555,10,983.09,407548,481792,-0.5907599091138624,0
2023-07-28 10:52:57,984.7,3192203,100,983.09,408114,482780,-0.5604645291592986,0
2023-07-28 10:52:57,984.7,3192203,100,983.09,408114,482780,-0.5604645291592986,0
2023-07-28 10:52:58,984.7,3192307,9,983.09,407902,482361,-0.5604645291592986,0
2023-07-28 10:52:58,984.7,3192307,9,983.09,407902,482361,-0.5604645291592986,0
2023-07-28 10:52:58,984.7,3192307,9,983.09,407912,482358,-0.5604645291592986,0
2023-07-28 10:52:58,984.75,3192307,2,983.09,407912,482358,-0.555415299166877,0
2023-07-28 10:52:58,984.7,3192307,3,983.09,407912,482358,-0.5604645291592986,0
2023-07-28 10:53:01,984.7,3192464,2,983.09,407742,481285,-0.5604645291592986,0
2023-07-28 10:53:01,984.45,3192464,1,983.09,407742,481285,-0.5857106791214294,0
2023-07-28 10:53:02,984.45,3192465,1,983.09,407793,481455,-0.5857106791214294,0
2023-07-28 10:53:02,984.45,3192465,1,983.09,407793,481455,-0.5857106791214294,0
2023-07-28 10:53:04,984.4,3192516,8,983.09,406235,482197,-0.5907599091138624,0
2023-07-28 10:53:04,984.35,3192516,8,983.09,406235,482197,-0.595809139106284,0
2023-07-28 10:53:05,984.25,3192912,5,983.09,406730,483134,-0.6059075990911386,0
2023-07-28 10:53:06,984.25,3193137,225,983.09,406806,482968,-0.6059075990911386,0
2023-07-28 10:53:06,984.25,3193137,225,983.09,406806,482968,-0.6059075990911386,0
2023-07-28 10:53:06,984.05,3193137,4,983.09,406806,482968,-0.6261045190608479,0
2023-07-28 10:53:08,984.05,3193168,1,983.09,406540,483362,-0.6261045190608479,0
2023-07-28 10:53:09,984.05,3193252,1,983.09,406740,483501,-0.6261045190608479,0
2023-07-28 10:53:10,984.05,3193326,2,983.09,406736,483408,-0.6261045190608479,0
2023-07-28 10:53:11,984.1,3193329,1,983.09,406739,483276,-0.6210552890684148,0
2023-07-28 10:53:12,983.95,3194183,10,983.09,404997,484758,-0.6362029790456909,0
2023-07-28 10:53:13,983.95,3195181,2,983.09,407456,484657,-0.6362029790456909,0
2023-07-28 10:53:14,984.05,3195184,26,983.09,407790,484951,-0.6261045190608479,0
2023-07-28 10:53:15,984.0,3195303,1,983.09,406749,486113,-0.6311537490532694,0
2023-07-28 10:53:16,984.0,3195304,1,983.09,406490,488097,-0.6311537490532694,0
2023-07-28 10:53:17,984.0,3195305,1,983.09,406434,488450,-0.6311537490532694,0
2023-07-28 10:53:19,984.05,3195623,25,983.09,406351,488010,-0.6261045190608479,0
2023-07-28 10:53:19,984.0,3195678,12,983.09,406349,487601,-0.6311537490532694,0
2023-07-28 10:53:20,984.0,3195754,32,983.09,406287,488056,-0.6311537490532694,0
2023-07-28 10:53:21,983.95,3196323,1,983.09,405501,488269,-0.6362029790456909,0
2023-07-28 10:53:21,983.95,3196323,1,983.09,405501,488269,-0.6362029790456909,0
2023-07-28 10:53:22,983.9,3197552,19,983.09,405488,486980,-0.641252209038124,0
2023-07-28 10:53:23,983.9,3197799,77,983.09,405240,486026,-0.641252209038124,0
2023-07-28 10:53:23,983.9,3197799,77,983.09,405240,486026,-0.641252209038124,0
2023-07-28 10:53:24,983.9,3197856,3,983.09,405342,485684,-0.641252209038124,0
2023-07-28 10:53:24,983.9,3197856,3,983.09,405342,485684,-0.641252209038124,0
2023-07-28 10:53:25,984.0,3197876,5,983.09,405596,487428,-0.6311537490532694,0
2023-07-28 10:53:25,984.0,3197876,56,983.09,405596,487428,-0.6311537490532694,0
2023-07-28 10:53:26,984.0,3198091,56,983.09,405658,487214,-0.6311537490532694,0
2023-07-28 10:53:26,984.0,3198091,121,983.09,405658,487214,-0.6311537490532694,0
2023-07-28 10:53:28,983.9,3198712,2,983.09,405308,485779,-0.641252209038124,0
2023-07-28 10:53:29,984.0,3199071,2,983.09,406573,487138,-0.6311537490532694,0
2023-07-28 10:53:29,984.0,3199071,2,983.09,406573,487138,-0.6311537490532694,0
2023-07-28 10:53:30,984.0,3199154,80,983.09,405988,487415,-0.6311537490532694,0
2023-07-28 10:53:30,983.95,3199154,4,983.09,405988,487415,-0.6362029790456909,0
2023-07-28 10:53:30,983.95,3199417,4,983.09,405665,487014,-0.6362029790456909,0
2023-07-28 10:53:30,984.0,3199417,73,983.09,405665,487014,-0.6311537490532694,0
2023-07-28 10:53:32,984.0,3199776,1,983.09,404963,486723,-0.6311537490532694,0
2023-07-28 10:53:33,984.05,3200748,29,983.09,405578,487606,-0.6261045190608479,0
2023-07-28 10:53:34,984.0,3200927,6,983.09,405529,488014,-0.6311537490532694,0
2023-07-28 10:53:35,984.05,3200990,5,983.09,405533,488042,-0.6261045190608479,0
2023-07-28 10:53:37,984.05,3201087,18,983.09,405765,488878,-0.6261045190608479,0
2023-07-28 10:53:37,983.9,3201750,23,983.09,400766,488402,-0.641252209038124,0
2023-07-28 10:53:38,983.85,3201751,1,983.09,405205,488357,-0.6463014390305456,0
2023-07-28 10:53:38,983.85,3201751,14,983.09,405205,488357,-0.6463014390305456,0
2023-07-28 10:53:39,983.85,3201828,14,983.09,404923,488371,-0.6463014390305456,0
2023-07-28 10:53:40,983.85,3201852,15,983.09,404525,488456,-0.6463014390305456,0
2023-07-28 10:53:42,983.9,3201902,50,983.09,404335,489328,-0.641252209038124,0
2023-07-28 10:53:42,983.9,3201902,1,983.09,404335,489328,-0.641252209038124,0
2023-07-28 10:53:42,983.9,3201902,62,983.09,404335,489328,-0.641252209038124,0
2023-07-28 10:53:43,983.9,3201971,62,983.09,404395,488147,-0.641252209038124,0
2023-07-28 10:53:45,983.9,3202030,50,983.09,404402,488680,-0.641252209038124,0
2023-07-28 10:53:46,983.9,3202031,1,983.09,403698,488680,-0.641252209038124,0
2023-07-28 10:53:46,983.85,3202031,4,983.09,403698,488680,-0.6463014390305456,0
2023-07-28 10:53:47,983.9,3202045,2,983.09,404436,489414,-0.641252209038124,0
2023-07-28 10:53:48,983.85,3202536,1,983.09,404479,486260,-0.6463014390305456,0
2023-07-28 10:53:50,983.9,3202614,31,983.09,405301,487500,-0.641252209038124,0
2023-07-28 10:53:50,983.9,3202645,31,983.09,405180,487491,-0.641252209038124,0
2023-07-28 10:53:51,983.9,3202766,20,983.09,404945,487274,-0.641252209038124,0
2023-07-28 10:53:52,983.95,3203060,1,983.09,405491,487952,-0.6362029790456909,0
2023-07-28 10:53:53,983.95,3203071,11,983.09,405065,487970,-0.6362029790456909,0
2023-07-28 10:53:55,983.95,3203100,2,983.09,405085,488659,-0.6362029790456909,0
2023-07-28 10:53:55,984.0,3203130,16,983.09,405232,488741,-0.6311537490532694,0
2023-07-28 10:53:56,984.0,3203340,10,983.09,404499,489134,-0.6311537490532694,0
2023-07-28 10:53:57,984.0,3203371,31,983.09,403545,488703,-0.6311537490532694,0
2023-07-28 10:53:57,984.0,3203371,31,983.09,403545,488703,-0.6311537490532694,0
2023-07-28 10:53:58,983.95,3203374,7,983.09,404047,488951,-0.6362029790456909,0
2023-07-28 10:53:59,984.0,3203513,20,983.09,404731,488739,-0.6311537490532694,0
2023-07-28 10:54:00,983.95,3203542,1,983.09,405105,487080,-0.6362029790456909,0
2023-07-28 10:54:01,984.0,3203644,28,983.09,405596,487055,-0.6311537490532694,0
2023-07-28 10:54:01,984.0,3203751,28,983.09,405623,488390,-0.6311537490532694,0
2023-07-28 10:54:01,984.05,3203751,46,983.09,405623,488390,-0.6261045190608479,0
2023-07-28 10:54:03,984.0,3203861,7,983.09,405424,488362,-0.6311537490532694,0
2023-07-28 10:54:04,984.05,3203884,11,983.09,405416,489053,-0.6261045190608479,0
2023-07-28 10:54:04,984.05,3203884,11,983.09,405416,489053,-0.6261045190608479,0
2023-07-28 10:54:06,984.0,3204629,5,983.09,405924,488731,-0.6311537490532694,0
2023-07-28 10:54:06,983.9,3204629,1,983.09,405924,488731,-0.641252209038124,0
2023-07-28 10:54:07,983.9,3204666,1,983.09,405903,487319,-0.641252209038124,0
2023-07-28 10:54:08,984.0,3204672,5,983.09,405914,487314,-0.6311537490532694,0
2023-07-28 10:54:10,983.9,3205296,3,983.09,404924,489626,-0.641252209038124,0
2023-07-28 10:54:10,983.9,3205296,3,983.09,405357,490357,-0.641252209038124,0
2023-07-28 10:54:10,983.9,3205296,3,983.09,405357,490357,-0.641252209038124,0
2023-07-28 10:54:11,983.9,3205415,1,983.09,405502,490842,-0.641252209038124,0
2023-07-28 10:54:12,983.9,3205416,1,983.09,405746,490952,-0.641252209038124,0
2023-07-28 10:54:13,983.9,3205655,1,983.09,404631,486338,-0.641252209038124,0
2023-07-28 10:54:15,984.0,3207266,22,983.09,404896,487891,-0.6311537490532694,0
2023-07-28 10:54:15,983.9,3207267,382,983.09,405391,488884,-0.641252209038124,0
2023-07-28 10:54:16,983.85,3207650,1,983.09,405395,488657,-0.6463014390305456,0
2023-07-28 10:54:17,983.85,3207771,5,983.09,405287,486029,-0.6463014390305456,0
2023-07-28 10:54:18,983.9,3208026,24,983.09,405290,488648,-0.641252209038124,0
2023-07-28 10:54:20,983.85,3208150,1,983.09,405373,488630,-0.6463014390305456,0
2023-07-28 10:54:21,983.95,3208244,3,983.09,405350,488577,-0.6362029790456909,0
2023-07-28 10:54:21,983.95,3208244,3,983.09,405350,488577,-0.6362029790456909,0
2023-07-28 10:54:23,983.95,3208307,14,983.09,404706,490080,-0.6362029790456909,0
2023-07-28 10:54:23,983.95,3208335,1,983.09,404765,489929,-0.6362029790456909,0
2023-07-28 10:54:24,983.85,3208634,2,983.09,403549,490524,-0.6463014390305456,0
2023-07-28 10:54:24,983.85,3208634,1,983.09,403549,490524,-0.6463014390305456,0
2023-07-28 10:54:27,983.85,3209023,1,983.09,403996,489617,-0.6463014390305456,0
2023-07-28 10:54:27,983.8,3209235,130,983.09,404062,488010,-0.6513506690229786,0
2023-07-28 10:54:28,983.75,3209616,26,983.09,404665,490316,-0.6563998990154002,0
2023-07-28 10:54:29,983.75,3210005,1,983.09,405069,490415,-0.6563998990154002,0
2023-07-28 10:54:30,983.8,3210013,1,983.09,404388,490726,-0.6513506690229786,0
2023-07-28 10:54:31,983.8,3210020,1,983.09,405031,490762,-0.6513506690229786,0
2023-07-28 10:54:31,983.8,3210020,4,983.09,405031,490762,-0.6513506690229786,0
2023-07-28 10:54:32,983.8,3210037,1,983.09,405224,489371,-0.6513506690229786,0
2023-07-28 10:54:34,983.9,3211646,6,983.09,405850,483153,-0.641252209038124,0
2023-07-28 10:54:34,983.9,3212111,6,983.09,405685,487443,-0.641252209038124,0
2023-07-28 10:54:34,983.9,3212111,6,983.09,405685,487443,-0.641252209038124,0
2023-07-28 10:54:35,983.8,3212172,1,983.09,406094,487018,-0.6513506690229786,0
2023-07-28 10:54:36,983.8,3212294,1,983.09,405972,488430,-0.6513506690229786,0
2023-07-28 10:54:37,983.8,3212296,1,983.09,405975,488424,-0.6513506690229786,0
2023-07-28 10:54:37,983.8,3212296,1,983.09,405975,488424,-0.6513506690229786,0
2023-07-28 10:54:39,983.95,3212375,76,983.09,406033,485697,-0.6362029790456909,0
2023-07-28 10:54:39,983.8,3212375,1,983.09,406033,485697,-0.6513506690229786,0
2023-07-28 10:54:40,983.8,3212478,1,983.09,405633,486436,-0.6513506690229786,0
2023-07-28 10:54:40,983.9,3212489,1,983.09,405594,486334,-0.641252209038124,0
2023-07-28 10:54:42,983.9,3212513,1,983.09,405611,486287,-0.641252209038124,0
2023-07-28 10:54:42,983.95,3212524,7,983.09,406011,485970,-0.6362029790456909,0
2023-07-28 10:54:43,983.9,3212580,1,983.09,406007,485821,-0.641252209038124,0
2023-07-28 10:54:44,983.95,3213093,13,983.09,406343,486110,-0.6362029790456909,0
2023-07-28 10:54:45,984.05,3214488,2,983.09,404949,486757,-0.6261045190608479,0
2023-07-28 10:54:45,984.0,3214488,1,983.09,404949,486757,-0.6311537490532694,0
2023-07-28 10:54:47,984.05,3214616,2,983.09,405866,485742,-0.6261045190608479,0
2023-07-28 10:54:48,984.0,3214627,1,983.09,405883,486402,-0.6311537490532694,0
2023-07-28 10:54:49,984.0,3215024,1,983.09,405927,485666,-0.6311537490532694,0
2023-07-28 10:54:50,984.0,3215156,1,983.09,405760,486232,-0.6311537490532694,0
2023-07-28 10:54:52,984.0,3215217,1,983.09,405996,485492,-0.6311537490532694,0
2023-07-28 10:54:53,984.05,3215261,1,983.09,404964,485432,-0.6261045190608479,0
2023-07-28 10:54:53,984.0,3215268,1,983.09,406552,484646,-0.6311537490532694,0
2023-07-28 10:54:54,984.05,3215489,1,983.09,406078,484319,-0.6261045190608479,0
2023-07-28 10:54:55,984.05,3215505,1,983.09,407389,484436,-0.6261045190608479,0
2023-07-28 10:54:55,984.15,3215505,1,983.09,407389,484436,-0.6160060590759933,0
2023-07-28 10:54:57,984.1,3215793,5,983.09,406688,485841,-0.6210552890684148,0
2023-07-28 10:54:57,984.1,3215793,5,983.09,406862,485835,-0.6210552890684148,0
2023-07-28 10:54:58,984.45,3217036,15,983.09,409468,488068,-0.5857106791214294,0
2023-07-28 10:54:58,984.45,3217036,15,983.09,409468,488068,-0.5857106791214294,0
2023-07-28 10:54:59,984.45,3217040,2,983.09,409740,487971,-0.5857106791214294,0
2023-07-28 10:55:00,984.45,3217137,73,983.09,410445,496398,-0.5857106791214294,0
2023-07-28 10:55:02,984.45,3217340,1,983.09,410294,496057,-0.5857106791214294,0
2023-07-28 10:55:02,984.45,3217389,1,983.09,410443,496708,-0.5857106791214294,0
2023-07-28 10:55:03,984.45,3217402,1,983.09,410470,496020,-0.5857106791214294,0
2023-07-28 10:55:04,984.5,3217542,1,983.09,410433,495909,-0.5806614491290079,0
2023-07-28 10:55:05,984.5,3217766,2,983.09,406608,497920,-0.5806614491290079,0
2023-07-28 10:55:06,984.4,3217917,2,983.09,407924,492640,-0.5907599091138624,0
2023-07-28 10:55:07,984.35,3217974,1,983.09,408209,498155,-0.595809139106284,0
2023-07-28 10:55:07,984.35,3217974,1,983.09,408209,498155,-0.595809139106284,0
2023-07-28 10:55:09,984.35,3217980,1,983.09,393216,498448,-0.595809139106284,0
2023-07-28 10:55:09,984.3,3218352,26,983.09,408277,496157,-0.600858369098717,0
2023-07-28 10:55:10,984.3,3218354,16,983.09,407588,496690,-0.600858369098717,0
2023-07-28 10:55:12,984.3,3218744,1,983.09,407769,496902,-0.600858369098717,0
2023-07-28 10:55:13,984.3,3218747,1,983.09,408019,496922,-0.600858369098717,0
2023-07-28 10:55:13,984.3,3218747,1,983.09,407997,496916,-0.600858369098717,0
2023-07-28 10:55:13,984.3,3218747,1,983.09,407997,496916,-0.600858369098717,0
2023-07-28 10:55:14,984.3,3218783,6,983.09,408920,498964,-0.600858369098717,0
2023-07-28 10:55:15,984.3,3218944,5,983.1,408134,497628,-0.600858369098717,0
2023-07-28 10:55:15,984.3,3218944,4,983.1,408134,497628,-0.600858369098717,0
2023-07-28 10:55:17,984.25,3219067,3,983.1,408190,497456,-0.6059075990911386,0
2023-07-28 10:55:17,984.25,3219067,3,983.1,408190,497456,-0.6059075990911386,0
2023-07-28 10:55:18,984.0,3219081,1,983.1,408047,496936,-0.6311537490532694,0
2023-07-28 10:55:18,984.25,3219081,4,983.1,408047,496936,-0.6059075990911386,0
2023-07-28 10:55:20,984.0,3219121,1,983.1,408815,496633,-0.6311537490532694,0
2023-07-28 10:55:21,984.1,3219124,1,983.1,408960,497622,-0.6210552890684148,0
2023-07-28 10:55:23,984.25,3227469,1,983.1,411124,491752,-0.6059075990911386,0
2023-07-28 10:55:24,984.25,3227472,1,983.1,411161,491975,-0.6059075990911386,0
2023-07-28 10:55:24,984.25,3227472,1,983.1,411161,491975,-0.6059075990911386,0
2023-07-28 10:55:25,984.25,3227919,1,983.1,410956,492242,-0.6059075990911386,0
2023-07-28 10:55:25,984.25,3227931,1,983.1,411266,492550,-0.6059075990911386,0
2023-07-28 10:55:27,984.3,3229097,20,983.1,410719,497474,-0.600858369098717,0
2023-07-28 10:55:27,984.25,3229304,1,983.1,411415,497568,-0.6059075990911386,0
2023-07-28 10:55:28,984.25,3229310,1,983.1,407690,495853,-0.6059075990911386,0
2023-07-28 10:55:28,984.3,3229310,2,983.1,407690,495853,-0.600858369098717,0
2023-07-28 10:55:29,984.05,3229582,1,983.1,397244,489560,-0.6261045190608479,0
2023-07-28 10:55:30,984.3,3230431,2,983.1,396781,489029,-0.600858369098717,0
2023-07-28 10:55:31,984.05,3230506,8,983.1,396626,489216,-0.6261045190608479,0
2023-07-28 10:55:31,984.15,3230506,1,983.1,395853,489445,-0.6160060590759933,0
2023-07-28 10:55:34,984.25,3230532,25,983.1,396523,489949,-0.6059075990911386,0
2023-07-28 10:55:35,984.15,3230565,1,983.1,396568,489820,-0.6160060590759933,0
2023-07-28 10:55:36,984.05,3230604,1,983.1,396904,489820,-0.6261045190608479,0
2023-07-28 10:55:36,984.05,3230604,5,983.1,396904,489820,-0.6261045190608479,0
2023-07-28 10:55:37,983.95,3231139,17,983.1,410048,495609,-0.6362029790456909,0
2023-07-28 10:55:37,984.15,3231139,1,983.1,410048,495609,-0.6160060590759933,0
2023-07-28 10:55:38,984.0,3231145,5,983.1,410108,495518,-0.6311537490532694,0
2023-07-28 10:55:39,984.0,3231203,14,983.1,410056,498558,-0.6311537490532694,0
2023-07-28 10:55:41,984.0,3231240,1,983.1,410188,498526,-0.6311537490532694,0
2023-07-28 10:55:41,984.0,3231241,1,983.1,410409,498546,-0.6311537490532694,0
2023-07-28 10:55:43,984.0,3231268,1,983.1,408897,498553,-0.6311537490532694,0
2023-07-28 10:55:43,984.0,3231268,1,983.1,404377,498913,-0.6311537490532694,0
2023-07-28 10:55:43,984.0,3231268,1,983.1,404377,498913,-0.6311537490532694,0
2023-07-28 10:55:45,984.0,3231270,1,983.1,410328,498957,-0.6311537490532694,0
2023-07-28 10:55:45,983.95,3231456,2,983.1,410236,498403,-0.6362029790456909,0
2023-07-28 10:55:46,983.95,3231561,1,983.1,410099,497840,-0.6362029790456909,0
2023-07-28 10:55:46,984.0,3231561,1,983.1,410099,497840,-0.6311537490532694,0
2023-07-28 10:55:47,984.0,3231571,3,983.1,410093,498421,-0.6311537490532694,0
2023-07-28 10:55:48,984.0,3231622,96,983.1,409874,498646,-0.6311537490532694,0
2023-07-28 10:55:49,984.05,3231886,2,983.1,409612,501530,-0.6261045190608479,0
2023-07-28 10:55:50,984.0,3232014,6,983.1,409653,503524,-0.6311537490532694,0
2023-07-28 10:55:51,983.85,3235024,524,983.1,406074,503974,-0.6463014390305456,0
2023-07-28 10:55:52,983.9,3237010,5,983.1,407201,502404,-0.641252209038124,0
2023-07-28 10:55:53,983.75,3237022,2,983.1,407324,502342,-0.6563998990154002,0
2023-07-28 10:55:53,983.75,3237022,2,983.1,407324,502342,-0.6563998990154002,0
2023-07-28 10:55:55,983.75,3237168,2,983.1,407409,502218,-0.6563998990154002,0
2023-07-28 10:55:55,983.9,3237170,1,983.1,407450,502625,-0.641252209038124,0
2023-07-28 10:55:55,983.9,3237170,2,983.1,407451,502628,-0.641252209038124,0
2023-07-28 10:55:57,983.9,3237177,1,983.1,407491,502707,-0.641252209038124,0
2023-07-28 10:55:57,983.75,3237177,1,983.1,407491,502707,-0.6563998990154002,0
2023-07-28 10:55:59,983.75,3237323,1,983.1,407626,502783,-0.6563998990154002,0
2023-07-28 10:55:59,983.7,3237323,15,983.1,407626,502783,-0.6614491290078217,0
2023-07-28 10:56:00,983.9,3237362,1,983.1,407838,501593,-0.641252209038124,0
2023-07-28 10:56:01,983.9,3237513,64,983.1,408049,501252,-0.641252209038124,0
2023-07-28 10:56:02,983.75,3237563,50,983.1,408182,500391,-0.6563998990154002,0
2023-07-28 10:56:03,983.9,3237684,1,983.1,408084,499696,-0.641252209038124,0
2023-07-28 10:56:04,983.85,3237686,2,983.1,407982,499709,-0.6463014390305456,0
2023-07-28 10:56:06,983.95,3237864,2,983.1,408247,498999,-0.6362029790456909,0
2023-07-28 10:56:06,983.95,3237864,2,983.1,407572,500319,-0.6362029790456909,0
2023-07-28 10:56:06,983.85,3237864,6,983.1,407572,500319,-0.6463014390305456,0
2023-07-28 10:56:07,983.85,3238006,30,983.1,407641,500011,-0.6463014390305456,0
2023-07-28 10:56:07,983.85,3238006,30,983.1,407641,500011,-0.6463014390305456,0
2023-07-28 10:56:08,983.95,3238010,2,983.1,407903,500587,-0.6362029790456909,0
2023-07-28 10:56:08,983.95,3238010,2,983.1,407903,500587,-0.6362029790456909,0
2023-07-28 10:56:09,983.9,3239648,1,983.1,405642,501125,-0.641252209038124,0
2023-07-28 10:56:10,984.0,3240243,14,983.1,409230,501719,-0.6311537490532694,0
2023-07-28 10:56:11,984.0,3240395,125,983.1,408342,501293,-0.6311537490532694,0
2023-07-28 10:56:12,983.95,3240748,1,983.1,408438,500102,-0.6362029790456909,0
2023-07-28 10:56:12,983.95,3240748,2,983.1,408438,500102,-0.6362029790456909,0
2023-07-28 10:56:12,983.95,3241131,2,983.1,407858,499625,-0.6362029790456909,0
2023-07-28 10:56:12,984.05,3241131,1,983.1,407858,499625,-0.6261045190608479,0
2023-07-28 10:56:14,984.0,3241485,297,983.1,406579,501729,-0.6311537490532694,0
2023-07-28 10:56:15,984.05,3241486,1,983.1,407877,502877,-0.6261045190608479,0
2023-07-28 10:56:16,984.0,3241488,1,983.1,407877,502751,-0.6311537490532694,0
2023-07-28 10:56:16,984.0,3241584,1,983.1,407782,501354,-0.6311537490532694,0
2023-07-28 10:56:16,984.0,3241584,10,983.1,407782,501354,-0.6311537490532694,0
2023-07-28 10:56:18,984.0,3241662,2,983.1,408145,499993,-0.6311537490532694,0
2023-07-28 10:56:19,984.0,3241686,14,983.1,407979,499297,-0.6311537490532694,0
2023-07-28 10:56:21,983.95,3242191,4,983.1,407114,498956,-0.6362029790456909,0
2023-07-28 10:56:21,983.95,3242191,4,983.1,408118,499656,-0.6362029790456909,0
2023-07-28 10:56:21,984.0,3242191,30,983.1,408118,499656,-0.6311537490532694,0
2023-07-28 10:56:21,984.05,3242191,22,983.1,408118,499656,-0.6261045190608479,0
2023-07-28 10:56:21,984.0,3242191,2,983.1,408118,499656,-0.6311537490532694,0
2023-07-28 10:56:24,984.0,3242623,51,983.1,407954,499325,-0.6311537490532694,0
2023-07-28 10:56:24,984.05,3242623,3,983.1,407954,499325,-0.6261045190608479,0
2023-07-28 10:56:25,984.05,3242705,3,983.1,407851,500847,-0.6261045190608479,0
2023-07-28 10:56:25,984.05,3242705,3,983.1,407851,500847,-0.6261045190608479,0
2023-07-28 10:56:26,984.1,3242713,4,983.1,407656,501385,-0.6210552890684148,0
2023-07-28 10:56:27,984.1,3242722,1,983.1,406870,501636,-0.6210552890684148,0
2023-07-28 10:56:28,984.0,3242923,1,983.1,407224,501571,-0.6311537490532694,0
2023-07-28 10:56:28,984.0,3242923,1,983.1,407224,501571,-0.6311537490532694,0
2023-07-28 10:56:28,984.0,3242923,1,983.1,407338,501681,-0.6311537490532694,0
2023-07-28 10:56:28,983.95,3242923,3,983.1,407338,501681,-0.6362029790456909,0
2023-07-28 10:56:28,984.0,3242923,1,983.1,407338,501681,-0.6311537490532694,0
2023-07-28 10:56:31,984.0,3242976,36,983.1,407604,500991,-0.6311537490532694,0
2023-07-28 10:56:31,984.0,3242976,12,983.1,407604,500991,-0.6311537490532694,0
2023-07-28 10:56:31,984.0,3243124,12,983.1,407557,500903,-0.6311537490532694,0
2023-07-28 10:56:31,984.0,3243124,11,983.1,407557,500903,-0.6311537490532694,0
2023-07-28 10:56:33,984.0,3243209,7,983.1,407863,498938,-0.6311537490532694,0
2023-07-28 10:56:34,983.95,3243227,2,983.1,407637,499455,-0.6362029790456909,0
2023-07-28 10:56:34,984.0,3243227,1,983.1,407637,499455,-0.6311537490532694,0
2023-07-28 10:56:35,983.9,3243339,19,983.1,407532,499407,-0.641252209038124,0
2023-07-28 10:56:36,983.9,3243418,2,983.1,406864,499421,-0.641252209038124,0
2023-07-28 10:56:36,983.95,3243418,1,983.1,406864,499421,-0.6362029790456909,0
2023-07-28 10:56:37,983.9,3243451,3,983.1,407071,502802,-0.641252209038124,0
2023-07-28 10:56:37,983.75,3243451,1,983.1,407071,502802,-0.6563998990154002,0
2023-07-28 10:56:37,983.75,3243455,1,983.1,407029,502690,-0.6563998990154002,0
2023-07-28 10:56:39,983.75,3243513,58,983.1,407216,502763,-0.6563998990154002,0
2023-07-28 10:56:39,983.75,3243513,15,983.1,407216,502763,-0.6563998990154002,0
2023-07-28 10:56:40,983.75,3243549,2,983.1,406665,502358,-0.6563998990154002,0
2023-07-28 10:56:40,983.8,3243549,6,983.1,406665,502358,-0.6513506690229786,0
2023-07-28 10:56:41,983.8,3243573,6,983.1,406642,502075,-0.6513506690229786,0
2023-07-28 10:56:42,983.7,3243928,71,983.1,406653,498971,-0.6614491290078217,0
2023-07-28 10:56:44,983.7,3244081,11,983.1,407166,503382,-0.6614491290078217,0
2023-07-28 10:56:44,983.95,3244081,2,983.1,407166,503382,-0.6362029790456909,0
2023-07-28 10:56:44,983.95,3244118,2,983.1,407433,504052,-0.6362029790456909,0
2023-07-28 10:56:44,983.9,3244118,1,983.1,407433,504052,-0.641252209038124,0
2023-07-28 10:56:45,983.9,3244128,1,983.1,407387,504410,-0.641252209038124,0
2023-07-28 10:56:46,983.9,3244130,1,983.1,407445,504308,-0.641252209038124,0
2023-07-28 10:56:46,983.95,3244130,19,983.1,407445,504308,-0.6362029790456909,0
2023-07-28 10:56:47,983.95,3244150,19,983.1,407486,504293,-0.6362029790456909,0
2023-07-28 10:56:47,983.9,3244150,5,983.1,407486,504293,-0.641252209038124,0
2023-07-28 10:56:49,983.65,3244182,1,983.1,407247,504248,-0.6664983590002548,0
2023-07-28 10:56:50,983.65,3244309,31,983.1,407463,503744,-0.6664983590002548,0
2023-07-28 10:56:50,983.65,3244309,2,983.1,407463,503744,-0.6664983590002548,0
2023-07-28 10:56:51,983.9,3244360,17,983.1,407456,503713,-0.641252209038124,0
2023-07-28 10:56:51,983.9,3244360,7,983.1,407450,503708,-0.641252209038124,0
2023-07-28 10:56:52,983.9,3244454,33,983.1,406872,504256,-0.641252209038124,0
2023-07-28 10:56:52,983.9,3244454,3,983.1,406872,504256,-0.641252209038124,0
2023-07-28 10:56:53,983.9,3244521,3,983.1,407156,504212,-0.641252209038124,0
2023-07-28 10:56:55,983.9,3244610,12,983.1,405171,504065,-0.641252209038124,0
2023-07-28 10:56:55,983.9,3244610,2,983.1,405171,504065,-0.641252209038124,0
2023-07-28 10:56:56,983.6,3244793,1,983.1,409321,506495,-0.6715475889926763,0
2023-07-28 10:56:57,983.9,3244925,20,983.1,409260,506968,-0.641252209038124,0
2023-07-28 10:56:58,983.6,3244962,2,983.1,409553,506905,-0.6715475889926763,0
2023-07-28 10:56:58,983.9,3244962,6,983.1,409553,506905,-0.641252209038124,0
2023-07-28 10:56:59,983.55,3245722,217,983.1,409521,506837,-0.6765968189851094,0
2023-07-28 10:57:00,983.55,3246189,2,983.1,410784,507041,-0.6765968189851094,0
2023-07-28 10:57:01,983.5,3246613,30,983.1,410160,507649,-0.6816460489775309,0
2023-07-28 10:57:02,983.85,3246749,21,983.1,410441,507038,-0.6463014390305456,0
2023-07-28 10:57:03,983.9,3247005,2,983.1,410271,506853,-0.641252209038124,0
2023-07-28 10:57:04,983.9,3247062,38,983.1,410132,506631,-0.641252209038124,0
2023-07-28 10:57:04,983.7,3247062,9,983.1,410132,506631,-0.6614491290078217,0
2023-07-28 10:57:06,983.55,3247111,1,983.1,408939,506694,-0.6765968189851094,0
2023-07-28 10:57:06,983.7,3247111,4,983.1,408939,506694,-0.6614491290078217,0
2023-07-28 10:57:07,983.6,3247185,30,983.1,409372,506717,-0.6715475889926763,0
2023-07-28 10:57:07,983.7,3247185,2,983.1,409372,506717,-0.6614491290078217,0
2023-07-28 10:57:08,983.75,3247273,36,983.1,409150,508227,-0.6563998990154002,0
2023-07-28 10:57:09,983.6,3247408,8,983.1,409104,508530,-0.6715475889926763,0
2023-07-28 10:57:10,983.75,3247418,1,983.1,409301,507524,-0.6563998990154002,0
2023-07-28 10:57:10,983.75,3247418,2,983.1,409301,507524,-0.6563998990154002,0
2023-07-28 10:57:12,983.75,3247871,55,983.1,408192,508587,-0.6563998990154002,0
2023-07-28 10:57:12,983.75,3247871,2,983.1,408192,508587,-0.6563998990154002,0
2023-07-28 10:57:13,983.55,3248675,70,983.1,407662,506440,-0.6765968189851094,0
2023-07-28 10:57:13,983.75,3248675,24,983.1,407662,506440,-0.6563998990154002,0
2023-07-28 10:57:14,983.7,3249013,7,983.1,406961,505500,-0.6614491290078217,0
2023-07-28 10:57:15,983.6,3249092,3,983.1,407321,505363,-0.6715475889926763,0
2023-07-28 10:57:16,983.6,3249810,490,983.1,408279,505344,-0.6715475889926763,0
2023-07-28 10:57:16,983.65,3249810,1,983.1,408279,505344,-0.6664983590002548,0
2023-07-28 10:57:18,983.7,3251067,154,983.1,408636,505902,-0.6614491290078217,0
2023-07-28 10:57:18,983.7,3251067,34,983.1,408636,505902,-0.6614491290078217,0
2023-07-28 10:57:19,983.65,3251765,3,983.1,408379,504396,-0.6664983590002548,0
2023-07-28 10:57:20,983.7,3252357,30,983.1,408547,506220,-0.6614491290078217,0
2023-07-28 10:57:21,983.6,3252797,103,983.1,394222,498721,-0.6715475889926763,0
2023-07-28 10:57:23,983.75,3252942,2,983.1,394260,499216,-0.6563998990154002,0
2023-07-28 10:57:24,983.8,3253176,3,983.1,395379,499396,-0.6513506690229786,0
2023-07-28 10:57:24,983.75,3253176,10,983.1,395379,499396,-0.6563998990154002,0
2023-07-28 10:57:25,983.75,3254037,213,983.1,395043,498376,-0.6563998990154002,0
2023-07-28 10:57:25,983.65,3254037,137,983.1,395043,498376,-0.6664983590002548,0
2023-07-28 10:57:26,983.65,3254403,108,983.1,408968,504952,-0.6664983590002548,0
2023-07-28 10:57:27,983.65,3255322,89,983.1,408583,504596,-0.6664983590002548,0
2023-07-28 10:57:27,983.65,3255411,89,983.1,409039,503942,-0.6664983590002548,0
2023-07-28 10:57:27,983.8,3255411,13,983.1,409039,503942,-0.6513506690229786,0
2023-07-28 10:57:29,983.8,3256117,1,983.11,406109,503901,-0.6513506690229786,0
2023-07-28 10:57:30,983.85,3256161,2,983.11,410478,504600,-0.6463014390305456,0
2023-07-28 10:57:32,983.9,3256208,1,983.11,410453,505214,-0.641252209038124,0
2023-07-28 10:57:33,983.9,3256260,4,983.11,410084,505291,-0.641252209038124,0
2023-07-28 10:57:33,983.95,3256299,8,983.11,410784,505227,-0.6362029790456909,0
2023-07-28 10:57:35,983.9,3256642,1,983.11,411866,505548,-0.641252209038124,0
2023-07-28 10:57:35,983.95,3256642,52,983.11,411866,505548,-0.6362029790456909,0
2023-07-28 10:57:36,983.95,3256895,137,983.11,411767,505306,-0.6362029790456909,0
2023-07-28 10:57:36,983.9,3256895,37,983.11,411767,505306,-0.641252209038124,0
2023-07-28 10:57:37,983.85,3257462,25,983.11,411753,504141,-0.6463014390305456,0
2023-07-28 10:57:37,983.75,3257462,113,983.11,411753,504141,-0.6563998990154002,0
2023-07-28 10:57:38,983.9,3257668,30,983.11,412302,503172,-0.641252209038124,0
2023-07-28 10:57:39,983.9,3258037,56,983.11,412148,503658,-0.641252209038124,0
2023-07-28 10:57:40,983.85,3258288,2,983.11,412403,503447,-0.6463014390305456,0
2023-07-28 10:57:40,983.9,3258288,24,983.11,412403,503447,-0.641252209038124,0
2023-07-28 10:57:41,984.0,3258532,37,983.11,412323,505391,-0.6311537490532694,0
2023-07-28 10:57:42,983.9,3258609,1,983.11,412138,502460,-0.641252209038124,0
2023-07-28 10:57:43,983.9,3258662,1,983.11,412222,506347,-0.641252209038124,0
2023-07-28 10:57:43,983.95,3258662,99,983.11,412222,506347,-0.6362029790456909,0
2023-07-28 10:57:44,983.95,3258981,99,983.11,411944,505723,-0.6362029790456909,0
2023-07-28 10:57:46,983.9,3259041,11,983.11,411932,507285,-0.641252209038124,0
2023-07-28 10:57:47,983.95,3259095,30,983.11,411469,505817,-0.6362029790456909,0
2023-07-28 10:57:47,983.95,3259095,1,983.11,411469,505817,-0.6362029790456909,0
2023-07-28 10:57:48,983.9,3261795,1,983.11,413506,504826,-0.641252209038124,0
2023-07-28 10:57:49,983.9,3263175,1,983.11,412942,501431,-0.641252209038124,0
2023-07-28 10:57:49,984.0,3263175,188,983.11,412942,501431,-0.6311537490532694,0
2023-07-28 10:57:50,983.9,3264985,26,983.11,412141,500949,-0.641252209038124,0
2023-07-28 10:57:52,984.0,3265712,1,983.11,411705,500682,-0.6311537490532694,0
2023-07-28 10:57:53,984.0,3265927,44,983.11,413291,501264,-0.6311537490532694,0
2023-07-28 10:57:53,984.0,3265927,1,983.11,413291,501264,-0.6311537490532694,0
2023-07-28 10:57:54,984.0,3265982,1,983.11,413191,501940,-0.6311537490532694,0
2023-07-28 10:57:55,984.0,3266694,1,983.11,412901,498418,-0.6311537490532694,0
2023-07-28 10:57:55,984.0,3267038,87,983.11,412532,501429,-0.6311537490532694,0
2023-07-28 10:57:55,984.0,3267038,1,983.11,412532,501429,-0.6311537490532694,0
2023-07-28 10:57:56,984.0,3267220,1,983.11,412700,501739,-0.6311537490532694,0
2023-07-28 10:57:58,984.0,3267270,2,983.11,413095,500249,-0.6311537490532694,0
2023-07-28 10:57:58,984.0,3267286,1,983.11,413036,500165,-0.6311537490532694,0
2023-07-28 10:57:59,984.0,3267291,1,983.11,413085,500345,-0.6311537490532694,0
2023-07-28 10:58:01,984.0,3267348,1,983.11,412741,500653,-0.6311537490532694,0
2023-07-28 10:58:02,984.0,3268051,1,983.11,413386,500016,-0.6311537490532694,0
2023-07-28 10:58:02,984.1,3268052,1,983.11,413690,502001,-0.6210552890684148,0
2023-07-28 10:58:03,984.1,3268065,7,983.11,413684,502030,-0.6210552890684148,0
2023-07-28 10:58:03,984.15,3268065,1,983.11,413684,502030,-0.6160060590759933,0
2023-07-28 10:58:04,984.1,3268075,1,983.11,413794,502151,-0.6210552890684148,0
2023-07-28 10:58:04,984.1,3268075,1,983.11,413794,502151,-0.6210552890684148,0
2023-07-28 10:58:05,984.1,3268158,1,983.11,413319,502240,-0.6210552890684148,0
2023-07-28 10:58:06,984.1,3268264,37,983.11,413893,501627,-0.6210552890684148,0
2023-07-28 10:58:07,984.1,3268288,4,983.11,413813,502202,-0.6210552890684148,0
2023-07-28 10:58:07,984.15,3268288,9,983.11,413813,502202,-0.6160060590759933,0
2023-07-28 10:58:09,984.15,3268362,1,983.11,413327,501533,-0.6160060590759933,0
2023-07-28 10:58:09,984.15,3268362,1,983.11,413327,501533,-0.6160060590759933,0
2023-07-28 10:58:10,984.15,3268510,103,983.11,413039,501389,-0.6160060590759933,0
2023-07-28 10:58:10,984.15,3268510,22,983.11,413039,501389,-0.6160060590759933,0
2023-07-28 10:58:10,984.0,3268510,1,983.11,413039,501389,-0.6311537490532694,0
2023-07-28 10:58:12,984.0,3268702,1,983.11,413108,501431,-0.6311537490532694,0
2023-07-28 10:58:13,984.0,3268740,1,983.11,412827,502795,-0.6311537490532694,0
2023-07-28 10:58:14,984.0,3268750,1,983.11,412917,502099,-0.6311537490532694,0
2023-07-28 10:58:15,983.9,3270379,91,983.11,406871,503123,-0.641252209038124,0
2023-07-28 10:58:16,983.95,3270654,19,983.11,412499,502761,-0.6362029790456909,0
2023-07-28 10:58:18,984.0,3271955,1,983.11,412705,503729,-0.6311537490532694,0
2023-07-28 10:58:19,984.05,3272824,10,983.11,411880,503387,-0.6261045190608479,0
2023-07-28 10:58:20,984.05,3273319,1,983.11,412459,503990,-0.6261045190608479,0
2023-07-28 10:58:21,984.05,3273499,2,983.11,412476,504535,-0.6261045190608479,0
2023-07-28 10:58:22,984.05,3273615,10,983.11,412743,503113,-0.6261045190608479,0
2023-07-28 10:58:23,984.0,3274380,19,983.11,411388,503842,-0.6311537490532694,0
2023-07-28 10:58:23,984.05,3274380,1,983.11,411388,503842,-0.6261045190608479,0
2023-07-28 10:58:23,984.05,3274393,1,983.11,412210,503816,-0.6261045190608479,0
2023-07-28 10:58:23,983.9,3274393,103,983.11,412210,503816,-0.641252209038124,0
2023-07-28 10:58:25,983.8,3274757,1,983.11,411419,502612,-0.6513506690229786,0
2023-07-28 10:58:25,983.8,3274757,5,983.11,411419,502612,-0.6513506690229786,0
2023-07-28 10:58:26,983.8,3274998,1,983.11,411728,501748,-0.6513506690229786,0
2023-07-28 10:58:27,983.8,3275056,4,983.11,411943,502092,-0.6513506690229786,0
2023-07-28 10:58:28,983.95,3275071,9,983.11,412151,501973,-0.6362029790456909,0
2023-07-28 10:58:28,983.95,3275071,1,983.11,412151,501973,-0.6362029790456909,0
2023-07-28 10:58:29,983.85,3275081,6,983.11,411933,501345,-0.6463014390305456,0
2023-07-28 10:58:30,983.85,3275205,1,983.11,411821,501527,-0.6463014390305456,0
2023-07-28 10:58:31,984.0,3275234,19,983.11,411830,501499,-0.6311537490532694,0
2023-07-28 10:58:31,984.0,3275234,4,983.11,411830,501499,-0.6311537490532694,0
2023-07-28 10:58:32,984.0,3275287,1,983.11,411955,502184,-0.6311537490532694,0
2023-07-28 10:58:33,984.0,3275393,2,983.11,412030,497907,-0.6311537490532694,0
2023-07-28 10:58:34,984.0,3275435,1,983.11,412305,501312,-0.6311537490532694,0
2023-07-28 10:58:34,983.95,3275435,6,983.11,412305,501312,-0.6362029790456909,0
2023-07-28 10:58:34,983.95,3275435,2,983.11,412305,501312,-0.6362029790456909,0
2023-07-28 10:58:35,983.95,3275484,2,983.11,412329,501469,-0.6362029790456909,0
2023-07-28 10:58:35,983.95,3275484,1,983.11,412329,501469,-0.6362029790456909,0
2023-07-28 10:58:37,983.95,3276055,2,983.11,412813,500273,-0.6362029790456909,0
2023-07-28 10:58:37,984.0,3276055,29,983.11,412813,500273,-0.6311537490532694,0
2023-07-28 10:58:38,984.0,3276330,250,983.11,411309,500325,-0.6311537490532694,0
2023-07-28 10:58:39,984.0,3277154,8,983.11,411480,500588,-0.6311537490532694,0
2023-07-28 10:58:39,984.0,3277154,123,983.11,411480,500588,-0.6311537490532694,0
2023-07-28 10:58:40,984.0,3277542,59,983.11,412388,500502,-0.6311537490532694,0
2023-07-28 10:58:41,984.0,3278220,152,983.11,412222,500747,-0.6311537490532694,0
2023-07-28 10:58:42,984.05,3278489,2,983.11,412191,501548,-0.6261045190608479,0
2023-07-28 10:58:42,984.05,3278489,41,983.11,412191,501548,-0.6261045190608479,0
2023-07-28 10:58:42,984.05,3278489,2,983.11,412191,501548,-0.6261045190608479,0
2023-07-28 10:58:44,984.05,3278563,1,983.11,412034,502164,-0.6261045190608479,0
2023-07-28 10:58:45,984.0,3279032,13,983.11,412124,501172,-0.6311537490532694,0
2023-07-28 10:58:46,983.95,3279291,2,983.11,411591,501237,-0.6362029790456909,0
2023-07-28 10:58:47,984.0,3279487,62,983.11,412296,501130,-0.6311537490532694,0
2023-07-28 10:58:47,984.0,3279487,13,983.11,412296,501130,-0.6311537490532694,0
2023-07-28 10:58:48,984.05,3279759,1,983.11,412799,501405,-0.6261045190608479,0
2023-07-28 10:58:49,984.05,3279809,2,983.11,412728,502144,-0.6261045190608479,0
2023-07-28 10:58:50,984.05,3279884,2,983.11,412893,501916,-0.6261045190608479,0
2023-07-28 10:58:51,984.05,3280335,1,983.11,412703,501530,-0.6261045190608479,0
2023-07-28 10:58:52,984.05,3280554,17,983.11,413046,502197,-0.6261045190608479,0
2023-07-28 10:58:52,984.05,3280554,33,983.11,413046,502197,-0.6261045190608479,0
2023-07-28 10:58:53,984.05,3280615,9,983.11,413044,502345,-0.6261045190608479,0
2023-07-28 10:58:54,984.05,3280690,12,983.11,412088,502401,-0.6261045190608479,0
2023-07-28 10:58:55,983.85,3280719,3,983.11,412650,501717,-0.6463014390305456,0
2023-07-28 10:58:55,984.0,3280719,4,983.11,412650,501717,-0.6311537490532694,0
2023-07-28 10:58:56,984.0,3280728,1,983.11,413307,501607,-0.6311537490532694,0
2023-07-28 10:58:57,984.0,3280734,3,983.11,413189,501613,-0.6311537490532694,0
2023-07-28 10:58:57,984.0,3280734,1,983.11,413189,501613,-0.6311537490532694,0
2023-07-28 10:58:58,984.0,3280735,1,983.11,409628,501602,-0.6311537490532694,0
2023-07-28 10:58:58,983.9,3280735,1,983.11,409628,501602,-0.641252209038124,0
2023-07-28 10:58:59,983.85,3280736,2,983.11,411780,502126,-0.6463014390305456,0
2023-07-28 10:59:00,983.9,3280750,1,983.11,412928,503991,-0.641252209038124,0
2023-07-28 10:59:02,983.9,3280756,1,983.11,413209,503426,-0.641252209038124,0
2023-07-28 10:59:02,983.9,3280756,1,983.11,413209,503426,-0.641252209038124,0
2023-07-28 10:59:02,983.9,3280770,1,983.11,413186,504149,-0.641252209038124,0
2023-07-28 10:59:03,983.85,3280774,1,983.11,413186,504079,-0.6463014390305456,0
2023-07-28 10:59:05,983.95,3280957,2,983.11,412886,504191,-0.6362029790456909,0
2023-07-28 10:59:06,983.95,3280971,2,983.11,412895,504099,-0.6362029790456909,0
2023-07-28 10:59:07,983.95,3281027,6,983.11,412749,504097,-0.6362029790456909,0
2023-07-28 10:59:08,983.95,3281049,1,983.11,412952,504115,-0.6362029790456909,0
2023-07-28 10:59:09,984.0,3281344,2,983.11,412517,504196,-0.6311537490532694,0
2023-07-28 10:59:10,984.05,3281423,5,983.11,412706,504473,-0.6261045190608479,0
2023-07-28 10:59:11,984.05,3281455,1,983.11,412515,505221,-0.6261045190608479,0
2023-07-28 10:59:13,984.05,3281515,5,983.11,412250,504119,-0.6261045190608479,0
2023-07-28 10:59:13,984.05,3281526,1,983.11,412257,504143,-0.6261045190608479,0
2023-07-28 10:59:14,984.05,3281528,2,983.11,412252,504424,-0.6261045190608479,0
2023-07-28 10:59:16,984.05,3281545,2,983.11,412633,504331,-0.6261045190608479,0
2023-07-28 10:59:16,983.95,3281579,3,983.11,412509,505119,-0.6362029790456909,0
2023-07-28 10:59:17,983.95,3281648,40,983.11,413053,504540,-0.6362029790456909,0
2023-07-28 10:59:18,983.95,3281656,1,983.11,413200,504487,-0.6362029790456909,0
2023-07-28 10:59:19,983.9,3281673,1,983.11,413212,505608,-0.641252209038124,0
2023-07-28 10:59:21,983.95,3281862,119,983.11,413202,504779,-0.6362029790456909,0
2023-07-28 10:59:21,983.95,3282323,50,983.11,413766,504676,-0.6362029790456909,0
2023-07-28 10:59:21,983.95,3282323,50,983.11,413766,504676,-0.6362029790456909,0
2023-07-28 10:59:23,983.95,3282385,3,983.11,413703,504713,-0.6362029790456909,0
2023-07-28 10:59:23,983.95,3282385,3,983.11,413703,504713,-0.6362029790456909,0
2023-07-28 10:59:23,983.85,3282385,25,983.11,413706,505513,-0.6463014390305456,0
2023-07-28 10:59:23,983.95,3282385,6,983.11,413706,505513,-0.6362029790456909,0
2023-07-28 10:59:25,983.95,3282454,2,983.11,413688,504801,-0.6362029790456909,0
2023-07-28 10:59:25,983.9,3282454,1,983.11,413688,504801,-0.641252209038124,0
2023-07-28 10:59:26,983.9,3282495,34,983.11,412302,505506,-0.641252209038124,0
2023-07-28 10:59:27,983.95,3282539,40,983.11,414549,503749,-0.6362029790456909,0
2023-07-28 10:59:27,983.95,3282539,1,983.11,414549,503749,-0.6362029790456909,0
2023-07-28 10:59:29,983.95,3282565,12,983.11,413252,504107,-0.6362029790456909,0
2023-07-28 10:59:29,983.95,3282757,12,983.11,415153,503969,-0.6362029790456909,0
2023-07-28 10:59:31,984.0,3282857,6,983.11,415341,503951,-0.6311537490532694,0
2023-07-28 10:59:31,984.0,3282857,1,983.11,415341,503951,-0.6311537490532694,0
2023-07-28 10:59:32,984.05,3282899,4,983.11,414794,504039,-0.6261045190608479,0
2023-07-28 10:59:32,984.05,3282899,2,983.11,414794,504039,-0.6261045190608479,0
2023-07-28 10:59:34,984.05,3282948,2,983.11,414816,503693,-0.6261045190608479,0
2023-07-28 10:59:35,984.05,3282992,2,983.11,415157,503928,-0.6261045190608479,0
2023-07-28 10:59:36,984.05,3283126,10,983.11,415381,503684,-0.6261045190608479,0
2023-07-28 10:59:37,984.05,3283174,2,983.11,415358,503674,-0.6261045190608479,0
2023-07-28 10:59:38,984.05,3283189,7,983.11,415358,504054,-0.6261045190608479,0
2023-07-28 10:59:38,984.05,3283189,2,983.11,415358,504054,-0.6261045190608479,0
2023-07-28 10:59:40,984.0,3283296,2,983.11,414043,503950,-0.6311537490532694,0
2023-07-28 10:59:41,984.05,3283397,9,983.11,414815,503958,-0.6261045190608479,0
2023-07-28 10:59:41,984.05,3283397,14,983.11,414815,503958,-0.6261045190608479,0
2023-07-28 10:59:42,984.05,3283470,11,983.11,414923,503087,-0.6261045190608479,0
2023-07-28 10:59:42,984.2,3283470,14,983.11,414923,503087,-0.6109568290835602,0
2023-07-28 10:59:43,984.1,3286983,1,983.11,416358,500924,-0.6210552890684148,0
2023-07-28 10:59:43,984.25,3286983,4,983.11,416358,500924,-0.6059075990911386,0
2023-07-28 10:59:43,984.25,3286983,2,983.11,416358,500924,-0.6059075990911386,0
2023-07-28 10:59:45,984.2,3287065,1,983.11,416190,500838,-0.6109568290835602,0
2023-07-28 10:59:45,984.2,3287065,1,983.11,416190,500838,-0.6109568290835602,0
2023-07-28 10:59:46,984.25,3287078,1,983.11,415844,500887,-0.6059075990911386,0
2023-07-28 10:59:46,984.25,3287078,2,983.11,415844,500887,-0.6059075990911386,0
2023-07-28 10:59:46,984.25,3287078,4,983.11,415844,500887,-0.6059075990911386,0
2023-07-28 10:59:48,984.25,3287137,7,983.11,415745,500740,-0.6059075990911386,0
2023-07-28 10:59:48,984.2,3287137,1,983.11,415745,500740,-0.6109568290835602,0
2023-07-28 10:59:49,984.25,3287154,3,983.11,415847,500986,-0.6059075990911386,0
2023-07-28 10:59:49,984.2,3287154,1,983.11,415847,500986,-0.6109568290835602,0
2023-07-28 10:59:50,984.25,3287250,1,983.11,415984,499642,-0.6059075990911386,0
2023-07-28 10:59:50,984.25,3287250,4,983.11,415984,499642,-0.6059075990911386,0
2023-07-28 10:59:50,984.25,3287254,4,983.11,416095,499682,-0.6059075990911386,0
2023-07-28 10:59:50,984.25,3287254,3,983.11,416095,499682,-0.6059075990911386,0
2023-07-28 10:59:52,984.25,3287353,6,983.11,415874,501119,-0.6059075990911386,0
2023-07-28 10:59:53,984.3,3287516,10,983.11,415468,500802,-0.600858369098717,0
2023-07-28 10:59:54,984.3,3287611,2,983.11,415227,500659,-0.600858369098717,0
2023-07-28 10:59:55,984.25,3287640,2,983.11,415258,500655,-0.6059075990911386,0
2023-07-28 10:59:55,984.25,3287640,3,983.11,415258,500655,-0.6059075990911386,0
2023-07-28 10:59:56,984.2,3288705,1,983.11,414824,502494,-0.6109568290835602,0
2023-07-28 10:59:56,984.2,3288705,5,983.11,414824,502494,-0.6109568290835602,0
2023-07-28 10:59:57,984.2,3288743,5,983.11,414841,502456,-0.6109568290835602,0
2023-07-28 10:59:57,984.2,3288743,5,983.11,414419,501634,-0.6109568290835602,0
2023-07-28 10:59:57,984.1,3288743,10,983.11,414419,501634,-0.6210552890684148,0
2023-07-28 11:00:00,984.1,3288767,2,983.11,414487,501628,-0.6210552890684148,0
2023-07-28 11:00:01,984.4,3290310,13,983.11,414921,499276,-0.5907599091138624,0
2023-07-28 11:00:02,984.4,3290670,11,983.11,416036,498144,-0.5907599091138624,0
2023-07-28 11:00:02,984.4,3290670,5,983.11,416036,498144,-0.5907599091138624,0
2023-07-28 11:00:02,984.4,3291153,5,983.11,415286,498249,-0.5907599091138624,0
2023-07-28 11:00:03,984.4,3292425,12,983.12,415698,500355,-0.5907599091138624,0
2023-07-28 11:00:05,984.4,3292555,2,983.12,416084,500231,-0.5907599091138624,0
2023-07-28 11:00:05,984.3,3292555,2,983.12,416084,500231,-0.600858369098717,0
2023-07-28 11:00:05,984.3,3292580,1,983.12,416407,500598,-0.600858369098717,0
2023-07-28 11:00:07,984.3,3292617,1,983.12,416404,500594,-0.600858369098717,0
2023-07-28 11:00:09,984.3,3292623,2,983.12,416400,500620,-0.600858369098717,0
2023-07-28 11:00:09,984.3,3292696,7,983.12,415493,501298,-0.600858369098717,0
2023-07-28 11:00:10,984.25,3292727,1,983.12,415415,501167,-0.6059075990911386,0
2023-07-28 11:00:11,984.3,3292728,1,983.12,415340,501023,-0.600858369098717,0
2023-07-28 11:00:12,984.3,3292733,1,983.12,415624,501008,-0.600858369098717,0
2023-07-28 11:00:13,984.3,3292934,19,983.12,415025,500870,-0.600858369098717,0
2023-07-28 11:00:14,984.35,3292969,1,983.12,416542,502131,-0.595809139106284,0
2023-07-28 11:00:15,984.4,3293059,2,983.12,416296,503301,-0.5907599091138624,0
2023-07-28 11:00:15,984.3,3293059,17,983.12,416123,503304,-0.600858369098717,0
2023-07-28 11:00:15,984.4,3293059,1,983.12,416123,503304,-0.5907599091138624,0
2023-07-28 11:00:18,984.35,3293202,1,983.12,416495,503214,-0.595809139106284,0
2023-07-28 11:00:20,984.35,3293207,2,983.12,416206,503222,-0.595809139106284,0
2023-07-28 11:00:20,984.3,3293207,2,983.12,416206,503222,-0.600858369098717,0
2023-07-28 11:00:21,984.4,3293275,1,983.12,416387,503229,-0.5907599091138624,0
2023-07-28 11:00:22,984.4,3293311,1,983.12,416369,502828,-0.5907599091138624,0
2023-07-28 11:00:24,984.35,3293439,1,983.12,416177,502844,-0.595809139106284,0
2023-07-28 11:00:24,984.35,3293451,1,983.12,416188,502834,-0.595809139106284,0
2023-07-28 11:00:25,984.4,3293489,3,983.12,416271,502811,-0.5907599091138624,0
2023-07-28 11:00:26,984.3,3293494,1,983.12,416271,502809,-0.600858369098717,0
2023-07-28 11:00:26,984.4,3293494,7,983.12,416169,502809,-0.5907599091138624,0
2023-07-28 11:00:28,984.4,3293571,1,983.12,416155,502759,-0.5907599091138624,0
2023-07-28 11:00:29,984.4,3293573,1,983.12,416312,502718,-0.5907599091138624,0
2023-07-28 11:00:30,984.4,3293587,1,983.12,416306,502734,-0.5907599091138624,0
2023-07-28 11:00:31,984.4,3293591,1,983.12,416369,502756,-0.5907599091138624,0
2023-07-28 11:00:32,984.4,3293593,1,983.12,416312,502757,-0.5907599091138624,0
2023-07-28 11:00:33,984.35,3293690,1,983.12,416153,503681,-0.595809139106284,0
2023-07-28 11:00:33,984.35,3293690,4,983.12,416153,503681,-0.595809139106284,0
2023-07-28 11:00:34,984.35,3293701,2,983.12,416196,503678,-0.595809139106284,0
2023-07-28 11:00:34,984.3,3293701,4,983.12,416196,503678,-0.600858369098717,0
2023-07-28 11:00:36,984.35,3293821,1,983.12,416129,502900,-0.595809139106284,0
2023-07-28 11:00:36,984.35,3293821,2,983.12,416129,502900,-0.595809139106284,0
2023-07-28 11:00:38,984.35,3294197,32,983.12,416273,502953,-0.595809139106284,0
2023-07-28 11:00:39,984.3,3294227,1,983.12,416429,503199,-0.600858369098717,0
2023-07-28 11:00:40,984.3,3294911,25,983.12,414775,503461,-0.600858369098717,0
2023-07-28 11:00:41,984.3,3295021,1,983.12,415877,502711,-0.600858369098717,0
2023-07-28 11:00:41,984.15,3295021,1,983.12,415877,502711,-0.6160060590759933,0
2023-07-28 11:00:42,984.3,3295025,3,983.12,416376,503228,-0.600858369098717,0
2023-07-28 11:00:42,984.3,3295026,50,983.12,416378,503226,-0.600858369098717,0
2023-07-28 11:00:43,984.25,3295083,6,983.12,416479,502891,-0.6059075990911386,0
2023-07-28 11:00:43,984.25,3295083,6,983.12,416479,502891,-0.6059075990911386,0
2023-07-28 11:00:44,984.25,3295099,2,983.12,416611,502925,-0.6059075990911386,0
2023-07-28 11:00:45,984.25,3295106,1,983.12,416610,502936,-0.6059075990911386,0
2023-07-28 11:00:47,984.25,3295117,2,983.12,417004,502920,-0.6059075990911386,0
2023-07-28 11:00:47,984.25,3295140,2,983.12,417026,502922,-0.6059075990911386,0
2023-07-28 11:00:48,984.15,3295143,1,983.12,416599,502960,-0.6160060590759933,0
2023-07-28 11:00:50,984.25,3295269,2,983.12,416893,503187,-0.6059075990911386,0
2023-07-28 11:00:50,984.2,3295269,1,983.12,416893,503187,-0.6109568290835602,0
2023-07-28 11:00:51,984.2,3295558,1,983.12,417057,503151,-0.6109568290835602,0
2023-07-28 11:00:52,984.25,3295609,3,983.12,403077,497413,-0.6059075990911386,0
2023-07-28 11:00:53,984.15,3295835,39,983.12,403061,497436,-0.6160060590759933,0
2023-07-28 11:00:53,984.25,3295835,10,983.12,403061,497436,-0.6059075990911386,0
2023-07-28 11:00:54,984.25,3295852,10,983.12,403032,497500,-0.6059075990911386,0
2023-07-28 11:00:54,984.25,3295928,7,983.12,403024,497419,-0.6059075990911386,0
2023-07-28 11:00:54,984.25,3295928,2,983.12,403024,497419,-0.6059075990911386,0
2023-07-28 11:00:56,984.25,3295968,1,983.12,403072,497706,-0.6059075990911386,0
2023-07-28 11:00:56,984.25,3295968,1,983.12,403079,497706,-0.6059075990911386,0
2023-07-28 11:00:57,984.25,3295972,4,983.12,417079,503945,-0.6059075990911386,0
2023-07-28 11:00:59,984.2,3296008,1,983.12,417209,500162,-0.6109568290835602,0
2023-07-28 11:00:59,984.2,3296026,1,983.12,417206,505398,-0.6109568290835602,0
2023-07-28 11:01:00,984.2,3296035,1,983.12,417540,505351,-0.6109568290835602,0
2023-07-28 11:01:00,984.25,3296035,38,983.12,417540,505351,-0.6059075990911386,0
2023-07-28 11:01:02,984.25,3296175,4,983.12,417199,504521,-0.6059075990911386,0
2023-07-28 11:01:03,984.2,3296225,1,983.12,417205,504417,-0.6109568290835602,0
2023-07-28 11:01:03,984.25,3296226,1,983.12,417209,504452,-0.6059075990911386,0
2023-07-28 11:01:04,984.25,3296300,7,983.12,417167,504386,-0.6059075990911386,0
2023-07-28 11:01:06,984.2,3296422,1,983.12,416997,505120,-0.6109568290835602,0
2023-07-28 11:01:06,984.2,3296425,2,983.12,414683,502573,-0.6109568290835602,0
2023-07-28 11:01:08,984.0,3297498,6,983.12,413509,501247,-0.6311537490532694,0
2023-07-28 11:01:08,984.2,3297498,48,983.12,413509,501247,-0.6109568290835602,0
2023-07-28 11:01:09,984.0,3298117,86,983.12,412774,501044,-0.6311537490532694,0
2023-07-28 11:01:10,984.0,3298671,2,983.12,413508,500911,-0.6311537490532694,0
2023-07-28 11:01:10,984.15,3298671,30,983.12,413508,500911,-0.6160060590759933,0
2023-07-28 11:01:11,984.15,3298828,4,983.12,413431,500823,-0.6160060590759933,0
2023-07-28 11:01:12,984.15,3298835,2,983.12,413633,500816,-0.6160060590759933,0
2023-07-28 11:01:13,984.0,3299022,18,983.12,413380,501580,-0.6311537490532694,0
2023-07-28 11:01:14,984.0,3299043,4,983.12,415745,503876,-0.6311537490532694,0
2023-07-28 11:01:16,984.1,3299120,5,983.12,415690,503883,-0.6210552890684148,0
2023-07-28 11:01:17,984.1,3299232,1,983.12,415624,503973,-0.6210552890684148,0
2023-07-28 11:01:17,984.1,3299233,5,983.12,415851,503975,-0.6210552890684148,0
2023-07-28 11:01:18,984.1,3299451,5,983.12,415488,503860,-0.6210552890684148,0
2023-07-28 11:01:19,984.1,3299734,3,983.12,415552,505146,-0.6210552890684148,0
2023-07-28 11:01:20,984.1,3300123,3,983.12,415550,505150,-0.6210552890684148,0
2023-07-28 11:01:21,984.05,3300299,1,983.12,415261,505079,-0.6261045190608479,0
2023-07-28 11:01:22,984.05,3300548,4,983.12,415202,504999,-0.6261045190608479,0
2023-07-28 11:01:24,984.0,3300795,8,983.12,417681,507456,-0.6311537490532694,0
2023-07-28 11:01:25,984.1,3300871,1,983.12,417480,507412,-0.6210552890684148,0
2023-07-28 11:01:25,984.1,3300871,1,983.12,417480,507412,-0.6210552890684148,0
2023-07-28 11:01:26,984.0,3300891,32,983.12,417265,507396,-0.6311537490532694,0
2023-07-28 11:01:27,984.05,3301135,3,983.12,416993,507075,-0.6261045190608479,0
2023-07-28 11:01:29,984.1,3301241,12,983.12,416852,507037,-0.6210552890684148,0
2023-07-28 11:01:30,984.1,3302416,76,983.12,416290,506770,-0.6210552890684148,0
2023-07-28 11:01:30,984.1,3302628,24,983.12,416705,506660,-0.6210552890684148,0
2023-07-28 11:01:31,984.1,3302810,19,983.12,416829,507331,-0.6210552890684148,0
2023-07-28 11:01:33,984.1,3303226,25,983.12,416307,507234,-0.6210552890684148,0
2023-07-28 11:01:34,984.0,3303439,1,983.12,417377,507918,-0.6311537490532694,0
2023-07-28 11:01:35,984.0,3303575,31,983.12,417029,507971,-0.6311537490532694,0
2023-07-28 11:01:35,984.05,3303575,71,983.12,417029,507971,-0.6261045190608479,0
2023-07-28 11:01:36,984.05,3304422,34,983.12,416381,507210,-0.6261045190608479,0
2023-07-28 11:01:37,984.0,3304836,20,983.12,416388,507210,-0.6311537490532694,0
2023-07-28 11:01:38,984.0,3304841,1,983.12,416418,507223,-0.6311537490532694,0
2023-07-28 11:01:39,984.0,3305828,27,983.12,416647,508122,-0.6311537490532694,0
2023-07-28 11:01:39,984.0,3305855,372,983.12,416657,508095,-0.6311537490532694,0
2023-07-28 11:01:40,983.95,3306289,2,983.12,416778,507047,-0.6362029790456909,0
2023-07-28 11:01:40,983.95,3306289,2,983.12,416778,507047,-0.6362029790456909,0
2023-07-28 11:01:40,984.0,3306289,1,983.12,416898,506153,-0.6311537490532694,0
2023-07-28 11:01:42,984.0,3306347,5,983.12,416918,505340,-0.6311537490532694,0
2023-07-28 11:01:42,984.0,3306347,5,983.12,416026,506095,-0.6311537490532694,0
2023-07-28 11:01:42,984.0,3306347,12,983.12,416026,506095,-0.6311537490532694,0
2023-07-28 11:01:44,984.0,3306648,2,983.12,416066,505262,-0.6311537490532694,0
2023-07-28 11:01:44,984.05,3306648,3,983.12,416066,505262,-0.6261045190608479,0
2023-07-28 11:01:46,984.0,3306717,1,983.12,416052,505671,-0.6311537490532694,0
2023-07-28 11:01:46,984.0,3306717,1,983.12,416052,505671,-0.6311537490532694,0
2023-07-28 11:01:47,983.95,3307660,187,983.12,416065,506617,-0.6362029790456909,0
2023-07-28 11:01:48,984.05,3309616,1,983.12,416384,505380,-0.6261045190608479,0
2023-07-28 11:01:50,984.05,3309933,1,983.12,415993,505824,-0.6261045190608479,0
2023-07-28 11:01:50,984.0,3309933,4,983.12,415993,505824,-0.6311537490532694,0
2023-07-28 11:01:51,984.05,3310222,17,983.12,416047,506025,-0.6261045190608479,0
2023-07-28 11:01:52,983.95,3310817,30,983.12,414798,506576,-0.6362029790456909,0
2023-07-28 11:01:53,984.0,3311072,20,983.12,416056,506205,-0.6311537490532694,0
2023-07-28 11:01:53,984.05,3311122,36,983.12,416790,506324,-0.6261045190608479,0
2023-07-28 11:01:55,984.05,3311611,7,983.12,416474,509205,-0.6261045190608479,0
2023-07-28 11:01:55,984.35,3322377,98,983.12,416763,504703,-0.595809139106284,0
2023-07-28 11:01:55,984.05,3322377,146,983.12,416763,504703,-0.6261045190608479,0
2023-07-28 11:01:56,984.05,3324362,146,983.13,417587,504532,-0.6261045190608479,0
2023-07-28 11:01:57,984.3,3324670,1,983.13,417852,504262,-0.600858369098717,0
2023-07-28 11:01:59,984.3,3324723,1,983.13,417780,505308,-0.600858369098717,0
2023-07-28 11:02:00,984.3,3324739,1,983.13,417392,505292,-0.600858369098717,0
2023-07-28 11:02:00,984.3,3324982,3,983.13,417121,505566,-0.600858369098717,0
2023-07-28 11:02:01,984.3,3324993,1,983.13,416539,505555,-0.600858369098717,0
2023-07-28 11:02:01,984.3,3324993,1,983.13,416539,505555,-0.600858369098717,0
2023-07-28 11:02:03,984.3,3324995,1,983.13,417116,505611,-0.600858369098717,0
2023-07-28 11:02:03,984.25,3324995,3,983.13,417116,505611,-0.6059075990911386,0
2023-07-28 11:02:04,984.25,3325227,1,983.13,417031,505402,-0.6059075990911386,0
2023-07-28 11:02:05,984.25,3325467,12,983.13,417011,505227,-0.6059075990911386,0
2023-07-28 11:02:05,984.3,3325509,1,983.13,417016,505172,-0.600858369098717,0
2023-07-28 11:02:05,984.35,3325509,51,983.13,417016,505172,-0.595809139106284,0
2023-07-28 11:02:07,984.3,3326150,30,983.13,417317,504519,-0.600858369098717,0
2023-07-28 11:02:08,984.35,3326407,100,983.13,417332,504595,-0.595809139106284,0
2023-07-28 11:02:09,984.3,3327998,1,983.13,417325,504478,-0.600858369098717,0
2023-07-28 11:02:09,984.35,3328171,2,983.13,417373,504305,-0.595809139106284,0
2023-07-28 11:02:10,984.35,3328203,6,983.13,417364,504979,-0.595809139106284,0
2023-07-28 11:02:11,984.35,3328328,14,983.13,416614,504909,-0.595809139106284,0
2023-07-28 11:02:12,984.35,3328344,2,983.13,417309,505340,-0.595809139106284,0
2023-07-28 11:02:13,984.35,3328347,1,983.13,417311,505337,-0.595809139106284,0
2023-07-28 11:02:13,984.35,3328347,1,983.13,417311,505337,-0.595809139106284,0
2023-07-28 11:02:14,984.35,3328409,1,983.13,416613,505185,-0.595809139106284,0
2023-07-28 11:02:15,984.35,3328429,5,983.13,417312,505873,-0.595809139106284,0
2023-07-28 11:02:16,984.4,3328586,1,983.13,418814,499199,-0.5907599091138624,0
2023-07-28 11:02:16,984.45,3328586,1,983.13,418814,499199,-0.5857106791214294,0
2023-07-28 11:02:18,984.45,3328620,5,983.13,418716,505359,-0.5857106791214294,0
2023-07-28 11:02:19,984.35,3329471,36,983.13,419009,505481,-0.595809139106284,0
2023-07-28 11:02:20,984.35,3329965,37,983.13,419074,505441,-0.595809139106284,0
2023-07-28 11:02:20,984.45,3329965,1,983.13,419074,505441,-0.5857106791214294,0
2023-07-28 11:02:21,984.45,3330004,1,983.13,419088,505690,-0.5857106791214294,0
2023-07-28 11:02:22,984.45,3330107,18,983.13,419125,505588,-0.5857106791214294,0
2023-07-28 11:02:22,984.45,3330107,18,983.13,419125,505588,-0.5857106791214294,0
2023-07-28 11:02:22,984.45,3330199,3,983.13,419056,505421,-0.5857106791214294,0
2023-07-28 11:02:22,984.45,3330199,3,983.13,419056,505421,-0.5857106791214294,0
2023-07-28 11:02:22,984.5,3330199,61,983.13,419056,505421,-0.5806614491290079,0
2023-07-28 11:02:24,984.65,3335583,54,983.13,416359,497692,-0.5655137591517316,0
2023-07-28 11:02:25,984.65,3336782,587,983.13,421167,498830,-0.5655137591517316,0
2023-07-28 11:02:25,984.65,3336782,6,983.13,421167,498830,-0.5655137591517316,0
2023-07-28 11:02:26,984.65,3337398,1,983.13,420306,502046,-0.5655137591517316,0
2023-07-28 11:02:26,984.65,3337469,1,983.13,420361,500230,-0.5655137591517316,0
2023-07-28 11:02:28,984.6,3338341,71,983.13,419463,501678,-0.5705629891441533,0
2023-07-28 11:02:29,984.6,3338707,3,983.13,419653,502162,-0.5705629891441533,0
2023-07-28 11:02:29,984.55,3338707,14,983.13,419653,502162,-0.5756122191365862,0
2023-07-28 11:02:29,984.55,3339017,14,983.13,420245,501167,-0.5756122191365862,0
2023-07-28 11:02:29,984.7,3339017,45,983.13,420245,501167,-0.5604645291592986,0
2023-07-28 11:02:31,984.65,3339768,61,983.13,420719,502913,-0.5655137591517316,0
2023-07-28 11:02:31,984.65,3339768,5,983.13,420719,502913,-0.5655137591517316,0
2023-07-28 11:02:32,984.65,3339818,5,983.13,420657,502862,-0.5655137591517316,0
2023-07-28 11:02:33,984.65,3339928,6,983.13,420637,502810,-0.5655137591517316,0
2023-07-28 11:02:35,984.55,3341687,30,983.13,420212,501625,-0.5756122191365862,0
2023-07-28 11:02:35,984.65,3341687,3,983.13,420212,501625,-0.5655137591517316,0
2023-07-28 11:02:36,984.65,3342007,1,983.13,420658,502060,-0.5655137591517316,0
2023-07-28 11:02:37,984.7,3342676,1,983.13,420760,501066,-0.5604645291592986,0
2023-07-28 11:02:37,984.7,3342676,7,983.13,420760,501066,-0.5604645291592986,0
2023-07-28 11:02:38,984.7,3342892,109,983.13,420766,501824,-0.5604645291592986,0
2023-07-28 11:02:39,984.7,3343470,10,983.13,420175,501525,-0.5604645291592986,0
2023-07-28 11:02:39,984.7,3343671,55,983.13,420528,502199,-0.5604645291592986,0
2023-07-28 11:02:40,984.65,3343688,2,983.13,420537,502266,-0.5655137591517316,0
2023-07-28 11:02:40,984.7,3343688,1,983.13,420537,502266,-0.5604645291592986,0
2023-07-28 11:02:41,984.65,3351317,41,983.14,419341,493591,-0.5655137591517316,0
2023-07-28 11:02:42,984.85,3352098,81,983.14,420151,493133,-0.5453168391820225,0
2023-07-28 11:02:44,984.75,3352370,17,983.14,420550,494576,-0.555415299166877,0
2023-07-28 11:02:44,984.75,3352370,5,983.14,420550,494576,-0.555415299166877,0
2023-07-28 11:02:45,984.75,3352864,5,983.14,419141,494446,-0.555415299166877,0
2023-07-28 11:02:46,984.75,3352879,7,983.14,420499,495548,-0.555415299166877,0
2023-07-28 11:02:47,984.7,3353024,1,983.14,420463,495700,-0.5604645291592986,0
2023-07-28 11:02:47,984.75,3353024,1,983.14,420463,495700,-0.555415299166877,0
2023-07-28 11:02:47,984.75,3353029,1,983.14,420480,495699,-0.555415299166877,0
2023-07-28 11:02:49,984.75,3353073,43,983.14,420585,495696,-0.555415299166877,0
2023-07-28 11:02:49,984.7,3354810,1,983.14,420610,495588,-0.5604645291592986,0
2023-07-28 11:02:51,984.7,3355787,76,983.14,419983,495370,-0.5604645291592986,0
2023-07-28 11:02:51,984.7,3355787,9,983.14,419983,495370,-0.5604645291592986,0
2023-07-28 11:02:52,984.65,3356167,5,983.14,420368,495799,-0.5655137591517316,0
2023-07-28 11:02:53,984.7,3357003,10,983.14,419798,496994,-0.5604645291592986,0
2023-07-28 11:02:53,984.7,3357003,3,983.14,419798,496994,-0.5604645291592986,0
2023-07-28 11:02:54,984.7,3357099,1,983.14,419791,496950,-0.5604645291592986,0
2023-07-28 11:02:55,984.7,3357106,1,983.14,419795,496199,-0.5604645291592986,0
2023-07-28 11:02:55,984.7,3357106,4,983.14,419795,496199,-0.5604645291592986,0
2023-07-28 11:02:56,984.7,3357153,4,983.14,419806,496158,-0.5604645291592986,0
2023-07-28 11:02:57,984.65,3357241,1,983.14,419821,496076,-0.5655137591517316,0
2023-07-28 11:02:57,984.7,3357241,9,983.14,419821,496076,-0.5604645291592986,0
2023-07-28 11:02:58,984.7,3357257,1,983.14,419820,496085,-0.5604645291592986,0
2023-07-28 11:02:59,984.65,3357284,2,983.14,420175,496017,-0.5655137591517316,0
2023-07-28 11:03:01,984.55,3358519,12,983.14,420461,495558,-0.5756122191365862,0
2023-07-28 11:03:01,984.55,3358520,1,983.14,420435,495557,-0.5756122191365862,0
2023-07-28 11:03:02,984.55,3366219,87,983.14,422579,491586,-0.5756122191365862,0
2023-07-28 11:03:04,984.8,3367848,2,983.14,422716,490729,-0.5503660691744555,0
2023-07-28 11:03:04,984.8,3367857,1,983.14,422791,490484,-0.5503660691744555,0
2023-07-28 11:03:04,984.6,3367857,3,983.14,422791,490484,-0.5705629891441533,0
2023-07-28 11:03:06,984.7,3367887,3,983.14,421749,491022,-0.5604645291592986,0
2023-07-28 11:03:07,984.75,3367915,24,983.14,421986,491069,-0.555415299166877,0
2023-07-28 11:03:07,984.7,3367915,1,983.14,421986,491069,-0.5604645291592986,0
2023-07-28 11:03:08,984.75,3367943,1,983.14,421989,491487,-0.555415299166877,0
2023-07-28 11:03:09,984.65,3368017,13,983.15,421613,492037,-0.5655137591517316,0
2023-07-28 11:03:09,984.75,3368017,1,983.15,421613,492037,-0.555415299166877,0
2023-07-28 11:03:11,984.75,3368035,6,983.15,421613,491930,-0.555415299166877,0
2023-07-28 11:03:11,984.75,3368035,1,983.15,421613,491930,-0.555415299166877,0
2023-07-28 11:03:12,984.75,3368036,1,983.15,421098,492556,-0.555415299166877,0
2023-07-28 11:03:12,984.65,3368036,1,983.15,421098,492556,-0.5655137591517316,0
2023-07-28 11:03:13,984.7,3368042,3,983.15,421418,492587,-0.5604645291592986,0
2023-07-28 11:03:13,984.7,3368042,3,983.15,421418,492587,-0.5604645291592986,0
2023-07-28 11:03:14,984.75,3368583,13,983.15,421168,492177,-0.555415299166877,0
2023-07-28 11:03:15,984.75,3368837,1,983.15,421203,491750,-0.555415299166877,0
2023-07-28 11:03:17,984.75,3370145,3,983.15,419634,491979,-0.555415299166877,0
2023-07-28 11:03:18,984.75,3370778,2,983.15,421216,490790,-0.555415299166877,0
2023-07-28 11:03:19,984.8,3371094,3,983.15,420971,491186,-0.5503660691744555,0
2023-07-28 11:03:19,984.85,3371209,10,983.15,420658,492055,-0.5453168391820225,0
2023-07-28 11:03:19,984.8,3371209,1,983.15,420658,492055,-0.5503660691744555,0
2023-07-28 11:03:21,984.75,3371213,1,983.15,420444,492318,-0.555415299166877,0
2023-07-28 11:03:22,984.75,3371288,2,983.15,420562,491895,-0.555415299166877,0
2023-07-28 11:03:22,984.75,3371288,1,983.15,420562,491895,-0.555415299166877,0
2023-07-28 11:03:23,984.85,3371361,16,983.15,420921,491818,-0.5453168391820225,0
2023-07-28 11:03:24,984.75,3372200,1,983.15,420811,492568,-0.555415299166877,0
2023-07-28 11:03:25,984.85,3372730,10,983.15,420698,492152,-0.5453168391820225,0
2023-07-28 11:03:25,984.8,3372730,1,983.15,420698,492152,-0.5503660691744555,0
2023-07-28 11:03:26,984.95,3373439,317,983.15,420860,490881,-0.5352183791971679,0
2023-07-28 11:03:27,984.95,3374011,1,983.15,421012,492016,-0.5352183791971679,0
2023-07-28 11:03:27,985.0,3374011,21,983.15,421012,492016,-0.5301691492047462,0
2023-07-28 11:03:28,985.0,3374392,16,983.15,421327,492291,-0.5301691492047462,0
2023-07-28 11:03:29,984.9,3374954,47,983.15,419330,494047,-0.5402676091896009,0
2023-07-28 11:03:30,984.95,3375822,10,983.15,419362,493009,-0.5352183791971679,0
2023-07-28 11:03:31,984.95,3377736,3,983.15,419871,491871,-0.5352183791971679,0
2023-07-28 11:03:31,984.95,3377736,62,983.15,419871,491871,-0.5352183791971679,0
2023-07-28 11:03:32,985.0,3379391,50,983.15,420363,491563,-0.5301691492047462,0
2023-07-28 11:03:32,984.95,3379391,19,983.15,420363,491563,-0.5352183791971679,0
2023-07-28 11:03:35,984.95,3381551,51,983.15,420388,489754,-0.5352183791971679,0
2023-07-28 11:03:35,985.0,3381551,272,983.15,420388,489754,-0.5301691492047462,0
2023-07-28 11:03:36,984.95,3382965,1,983.15,420199,489825,-0.5352183791971679,0
2023-07-28 11:03:37,984.95,3383610,25,983.15,420055,490852,-0.5352183791971679,0
2023-07-28 11:03:38,984.95,3384201,30,983.15,419894,490527,-0.5352183791971679,0
2023-07-28 11:03:38,984.95,3384201,80,983.15,419894,490527,-0.5352183791971679,0
2023-07-28 11:03:38,984.95,3386044,80,983.15,419826,488633,-0.5352183791971679,0
2023-07-28 11:03:40,984.9,3387204,11,983.15,419752,488028,-0.5402676091896009,0
2023-07-28 11:03:41,984.95,3388579,50,983.16,420424,488015,-0.5352183791971679,0
2023-07-28 11:03:42,985.0,3390369,118,983.16,419646,487580,-0.5301691492047462,0
2023-07-28 11:03:42,984.95,3390369,5,983.16,419646,487580,-0.5352183791971679,0
2023-07-28 11:03:44,985.0,3392780,2,983.16,419567,486086,-0.5301691492047462,0
2023-07-28 11:03:44,985.0,3392780,1,983.16,419567,486086,-0.5301691492047462,0
2023-07-28 11:03:45,985.05,3393700,1,983.16,419600,485642,-0.5251199192123247,0
2023-07-28 11:03:46,985.05,3394378,1,983.16,417561,486104,-0.5251199192123247,0
2023-07-28 11:03:48,985.05,3394685,14,983.16,417594,484435,-0.5251199192123247,0
2023-07-28 11:03:48,985.0,3394824,1,983.16,419428,484006,-0.5301691492047462,0
2023-07-28 11:03:49,985.05,3395356,49,983.16,419374,483830,-0.5251199192123247,0
2023-07-28 11:03:50,985.05,3395456,57,983.16,420099,484446,-0.5251199192123247,0
2023-07-28 11:03:50,985.05,3395456,8,983.16,420099,484446,-0.5251199192123247,0
2023-07-28 11:03:52,985.1,3395557,1,983.16,420246,483803,-0.5200706892198916,0
2023-07-28 11:03:52,985.1,3395557,18,983.16,420246,483803,-0.5200706892198916,0
2023-07-28 11:03:53,985.0,3396334,40,983.16,420007,484261,-0.5301691492047462,0
2023-07-28 11:03:54,985.15,3396948,10,983.16,418838,484775,-0.5150214592274701,0
2023-07-28 11:03:54,985.05,3396948,26,983.16,418838,484775,-0.5251199192123247,0
2023-07-28 11:03:55,985.1,3397437,3,983.16,419721,483380,-0.5200706892198916,0
2023-07-28 11:03:55,985.1,3397437,3,983.16,419721,483380,-0.5200706892198916,0
2023-07-28 11:03:56,985.1,3397443,5,983.16,419264,484710,-0.5200706892198916,0
2023-07-28 11:03:58,985.1,3400377,26,983.16,419112,484516,-0.5200706892198916,0
2023-07-28 11:03:59,985.1,3400385,1,983.16,419196,484399,-0.5200706892198916,0
2023-07-28 11:03:59,985.05,3400385,1,983.16,419196,484399,-0.5251199192123247,0
2023-07-28 11:04:00,985.05,3400404,1,983.16,419038,484020,-0.5251199192123247,0
2023-07-28 11:04:00,985.0,3403127,20,983.16,418011,483718,-0.5301691492047462,0
2023-07-28 11:04:00,985.1,3403127,1,983.16,418011,483718,-0.5200706892198916,0
2023-07-28 11:04:02,985.1,3403406,1,983.16,418534,484790,-0.5200706892198916,0
2023-07-28 11:04:03,985.0,3403488,1,983.16,418352,484620,-0.5301691492047462,0
2023-07-28 11:04:03,985.0,3403488,1,983.16,418352,484620,-0.5301691492047462,0
2023-07-28 11:04:05,985.1,3404299,1,983.16,417882,484864,-0.5200706892198916,0
2023-07-28 11:04:06,985.1,3404421,38,983.16,418792,484368,-0.5200706892198916,0
2023-07-28 11:04:07,984.85,3404848,4,983.16,418823,484358,-0.5453168391820225,0
2023-07-28 11:04:07,984.85,3404848,1,983.16,418823,484358,-0.5453168391820225,0
2023-07-28 11:04:08,985.05,3404921,2,983.16,419084,484638,-0.5251199192123247,0
2023-07-28 11:04:09,985.05,3404923,2,983.16,419025,484651,-0.5251199192123247,0
2023-07-28 11:04:09,985.05,3404923,1,983.16,419025,484651,-0.5251199192123247,0
2023-07-28 11:04:11,984.75,3404938,1,983.16,419162,484635,-0.555415299166877,0
2023-07-28 11:04:12,985.05,3404944,2,983.16,418598,484908,-0.5251199192123247,0
2023-07-28 11:04:12,985.05,3404944,2,983.16,418966,486657,-0.5251199192123247,0
2023-07-28 11:04:12,985.05,3404944,1,983.16,418966,486657,-0.5251199192123247,0
2023-07-28 11:04:14,985.05,3404955,1,983.16,419070,486602,-0.5251199192123247,0
2023-07-28 11:04:14,985.0,3404955,1,983.16,419070,486602,-0.5301691492047462,0
2023-07-28 11:04:16,984.9,3405278,11,983.16,417406,487015,-0.5402676091896009,0
2023-07-28 11:04:17,985.05,3405340,20,983.16,418138,487555,-0.5251199192123247,0
2023-07-28 11:04:17,985.05,3405340,64,983.16,418138,487555,-0.5251199192123247,0
2023-07-28 11:04:18,985.05,3405494,64,983.16,418463,486726,-0.5251199192123247,0
2023-07-28 11:04:19,985.05,3405535,2,983.16,418277,486790,-0.5251199192123247,0
2023-07-28 11:04:19,985.0,3405535,10,983.16,418277,486790,-0.5301691492047462,0
2023-07-28 11:04:20,984.9,3405721,2,983.16,418369,488042,-0.5402676091896009,0
2023-07-28 11:04:22,984.95,3405727,20,983.16,418305,487340,-0.5352183791971679,0
2023-07-28 11:04:23,985.0,3405835,5,983.16,418286,487379,-0.5301691492047462,0
2023-07-28 11:04:23,985.0,3405835,3,983.16,418286,487379,-0.5301691492047462,0
2023-07-28 11:04:24,985.0,3405905,6,983.16,418337,487281,-0.5301691492047462,0
2023-07-28 11:04:24,985.0,3405911,6,983.16,418345,487302,-0.5301691492047462,0
2023-07-28 11:04:24,985.0,3405911,60,983.16,418345,487302,-0.5301691492047462,0
2023-07-28 11:04:26,985.0,3405978,60,983.16,418388,487492,-0.5301691492047462,0
2023-07-28 11:04:27,985.0,3406080,1,983.16,418152,487518,-0.5301691492047462,0
2023-07-28 11:04:27,985.05,3406637,5,983.17,418238,486668,-0.5251199192123247,0
2023-07-28 11:04:28,985.05,3406638,1,983.17,418155,487611,-0.5251199192123247,0
2023-07-28 11:04:28,985.05,3406638,10,983.17,418155,487611,-0.5251199192123247,0
2023-07-28 11:04:30,984.95,3406681,1,983.17,418241,488108,-0.5352183791971679,0
2023-07-28 11:04:30,984.95,3406681,2,983.17,418241,488108,-0.5352183791971679,0
2023-07-28 11:04:30,984.95,3406688,2,983.17,418317,488375,-0.5352183791971679,0
2023-07-28 11:04:32,985.05,3407154,1,983.17,418263,488410,-0.5251199192123247,0
2023-07-28 11:04:32,985.05,3407154,1,983.17,418263,488410,-0.5251199192123247,0
2023-07-28 11:04:33,985.05,3407252,3,983.17,418289,488365,-0.5251199192123247,0
2023-07-28 11:04:34,985.0,3407793,136,983.17,417953,488424,-0.5301691492047462,0
2023-07-28 11:04:35,985.05,3408083,2,983.17,418186,488129,-0.5251199192123247,0
2023-07-28 11:04:35,985.05,3408083,4,983.17,418186,488129,-0.5251199192123247,0
2023-07-28 11:04:37,985.05,3408132,4,983.17,418576,488521,-0.5251199192123247,0
2023-07-28 11:04:37,985.05,3408132,3,983.17,418576,488521,-0.5251199192123247,0
2023-07-28 11:04:38,985.0,3408198,1,983.17,419073,488489,-0.5301691492047462,0
2023-07-28 11:04:39,985.0,3408446,48,983.17,419120,488287,-0.5301691492047462,0
2023-07-28 11:04:39,985.05,3408446,1,983.17,419120,488287,-0.5251199192123247,0
2023-07-28 11:04:40,985.0,3408517,2,983.17,418981,488284,-0.5301691492047462,0
2023-07-28 11:04:40,985.05,3408517,6,983.17,418981,488284,-0.5251199192123247,0
2023-07-28 11:04:41,985.05,3408538,1,983.17,419012,488264,-0.5251199192123247,0
2023-07-28 11:04:42,985.05,3408572,3,983.17,418980,488230,-0.5251199192123247,0
2023-07-28 11:04:42,985.0,3408572,1,983.17,418980,488230,-0.5301691492047462,0
2023-07-28 11:04:43,985.0,3408573,1,983.17,418983,488786,-0.5301691492047462,0
2023-07-28 11:04:43,985.0,3408573,2,983.17,418983,488786,-0.5301691492047462,0
2023-07-28 11:04:44,985.05,3408576,2,983.17,418991,489161,-0.5251199192123247,0
2023-07-28 11:04:45,985.05,3408761,2,983.17,419052,488989,-0.5251199192123247,0
2023-07-28 11:04:45,985.1,3408761,85,983.17,419052,488989,-0.5200706892198916,0
2023-07-28 11:04:48,985.1,3417227,111,983.17,404135,482234,-0.5200706892198916,0
2023-07-28 11:04:49,985.15,3418033,1,983.17,405201,481678,-0.5150214592274701,0
2023-07-28 11:04:49,985.15,3418033,1,983.17,405201,481678,-0.5150214592274701,0
2023-07-28 11:04:50,985.1,3418248,2,983.17,404598,481695,-0.5200706892198916,0
2023-07-28 11:04:51,985.15,3418645,1,983.17,406396,480927,-0.5150214592274701,0
2023-07-28 11:04:52,985.2,3420732,650,983.17,407266,477858,-0.509972229235037,0
2023-07-28 11:04:53,985.65,3431138,5,983.18,409648,471718,-0.46452915930320854,0
2023-07-28 11:04:54,985.45,3431961,1,983.18,409086,474287,-0.4847260792729063,0
2023-07-28 11:04:55,985.4,3432368,1,983.18,408701,475813,-0.48977530926533935,0
2023-07-28 11:04:56,985.4,3432416,1,983.18,422722,482209,-0.48977530926533935,0
2023-07-28 11:04:57,985.4,3432533,1,983.18,422900,482167,-0.48977530926533935,0
2023-07-28 11:04:58,985.4,3432767,1,983.18,422889,482147,-0.48977530926533935,0
2023-07-28 11:04:58,985.4,3432767,1,983.18,422889,482147,-0.48977530926533935,0
2023-07-28 11:05:00,985.5,3433133,12,983.18,422076,481041,-0.4796768492804847,0
2023-07-28 11:05:00,985.5,3433160,1,983.18,421463,482911,-0.4796768492804847,0
2023-07-28 11:05:02,985.5,3433299,2,983.18,420099,482797,-0.4796768492804847,0
2023-07-28 11:05:03,985.45,3434427,10,983.18,421432,482126,-0.4847260792729063,0
2023-07-28 11:05:04,985.4,3436854,1,983.18,419543,482572,-0.48977530926533935,0
2023-07-28 11:05:05,985.35,3437115,30,983.18,419373,482558,-0.4948245392577609,0
2023-07-28 11:05:06,985.4,3437313,1,983.18,418882,483093,-0.48977530926533935,0
2023-07-28 11:05:06,985.4,3437333,1,983.18,418813,483274,-0.48977530926533935,0
2023-07-28 11:05:06,985.4,3437333,1,983.18,418813,483274,-0.48977530926533935,0
2023-07-28 11:05:08,985.4,3437419,1,983.18,418807,483176,-0.48977530926533935,0
2023-07-28 11:05:09,985.45,3437832,1,983.18,418938,483743,-0.4847260792729063,0
2023-07-28 11:05:09,985.45,3437832,1,983.18,418938,483743,-0.4847260792729063,0
2023-07-28 11:05:10,985.45,3437941,1,983.18,418968,483716,-0.4847260792729063,0
2023-07-28 11:05:10,985.4,3437941,1,983.18,418968,483716,-0.48977530926533935,0
2023-07-28 11:05:11,985.45,3438168,2,983.18,418906,483657,-0.4847260792729063,0
2023-07-28 11:05:12,985.5,3446912,59,983.19,419708,483280,-0.4796768492804847,0
2023-07-28 11:05:12,985.6,3446912,659,983.19,419708,483280,-0.4695783892956301,0
2023-07-28 11:05:13,985.55,3454830,1,983.2,419725,482091,-0.4746276192880632,0
2023-07-28 11:05:13,985.7,3454830,340,983.2,419725,482091,-0.4594799293107755,0
2023-07-28 11:05:14,985.65,3461684,1,983.2,422455,482448,-0.46452915930320854,0
2023-07-28 11:05:15,985.65,3462870,1,983.2,422642,481350,-0.46452915930320854,0
2023-07-28 11:05:15,985.6,3462870,1,983.2,422642,481350,-0.4695783892956301,0
2023-07-28 11:05:16,985.55,3476780,87,983.21,420934,481245,-0.4746276192880632,0
2023-07-28 11:05:16,985.6,3476780,4,983.21,420934,481245,-0.4695783892956301,0
2023-07-28 11:05:17,985.6,3477155,11,983.21,420840,480996,-0.4695783892956301,0
2023-07-28 11:05:18,985.6,3477158,1,983.21,420319,480993,-0.4695783892956301,0
2023-07-28 11:05:18,985.6,3477158,1,983.21,420319,480993,-0.4695783892956301,0
2023-07-28 11:05:19,985.6,3477551,34,983.21,421175,481819,-0.4695783892956301,0
2023-07-28 11:05:20,985.65,3477638,7,983.21,421149,480837,-0.46452915930320854,0
2023-07-28 11:05:21,985.65,3477728,42,983.21,421252,481652,-0.46452915930320854,0
2023-07-28 11:05:21,985.65,3479927,1,983.21,420496,482506,-0.46452915930320854,0
2023-07-28 11:05:21,985.65,3479927,16,983.21,420496,482506,-0.46452915930320854,0
2023-07-28 11:05:23,985.7,3482839,97,983.21,420956,480533,-0.4594799293107755,0
2023-07-28 11:05:24,985.9,3485511,240,983.22,419839,476009,-0.4392830093410778,0
2023-07-28 11:05:24,985.9,3485511,869,983.22,419839,476009,-0.4392830093410778,0
2023-07-28 11:05:25,985.7,3487409,119,983.22,419124,476449,-0.4594799293107755,0
2023-07-28 11:05:25,985.8,3487409,11,983.22,419124,476449,-0.44938146932593237,0
2023-07-28 11:05:26,985.7,3488035,38,983.22,419501,478577,-0.4594799293107755,0
2023-07-28 11:05:26,985.7,3488035,38,983.22,419501,478577,-0.4594799293107755,0
2023-07-28 11:05:27,985.95,3491208,254,983.22,419963,479287,-0.43423377934864477,0
2023-07-28 11:05:28,985.95,3493484,254,983.22,420965,477847,-0.43423377934864477,0
2023-07-28 11:05:29,985.8,3494981,3,983.22,419924,481741,-0.44938146932593237,0
2023-07-28 11:05:30,985.65,3497659,17,983.23,419784,480866,-0.46452915930320854,0
2023-07-28 11:05:31,985.6,3499471,18,983.23,419689,479965,-0.4695783892956301,0
2023-07-28 11:05:31,985.7,3499471,1,983.23,419689,479965,-0.4594799293107755,0
2023-07-28 11:05:32,985.7,3500043,34,983.23,419716,478531,-0.4594799293107755,0
2023-07-28 11:05:32,985.7,3500043,1,983.23,419716,478531,-0.4594799293107755,0
2023-07-28 11:05:34,985.75,3501526,43,983.23,418538,478384,-0.45443069931835395,0
2023-07-28 11:05:35,985.8,3501610,1,983.23,420131,477789,-0.44938146932593237,0
2023-07-28 11:05:36,985.9,3501795,3,983.23,420809,478994,-0.4392830093410778,0
2023-07-28 11:05:36,985.7,3501795,15,983.23,420809,478994,-0.4594799293107755,0
2023-07-28 11:05:37,985.8,3502658,1,983.23,420429,479585,-0.44938146932593237,0
2023-07-28 11:05:38,985.7,3502714,2,983.23,420713,480761,-0.4594799293107755,0
2023-07-28 11:05:39,985.65,3503607,55,983.23,420217,477164,-0.46452915930320854,0
2023-07-28 11:05:39,985.75,3503607,1,983.23,420217,477164,-0.45443069931835395,0
2023-07-28 11:05:40,985.65,3503959,2,983.23,420464,480348,-0.46452915930320854,0
2023-07-28 11:05:40,985.8,3503959,1,983.23,420464,480348,-0.44938146932593237,0
2023-07-28 11:05:41,985.75,3505694,1,983.23,419775,482026,-0.45443069931835395,0
2023-07-28 11:05:41,985.7,3505694,83,983.23,419775,482026,-0.4594799293107755,0
2023-07-28 11:05:42,985.8,3506598,1,983.23,420429,481606,-0.44938146932593237,0
2023-07-28 11:05:44,985.75,3506792,1,983.23,420461,481788,-0.45443069931835395,0
2023-07-28 11:05:45,985.7,3507525,1,983.23,420187,482711,-0.4594799293107755,0
2023-07-28 11:05:46,985.6,3507819,257,983.23,419801,482001,-0.4695783892956301,0
2023-07-28 11:05:47,985.6,3507980,31,983.23,419766,482194,-0.4695783892956301,0
2023-07-28 11:05:48,985.6,3508000,1,983.23,419715,482177,-0.4695783892956301,0
2023-07-28 11:05:49,985.6,3508054,1,983.23,419781,482063,-0.4695783892956301,0
2023-07-28 11:05:50,985.55,3508086,2,983.23,419700,482308,-0.4746276192880632,0
2023-07-28 11:05:51,985.55,3508138,1,983.23,419167,484383,-0.4746276192880632,0
2023-07-28 11:05:52,985.55,3508143,1,983.23,419167,484457,-0.4746276192880632,0
2023-07-28 11:05:53,985.55,3508366,167,983.23,419287,484157,-0.4746276192880632,0
2023-07-28 11:05:54,985.55,3509101,1,983.23,418307,484048,-0.4746276192880632,0
2023-07-28 11:05:55,985.55,3509616,362,983.23,418770,485042,-0.4746276192880632,0
2023-07-28 11:05:55,985.55,3509616,1,983.23,418770,485042,-0.4746276192880632,0
2023-07-28 11:05:57,985.55,3510109,1,983.23,418657,484160,-0.4746276192880632,0
2023-07-28 11:05:58,985.55,3510125,3,983.23,418609,485150,-0.4746276192880632,0
2023-07-28 11:05:59,985.55,3510135,1,983.23,418609,485226,-0.4746276192880632,0
2023-07-28 11:06:00,985.5,3510656,47,983.23,418540,484813,-0.4796768492804847,0
2023-07-28 11:06:00,985.5,3510656,2,983.23,418540,484813,-0.4796768492804847,0
2023-07-28 11:06:01,985.6,3511118,145,983.23,416811,482670,-0.4695783892956301,0
2023-07-28 11:06:01,985.6,3511118,1,983.23,416811,482670,-0.4695783892956301,0
2023-07-28 11:06:02,985.6,3511151,1,983.23,418722,483916,-0.4695783892956301,0
2023-07-28 11:06:03,985.6,3512024,2,983.24,418598,483180,-0.4695783892956301,0
2023-07-28 11:06:03,985.6,3512026,1,983.24,418634,483878,-0.4695783892956301,0
2023-07-28 11:06:05,985.6,3512033,1,983.24,418794,485579,-0.4695783892956301,0
2023-07-28 11:06:06,985.55,3512155,18,983.24,418674,485518,-0.4746276192880632,0
2023-07-28 11:06:07,985.6,3512217,4,983.24,418811,486868,-0.4695783892956301,0
2023-07-28 11:06:07,985.6,3512217,1,983.24,418811,486868,-0.4695783892956301,0
2023-07-28 11:06:08,985.6,3512283,1,983.24,418960,486175,-0.4695783892956301,0
