2023-07-28 10:49:29,2580.65,345625,1,2577.95,89647,59898,1.2079141910308522,0
2023-07-28 10:49:29,2580.65,345625,1,2577.95,89628,59845,1.2079141910308522,0
2023-07-28 10:49:29,2581.95,345625,3,2577.95,89628,59845,1.2588975822107147,0
2023-07-28 10:49:31,2581.95,345628,3,2577.95,89635,59910,1.2588975822107147,0
2023-07-28 10:49:31,2581.95,345628,3,2577.95,89599,59945,1.2588975822107147,0
2023-07-28 10:49:31,2581.95,345628,3,2577.95,89600,59966,1.2588975822107147,0
2023-07-28 10:49:31,2581.95,345628,3,2577.95,89606,59957,1.2588975822107147,0
2023-07-28 10:49:31,2582.0,345628,1,2577.95,89606,59957,1.2608584818714863,0
2023-07-28 10:49:37,2581.0,345654,15,2577.95,89604,59967,1.2216404886561991,0
2023-07-28 10:49:37,2581.0,345654,15,2577.95,89623,59967,1.2216404886561991,0
2023-07-28 10:49:37,2581.0,345654,15,2577.95,89546,59862,1.2216404886561991,0
2023-07-28 10:49:37,2581.0,345654,15,2577.95,89545,59862,1.2216404886561991,0
2023-07-28 10:49:37,2581.0,345654,15,2577.95,89545,59867,1.2216404886561991,0
2023-07-28 10:49:42,2582.0,345655,1,2577.95,89562,60024,1.2608584818714863,0
2023-07-28 10:49:42,2582.0,345655,1,2577.95,89574,60024,1.2608584818714863,0
2023-07-28 10:49:44,2582.0,345657,1,2577.95,89712,59914,1.2608584818714863,0
2023-07-28 10:49:44,2582.0,345657,1,2577.95,90007,59735,1.2608584818714863,0
2023-07-28 10:49:44,2582.0,345657,1,2577.95,90007,59802,1.2608584818714863,0
2023-07-28 10:49:44,2582.0,345657,1,2577.95,90007,59802,1.2608584818714863,0
2023-07-28 10:49:48,2582.0,345658,1,2577.95,89950,59775,1.2608584818714863,0
2023-07-28 10:49:48,2582.0,345658,1,2577.95,89969,59813,1.2608584818714863,0
2023-07-28 10:49:48,2582.0,345658,1,2577.95,89969,59813,1.2608584818714863,0
2023-07-28 10:49:51,2582.0,345659,1,2577.95,89968,59789,1.2608584818714863,0
2023-07-28 10:49:51,2582.0,345659,1,2577.95,89968,59789,1.2608584818714863,0
2023-07-28 10:49:51,2582.0,345659,1,2577.95,90018,59789,1.2608584818714863,0
2023-07-28 10:49:58,2582.0,345661,1,2577.95,89999,59810,1.2608584818714863,0
2023-07-28 10:49:58,2582.0,345661,1,2577.95,89999,59810,1.2608584818714863,0
2023-07-28 10:49:59,2581.75,345667,1,2577.95,89998,59805,1.2510539835676644,0
2023-07-28 10:49:59,2581.75,345667,1,2577.95,89998,59811,1.2510539835676644,0
2023-07-28 10:49:59,2581.75,345667,1,2577.95,90046,59830,1.2510539835676644,0
2023-07-28 10:49:59,2581.75,345667,1,2577.95,90065,59817,1.2510539835676644,0
2023-07-28 10:49:59,2581.75,345667,1,2577.95,90080,59552,1.2510539835676644,0
2023-07-28 10:49:59,2582.0,345667,30,2577.95,90080,59552,1.2608584818714863,0
2023-07-28 10:50:10,2582.0,345697,30,2577.95,90073,59538,1.2608584818714863,0
2023-07-28 10:50:10,2582.0,345697,30,2577.95,90072,59679,1.2608584818714863,0
2023-07-28 10:50:10,2581.75,345697,2,2577.95,90072,59679,1.2510539835676644,0
2023-07-28 10:50:10,2581.75,345697,2,2577.95,90072,59679,1.2510539835676644,0
2023-07-28 10:50:18,2581.75,345699,2,2577.95,90070,59711,1.2510539835676644,0
2023-07-28 10:50:18,2582.0,345699,3,2577.95,90070,59711,1.2608584818714863,0
2023-07-28 10:50:18,2582.0,345699,3,2577.95,90070,59711,1.2608584818714863,0
2023-07-28 10:50:18,2582.0,345699,3,2577.95,90070,59711,1.2608584818714863,0
2023-07-28 10:50:18,2582.0,345699,3,2577.95,90070,59711,1.2608584818714863,0
2023-07-28 10:50:18,2582.0,345699,3,2577.95,90070,59711,1.2608584818714863,0
2023-07-28 10:50:23,2582.0,345705,3,2577.95,90162,59667,1.2608584818714863,0
2023-07-28 10:50:23,2582.0,345705,3,2577.95,90162,59667,1.2608584818714863,0
2023-07-28 10:50:23,2582.0,345705,5,2577.95,90162,59667,1.2608584818714863,0
2023-07-28 10:50:23,2582.0,345705,1,2577.95,90162,59667,1.2608584818714863,0
2023-07-28 10:50:28,2579.15,345711,3,2577.95,90149,59676,1.1490872012079214,0
2023-07-28 10:50:28,2580.95,345711,5,2577.95,90149,59676,1.2196795889954275,0
2023-07-28 10:50:28,2581.25,345711,1,2577.95,90149,59676,1.2314449869600208,0
2023-07-28 10:50:33,2581.25,346410,1,2577.95,89629,60058,1.2314449869600208,0
2023-07-28 10:50:33,2580.25,346410,35,2577.95,89629,60058,1.1922269937447336,0
2023-07-28 10:50:33,2579.6,346410,29,2577.95,89629,60058,1.1667352981547934,0
2023-07-28 10:50:33,2580.75,346410,50,2577.95,89629,60058,1.2118359903523772,0
2023-07-28 10:50:33,2580.05,346410,6,2577.95,89629,60058,1.1843833951016833,0
2023-07-28 10:50:38,2580.05,346970,6,2577.96,89453,60099,1.1843833951016833,0
2023-07-28 10:50:38,2579.15,346970,13,2577.96,89453,60099,1.1490872012079214,0
2023-07-28 10:50:38,2580.9,346970,16,2577.96,89453,60099,1.2177186893346739,0
2023-07-28 10:50:41,2580.9,347109,16,2577.96,89622,59491,1.2177186893346739,0
2023-07-28 10:50:41,2580.9,347109,22,2577.96,89622,59491,1.2177186893346739,0
2023-07-28 10:50:45,2580.9,347131,22,2577.96,89647,59838,1.2177186893346739,0
2023-07-28 10:50:45,2581.0,347131,9,2577.96,89647,59838,1.2216404886561991,0
2023-07-28 10:50:45,2580.6,347131,21,2577.96,89647,59838,1.2059532913700806,0
2023-07-28 10:50:50,2580.6,347195,21,2577.96,89338,59166,1.2059532913700806,0
2023-07-28 10:50:50,2580.9,347195,1,2577.96,89338,59166,1.2177186893346739,0
2023-07-28 10:50:52,2580.9,347196,1,2577.96,89363,59183,1.2177186893346739,0
2023-07-28 10:50:52,2580.05,347196,3,2577.96,89363,59183,1.1843833951016833,0
2023-07-28 10:50:57,2580.05,347216,3,2577.96,89462,59943,1.1843833951016833,0
2023-07-28 10:50:57,2580.05,347216,3,2577.96,89518,60063,1.1843833951016833,0
2023-07-28 10:50:57,2580.75,347216,6,2577.96,89518,60063,1.2118359903523772,0
2023-07-28 10:51:05,2580.75,347276,6,2577.96,89552,59888,1.2118359903523772,0
2023-07-28 10:51:05,2580.75,347276,6,2577.96,89459,59939,1.2118359903523772,0
2023-07-28 10:51:05,2580.75,347276,6,2577.96,89459,59939,1.2118359903523772,0
2023-07-28 10:51:05,2580.75,347276,6,2577.96,89459,59939,1.2118359903523772,0
2023-07-28 10:51:05,2580.75,347276,6,2577.96,89489,59939,1.2118359903523772,0
2023-07-28 10:51:12,2580.6,347277,1,2577.96,89488,59938,1.2059532913700806,0
2023-07-28 10:51:14,2580.8,347280,2,2577.96,89482,59935,1.2137968900131488,0
2023-07-28 10:51:14,2580.8,347280,2,2577.96,89482,59935,1.2137968900131488,0
2023-07-28 10:51:14,2580.8,347280,2,2577.96,89482,59978,1.2137968900131488,0
2023-07-28 10:51:14,2580.8,347280,2,2577.96,89482,59978,1.2137968900131488,0
2023-07-28 10:51:14,2580.8,347280,2,2577.96,89482,59997,1.2137968900131488,0
2023-07-28 10:51:21,2580.7,347281,1,2577.96,89484,59996,1.2098750906916058,0
2023-07-28 10:51:21,2580.7,347281,1,2577.96,89502,59996,1.2098750906916058,0
2023-07-28 10:51:21,2580.7,347281,1,2577.96,89502,60016,1.2098750906916058,0
2023-07-28 10:51:30,2579.85,347581,265,2577.96,88841,60118,1.1765397964586153,0
2023-07-28 10:51:30,2579.85,347581,265,2577.96,88948,60138,1.1765397964586153,0
2023-07-28 10:51:30,2579.65,347581,24,2577.96,88948,60138,1.168696197815565,0
2023-07-28 10:51:31,2579.0,347605,80,2577.96,88224,60345,1.1432045022256248,0
2023-07-28 10:51:32,2579.0,347712,80,2577.96,88822,60440,1.1432045022256248,0
2023-07-28 10:51:32,2579.0,347712,10,2577.96,88822,60440,1.1432045022256248,0
2023-07-28 10:51:34,2579.0,347780,5,2577.96,88629,60528,1.1432045022256248,0
2023-07-28 10:51:34,2579.0,347780,5,2577.96,88637,60487,1.1432045022256248,0
2023-07-28 10:51:34,2579.1,347780,26,2577.96,88637,60487,1.1471263015471498,0
2023-07-28 10:51:36,2579.1,347815,26,2577.96,88442,60088,1.1471263015471498,0
2023-07-28 10:51:36,2579.1,347815,26,2577.96,88551,60093,1.1471263015471498,0
2023-07-28 10:51:36,2579.1,347815,26,2577.96,88551,60093,1.1471263015471498,0
2023-07-28 10:51:36,2579.1,347815,26,2577.96,88593,60081,1.1471263015471498,0
2023-07-28 10:51:36,2578.0,347815,142,2577.96,88593,60081,1.1039865090103376,0
2023-07-28 10:51:41,2578.0,348115,142,2577.96,87977,60293,1.1039865090103376,0
2023-07-28 10:51:41,2578.0,348115,23,2577.96,87977,60293,1.1039865090103376,0
2023-07-28 10:51:43,2578.0,348146,23,2577.96,88124,60298,1.1039865090103376,0
2023-07-28 10:51:43,2578.0,348223,77,2577.96,88432,60154,1.1039865090103376,0
2023-07-28 10:51:43,2578.45,348223,8,2577.96,88432,60154,1.1216346059572095,0
2023-07-28 10:51:45,2578.5,348287,138,2577.96,88770,59934,1.1235955056179812,0
2023-07-28 10:51:46,2578.5,348425,138,2577.96,88596,59779,1.1235955056179812,0
2023-07-28 10:51:46,2578.5,348425,138,2577.96,88596,59809,1.1235955056179812,0
2023-07-28 10:51:46,2578.5,348425,138,2577.96,88593,59890,1.1235955056179812,0
2023-07-28 10:51:46,2579.0,348425,3,2577.96,88593,59890,1.1432045022256248,0
2023-07-28 10:51:51,2579.0,348429,1,2577.96,88532,59947,1.1432045022256248,0
2023-07-28 10:51:51,2579.0,348429,1,2577.96,88553,59936,1.1432045022256248,0
2023-07-28 10:51:51,2579.0,348429,1,2577.96,88553,59936,1.1432045022256248,0
2023-07-28 10:51:51,2579.0,348429,1,2577.96,88553,59990,1.1432045022256248,0
2023-07-28 10:51:51,2579.0,348429,1,2577.96,88591,59985,1.1432045022256248,0
2023-07-28 10:51:51,2579.0,348429,1,2577.96,88591,59985,1.1432045022256248,0
2023-07-28 10:51:51,2579.0,348429,1,2577.96,88591,59985,1.1432045022256248,0
2023-07-28 10:51:51,2579.0,348429,1,2577.96,88649,59985,1.1432045022256248,0
2023-07-28 10:51:51,2578.95,348429,10,2577.96,88649,59985,1.1412436025648531,0
2023-07-28 10:52:00,2578.95,348439,10,2577.96,88621,59985,1.1412436025648531,0
2023-07-28 10:52:00,2578.95,348439,10,2577.96,88621,59985,1.1412436025648531,0
2023-07-28 10:52:00,2578.95,348439,10,2577.96,88621,59985,1.1412436025648531,0
2023-07-28 10:52:00,2578.95,348439,10,2577.96,88621,60060,1.1412436025648531,0
2023-07-28 10:52:00,2578.95,348439,10,2577.96,88621,60060,1.1412436025648531,0
2023-07-28 10:52:05,2578.95,348449,10,2577.96,88586,60060,1.1412436025648531,0
2023-07-28 10:52:07,2580.5,348785,126,2577.96,89489,59505,1.2020314920485555,0
2023-07-28 10:52:07,2580.4,348785,10,2577.96,89489,59505,1.1981096927270303,0
2023-07-28 10:52:08,2580.4,349094,10,2577.97,89275,59348,1.1981096927270303,0
2023-07-28 10:52:08,2580.4,349094,10,2577.97,89291,59362,1.1981096927270303,0
2023-07-28 10:52:08,2580.4,349094,10,2577.97,89091,59508,1.1981096927270303,0
2023-07-28 10:52:08,2580.4,349094,10,2577.97,89003,59528,1.1981096927270303,0
2023-07-28 10:52:08,2580.4,349094,10,2577.97,88699,59659,1.1981096927270303,0
2023-07-28 10:52:08,2580.4,349094,10,2577.97,88611,59659,1.1981096927270303,0
2023-07-28 10:52:08,2580.4,349094,10,2577.97,88685,59597,1.1981096927270303,0
2023-07-28 10:52:08,2580.4,349094,10,2577.97,88653,59677,1.1981096927270303,0
2023-07-28 10:52:08,2580.4,349094,10,2577.97,88506,59625,1.1981096927270303,0
2023-07-28 10:52:17,2579.4,349095,1,2577.97,88469,59529,1.158891699511743,0
2023-07-28 10:52:17,2579.4,349095,1,2577.97,88493,58954,1.158891699511743,0
2023-07-28 10:52:17,2579.4,349095,1,2577.97,88481,59609,1.158891699511743,0
2023-07-28 10:52:17,2579.4,349095,1,2577.97,88469,59592,1.158891699511743,0
2023-07-28 10:52:17,2579.4,349095,1,2577.97,88477,59618,1.158891699511743,0
2023-07-28 10:52:22,2579.3,349172,27,2577.97,87497,59682,1.154969900190218,0
2023-07-28 10:52:22,2579.3,349172,27,2577.97,88397,59529,1.154969900190218,0
2023-07-28 10:52:22,2579.3,349172,27,2577.97,88397,59529,1.154969900190218,0
2023-07-28 10:52:22,2579.3,349172,27,2577.97,88397,59460,1.154969900190218,0
2023-07-28 10:52:22,2579.3,349172,27,2577.97,88397,59461,1.154969900190218,0
2023-07-28 10:52:22,2579.3,349172,27,2577.97,88338,59092,1.154969900190218,0
2023-07-28 10:52:22,2579.3,349172,27,2577.97,88446,59094,1.154969900190218,0
2023-07-28 10:52:29,2579.4,349196,24,2577.97,89013,58809,1.158891699511743,0
2023-07-28 10:52:29,2580.7,349196,65,2577.97,89013,58809,1.2098750906916058,0
2023-07-28 10:52:30,2580.7,349314,65,2577.97,89547,59517,1.2098750906916058,0
2023-07-28 10:52:30,2580.7,349314,65,2577.97,89524,59516,1.2098750906916058,0
2023-07-28 10:52:30,2580.7,349314,65,2577.97,89566,59506,1.2098750906916058,0
2023-07-28 10:52:30,2580.7,349314,65,2577.97,89529,59560,1.2098750906916058,0
2023-07-28 10:52:30,2580.7,349314,65,2577.97,89710,59493,1.2098750906916058,0
2023-07-28 10:52:30,2580.7,349314,65,2577.97,89609,59516,1.2098750906916058,0
2023-07-28 10:52:30,2580.7,349314,65,2577.97,89582,59444,1.2098750906916058,0
2023-07-28 10:52:30,2580.7,349314,65,2577.97,89537,59481,1.2098750906916058,0
2023-07-28 10:52:30,2580.7,349314,65,2577.97,89555,59542,1.2098750906916058,0
2023-07-28 10:52:40,2581.9,349315,1,2577.97,89606,59470,1.256936682549961,0
2023-07-28 10:52:40,2581.9,349315,1,2577.97,89614,58923,1.256936682549961,0
2023-07-28 10:52:40,2581.9,349315,1,2577.97,89606,59492,1.256936682549961,0
2023-07-28 10:52:40,2581.9,349315,1,2577.97,89648,59426,1.256936682549961,0
2023-07-28 10:52:40,2581.9,349315,1,2577.97,89750,59471,1.256936682549961,0
2023-07-28 10:52:40,2581.9,349315,1,2577.97,89759,59457,1.256936682549961,0
2023-07-28 10:52:40,2581.9,349315,1,2577.97,89689,59513,1.256936682549961,0
2023-07-28 10:52:40,2581.9,349315,1,2577.97,89708,59489,1.256936682549961,0
2023-07-28 10:52:40,2581.9,349315,1,2577.97,89708,59470,1.256936682549961,0
2023-07-28 10:52:50,2580.75,349316,1,2577.97,89707,59489,1.2118359903523772,0
2023-07-28 10:52:50,2580.75,349316,1,2577.97,89688,59494,1.2118359903523772,0
2023-07-28 10:52:50,2580.75,349316,1,2577.97,89700,59484,1.2118359903523772,0
2023-07-28 10:52:52,2580.0,349516,48,2577.97,89565,59704,1.182422495440912,0
2023-07-28 10:52:52,2580.0,349516,48,2577.97,89544,59703,1.182422495440912,0
2023-07-28 10:52:52,2580.0,349516,48,2577.97,89557,59710,1.182422495440912,0
2023-07-28 10:52:52,2580.0,349516,48,2577.97,89538,59687,1.182422495440912,0
2023-07-28 10:52:52,2580.0,349516,48,2577.97,89499,59760,1.182422495440912,0
2023-07-28 10:52:52,2580.0,349516,48,2577.97,89618,59739,1.182422495440912,0
2023-07-28 10:52:52,2580.0,349516,48,2577.97,89615,59723,1.182422495440912,0
2023-07-28 10:52:52,2580.0,349516,48,2577.97,89615,59759,1.182422495440912,0
2023-07-28 10:52:52,2581.3,349516,3,2577.97,89615,59759,1.2334058866207924,0
2023-07-28 10:53:00,2581.3,349521,3,2577.97,89455,59702,1.2334058866207924,0
2023-07-28 10:53:00,2581.3,349521,3,2577.97,89456,59743,1.2334058866207924,0
2023-07-28 10:53:00,2581.3,349521,3,2577.97,89392,59739,1.2334058866207924,0
2023-07-28 10:53:00,2581.3,349521,3,2577.97,89392,59739,1.2334058866207924,0
2023-07-28 10:53:00,2581.3,349521,3,2577.97,89175,59083,1.2334058866207924,0
2023-07-28 10:53:00,2581.3,349521,3,2577.97,89099,59749,1.2334058866207924,0
2023-07-28 10:53:00,2581.3,349521,3,2577.97,89166,59664,1.2334058866207924,0
2023-07-28 10:53:00,2581.3,349521,3,2577.97,89170,59711,1.2334058866207924,0
2023-07-28 10:53:00,2581.3,349521,3,2577.97,89170,59674,1.2334058866207924,0
2023-07-28 10:53:00,2581.3,349521,3,2577.97,89170,59903,1.2334058866207924,0
2023-07-28 10:53:00,2581.3,349521,3,2577.97,89140,59942,1.2334058866207924,0
2023-07-28 10:53:00,2581.3,349521,3,2577.97,89159,59942,1.2334058866207924,0
2023-07-28 10:53:00,2581.3,349521,3,2577.97,89155,59942,1.2334058866207924,0
2023-07-28 10:53:00,2580.0,349521,9,2577.97,89155,59942,1.182422495440912,0
2023-07-28 10:53:13,2580.0,349530,9,2577.97,89147,59971,1.182422495440912,0
2023-07-28 10:53:13,2580.0,349530,9,2577.97,89165,59971,1.182422495440912,0
2023-07-28 10:53:13,2580.0,349530,9,2577.97,89168,59971,1.182422495440912,0
2023-07-28 10:53:13,2580.0,349530,9,2577.97,89168,59971,1.182422495440912,0
2023-07-28 10:53:13,2580.0,349530,9,2577.97,89149,59981,1.182422495440912,0
2023-07-28 10:53:18,2580.9,349533,3,2577.97,89176,59923,1.2177186893346739,0
2023-07-28 10:53:18,2580.9,349533,3,2577.97,89185,59998,1.2177186893346739,0
2023-07-28 10:53:18,2580.9,349533,3,2577.97,89174,59986,1.2177186893346739,0
2023-07-28 10:53:18,2580.9,349533,3,2577.97,89174,59986,1.2177186893346739,0
2023-07-28 10:53:18,2580.9,349533,3,2577.97,89174,59986,1.2177186893346739,0
2023-07-28 10:53:18,2580.9,349533,3,2577.97,89174,59986,1.2177186893346739,0
2023-07-28 10:53:18,2580.9,349533,3,2577.97,89174,59986,1.2177186893346739,0
2023-07-28 10:53:24,2580.9,349534,1,2577.97,89366,60001,1.2177186893346739,0
2023-07-28 10:53:24,2580.9,349534,1,2577.97,89366,60001,1.2177186893346739,0
2023-07-28 10:53:24,2580.9,349534,1,2577.97,89379,60001,1.2177186893346739,0
2023-07-28 10:53:24,2580.9,349534,1,2577.97,89379,60001,1.2177186893346739,0
2023-07-28 10:53:24,2580.9,349534,1,2577.97,89381,59972,1.2177186893346739,0
2023-07-28 10:53:24,2580.9,349534,1,2577.97,89381,60023,1.2177186893346739,0
2023-07-28 10:53:28,2580.0,349569,1,2577.97,89010,59853,1.182422495440912,0
2023-07-28 10:53:29,2579.4,349577,8,2577.97,88595,59989,1.158891699511743,0
2023-07-28 10:53:29,2579.4,349577,8,2577.97,88581,59483,1.158891699511743,0
2023-07-28 10:53:29,2579.4,349577,8,2577.97,88555,59936,1.158891699511743,0
2023-07-28 10:53:33,2579.0,349620,25,2577.97,88249,59842,1.1432045022256248,0
2023-07-28 10:53:33,2579.0,349620,25,2577.97,88215,59920,1.1432045022256248,0
2023-07-28 10:53:33,2579.0,349620,25,2577.97,88171,59321,1.1432045022256248,0
2023-07-28 10:53:33,2578.2,349620,14,2577.97,88253,59223,1.1118301076533879,0
2023-07-28 10:53:36,2578.2,349644,14,2577.97,88217,59945,1.1118301076533879,0
2023-07-28 10:53:36,2578.1,349644,5,2577.97,88217,59945,1.1079083083318626,0
2023-07-28 10:53:39,2578.1,349649,5,2577.97,88149,59032,1.1079083083318626,0
2023-07-28 10:53:39,2578.1,349649,5,2577.97,88129,59908,1.1079083083318626,0
2023-07-28 10:53:39,2578.1,349649,5,2577.97,88126,59685,1.1079083083318626,0
2023-07-28 10:53:39,2578.1,349649,5,2577.97,88017,59089,1.1079083083318626,0
2023-07-28 10:53:39,2578.1,349649,27,2577.97,88017,59089,1.1079083083318626,0
2023-07-28 10:53:44,2578.0,349686,10,2577.97,87698,59102,1.1039865090103376,0
2023-07-28 10:53:44,2578.0,349686,10,2577.97,87756,59721,1.1039865090103376,0
2023-07-28 10:53:44,2578.0,349686,10,2577.97,87810,59626,1.1039865090103376,0
2023-07-28 10:53:44,2578.0,349686,10,2577.97,87793,59626,1.1039865090103376,0
2023-07-28 10:53:50,2578.35,349739,26,2577.97,87968,59586,1.1177128066356845,0
2023-07-28 10:53:50,2578.35,349739,26,2577.97,87953,59557,1.1177128066356845,0
2023-07-28 10:53:50,2578.05,349739,7,2577.97,87915,59117,1.105947408671109,0
2023-07-28 10:53:52,2578.05,349746,7,2577.97,87812,59937,1.105947408671109,0
2023-07-28 10:53:52,2578.05,349746,7,2577.97,87802,59937,1.105947408671109,0
2023-07-28 10:53:52,2578.05,349746,7,2577.97,87849,59937,1.105947408671109,0
2023-07-28 10:53:52,2578.05,349746,7,2577.97,87823,59854,1.105947408671109,0
2023-07-28 10:53:52,2578.05,349746,7,2577.97,87823,59880,1.105947408671109,0
2023-07-28 10:53:52,2578.05,349746,7,2577.97,87866,59871,1.105947408671109,0
2023-07-28 10:53:52,2578.05,349746,7,2577.97,87866,59871,1.105947408671109,0
2023-07-28 10:53:52,2578.05,349746,7,2577.97,87806,59936,1.105947408671109,0
2023-07-28 10:53:52,2578.05,349746,7,2577.97,87806,59941,1.105947408671109,0
2023-07-28 10:54:08,2578.85,349747,1,2577.97,87773,59936,1.137321803243328,0
2023-07-28 10:54:08,2578.85,349747,1,2577.97,87765,59430,1.137321803243328,0
2023-07-28 10:54:08,2578.85,349747,1,2577.97,87774,59831,1.137321803243328,0
2023-07-28 10:54:08,2578.95,349747,22,2577.97,87774,59831,1.1412436025648531,0
2023-07-28 10:54:12,2578.95,349925,18,2577.97,88325,59790,1.1412436025648531,0
2023-07-28 10:54:12,2578.95,349925,18,2577.97,88336,59878,1.1412436025648531,0
2023-07-28 10:54:12,2578.95,349925,18,2577.97,88325,59278,1.1412436025648531,0
2023-07-28 10:54:12,2580.0,349925,16,2577.97,88325,59278,1.182422495440912,0
2023-07-28 10:54:13,2580.0,349993,16,2577.97,88490,59664,1.182422495440912,0
2023-07-28 10:54:13,2580.0,349993,16,2577.97,88432,59097,1.182422495440912,0
2023-07-28 10:54:13,2581.0,349993,20,2577.97,88432,59097,1.2216404886561991,0
2023-07-28 10:54:16,2579.7,350084,2,2577.97,88794,59735,1.1706570974763186,0
2023-07-28 10:54:17,2579.65,350086,1,2577.97,88745,59788,1.168696197815565,0
2023-07-28 10:54:17,2579.65,350086,1,2577.97,88770,59788,1.168696197815565,0
2023-07-28 10:54:17,2579.65,350086,1,2577.97,88751,59804,1.168696197815565,0
2023-07-28 10:54:17,2579.65,350086,1,2577.97,88770,59852,1.168696197815565,0
2023-07-28 10:54:17,2579.65,350086,1,2577.97,88735,59852,1.168696197815565,0
2023-07-28 10:54:17,2579.65,350086,1,2577.97,88720,59851,1.168696197815565,0
2023-07-28 10:54:17,2579.65,350086,1,2577.97,88758,59840,1.168696197815565,0
2023-07-28 10:54:17,2579.65,350086,1,2577.97,88758,59764,1.168696197815565,0
2023-07-28 10:54:17,2579.65,350086,1,2577.97,88784,59764,1.168696197815565,0
2023-07-28 10:54:17,2579.65,350086,1,2577.97,88784,59773,1.168696197815565,0
2023-07-28 10:54:28,2578.65,350286,36,2577.97,86729,59857,1.1294782046002778,0
2023-07-28 10:54:28,2578.65,350286,36,2577.97,88573,59915,1.1294782046002778,0
2023-07-28 10:54:28,2578.5,350286,48,2577.97,88617,60036,1.1235955056179812,0
2023-07-28 10:54:30,2578.5,350339,48,2577.97,88655,59948,1.1235955056179812,0
2023-07-28 10:54:30,2578.5,350339,48,2577.97,88685,59236,1.1235955056179812,0
2023-07-28 10:54:30,2578.5,350339,48,2577.97,88685,59905,1.1235955056179812,0
2023-07-28 10:54:30,2580.0,350339,2,2577.97,88685,59905,1.182422495440912,0
2023-07-28 10:54:34,2580.0,350341,2,2577.97,88668,59836,1.182422495440912,0
2023-07-28 10:54:34,2580.0,350341,2,2577.97,88785,60282,1.182422495440912,0
2023-07-28 10:54:34,2580.0,350341,2,2577.97,88784,59810,1.182422495440912,0
2023-07-28 10:54:34,2580.0,350341,2,2577.97,88784,61088,1.182422495440912,0
2023-07-28 10:54:34,2580.0,350341,2,2577.97,88803,61252,1.182422495440912,0
2023-07-28 10:54:34,2580.0,350341,2,2577.97,88799,61362,1.182422495440912,0
2023-07-28 10:54:34,2580.0,350341,2,2577.97,88795,61687,1.182422495440912,0
2023-07-28 10:54:34,2580.0,350341,2,2577.97,88795,61486,1.182422495440912,0
2023-07-28 10:54:34,2580.0,350341,2,2577.97,88797,61689,1.182422495440912,0
2023-07-28 10:54:34,2580.0,350341,2,2577.97,88820,62307,1.182422495440912,0
2023-07-28 10:54:47,2580.0,350342,1,2577.97,88521,62444,1.182422495440912,0
2023-07-28 10:54:47,2580.0,350342,1,2577.97,88544,61844,1.182422495440912,0
2023-07-28 10:54:47,2580.0,350342,1,2577.97,88467,62991,1.182422495440912,0
2023-07-28 10:54:50,2580.0,350343,1,2577.97,88486,63330,1.182422495440912,0
2023-07-28 10:54:50,2580.0,350343,1,2577.97,88486,63330,1.182422495440912,0
2023-07-28 10:54:50,2580.0,350343,1,2577.97,88553,63331,1.182422495440912,0
2023-07-28 10:54:50,2580.0,350343,1,2577.97,88553,63921,1.182422495440912,0
2023-07-28 10:54:50,2580.0,350343,1,2577.97,88553,64361,1.182422495440912,0
2023-07-28 10:54:50,2580.0,350343,1,2577.97,88553,64460,1.182422495440912,0
2023-07-28 10:54:50,2580.0,350343,1,2577.97,88555,64519,1.182422495440912,0
2023-07-28 10:54:50,2580.0,350343,1,2577.97,88528,64338,1.182422495440912,0
2023-07-28 10:54:50,2580.0,350343,1,2577.97,87983,64336,1.182422495440912,0
2023-07-28 10:54:50,2580.0,350343,1,2577.97,88516,64541,1.182422495440912,0
2023-07-28 10:54:50,2580.0,350343,1,2577.97,88543,64497,1.182422495440912,0
2023-07-28 10:54:50,2580.0,350343,1,2577.97,87949,64539,1.182422495440912,0
2023-07-28 10:54:50,2580.0,350343,1,2577.97,88546,64572,1.182422495440912,0
2023-07-28 10:54:50,2580.0,350343,1,2577.97,88513,64477,1.182422495440912,0
2023-07-28 10:54:50,2580.0,350343,1,2577.97,88520,64649,1.182422495440912,0
2023-07-28 10:54:50,2579.95,350343,14,2577.97,88520,64649,1.1804615957801403,0
2023-07-28 10:55:06,2579.95,350357,14,2577.97,88510,64686,1.1804615957801403,0
2023-07-28 10:55:06,2580.0,350357,10,2577.97,88510,64686,1.182422495440912,0
2023-07-28 10:55:06,2579.85,350357,23,2577.97,88510,64686,1.1765397964586153,0
2023-07-28 10:55:08,2579.85,350427,23,2577.97,88472,64675,1.1765397964586153,0
2023-07-28 10:55:08,2579.85,350427,23,2577.97,88472,64670,1.1765397964586153,0
2023-07-28 10:55:12,2580.0,350432,5,2577.97,88525,64657,1.182422495440912,0
2023-07-28 10:55:12,2580.0,350432,5,2577.97,88772,64174,1.182422495440912,0
2023-07-28 10:55:12,2580.0,350432,5,2577.97,88755,64751,1.182422495440912,0
2023-07-28 10:55:12,2580.0,350432,5,2577.97,88718,64156,1.182422495440912,0
2023-07-28 10:55:12,2580.0,350432,5,2577.97,88718,64794,1.182422495440912,0
2023-07-28 10:55:12,2580.0,350432,5,2577.97,88662,64768,1.182422495440912,0
2023-07-28 10:55:12,2580.0,350432,5,2577.97,88695,64246,1.182422495440912,0
2023-07-28 10:55:12,2579.85,350432,44,2577.97,88695,64246,1.1765397964586153,0
2023-07-28 10:55:21,2579.85,350476,44,2577.97,88670,64308,1.1765397964586153,0
2023-07-28 10:55:21,2579.85,350476,44,2577.97,88651,64884,1.1765397964586153,0
2023-07-28 10:55:21,2579.85,350476,44,2577.97,88719,64024,1.1765397964586153,0
2023-07-28 10:55:21,2579.85,350476,44,2577.97,88695,64615,1.1765397964586153,0
2023-07-28 10:55:21,2579.85,350476,44,2577.97,88695,64698,1.1765397964586153,0
2023-07-28 10:55:21,2579.85,350476,44,2577.97,88722,64685,1.1765397964586153,0
2023-07-28 10:55:21,2579.85,350476,44,2577.97,86622,64082,1.1765397964586153,0
2023-07-28 10:55:21,2579.85,350476,44,2577.97,86622,64114,1.1765397964586153,0
2023-07-28 10:55:21,2579.85,350476,44,2577.97,86615,64033,1.1765397964586153,0
2023-07-28 10:55:21,2579.85,350476,44,2577.97,85257,64075,1.1765397964586153,0
2023-07-28 10:55:21,2579.85,350476,44,2577.97,86760,64064,1.1765397964586153,0
2023-07-28 10:55:21,2579.85,350476,44,2577.97,86753,64067,1.1765397964586153,0
2023-07-28 10:55:21,2580.0,350476,2,2577.97,86753,64067,1.182422495440912,0
2023-07-28 10:55:35,2580.0,350576,2,2577.97,86831,64092,1.182422495440912,0
2023-07-28 10:55:35,2580.0,350576,1,2577.97,86831,64092,1.182422495440912,0
2023-07-28 10:55:36,2580.0,350578,1,2577.97,89010,64729,1.182422495440912,0
2023-07-28 10:55:37,2580.0,350590,12,2577.97,88993,64714,1.182422495440912,0
2023-07-28 10:55:37,2580.0,350590,12,2577.97,88974,64796,1.182422495440912,0
2023-07-28 10:55:37,2580.0,350590,12,2577.97,88995,64806,1.182422495440912,0
2023-07-28 10:55:37,2580.0,350590,12,2577.97,89030,64796,1.182422495440912,0
2023-07-28 10:55:37,2580.0,350590,12,2577.97,88831,64828,1.182422495440912,0
2023-07-28 10:55:42,2580.0,350596,3,2577.97,88889,64204,1.182422495440912,0
2023-07-28 10:55:42,2580.0,350596,3,2577.97,88892,64820,1.182422495440912,0
2023-07-28 10:55:42,2580.0,350596,3,2577.97,88907,64812,1.182422495440912,0
2023-07-28 10:55:42,2580.0,350596,3,2577.97,88952,64153,1.182422495440912,0
2023-07-28 10:55:42,2580.0,350596,3,2577.97,88939,64752,1.182422495440912,0
2023-07-28 10:55:42,2580.0,350596,3,2577.97,88926,64138,1.182422495440912,0
2023-07-28 10:55:42,2580.0,350596,3,2577.97,88765,64775,1.182422495440912,0
2023-07-28 10:55:42,2580.0,350596,3,2577.97,88817,64842,1.182422495440912,0
2023-07-28 10:55:42,2580.0,350596,3,2577.97,88834,64873,1.182422495440912,0
2023-07-28 10:55:42,2580.0,350596,3,2577.97,88831,64873,1.182422495440912,0
2023-07-28 10:55:42,2580.0,350596,3,2577.97,88828,64887,1.182422495440912,0
2023-07-28 10:55:42,2580.0,350596,3,2577.97,88877,64856,1.182422495440912,0
2023-07-28 10:55:42,2580.0,350596,37,2577.97,88877,64856,1.182422495440912,0
2023-07-28 10:55:56,2580.0,367753,37,2578.07,88766,64400,1.182422495440912,0
2023-07-28 10:55:56,2579.6,367753,1,2578.07,88818,65029,1.1667352981547934,0
2023-07-28 10:55:58,2579.6,367754,1,2578.07,88615,65299,1.1667352981547934,0
2023-07-28 10:55:58,2579.6,367754,1,2578.07,88625,65346,1.1667352981547934,0
2023-07-28 10:55:58,2578.7,367754,207,2578.07,88625,65346,1.1314391042610314,0
2023-07-28 10:56:00,2578.7,369051,207,2578.07,87805,65188,1.1314391042610314,0
2023-07-28 10:56:01,2578.0,369161,10,2578.07,87555,65316,1.1039865090103376,0
2023-07-28 10:56:01,2577.05,369161,300,2578.07,87555,65316,1.0667294154558218,0
2023-07-28 10:56:02,2577.05,370099,300,2578.07,86373,65102,1.0667294154558218,0
2023-07-28 10:56:03,2576.45,370119,10,2578.07,86670,65298,1.0431986195266354,0
2023-07-28 10:56:04,2576.45,370229,95,2578.07,87207,64956,1.0431986195266354,0
2023-07-28 10:56:05,2576.0,370268,14,2578.07,87450,65236,1.0255505225797632,0
2023-07-28 10:56:06,2579.95,372118,21,2578.06,88991,64814,1.1804615957801403,0
2023-07-28 10:56:07,2577.75,372132,14,2578.06,88732,64832,1.0941820107065157,0
2023-07-28 10:56:07,2577.5,372132,1,2578.06,88732,64832,1.084377512402694,0
2023-07-28 10:56:08,2577.5,372134,1,2578.06,88646,64999,1.084377512402694,0
2023-07-28 10:56:08,2577.5,372134,109,2578.06,88646,64999,1.084377512402694,0
2023-07-28 10:56:09,2577.5,372243,109,2578.06,88489,65089,1.084377512402694,0
2023-07-28 10:56:09,2577.55,372243,6,2578.06,88489,65089,1.0863384120634654,0
2023-07-28 10:56:11,2578.05,372357,8,2578.06,89002,63966,1.105947408671109,0
2023-07-28 10:56:11,2578.05,372357,8,2578.06,89002,63966,1.105947408671109,0
2023-07-28 10:56:11,2578.05,372357,8,2578.06,89029,64006,1.105947408671109,0
2023-07-28 10:56:11,2578.05,372357,8,2578.06,89048,64043,1.105947408671109,0
2023-07-28 10:56:11,2578.05,372357,8,2578.06,89048,64045,1.105947408671109,0
2023-07-28 10:56:15,2578.85,372373,15,2578.06,88956,64859,1.137321803243328,0
2023-07-28 10:56:15,2578.85,372373,15,2578.06,88958,64930,1.137321803243328,0
2023-07-28 10:56:15,2578.85,372373,15,2578.06,88969,64930,1.137321803243328,0
2023-07-28 10:56:15,2579.5,372373,6,2578.06,89003,64872,1.1628134988332683,0
2023-07-28 10:56:18,2579.5,372379,6,2578.06,89000,64894,1.1628134988332683,0
2023-07-28 10:56:18,2579.5,372379,6,2578.06,89083,64924,1.1628134988332683,0
2023-07-28 10:56:18,2579.5,372379,6,2578.06,89707,64387,1.1628134988332683,0
2023-07-28 10:56:18,2579.5,372379,6,2578.06,89666,64508,1.1628134988332683,0
2023-07-28 10:56:18,2579.5,372379,6,2578.06,89666,64508,1.1628134988332683,0
2023-07-28 10:56:18,2579.5,372379,6,2578.06,89607,64549,1.1628134988332683,0
2023-07-28 10:56:18,2579.5,372379,6,2578.06,89558,64546,1.1628134988332683,0
2023-07-28 10:56:18,2579.5,372379,6,2578.06,89558,64546,1.1628134988332683,0
2023-07-28 10:56:18,2579.5,372379,6,2578.06,89558,64546,1.1628134988332683,0
2023-07-28 10:56:18,2579.5,372379,6,2578.06,89568,64546,1.1628134988332683,0
2023-07-28 10:56:18,2579.5,372379,6,2578.06,89568,64546,1.1628134988332683,0
2023-07-28 10:56:18,2579.5,372379,6,2578.06,89568,64546,1.1628134988332683,0
2023-07-28 10:56:18,2579.5,372379,6,2578.06,89492,64492,1.1628134988332683,0
2023-07-28 10:56:18,2579.5,372379,6,2578.06,89489,64468,1.1628134988332683,0
2023-07-28 10:56:18,2579.5,372379,6,2578.06,89566,64384,1.1628134988332683,0
2023-07-28 10:56:18,2579.5,372379,6,2578.06,89458,63833,1.1628134988332683,0
2023-07-28 10:56:18,2579.5,372379,6,2578.06,89449,64397,1.1628134988332683,0
2023-07-28 10:56:18,2579.5,372379,6,2578.06,89457,64586,1.1628134988332683,0
2023-07-28 10:56:18,2579.5,372379,6,2578.06,89457,64586,1.1628134988332683,0
2023-07-28 10:56:18,2580.0,372379,2,2578.06,89457,64586,1.182422495440912,0
2023-07-28 10:56:36,2580.0,372381,2,2578.06,89519,64519,1.182422495440912,0
2023-07-28 10:56:36,2580.0,372381,19,2578.06,89519,64519,1.182422495440912,0
2023-07-28 10:56:37,2580.0,372488,19,2578.06,89510,64632,1.182422495440912,0
2023-07-28 10:56:37,2579.2,372488,19,2578.06,89510,64632,1.151048100868675,0
2023-07-28 10:56:38,2579.2,372527,19,2578.06,89325,64667,1.151048100868675,0
2023-07-28 10:56:38,2579.1,372527,12,2578.06,89296,64697,1.1471263015471498,0
2023-07-28 10:56:40,2579.1,372579,12,2578.06,89155,64731,1.1471263015471498,0
2023-07-28 10:56:40,2579.1,372579,12,2578.06,89171,64764,1.1471263015471498,0
2023-07-28 10:56:40,2579.1,372579,12,2578.06,89171,64775,1.1471263015471498,0
2023-07-28 10:56:40,2579.1,372579,12,2578.06,89493,64749,1.1471263015471498,0
2023-07-28 10:56:40,2579.1,372579,12,2578.06,89500,64192,1.1471263015471498,0
2023-07-28 10:56:40,2579.1,372579,12,2578.06,89327,64684,1.1471263015471498,0
2023-07-28 10:56:40,2579.1,372579,12,2578.06,89325,64116,1.1471263015471498,0
2023-07-28 10:56:49,2579.95,372584,5,2578.06,89347,64140,1.1804615957801403,0
2023-07-28 10:56:49,2579.95,372584,5,2578.06,89331,64170,1.1804615957801403,0
2023-07-28 10:56:49,2579.95,372584,5,2578.06,89360,64179,1.1804615957801403,0
2023-07-28 10:56:49,2578.8,372584,3,2578.06,89360,64179,1.1353609035825745,0
2023-07-28 10:56:51,2578.8,372594,3,2578.06,89332,64073,1.1353609035825745,0
2023-07-28 10:56:51,2578.8,372594,3,2578.06,89332,64159,1.1353609035825745,0
2023-07-28 10:56:51,2578.8,372594,3,2578.06,89332,64704,1.1353609035825745,0
2023-07-28 10:56:51,2578.8,372594,3,2578.06,89334,64709,1.1353609035825745,0
2023-07-28 10:56:51,2578.8,372594,3,2578.06,89386,64716,1.1353609035825745,0
2023-07-28 10:56:59,2579.3,372643,17,2578.06,89738,64533,1.154969900190218,0
2023-07-28 10:56:59,2579.9,372643,1,2578.06,89738,64533,1.1785006961193867,0
2023-07-28 10:56:59,2579.9,372644,1,2578.06,89496,64885,1.1785006961193867,0
2023-07-28 10:56:59,2579.9,372644,1,2578.06,89464,64842,1.1785006961193867,0
2023-07-28 10:56:59,2579.9,372644,1,2578.06,89454,64842,1.1785006961193867,0
2023-07-28 10:56:59,2579.9,372644,1,2578.06,89246,64945,1.1785006961193867,0
2023-07-28 10:56:59,2579.9,372644,1,2578.06,89268,64979,1.1785006961193867,0
2023-07-28 10:56:59,2579.9,372644,1,2578.06,89258,64929,1.1785006961193867,0
2023-07-28 10:56:59,2579.9,372644,1,2578.06,89268,64929,1.1785006961193867,0
2023-07-28 10:56:59,2579.9,372644,1,2578.06,89258,64924,1.1785006961193867,0
2023-07-28 10:56:59,2579.9,372644,1,2578.06,89209,64964,1.1785006961193867,0
2023-07-28 10:56:59,2579.9,372644,1,2578.06,88907,64703,1.1785006961193867,0
2023-07-28 10:56:59,2578.8,372644,8,2578.06,88863,64689,1.1353609035825745,0
2023-07-28 10:57:13,2578.8,372652,8,2578.07,88879,64655,1.1353609035825745,0
2023-07-28 10:57:13,2578.8,372652,8,2578.07,88875,64608,1.1353609035825745,0
2023-07-28 10:57:13,2578.8,372652,8,2578.07,88961,64617,1.1353609035825745,0
2023-07-28 10:57:13,2578.8,372652,8,2578.07,89241,64617,1.1353609035825745,0
2023-07-28 10:57:13,2578.8,372652,8,2578.07,89218,64617,1.1353609035825745,0
2023-07-28 10:57:19,2578.8,372654,2,2578.07,89243,64100,1.1353609035825745,0
2023-07-28 10:57:19,2578.8,372654,2,2578.07,87075,64222,1.1353609035825745,0
2023-07-28 10:57:19,2578.8,372654,2,2578.07,87075,64192,1.1353609035825745,0
2023-07-28 10:57:19,2578.8,372654,2,2578.07,87046,64156,1.1353609035825745,0
2023-07-28 10:57:19,2578.8,372654,2,2578.07,87046,64156,1.1353609035825745,0
2023-07-28 10:57:19,2578.8,372654,2,2578.07,86746,64165,1.1353609035825745,0
2023-07-28 10:57:19,2578.15,372654,2,2578.07,86746,64165,1.1098692079926342,0
2023-07-28 10:57:27,2578.15,372656,2,2578.07,88828,64769,1.1098692079926342,0
2023-07-28 10:57:27,2578.8,372656,1,2578.07,88828,64769,1.1353609035825745,0
2023-07-28 10:57:29,2578.8,372657,1,2578.07,88828,64768,1.1353609035825745,0
2023-07-28 10:57:29,2578.8,372657,1,2578.07,89192,64713,1.1353609035825745,0
2023-07-28 10:57:32,2578.8,372658,1,2578.07,89229,64701,1.1353609035825745,0
2023-07-28 10:57:32,2578.8,372658,1,2578.07,89248,64669,1.1353609035825745,0
2023-07-28 10:57:32,2578.8,372658,1,2578.07,89248,64664,1.1353609035825745,0
2023-07-28 10:57:32,2578.8,372658,1,2578.07,89219,64685,1.1353609035825745,0
2023-07-28 10:57:32,2578.8,372658,1,2578.07,89219,64685,1.1353609035825745,0
2023-07-28 10:57:32,2578.8,372658,1,2578.07,88986,64587,1.1353609035825745,0
2023-07-28 10:57:32,2578.8,372658,1,2578.07,89076,64647,1.1353609035825745,0
2023-07-28 10:57:32,2578.8,372658,1,2578.07,89014,64704,1.1353609035825745,0
2023-07-28 10:57:32,2578.8,372658,1,2578.07,89068,64707,1.1353609035825745,0
2023-07-28 10:57:32,2578.8,372658,1,2578.07,89202,64736,1.1353609035825745,0
2023-07-28 10:57:32,2578.8,372658,1,2578.07,89226,64687,1.1353609035825745,0
2023-07-28 10:57:32,2578.8,372658,1,2578.07,89158,64766,1.1353609035825745,0
2023-07-28 10:57:32,2578.8,372658,1,2578.07,89158,64766,1.1353609035825745,0
2023-07-28 10:57:48,2578.8,372659,1,2578.07,89138,64748,1.1353609035825745,0
2023-07-28 10:57:48,2578.15,372659,1,2578.07,89138,64748,1.1098692079926342,0
2023-07-28 10:57:49,2578.15,372660,1,2578.07,89140,64748,1.1098692079926342,0
2023-07-28 10:57:51,2578.8,372662,2,2578.07,89140,64737,1.1353609035825745,0
2023-07-28 10:57:51,2578.8,372662,2,2578.07,89140,64737,1.1353609035825745,0
2023-07-28 10:57:51,2578.8,372662,2,2578.07,89140,64737,1.1353609035825745,0
2023-07-28 10:57:51,2578.8,372662,2,2578.07,89169,64756,1.1353609035825745,0
2023-07-28 10:57:51,2578.8,372662,2,2578.07,89197,64733,1.1353609035825745,0
2023-07-28 10:57:51,2578.8,372662,2,2578.07,89197,64733,1.1353609035825745,0
2023-07-28 10:57:51,2578.8,372662,2,2578.07,88978,64745,1.1353609035825745,0
2023-07-28 10:57:51,2578.8,372662,2,2578.07,88978,64745,1.1353609035825745,0
2023-07-28 10:58:04,2578.15,372664,2,2578.07,88989,64726,1.1098692079926342,0
2023-07-28 10:58:04,2578.15,372664,2,2578.07,89266,64726,1.1098692079926342,0
2023-07-28 10:58:04,2578.9,372664,40,2578.07,89266,64726,1.1392827029040995,0
2023-07-28 10:58:10,2578.9,372704,40,2578.07,89298,64686,1.1392827029040995,0
2023-07-28 10:58:10,2578.15,372704,8,2578.07,89298,64686,1.1098692079926342,0
2023-07-28 10:58:15,2578.15,372712,8,2578.07,89263,64717,1.1098692079926342,0
2023-07-28 10:58:15,2578.15,372712,8,2578.07,89263,64686,1.1098692079926342,0
2023-07-28 10:58:15,2578.15,372712,8,2578.07,89289,64686,1.1098692079926342,0
2023-07-28 10:58:15,2578.15,372712,8,2578.07,89285,64667,1.1098692079926342,0
2023-07-28 10:58:15,2577.8,372712,9,2578.07,89285,64667,1.0961429103672873,0
2023-07-28 10:58:30,2577.8,372759,9,2578.07,89199,64727,1.0961429103672873,0
2023-07-28 10:58:30,2578.05,372759,6,2578.07,89199,64727,1.105947408671109,0
2023-07-28 10:58:38,2578.05,373259,6,2578.07,89016,64732,1.105947408671109,0
2023-07-28 10:58:38,2577.95,373259,24,2578.07,89016,64732,1.102025609349566,0
2023-07-28 10:58:38,2577.9,373259,1,2578.07,89016,64732,1.1000647096888123,0
2023-07-28 10:58:38,2576.25,373259,6,2578.07,89016,64732,1.0353550208835849,0
2023-07-28 10:58:43,2576.25,373630,6,2578.06,88243,64821,1.0353550208835849,0
2023-07-28 10:58:43,2578.35,373630,300,2578.06,88243,64821,1.1177128066356845,0
2023-07-28 10:58:43,2578.0,373630,24,2578.06,88243,64821,1.1039865090103376,0
2023-07-28 10:58:47,2578.0,374014,24,2578.06,88574,64716,1.1039865090103376,0
2023-07-28 10:58:47,2578.0,374014,45,2578.06,88574,64716,1.1039865090103376,0
2023-07-28 10:58:47,2578.0,374014,20,2578.06,88574,64716,1.1039865090103376,0
2023-07-28 10:58:50,2578.0,374269,20,2578.06,88789,64710,1.1039865090103376,0
2023-07-28 10:58:50,2578.0,374269,31,2578.06,88789,64710,1.1039865090103376,0
2023-07-28 10:58:50,2578.0,374269,2,2578.06,88789,64710,1.1039865090103376,0
2023-07-28 10:58:55,2578.0,374302,2,2578.06,88758,64647,1.1039865090103376,0
2023-07-28 10:58:55,2578.0,374302,6,2578.06,88758,64647,1.1039865090103376,0
2023-07-28 10:59:00,2578.0,374309,1,2578.06,88773,64640,1.1039865090103376,0
2023-07-28 10:59:00,2578.0,374309,1,2578.06,88774,64640,1.1039865090103376,0
2023-07-28 10:59:00,2578.0,374309,9,2578.06,88774,64640,1.1039865090103376,0
2023-07-28 10:59:00,2578.0,374309,44,2578.06,88774,64640,1.1039865090103376,0
2023-07-28 10:59:00,2577.95,374309,10,2578.06,88774,64640,1.102025609349566,0
2023-07-28 10:59:05,2577.95,374373,10,2578.06,88724,64680,1.102025609349566,0
2023-07-28 10:59:05,2578.0,374373,5,2578.06,88724,64680,1.1039865090103376,0
2023-07-28 10:59:05,2578.0,374373,1,2578.06,88724,64680,1.1039865090103376,0
2023-07-28 10:59:05,2578.0,374373,1,2578.06,88724,64680,1.1039865090103376,0
2023-07-28 10:59:11,2578.0,374380,1,2578.06,88754,64675,1.1039865090103376,0
2023-07-28 10:59:11,2577.95,374380,1,2578.06,88754,64675,1.102025609349566,0
2023-07-28 10:59:15,2577.95,374381,1,2578.06,88753,64694,1.102025609349566,0
2023-07-28 10:59:15,2577.95,374381,1,2578.06,88797,64663,1.102025609349566,0
2023-07-28 10:59:15,2577.95,374381,1,2578.06,88797,64663,1.102025609349566,0
2023-07-28 10:59:15,2577.95,374381,6,2578.06,88797,64663,1.102025609349566,0
2023-07-28 10:59:15,2577.95,374381,1,2578.06,88797,64663,1.102025609349566,0
2023-07-28 10:59:15,2577.95,374381,1,2578.06,88797,64663,1.102025609349566,0
2023-07-28 10:59:15,2577.95,374381,1,2578.06,88797,64663,1.102025609349566,0
2023-07-28 10:59:23,2577.95,374388,1,2578.06,88750,64646,1.102025609349566,0
2023-07-28 10:59:23,2577.95,374388,1,2578.06,88750,64646,1.102025609349566,0
2023-07-28 10:59:23,2577.95,374388,1,2578.06,88750,64646,1.102025609349566,0
2023-07-28 10:59:23,2577.95,374388,1,2578.06,88750,64646,1.102025609349566,0
2023-07-28 10:59:29,2577.9,374397,9,2578.06,88803,64665,1.1000647096888123,0
2023-07-28 10:59:29,2577.9,374397,9,2578.06,88839,64651,1.1000647096888123,0
2023-07-28 10:59:29,2577.9,374397,3,2578.06,88839,64651,1.1000647096888123,0
2023-07-28 10:59:34,2577.9,374400,3,2578.06,88819,64651,1.1000647096888123,0
2023-07-28 10:59:34,2577.9,374400,3,2578.06,88809,64632,1.1000647096888123,0
2023-07-28 10:59:34,2578.0,374400,100,2578.06,88809,64632,1.1039865090103376,0
2023-07-28 10:59:42,2578.0,374700,28,2578.06,88797,64697,1.1039865090103376,0
2023-07-28 10:59:42,2578.0,374700,27,2578.06,88797,64697,1.1039865090103376,0
2023-07-28 10:59:42,2578.0,374700,18,2578.06,88797,64697,1.1039865090103376,0
2023-07-28 10:59:46,2578.0,375047,18,2578.06,88859,64675,1.1039865090103376,0
2023-07-28 10:59:46,2578.0,375047,147,2578.06,88859,64675,1.1039865090103376,0
2023-07-28 10:59:46,2578.0,375047,39,2578.06,88859,64675,1.1039865090103376,0
2023-07-28 10:59:51,2578.0,375386,39,2578.06,88862,64687,1.1039865090103376,0
2023-07-28 10:59:51,2578.0,375386,87,2578.06,88862,64687,1.1039865090103376,0
2023-07-28 10:59:51,2577.95,375386,5,2578.06,88862,64687,1.102025609349566,0
2023-07-28 10:59:51,2578.0,375386,36,2578.06,88862,64687,1.1039865090103376,0
2023-07-28 10:59:55,2578.0,375728,36,2578.06,88866,64634,1.1039865090103376,0
2023-07-28 10:59:55,2578.0,375728,40,2578.06,88866,64634,1.1039865090103376,0
2023-07-28 10:59:58,2578.0,375768,2,2578.06,88887,64634,1.1039865090103376,0
2023-07-28 10:59:58,2578.0,375768,9,2578.06,88887,64634,1.1039865090103376,0
2023-07-28 11:00:02,2578.0,375779,1,2578.06,88846,64623,1.1039865090103376,0
2023-07-28 11:00:06,2578.0,375780,1,2578.06,88846,64623,1.1039865090103376,0
2023-07-28 11:00:06,2578.0,375780,1,2578.06,88840,64696,1.1039865090103376,0
2023-07-28 11:00:06,2578.0,375780,83,2578.06,88840,64696,1.1039865090103376,0
2023-07-28 11:00:17,2578.0,376080,15,2578.06,88849,65003,1.1039865090103376,0
2023-07-28 11:00:17,2578.0,376080,2,2578.06,88849,65003,1.1039865090103376,0
2023-07-28 11:00:22,2578.0,376130,2,2578.06,88845,64963,1.1039865090103376,0
2023-07-28 11:00:22,2578.0,376130,10,2578.06,88845,64963,1.1039865090103376,0
2023-07-28 11:00:24,2578.0,376149,1,2578.06,88843,64939,1.1039865090103376,0
2023-07-28 11:00:24,2578.0,376149,5,2578.06,88843,64939,1.1039865090103376,0
2023-07-28 11:00:24,2578.0,376149,2,2578.06,88843,64939,1.1039865090103376,0
2023-07-28 11:00:28,2578.0,376158,2,2578.06,88830,64955,1.1039865090103376,0
2023-07-28 11:00:28,2578.0,376158,1,2578.06,88830,64955,1.1039865090103376,0
2023-07-28 11:00:31,2578.0,376159,1,2578.06,88843,64973,1.1039865090103376,0
2023-07-28 11:00:31,2578.0,376159,1,2578.06,88843,64973,1.1039865090103376,0
2023-07-28 11:00:36,2577.95,376188,4,2578.06,88838,64986,1.102025609349566,0
2023-07-28 11:00:39,2578.0,376194,1,2578.06,88872,64975,1.1039865090103376,0
2023-07-28 11:00:39,2577.95,376194,4,2578.06,88914,64975,1.102025609349566,0
2023-07-28 11:00:39,2578.7,376194,1,2578.06,88914,64975,1.1314391042610314,0
2023-07-28 11:00:47,2578.0,376519,15,2578.06,88625,64942,1.1039865090103376,0
2023-07-28 11:00:47,2577.95,376519,1,2578.06,88625,64942,1.102025609349566,0
2023-07-28 11:00:47,2577.45,376519,7,2578.06,88625,64942,1.0824166127419224,0
2023-07-28 11:00:52,2578.0,376611,3,2578.06,86507,64320,1.1039865090103376,0
2023-07-28 11:00:55,2578.0,376614,3,2578.06,88655,64917,1.1039865090103376,0
2023-07-28 11:00:55,2578.0,376614,3,2578.06,88655,64953,1.1039865090103376,0
2023-07-28 11:00:55,2578.0,376614,121,2578.06,88655,64953,1.1039865090103376,0
2023-07-28 11:01:09,2578.0,377740,20,2578.06,88662,64881,1.1039865090103376,0
2023-07-28 11:01:09,2578.0,377740,22,2578.06,88662,64881,1.1039865090103376,0
2023-07-28 11:01:09,2577.95,377740,22,2578.06,88662,64881,1.102025609349566,0
2023-07-28 11:01:09,2578.0,377740,22,2578.06,88662,64881,1.1039865090103376,0
2023-07-28 11:01:13,2578.0,378484,22,2578.06,88613,64972,1.1039865090103376,0
2023-07-28 11:01:13,2578.0,378484,22,2578.06,88613,64972,1.1039865090103376,0
2023-07-28 11:01:13,2578.0,378484,20,2578.06,88613,64972,1.1039865090103376,0
2023-07-28 11:01:13,2578.0,378484,20,2578.06,88613,64972,1.1039865090103376,0
2023-07-28 11:01:13,2578.0,378484,21,2578.06,88613,64972,1.1039865090103376,0
2023-07-28 11:01:19,2578.0,382847,17,2578.07,88649,65317,1.1039865090103376,0
2023-07-28 11:01:19,2578.0,382847,22,2578.07,88649,65317,1.1039865090103376,0
2023-07-28 11:01:19,2577.95,382847,48,2578.07,88649,65317,1.102025609349566,0
2023-07-28 11:01:19,2578.0,382847,1,2578.07,88649,65317,1.1039865090103376,0
2023-07-28 11:01:23,2578.0,387229,1,2578.07,88090,65157,1.1039865090103376,0
2023-07-28 11:01:23,2578.0,387229,20,2578.07,88090,65157,1.1039865090103376,0
2023-07-28 11:01:23,2578.0,387229,50,2578.07,88090,65157,1.1039865090103376,0
2023-07-28 11:01:23,2578.0,387229,77,2578.07,88090,65157,1.1039865090103376,0
2023-07-28 11:01:27,2578.0,388153,77,2578.07,88408,65280,1.1039865090103376,0
2023-07-28 11:01:27,2578.0,388153,92,2578.07,88408,65280,1.1039865090103376,0
2023-07-28 11:01:27,2577.95,388153,42,2578.07,88408,65280,1.102025609349566,0
2023-07-28 11:01:32,2577.95,388305,18,2578.07,88246,65246,1.102025609349566,0
2023-07-28 11:01:32,2577.95,388305,18,2578.07,88238,65304,1.102025609349566,0
2023-07-28 11:01:32,2578.0,388305,21,2578.07,88238,65304,1.1039865090103376,0
2023-07-28 11:01:36,2578.0,388335,21,2578.07,88213,65322,1.1039865090103376,0
2023-07-28 11:01:36,2578.0,388335,21,2578.07,88213,65303,1.1039865090103376,0
2023-07-28 11:01:36,2578.0,388335,21,2578.07,88266,65303,1.1039865090103376,0
2023-07-28 11:01:36,2578.0,388335,21,2578.07,88266,65335,1.1039865090103376,0
2023-07-28 11:01:36,2577.8,388335,5,2578.07,88266,65335,1.0961429103672873,0
2023-07-28 11:01:36,2577.95,388335,1,2578.07,88266,65335,1.102025609349566,0
2023-07-28 11:01:59,2577.95,388341,1,2578.07,88247,65286,1.102025609349566,0
2023-07-28 11:01:59,2577.95,388341,1,2578.07,88258,65347,1.102025609349566,0
2023-07-28 11:01:59,2577.95,388341,1,2578.07,88249,65307,1.102025609349566,0
2023-07-28 11:01:59,2577.95,388341,1,2578.07,88249,65308,1.102025609349566,0
2023-07-28 11:01:59,2577.95,388341,1,2578.07,88250,65307,1.102025609349566,0
2023-07-28 11:01:59,2577.95,388341,1,2578.07,88266,65307,1.102025609349566,0
2023-07-28 11:02:09,2578.2,389077,117,2578.07,88249,65156,1.1118301076533879,0
2023-07-28 11:02:09,2578.2,389077,117,2578.07,88260,65133,1.1118301076533879,0
2023-07-28 11:02:12,2578.0,390414,31,2578.07,88214,65052,1.1039865090103376,0
2023-07-28 11:02:12,2578.0,390414,1,2578.07,88214,65052,1.1039865090103376,0
2023-07-28 11:02:12,2578.0,390415,1,2578.07,88250,65175,1.1039865090103376,0
2023-07-28 11:02:14,2578.0,390600,19,2578.07,88573,65127,1.1039865090103376,0
2023-07-28 11:02:15,2578.0,390900,1,2578.07,88573,65111,1.1039865090103376,0
2023-07-28 11:02:15,2578.0,390900,28,2578.07,88573,65111,1.1039865090103376,0
2023-07-28 11:02:16,2578.0,390957,28,2578.07,88619,65090,1.1039865090103376,0
2023-07-28 11:02:16,2578.0,390957,28,2578.07,88628,65093,1.1039865090103376,0
2023-07-28 11:02:18,2578.0,390975,12,2578.07,88581,65127,1.1039865090103376,0
2023-07-28 11:02:18,2578.0,390975,12,2578.07,88581,65112,1.1039865090103376,0
2023-07-28 11:02:18,2578.0,390975,12,2578.07,88581,65185,1.1039865090103376,0
2023-07-28 11:02:18,2578.0,390975,12,2578.07,88604,65132,1.1039865090103376,0
2023-07-28 11:02:18,2578.0,390975,12,2578.07,88604,65132,1.1039865090103376,0
2023-07-28 11:02:18,2578.0,390975,12,2578.07,88604,65132,1.1039865090103376,0
2023-07-28 11:02:18,2578.0,390975,12,2578.07,88604,65132,1.1039865090103376,0
2023-07-28 11:02:18,2578.0,390975,12,2578.07,88604,65132,1.1039865090103376,0
2023-07-28 11:02:25,2577.95,390983,8,2578.07,88580,65112,1.102025609349566,0
2023-07-28 11:02:25,2577.95,390983,8,2578.07,88580,65112,1.102025609349566,0
2023-07-28 11:02:25,2577.95,390983,8,2578.07,88580,65136,1.102025609349566,0
2023-07-28 11:02:25,2577.95,390983,8,2578.07,88580,65136,1.102025609349566,0
2023-07-28 11:02:25,2577.95,390983,8,2578.07,88580,65141,1.102025609349566,0
2023-07-28 11:02:30,2577.95,390996,12,2578.07,88558,65140,1.102025609349566,0
2023-07-28 11:02:30,2577.95,390996,10,2578.07,88558,65140,1.102025609349566,0
2023-07-28 11:02:33,2577.95,391006,10,2578.07,88546,65140,1.102025609349566,0
2023-07-28 11:02:33,2577.95,391006,10,2578.07,88546,65184,1.102025609349566,0
2023-07-28 11:02:33,2577.95,391006,10,2578.07,88546,65184,1.102025609349566,0
2023-07-28 11:02:33,2577.95,391006,10,2578.07,88546,65184,1.102025609349566,0
2023-07-28 11:02:33,2577.95,391006,10,2578.07,88546,65194,1.102025609349566,0
2023-07-28 11:02:33,2577.95,391006,10,2578.07,88546,65194,1.102025609349566,0
2023-07-28 11:02:33,2577.95,391006,10,2578.07,88546,65194,1.102025609349566,0
2023-07-28 11:02:51,2578.0,391007,1,2578.07,88659,65205,1.1039865090103376,0
2023-07-28 11:02:51,2578.0,391007,1,2578.07,88661,65223,1.1039865090103376,0
2023-07-28 11:02:51,2578.0,391007,1,2578.07,88661,65223,1.1039865090103376,0
2023-07-28 11:02:51,2578.0,391007,1,2578.07,88633,65223,1.1039865090103376,0
2023-07-28 11:02:51,2578.0,391007,1,2578.07,88612,65218,1.1039865090103376,0
2023-07-28 11:02:51,2578.0,391007,18,2578.07,88612,65218,1.1039865090103376,0
2023-07-28 11:02:58,2578.0,391107,18,2578.07,88575,65163,1.1039865090103376,0
2023-07-28 11:02:58,2577.95,391107,1,2578.07,88575,65163,1.102025609349566,0
2023-07-28 11:02:59,2577.95,391108,1,2578.07,88574,65201,1.102025609349566,0
2023-07-28 11:02:59,2577.95,391108,1,2578.07,88660,65134,1.102025609349566,0
2023-07-28 11:02:59,2577.95,391108,1,2578.07,88660,65134,1.102025609349566,0
2023-07-28 11:02:59,2577.95,391108,1,2578.07,88660,65129,1.102025609349566,0
2023-07-28 11:02:59,2577.95,391108,1,2578.07,88683,65127,1.102025609349566,0
2023-07-28 11:02:59,2578.0,391108,9,2578.07,88710,65096,1.1039865090103376,0
2023-07-28 11:02:59,2578.0,391108,1,2578.07,88710,65096,1.1039865090103376,0
2023-07-28 11:03:15,2578.0,391126,1,2578.07,88821,65089,1.1039865090103376,0
2023-07-28 11:03:15,2578.0,391126,1,2578.07,88793,65182,1.1039865090103376,0
2023-07-28 11:03:15,2578.0,391126,11,2578.07,88793,65182,1.1039865090103376,0
2023-07-28 11:03:15,2578.0,391126,4,2578.07,88793,65182,1.1039865090103376,0
2023-07-28 11:03:15,2577.8,391126,4,2578.07,88793,65182,1.0961429103672873,0
2023-07-28 11:03:27,2577.8,391625,4,2578.07,88163,65352,1.0961429103672873,0
2023-07-28 11:03:27,2577.8,391625,4,2578.07,88276,65507,1.0961429103672873,0
2023-07-28 11:03:27,2577.75,391625,1,2578.07,88276,65507,1.0941820107065157,0
2023-07-28 11:03:40,2577.75,391626,1,2578.07,88163,65315,1.0941820107065157,0
2023-07-28 11:03:40,2577.75,391626,1,2578.07,88163,64713,1.0941820107065157,0
2023-07-28 11:03:40,2577.2,391626,2,2578.07,88163,64713,1.0726121144381007,0
2023-07-28 11:03:55,2577.2,391628,2,2578.07,88134,65301,1.0726121144381007,0
2023-07-28 11:03:55,2577.2,391628,2,2578.07,88135,65301,1.0726121144381007,0
2023-07-28 11:03:55,2577.2,391628,2,2578.07,88140,65301,1.0726121144381007,0
2023-07-28 11:03:55,2577.2,391628,2,2578.07,88141,65301,1.0726121144381007,0
2023-07-28 11:03:55,2577.2,391628,2,2578.07,88195,65317,1.0726121144381007,0
2023-07-28 11:03:55,2577.2,391628,2,2578.07,88195,65273,1.0726121144381007,0
2023-07-28 11:03:55,2577.2,391628,2,2578.07,88201,65263,1.0726121144381007,0
2023-07-28 11:03:55,2577.8,391628,1,2578.07,88201,65263,1.0961429103672873,0
2023-07-28 11:04:24,2577.2,391636,6,2578.07,88116,65264,1.0726121144381007,0
2023-07-28 11:04:24,2577.2,391636,28,2578.07,88116,65264,1.0726121144381007,0
2023-07-28 11:04:26,2577.2,391668,28,2578.07,88123,65288,1.0726121144381007,0
2023-07-28 11:04:26,2577.2,391668,1,2578.07,88123,65288,1.0726121144381007,0
2023-07-28 11:04:29,2577.2,391669,1,2578.07,88131,65418,1.0726121144381007,0
2023-07-28 11:04:29,2577.2,391669,1,2578.07,88131,65418,1.0726121144381007,0
2023-07-28 11:04:29,2577.2,391669,1,2578.07,88093,65354,1.0726121144381007,0
2023-07-28 11:04:29,2577.2,391669,1,2578.07,88102,65354,1.0726121144381007,0
2023-07-28 11:04:29,2577.2,391669,1,2578.07,86067,64730,1.0726121144381007,0
2023-07-28 11:04:29,2577.8,391669,1,2578.07,86067,64730,1.0961429103672873,0
2023-07-28 11:04:50,2577.8,391670,1,2578.07,86068,64728,1.0961429103672873,0
2023-07-28 11:04:50,2577.8,391670,1,2578.07,88168,65329,1.0961429103672873,0
2023-07-28 11:04:50,2577.8,391670,1,2578.07,88142,65329,1.0961429103672873,0
2023-07-28 11:04:50,2577.8,391670,1,2578.07,88148,65310,1.0961429103672873,0
2023-07-28 11:04:50,2577.8,391670,1,2578.07,88148,65310,1.0961429103672873,0
2023-07-28 11:05:08,2577.8,391671,1,2578.07,88141,65350,1.0961429103672873,0
2023-07-28 11:05:08,2577.8,391671,1,2578.07,88497,65317,1.0961429103672873,0
2023-07-28 11:05:08,2577.8,391671,1,2578.07,88497,65317,1.0961429103672873,0
2023-07-28 11:05:16,2577.8,391672,1,2578.07,87940,65299,1.0961429103672873,0
2023-07-28 11:05:16,2577.8,391672,25,2578.07,87940,65299,1.0961429103672873,0
2023-07-28 11:05:16,2577.8,391672,1,2578.07,87940,65299,1.0961429103672873,0
2023-07-28 11:05:20,2577.8,391698,1,2578.07,88542,65260,1.0961429103672873,0
2023-07-28 11:05:20,2577.8,391698,1,2578.07,88542,65260,1.0961429103672873,0
2023-07-28 11:05:20,2577.8,391698,1,2578.07,88542,65260,1.0961429103672873,0
2023-07-28 11:05:20,2577.8,391698,1,2578.07,88542,65260,1.0961429103672873,0
2023-07-28 11:05:20,2577.8,391698,1,2578.07,88542,65260,1.0961429103672873,0
2023-07-28 11:05:20,2577.8,391698,1,2578.07,88542,65260,1.0961429103672873,0
2023-07-28 11:05:20,2577.8,391698,1,2578.07,88615,65261,1.0961429103672873,0
2023-07-28 11:05:20,2577.8,391698,1,2578.07,88615,65261,1.0961429103672873,0
2023-07-28 11:05:20,2577.8,391698,1,2578.07,88615,65261,1.0961429103672873,0
2023-07-28 11:05:20,2577.8,391698,1,2578.07,88615,65261,1.0961429103672873,0
2023-07-28 11:05:20,2577.8,391698,1,2578.07,88581,65269,1.0961429103672873,0
2023-07-28 11:05:34,2578.0,391877,15,2578.07,88690,65232,1.1039865090103376,0
2023-07-28 11:05:34,2578.0,391877,15,2578.07,88718,65282,1.1039865090103376,0
2023-07-28 11:05:34,2578.0,391877,218,2578.07,88718,65282,1.1039865090103376,0
2023-07-28 11:05:34,2578.0,391877,73,2578.07,88718,65282,1.1039865090103376,0
2023-07-28 11:05:41,2578.0,393099,22,2578.07,88680,65335,1.1039865090103376,0
2023-07-28 11:05:41,2578.0,393099,13,2578.07,88680,65335,1.1039865090103376,0
2023-07-28 11:05:41,2578.0,393099,2,2578.07,88680,65335,1.1039865090103376,0
2023-07-28 11:05:46,2578.0,393223,4,2578.07,88730,65370,1.1039865090103376,0
2023-07-28 11:05:46,2578.0,393223,1,2578.07,88730,65370,1.1039865090103376,0
2023-07-28 11:05:46,2578.0,393223,3,2578.07,88730,65370,1.1039865090103376,0
2023-07-28 11:05:48,2578.0,393247,3,2578.07,88767,65364,1.1039865090103376,0
2023-07-28 11:05:48,2577.9,393247,1,2578.07,88767,65364,1.1000647096888123,0
2023-07-28 11:05:52,2577.9,393267,1,2578.07,88715,65339,1.1000647096888123,0
2023-07-28 11:05:52,2577.9,393267,1,2578.07,88745,65327,1.1000647096888123,0
2023-07-28 11:05:52,2577.9,393267,1,2578.07,88723,65391,1.1000647096888123,0
2023-07-28 11:05:52,2577.9,393267,1,2578.07,88712,65391,1.1000647096888123,0
2023-07-28 11:05:52,2577.9,393267,1,2578.07,88688,65388,1.1000647096888123,0
2023-07-28 11:05:52,2577.9,393267,1,2578.07,88576,65407,1.1000647096888123,0
2023-07-28 11:05:52,2577.9,393267,10,2578.07,88576,65407,1.1000647096888123,0
2023-07-28 11:05:52,2577.9,393267,50,2578.07,88576,65407,1.1000647096888123,0
2023-07-28 11:06:19,2577.9,393414,50,2578.07,88386,65598,1.1000647096888123,0
2023-07-28 11:06:19,2577.9,393414,50,2578.07,88444,65715,1.1000647096888123,0
2023-07-28 11:06:19,2577.9,393414,50,2578.07,88444,65715,1.1000647096888123,0
2023-07-28 11:06:19,2577.6,393414,1,2578.07,88444,65715,1.088299311724219,0
2023-07-28 11:06:31,2577.05,393497,82,2578.07,87826,66111,1.0667294154558218,0
2023-07-28 11:06:31,2577.05,393497,82,2578.07,87886,66112,1.0667294154558218,0
2023-07-28 11:06:31,2577.05,393497,130,2578.07,87886,66112,1.0667294154558218,0
2023-07-28 11:06:37,2577.05,393627,130,2578.07,88066,65919,1.0667294154558218,0
2023-07-28 11:06:37,2576.0,393627,1,2578.07,88066,65919,1.0255505225797632,0
2023-07-28 11:06:40,2576.0,393647,1,2578.07,87909,65923,1.0255505225797632,0
2023-07-28 11:06:40,2576.0,393647,1,2578.07,87856,65920,1.0255505225797632,0
2023-07-28 11:06:40,2576.0,393647,1,2578.07,87890,65851,1.0255505225797632,0
2023-07-28 11:06:40,2576.0,393647,1,2578.07,87890,65856,1.0255505225797632,0
2023-07-28 11:06:40,2576.0,393647,1,2578.07,87890,65856,1.0255505225797632,0
2023-07-28 11:06:40,2576.0,393647,1,2578.07,87857,66054,1.0255505225797632,0
2023-07-28 11:06:40,2575.85,393647,21,2578.07,87857,66054,1.0196678235974665,0
2023-07-28 11:06:40,2576.15,393647,10,2578.07,87857,66054,1.0314332215620599,0
2023-07-28 11:06:40,2576.05,393647,1,2578.07,87857,66054,1.0275114222405346,0
2023-07-28 11:07:07,2576.05,393708,1,2578.07,86850,66085,1.0275114222405346,0
2023-07-28 11:07:07,2576.25,393708,1,2578.07,86850,66085,1.0353550208835849,0
2023-07-28 11:07:11,2576.25,393709,1,2578.07,87130,65921,1.0353550208835849,0
2023-07-28 11:07:11,2576.25,393709,1,2578.07,87130,65921,1.0353550208835849,0
2023-07-28 11:07:14,2576.25,393710,1,2578.07,87061,65951,1.0353550208835849,0
2023-07-28 11:07:14,2576.2,393710,1,2578.07,87061,65951,1.0333941212228135,0
2023-07-28 11:07:18,2576.2,393711,1,2578.07,86941,65957,1.0333941212228135,0
2023-07-28 11:07:18,2576.2,393711,1,2578.07,86998,65957,1.0333941212228135,0
2023-07-28 11:07:18,2576.0,393711,1,2578.07,86998,65957,1.0255505225797632,0
2023-07-28 11:07:24,2576.0,393712,1,2578.07,87017,65923,1.0255505225797632,0
2023-07-28 11:07:24,2576.0,393712,1,2578.07,87017,65928,1.0255505225797632,0
2023-07-28 11:07:24,2576.35,393712,139,2578.07,87017,65928,1.0392768202051101,0
2023-07-28 11:07:36,2576.45,393998,1,2578.07,87555,64997,1.0431986195266354,0
2023-07-28 11:07:36,2576.45,393998,1,2578.07,87555,64997,1.0431986195266354,0
2023-07-28 11:07:36,2576.15,393998,33,2578.07,87555,64997,1.0314332215620599,0
2023-07-28 11:07:40,2576.0,394060,12,2578.07,87492,65349,1.0255505225797632,0
2023-07-28 11:07:40,2576.0,394060,1,2578.07,87492,65349,1.0255505225797632,0
2023-07-28 11:07:43,2576.0,394061,1,2578.07,87480,65291,1.0255505225797632,0
2023-07-28 11:07:43,2576.0,394061,1,2578.07,87566,65297,1.0255505225797632,0
2023-07-28 11:07:43,2577.4,394061,1,2578.07,87566,65297,1.0804557130811687,0
2023-07-28 11:07:52,2577.4,394062,1,2578.07,87634,65320,1.0804557130811687,0
2023-07-28 11:07:52,2577.4,394062,1,2578.07,87603,65284,1.0804557130811687,0
2023-07-28 11:07:52,2577.4,394062,1,2578.07,87618,65273,1.0804557130811687,0
2023-07-28 11:07:52,2577.6,394062,1,2578.07,87618,65273,1.088299311724219,0
2023-07-28 11:08:04,2577.6,394063,1,2578.07,87844,65419,1.088299311724219,0
2023-07-28 11:08:04,2577.6,394063,1,2578.07,87703,65860,1.088299311724219,0
2023-07-28 11:08:04,2577.6,394063,1,2578.07,87829,65377,1.088299311724219,0
2023-07-28 11:08:04,2577.55,394063,3,2578.07,87829,65377,1.0863384120634654,0
2023-07-28 11:08:04,2577.3,394063,87,2578.07,87829,65377,1.0765339137596437,0
2023-07-28 11:08:16,2577.3,394250,87,2578.07,87777,65664,1.0765339137596437,0
2023-07-28 11:08:16,2577.25,394250,2,2578.07,87777,65664,1.074573014098872,0
2023-07-28 11:08:21,2577.25,394252,2,2578.07,87795,65740,1.074573014098872,0
2023-07-28 11:08:21,2577.25,394252,2,2578.07,87795,65740,1.074573014098872,0
2023-07-28 11:08:21,2577.25,394252,2,2578.07,87795,65740,1.074573014098872,0
2023-07-28 11:08:21,2577.25,394252,2,2578.07,87795,65740,1.074573014098872,0
2023-07-28 11:08:21,2577.25,394252,2,2578.07,87795,65740,1.074573014098872,0
2023-07-28 11:08:21,2577.2,394252,1,2578.07,87795,65740,1.0726121144381007,0
2023-07-28 11:08:21,2577.2,394252,1,2578.07,87795,65740,1.0726121144381007,0
2023-07-28 11:08:26,2577.2,394282,1,2578.07,87803,66049,1.0726121144381007,0
2023-07-28 11:08:26,2577.2,394282,1,2578.07,87803,66049,1.0726121144381007,0
2023-07-28 11:08:26,2577.2,394282,1,2578.07,87803,66049,1.0726121144381007,0
2023-07-28 11:08:26,2577.2,394282,1,2578.07,85733,64974,1.0726121144381007,0
2023-07-28 11:08:26,2577.2,394282,1,2578.07,88010,65474,1.0726121144381007,0
2023-07-28 11:08:26,2577.2,394282,1,2578.07,87890,65488,1.0726121144381007,0
2023-07-28 11:08:26,2577.2,394282,1,2578.07,87982,65496,1.0726121144381007,0
2023-07-28 11:08:26,2577.5,394282,1,2578.07,88062,65465,1.084377512402694,0
2023-07-28 11:08:48,2577.5,394283,1,2578.07,88038,65413,1.084377512402694,0
2023-07-28 11:08:48,2577.2,394283,2,2578.07,88038,65413,1.0726121144381007,0
2023-07-28 11:08:48,2576.85,394283,12,2578.07,88038,65413,1.0588858168127537,0
2023-07-28 11:08:53,2576.85,394297,12,2578.07,88120,65359,1.0588858168127537,0
2023-07-28 11:08:53,2576.85,394297,12,2578.07,87889,65276,1.0588858168127537,0
2023-07-28 11:08:53,2577.7,394297,1,2578.07,87889,65276,1.0922211110457443,0
2023-07-28 11:09:05,2577.7,394397,1,2578.07,88089,65374,1.0922211110457443,0
2023-07-28 11:09:05,2577.7,394397,1,2578.07,88110,65392,1.0922211110457443,0
2023-07-28 11:09:08,2578.0,394398,1,2578.07,88071,65439,1.1039865090103376,0
2023-07-28 11:09:08,2578.0,394398,1,2578.07,88081,65426,1.1039865090103376,0
2023-07-28 11:09:08,2578.0,394398,1,2578.07,88081,65426,1.1039865090103376,0
2023-07-28 11:09:08,2578.0,394398,1,2578.07,88118,65426,1.1039865090103376,0
2023-07-28 11:09:08,2578.0,394398,1,2578.07,87377,65315,1.1039865090103376,0
2023-07-28 11:09:08,2578.0,394398,1,2578.07,88262,65407,1.1039865090103376,0
2023-07-28 11:09:08,2578.0,394398,1,2578.07,88276,65275,1.1039865090103376,0
2023-07-28 11:09:08,2578.0,394398,1,2578.07,88289,65279,1.1039865090103376,0
2023-07-28 11:09:08,2578.0,394398,1,2578.07,88289,65279,1.1039865090103376,0
2023-07-28 11:09:08,2578.0,394398,1,2578.07,88289,65279,1.1039865090103376,0
2023-07-28 11:09:08,2578.0,394398,1,2578.07,88289,65279,1.1039865090103376,0
2023-07-28 11:09:08,2578.0,394398,1,2578.07,88289,65279,1.1039865090103376,0
2023-07-28 11:09:08,2578.0,394398,1,2578.07,88289,65269,1.1039865090103376,0
2023-07-28 11:09:08,2578.0,394398,1,2578.07,88289,65269,1.1039865090103376,0
2023-07-28 11:09:08,2578.0,394398,1,2578.07,88289,65269,1.1039865090103376,0
2023-07-28 11:09:08,2577.95,394398,12,2578.07,88289,65269,1.102025609349566,0
2023-07-28 11:09:23,2577.95,394418,12,2578.07,88269,65254,1.102025609349566,0
2023-07-28 11:09:23,2577.95,394418,12,2578.07,88269,65303,1.102025609349566,0
2023-07-28 11:09:23,2577.95,394418,12,2578.07,88269,65252,1.102025609349566,0
2023-07-28 11:09:27,2578.0,394431,13,2578.07,88259,65262,1.1039865090103376,0
2023-07-28 11:09:27,2577.0,394431,8,2578.07,88259,65262,1.0647685157950504,0
2023-07-28 11:09:28,2577.0,394443,8,2578.07,88245,65282,1.0647685157950504,0
2023-07-28 11:09:28,2577.0,394443,8,2578.07,88235,65282,1.0647685157950504,0
2023-07-28 11:09:28,2577.0,394443,8,2578.07,88235,65286,1.0647685157950504,0
2023-07-28 11:09:28,2577.0,394443,8,2578.07,88239,65286,1.0647685157950504,0
2023-07-28 11:09:28,2577.0,394443,8,2578.07,88239,65286,1.0647685157950504,0
2023-07-28 11:09:28,2577.0,394443,8,2578.07,88401,65286,1.0647685157950504,0
2023-07-28 11:09:28,2577.0,394443,8,2578.07,88401,65286,1.0647685157950504,0
2023-07-28 11:09:28,2577.0,394443,8,2578.07,88463,65179,1.0647685157950504,0
2023-07-28 11:09:28,2578.0,394443,1,2578.07,88463,65179,1.1039865090103376,0
2023-07-28 11:09:37,2578.0,394444,1,2578.07,88463,65280,1.1039865090103376,0
2023-07-28 11:09:37,2578.0,394444,1,2578.07,88463,65289,1.1039865090103376,0
2023-07-28 11:09:37,2578.0,394444,1,2578.07,88463,65289,1.1039865090103376,0
2023-07-28 11:09:37,2578.0,394444,1,2578.07,88468,65284,1.1039865090103376,0
2023-07-28 11:09:37,2578.0,394444,1,2578.07,88468,65284,1.1039865090103376,0
2023-07-28 11:09:42,2578.0,394469,1,2578.07,88468,65356,1.1039865090103376,0
2023-07-28 11:09:42,2578.0,394469,1,2578.07,88445,65375,1.1039865090103376,0
2023-07-28 11:09:42,2578.0,394469,1,2578.07,88445,65391,1.1039865090103376,0
2023-07-28 11:09:42,2578.0,394469,1,2578.07,88409,65391,1.1039865090103376,0
2023-07-28 11:09:42,2578.0,394469,1,2578.07,88520,65040,1.1039865090103376,0
2023-07-28 11:09:42,2578.0,394469,1,2578.07,88480,65308,1.1039865090103376,0
2023-07-28 11:09:42,2578.0,394469,1,2578.07,88434,65347,1.1039865090103376,0
2023-07-28 11:09:42,2578.0,394469,1,2578.07,88434,65347,1.1039865090103376,0
2023-07-28 11:09:42,2578.0,394469,1,2578.07,88434,65383,1.1039865090103376,0
2023-07-28 11:09:42,2578.0,394469,1,2578.07,88434,65383,1.1039865090103376,0
2023-07-28 11:09:42,2578.0,394469,1,2578.07,88439,65383,1.1039865090103376,0
2023-07-28 11:09:42,2578.0,394469,1,2578.07,88439,65347,1.1039865090103376,0
2023-07-28 11:09:42,2578.0,394469,1,2578.07,88396,65347,1.1039865090103376,0
2023-07-28 11:09:42,2578.0,394469,1,2578.07,88396,65347,1.1039865090103376,0
2023-07-28 11:09:42,2578.0,394469,1,2578.07,88396,65347,1.1039865090103376,0
2023-07-28 11:09:42,2578.0,394469,17,2578.07,88396,65347,1.1039865090103376,0
2023-07-28 11:10:01,2578.0,394569,17,2578.07,88360,65231,1.1039865090103376,0
2023-07-28 11:10:01,2578.0,394569,17,2578.07,88438,65336,1.1039865090103376,0
2023-07-28 11:10:01,2578.0,394569,17,2578.07,88385,65345,1.1039865090103376,0
2023-07-28 11:10:01,2578.0,394569,17,2578.07,88373,65345,1.1039865090103376,0
2023-07-28 11:10:01,2578.0,394569,17,2578.07,88396,65345,1.1039865090103376,0
2023-07-28 11:10:01,2578.0,394569,17,2578.07,88419,65344,1.1039865090103376,0
2023-07-28 11:10:09,2578.0,394619,4,2578.07,88397,65370,1.1039865090103376,0
2023-07-28 11:10:11,2578.0,394620,1,2578.07,88398,65364,1.1039865090103376,0
2023-07-28 11:10:11,2578.0,394620,1,2578.07,88398,65364,1.1039865090103376,0
2023-07-28 11:10:11,2578.0,394620,14,2578.07,88398,65364,1.1039865090103376,0
2023-07-28 11:10:13,2578.0,394634,14,2578.07,88435,65384,1.1039865090103376,0
2023-07-28 11:10:13,2578.0,394634,14,2578.07,88435,65355,1.1039865090103376,0
2023-07-28 11:10:13,2578.0,394634,14,2578.07,88435,65355,1.1039865090103376,0
2023-07-28 11:10:16,2578.0,394637,1,2578.07,88425,65370,1.1039865090103376,0
2023-07-28 11:10:16,2578.0,394637,1,2578.07,88434,65370,1.1039865090103376,0
2023-07-28 11:10:16,2578.0,394637,1,2578.07,88434,65369,1.1039865090103376,0
2023-07-28 11:10:16,2578.0,394637,1,2578.07,86334,64769,1.1039865090103376,0
2023-07-28 11:10:16,2578.0,394637,1,2578.07,86334,64770,1.1039865090103376,0
2023-07-28 11:10:16,2578.0,394637,1,2578.07,86334,64770,1.1039865090103376,0
2023-07-28 11:10:16,2578.0,394637,1,2578.07,86334,64770,1.1039865090103376,0
2023-07-28 11:10:16,2578.0,394637,1,2578.07,88409,65370,1.1039865090103376,0
2023-07-28 11:10:16,2578.0,394637,1,2578.07,88409,65365,1.1039865090103376,0
2023-07-28 11:10:16,2578.0,394637,1,2578.07,88409,65365,1.1039865090103376,0
2023-07-28 11:10:16,2578.0,394637,1,2578.07,88399,65365,1.1039865090103376,0
2023-07-28 11:10:16,2578.0,394637,8,2578.07,88399,65365,1.1039865090103376,0
2023-07-28 11:10:30,2578.0,394645,8,2578.07,88399,65358,1.1039865090103376,0
2023-07-28 11:10:32,2578.0,394662,5,2578.07,88404,65373,1.1039865090103376,0
2023-07-28 11:10:32,2578.0,394662,5,2578.07,88404,65373,1.1039865090103376,0
2023-07-28 11:10:35,2578.0,394684,9,2578.07,88357,65373,1.1039865090103376,0
2023-07-28 11:10:35,2578.0,394684,9,2578.07,88371,65518,1.1039865090103376,0
2023-07-28 11:10:35,2578.0,394684,9,2578.07,88371,65518,1.1039865090103376,0
2023-07-28 11:10:40,2577.8,394811,22,2578.07,88220,65707,1.0961429103672873,0
2023-07-28 11:10:42,2577.75,394812,1,2578.07,88216,65586,1.0941820107065157,0
2023-07-28 11:10:42,2577.75,394812,1,2578.07,88235,65586,1.0941820107065157,0
2023-07-28 11:10:42,2577.75,394812,1,2578.07,88235,65586,1.0941820107065157,0
2023-07-28 11:10:42,2577.75,394812,1,2578.07,88235,65586,1.0941820107065157,0
2023-07-28 11:10:42,2577.75,394812,1,2578.07,88235,65586,1.0941820107065157,0
2023-07-28 11:10:51,2577.75,394813,1,2578.07,88202,65578,1.0941820107065157,0
2023-07-28 11:10:51,2577.75,394813,1,2578.07,88202,65578,1.0941820107065157,0
2023-07-28 11:10:51,2577.75,394813,1,2578.07,88218,65987,1.0941820107065157,0
2023-07-28 11:10:51,2577.75,394813,1,2578.07,88215,65965,1.0941820107065157,0
2023-07-28 11:10:55,2577.5,394814,1,2578.07,88159,66093,1.084377512402694,0
2023-07-28 11:10:55,2577.5,394814,1,2578.07,88187,65932,1.084377512402694,0
2023-07-28 11:10:55,2577.5,394814,1,2578.07,88187,65937,1.084377512402694,0
2023-07-28 11:10:55,2577.5,394814,1,2578.07,88187,66237,1.084377512402694,0
2023-07-28 11:10:59,2577.1,394821,6,2578.07,88187,66146,1.0686903151165754,0
2023-07-28 11:10:59,2577.1,394821,48,2578.07,88187,66146,1.0686903151165754,0
2023-07-28 11:11:00,2577.1,394869,48,2578.07,88145,65868,1.0686903151165754,0
2023-07-28 11:11:01,2577.0,394959,75,2578.07,87853,66142,1.0647685157950504,0
2023-07-28 11:11:01,2577.0,394959,75,2578.07,87881,65918,1.0647685157950504,0
2023-07-28 11:11:01,2577.0,394959,75,2578.07,87935,66162,1.0647685157950504,0
2023-07-28 11:11:01,2577.0,394959,75,2578.07,87750,65902,1.0647685157950504,0
2023-07-28 11:11:01,2577.0,394959,75,2578.07,87744,66138,1.0647685157950504,0
2023-07-28 11:11:01,2577.0,394959,75,2578.07,87746,66190,1.0647685157950504,0
2023-07-28 11:11:06,2576.5,394961,1,2578.07,87762,66149,1.0451595191874068,0
2023-07-28 11:11:06,2576.5,394961,1,2578.07,87762,66185,1.0451595191874068,0
2023-07-28 11:11:06,2576.5,394961,1,2578.07,87762,66190,1.0451595191874068,0
2023-07-28 11:11:06,2576.5,394961,1,2578.07,87762,66190,1.0451595191874068,0
2023-07-28 11:11:06,2576.5,394961,1,2578.07,87762,66210,1.0451595191874068,0
2023-07-28 11:11:06,2576.5,394961,1,2578.07,87763,65923,1.0451595191874068,0
2023-07-28 11:11:06,2576.5,394961,1,2578.07,87750,65923,1.0451595191874068,0
2023-07-28 11:11:06,2576.5,394961,1,2578.07,87750,65885,1.0451595191874068,0
2023-07-28 11:11:06,2577.0,394961,1,2578.07,87750,65885,1.0647685157950504,0
2023-07-28 11:11:16,2577.0,394962,1,2578.07,87754,66076,1.0647685157950504,0
2023-07-28 11:11:16,2577.0,394962,1,2578.07,87754,66075,1.0647685157950504,0
2023-07-28 11:11:16,2577.0,394962,1,2578.07,87754,66075,1.0647685157950504,0
2023-07-28 11:11:16,2577.0,394962,1,2578.07,87754,66075,1.0647685157950504,0
2023-07-28 11:11:16,2577.0,394962,1,2578.07,87754,66075,1.0647685157950504,0
2023-07-28 11:11:16,2577.0,394962,1,2578.07,87754,66075,1.0647685157950504,0
2023-07-28 11:11:16,2577.0,394962,1,2578.07,87754,66075,1.0647685157950504,0
2023-07-28 11:11:16,2577.0,394962,1,2578.07,87754,66075,1.0647685157950504,0
2023-07-28 11:11:16,2576.95,394962,1,2578.07,87754,66075,1.062807616134279,0
2023-07-28 11:11:25,2576.95,394963,1,2578.07,87754,66073,1.062807616134279,0
2023-07-28 11:11:25,2576.95,394963,1,2578.07,87772,66122,1.062807616134279,0
2023-07-28 11:11:25,2576.95,394963,1,2578.07,87767,66113,1.062807616134279,0
2023-07-28 11:11:25,2576.95,394963,1,2578.07,87767,66113,1.062807616134279,0
2023-07-28 11:11:25,2576.95,394963,1,2578.07,87767,66113,1.062807616134279,0
2023-07-28 11:11:25,2576.25,394963,1,2578.07,87767,66113,1.0353550208835849,0
2023-07-28 11:11:29,2576.25,394991,1,2578.07,87756,66106,1.0353550208835849,0
2023-07-28 11:11:29,2576.25,394991,1,2578.07,87767,65787,1.0353550208835849,0
2023-07-28 11:11:33,2576.2,395042,31,2578.07,87705,66165,1.0333941212228135,0
2023-07-28 11:11:34,2576.0,395171,18,2578.07,85841,66501,1.0255505225797632,0
2023-07-28 11:11:34,2576.0,395171,18,2578.07,87492,66424,1.0255505225797632,0
2023-07-28 11:11:34,2576.0,395171,18,2578.07,87509,66122,1.0255505225797632,0
2023-07-28 11:11:34,2576.0,395171,18,2578.07,86528,66097,1.0255505225797632,0
2023-07-28 11:11:34,2576.0,395171,18,2578.07,87494,66170,1.0255505225797632,0
2023-07-28 11:11:34,2575.7,395171,1,2578.07,87494,66170,1.01378512461517,0
2023-07-28 11:11:39,2575.7,395172,1,2578.07,87462,66228,1.01378512461517,0
2023-07-28 11:11:39,2575.05,395172,1,2578.07,87462,66228,0.9882934290252475,0
2023-07-28 11:11:41,2575.05,395183,1,2578.07,87069,66440,0.9882934290252475,0
2023-07-28 11:11:41,2575.05,395183,1,2578.07,87179,66312,0.9882934290252475,0
2023-07-28 11:11:41,2575.05,395183,1,2578.07,87179,65548,0.9882934290252475,0
2023-07-28 11:11:41,2574.45,395183,10,2578.07,87235,66274,0.9647626330960609,0
2023-07-28 11:11:41,2574.45,395183,8,2578.07,87235,66274,0.9647626330960609,0
2023-07-28 11:11:45,2573.0,395362,11,2578.06,84951,65756,0.9078965429339017,0
2023-07-28 11:11:45,2574.0,395431,1,2578.06,87059,65971,0.9471145361491888,0
2023-07-28 11:11:45,2574.0,395431,1,2578.06,87057,65971,0.9471145361491888,0
2023-07-28 11:11:45,2572.0,395431,1,2578.06,87057,65971,0.8686785497186145,0
2023-07-28 11:11:48,2574.5,396782,15,2578.04,87163,66138,0.9667235327568324,0
2023-07-28 11:11:48,2574.5,396782,15,2578.04,87163,66137,0.9667235327568324,0
2023-07-28 11:11:48,2575.0,396782,140,2578.04,87163,66137,0.986332529364476,0
2023-07-28 11:11:50,2575.0,397076,140,2578.04,86319,65367,0.986332529364476,0
2023-07-28 11:11:50,2575.0,397076,140,2578.04,87732,65528,0.986332529364476,0
2023-07-28 11:11:50,2575.6,397076,106,2578.04,87732,65528,1.0098633252936449,0
2023-07-28 11:11:53,2575.6,397221,106,2578.04,88222,65143,1.0098633252936449,0
2023-07-28 11:11:55,2576.85,397244,16,2578.04,88616,65111,1.0588858168127537,0
2023-07-28 11:11:55,2577.8,397362,11,2578.04,88670,64872,1.0961429103672873,0
2023-07-28 11:11:56,2577.6,397381,4,2578.04,88317,64709,1.088299311724219,0
2023-07-28 11:11:56,2577.6,397381,4,2578.04,88889,65010,1.088299311724219,0
2023-07-28 11:11:56,2577.3,397381,16,2578.04,88889,65010,1.0765339137596437,0
2023-07-28 11:11:59,2577.3,397404,16,2578.04,88781,65280,1.0765339137596437,0
2023-07-28 11:11:59,2577.3,397404,16,2578.04,88877,65129,1.0765339137596437,0
2023-07-28 11:11:59,2577.3,397404,16,2578.04,88837,65162,1.0765339137596437,0
2023-07-28 11:11:59,2577.3,397404,16,2578.04,88788,65241,1.0765339137596437,0
2023-07-28 11:11:59,2577.3,397404,16,2578.04,88888,65220,1.0765339137596437,0
2023-07-28 11:12:06,2577.3,397405,1,2578.04,88807,64457,1.0765339137596437,0
2023-07-28 11:12:06,2577.3,397405,1,2578.04,88799,65056,1.0765339137596437,0
2023-07-28 11:12:06,2577.3,397405,1,2578.04,88819,65087,1.0765339137596437,0
2023-07-28 11:12:06,2577.3,397405,1,2578.04,88768,65082,1.0765339137596437,0
2023-07-28 11:12:06,2577.3,397405,1,2578.04,88768,65086,1.0765339137596437,0
2023-07-28 11:12:06,2577.3,397405,1,2578.04,88168,65081,1.0765339137596437,0
2023-07-28 11:12:06,2577.3,397405,8,2578.04,88168,65081,1.0765339137596437,0
2023-07-28 11:12:12,2577.3,397413,8,2578.04,88768,65073,1.0765339137596437,0
2023-07-28 11:12:12,2577.3,397413,8,2578.04,88792,65069,1.0765339137596437,0
2023-07-28 11:12:12,2577.3,397413,8,2578.04,88768,65069,1.0765339137596437,0
2023-07-28 11:12:12,2577.3,397413,8,2578.04,88768,65074,1.0765339137596437,0
2023-07-28 11:12:12,2577.3,397413,8,2578.04,88768,65126,1.0765339137596437,0
2023-07-28 11:12:12,2577.3,397413,8,2578.04,88768,65126,1.0765339137596437,0
2023-07-28 11:12:12,2576.35,397413,1,2578.04,88768,65126,1.0392768202051101,0
2023-07-28 11:12:20,2576.35,397414,1,2578.04,88767,65126,1.0392768202051101,0
2023-07-28 11:12:20,2576.35,397414,1,2578.04,88816,65103,1.0392768202051101,0
2023-07-28 11:12:20,2576.35,397414,1,2578.04,88919,65071,1.0392768202051101,0
2023-07-28 11:12:20,2576.35,397414,1,2578.04,88919,65068,1.0392768202051101,0
2023-07-28 11:12:20,2576.35,397414,1,2578.04,88912,65105,1.0392768202051101,0
2023-07-28 11:12:28,2577.3,397415,1,2578.04,88911,65089,1.0765339137596437,0
2023-07-28 11:12:28,2577.3,397415,1,2578.04,88892,65108,1.0765339137596437,0
2023-07-28 11:12:30,2577.6,397465,6,2578.04,88968,64983,1.088299311724219,0
2023-07-28 11:12:30,2577.6,397465,6,2578.04,88968,64983,1.088299311724219,0
2023-07-28 11:12:30,2577.6,397465,6,2578.04,88928,65120,1.088299311724219,0
2023-07-28 11:12:30,2577.6,397465,6,2578.04,88875,65139,1.088299311724219,0
2023-07-28 11:12:30,2577.6,397465,6,2578.04,88875,65129,1.088299311724219,0
2023-07-28 11:12:30,2577.6,397465,6,2578.04,88865,65361,1.088299311724219,0
2023-07-28 11:12:30,2577.6,397465,6,2578.04,88865,65344,1.088299311724219,0
2023-07-28 11:12:30,2577.6,397465,6,2578.04,88865,65294,1.088299311724219,0
2023-07-28 11:12:30,2577.6,397465,6,2578.04,88865,65338,1.088299311724219,0
2023-07-28 11:12:30,2576.8,397465,34,2578.04,88865,65338,1.056924917152,0
2023-07-28 11:12:39,2576.8,397515,34,2578.04,88848,65310,1.056924917152,0
2023-07-28 11:12:39,2576.8,397515,34,2578.04,88865,65297,1.056924917152,0
2023-07-28 11:12:39,2576.8,397515,34,2578.04,88865,65297,1.056924917152,0
2023-07-28 11:12:39,2577.3,397515,1,2578.04,88865,65297,1.0765339137596437,0
2023-07-28 11:12:42,2577.3,397516,1,2578.04,89031,64976,1.0765339137596437,0
2023-07-28 11:12:42,2577.3,397516,1,2578.04,89125,64911,1.0765339137596437,0
2023-07-28 11:12:42,2577.3,397516,1,2578.04,89089,64954,1.0765339137596437,0
2023-07-28 11:12:42,2577.3,397516,1,2578.04,89093,64988,1.0765339137596437,0
2023-07-28 11:12:42,2577.3,397516,1,2578.04,89094,64988,1.0765339137596437,0
2023-07-28 11:12:42,2577.3,397516,1,2578.04,88484,64988,1.0765339137596437,0
2023-07-28 11:12:42,2577.3,397516,1,2578.04,89084,64669,1.0765339137596437,0
2023-07-28 11:12:42,2577.3,397516,1,2578.04,89084,64690,1.0765339137596437,0
2023-07-28 11:12:42,2577.3,397516,1,2578.04,89081,64667,1.0765339137596437,0
2023-07-28 11:12:42,2577.3,397516,1,2578.04,89056,64654,1.0765339137596437,0
2023-07-28 11:12:42,2577.3,397516,1,2578.04,89056,64703,1.0765339137596437,0
2023-07-28 11:12:42,2577.3,397516,1,2578.04,89046,64718,1.0765339137596437,0
2023-07-28 11:12:56,2577.6,397619,4,2578.04,88930,64517,1.088299311724219,0
2023-07-28 11:12:56,2577.6,397619,4,2578.04,89045,64588,1.088299311724219,0
2023-07-28 11:12:56,2577.6,397619,4,2578.04,89035,64559,1.088299311724219,0
2023-07-28 11:12:56,2577.6,397619,4,2578.04,89120,64559,1.088299311724219,0
2023-07-28 11:13:00,2578.0,397630,1,2578.04,89138,64551,1.1039865090103376,0
2023-07-28 11:13:00,2578.0,397630,1,2578.04,89175,64551,1.1039865090103376,0
2023-07-28 11:13:00,2578.0,397630,1,2578.04,89232,64551,1.1039865090103376,0
2023-07-28 11:13:00,2578.0,397630,1,2578.04,89167,64565,1.1039865090103376,0
2023-07-28 11:13:00,2578.0,397630,1,2578.04,89122,64565,1.1039865090103376,0
2023-07-28 11:13:00,2578.0,397630,1,2578.04,89122,64565,1.1039865090103376,0
2023-07-28 11:13:00,2578.05,397630,10,2578.04,89122,64565,1.105947408671109,0
2023-07-28 11:13:07,2578.05,398243,10,2578.04,89409,64612,1.105947408671109,0
2023-07-28 11:13:07,2577.8,398243,1,2578.04,89409,64612,1.0961429103672873,0
2023-07-28 11:13:08,2577.8,398340,1,2578.04,89277,64739,1.0961429103672873,0
2023-07-28 11:13:08,2577.8,398340,1,2578.04,89186,64958,1.0961429103672873,0
2023-07-28 11:13:08,2577.8,398340,1,2578.04,88594,64947,1.0961429103672873,0
2023-07-28 11:13:08,2577.8,398340,1,2578.04,89196,64398,1.0961429103672873,0
2023-07-28 11:13:08,2577.8,398340,1,2578.04,89196,64998,1.0961429103672873,0
2023-07-28 11:13:08,2577.8,398340,1,2578.04,89176,64939,1.0961429103672873,0
2023-07-28 11:13:08,2577.8,398340,1,2578.04,89176,64944,1.0961429103672873,0
2023-07-28 11:13:08,2577.8,398340,1,2578.04,89187,64925,1.0961429103672873,0
2023-07-28 11:13:08,2577.8,398340,1,2578.04,89187,64993,1.0961429103672873,0
2023-07-28 11:13:08,2577.8,398340,1,2578.04,89187,64998,1.0961429103672873,0
2023-07-28 11:13:08,2577.8,398340,1,2578.04,89180,64994,1.0961429103672873,0
2023-07-28 11:13:08,2577.8,398340,1,2578.04,89180,64994,1.0961429103672873,0
2023-07-28 11:13:08,2577.8,398340,1,2578.04,89180,64995,1.0961429103672873,0
2023-07-28 11:13:08,2577.8,398340,1,2578.04,89177,64848,1.0961429103672873,0
2023-07-28 11:13:08,2577.8,398340,1,2578.04,89179,64884,1.0961429103672873,0
2023-07-28 11:13:08,2577.8,398340,1,2578.04,89179,64894,1.0961429103672873,0
2023-07-28 11:13:08,2577.8,398340,1,2578.04,89225,64820,1.0961429103672873,0
2023-07-28 11:13:08,2577.8,398340,1,2578.04,89158,64856,1.0961429103672873,0
2023-07-28 11:13:08,2577.8,398340,1,2578.04,89185,64851,1.0961429103672873,0
2023-07-28 11:13:08,2577.8,398340,1,2578.04,89171,64851,1.0961429103672873,0
2023-07-28 11:13:08,2577.8,398340,1,2578.04,89167,64852,1.0961429103672873,0
2023-07-28 11:13:08,2577.8,398340,1,2578.04,89177,64894,1.0961429103672873,0
2023-07-28 11:13:08,2577.8,398340,1,2578.04,89159,64896,1.0961429103672873,0
2023-07-28 11:13:08,2577.8,398340,1,2578.04,89155,64895,1.0961429103672873,0
2023-07-28 11:13:08,2577.8,398340,1,2578.04,89155,64895,1.0961429103672873,0
2023-07-28 11:13:08,2577.8,398340,1,2578.04,89155,64896,1.0961429103672873,0
2023-07-28 11:13:08,2577.8,398340,1,2578.04,89154,64884,1.0961429103672873,0
2023-07-28 11:13:08,2577.8,398340,1,2578.04,89154,64886,1.0961429103672873,0
2023-07-28 11:13:08,2577.8,398340,1,2578.04,89158,64886,1.0961429103672873,0
2023-07-28 11:13:08,2577.8,398340,1,2578.04,89177,64884,1.0961429103672873,0
2023-07-28 11:13:08,2577.8,398340,1,2578.04,89171,64869,1.0961429103672873,0
2023-07-28 11:13:08,2577.8,398340,1,2578.04,89171,64859,1.0961429103672873,0
2023-07-28 11:13:08,2577.8,398340,1,2578.04,89171,64804,1.0961429103672873,0
2023-07-28 11:13:08,2577.8,398340,1,2578.04,89129,64903,1.0961429103672873,0
2023-07-28 11:13:08,2577.8,398340,1,2578.04,89129,64927,1.0961429103672873,0
2023-07-28 11:13:08,2577.8,398340,1,2578.04,89129,64921,1.0961429103672873,0
2023-07-28 11:13:08,2577.8,398340,1,2578.04,89129,64921,1.0961429103672873,0
2023-07-28 11:13:08,2577.8,398340,1,2578.04,89045,64921,1.0961429103672873,0
2023-07-28 11:13:08,2577.4,398340,17,2578.04,89045,64921,1.0804557130811687,0
2023-07-28 11:13:50,2577.4,398373,17,2578.04,88494,64818,1.0804557130811687,0
2023-07-28 11:13:50,2577.4,398373,17,2578.04,87901,65011,1.0804557130811687,0
2023-07-28 11:13:50,2577.4,398373,17,2578.04,87866,64979,1.0804557130811687,0
2023-07-28 11:13:50,2577.4,398373,17,2578.04,88522,64979,1.0804557130811687,0
2023-07-28 11:13:50,2577.4,398373,17,2578.04,88507,64953,1.0804557130811687,0
2023-07-28 11:13:50,2577.65,398373,1,2578.04,88445,64943,1.0902602113849906,0
2023-07-28 11:13:56,2577.65,398374,1,2578.04,88445,64971,1.0902602113849906,0
2023-07-28 11:13:56,2577.65,398374,1,2578.04,88623,64800,1.0902602113849906,0
2023-07-28 11:13:56,2577.65,398374,1,2578.04,87966,64815,1.0902602113849906,0
2023-07-28 11:13:56,2577.65,398374,1,2578.04,88596,64743,1.0902602113849906,0
2023-07-28 11:13:56,2577.65,398374,1,2578.04,88660,64788,1.0902602113849906,0
2023-07-28 11:13:56,2577.65,398374,1,2578.04,88661,64788,1.0902602113849906,0
2023-07-28 11:13:56,2577.65,398374,1,2578.04,88558,64930,1.0902602113849906,0
2023-07-28 11:13:56,2577.65,398374,1,2578.04,88579,64877,1.0902602113849906,0
2023-07-28 11:14:06,2576.1,398376,1,2578.04,88534,64871,1.0294723219012885,0
2023-07-28 11:14:06,2576.1,398376,1,2578.04,88517,64929,1.0294723219012885,0
2023-07-28 11:14:06,2576.1,398376,1,2578.04,88509,65093,1.0294723219012885,0
2023-07-28 11:14:06,2576.1,398376,1,2578.04,88494,65035,1.0294723219012885,0
2023-07-28 11:14:06,2576.1,398376,1,2578.04,88548,65035,1.0294723219012885,0
2023-07-28 11:14:06,2576.1,398376,1,2578.04,88531,65035,1.0294723219012885,0
2023-07-28 11:14:06,2576.1,398376,1,2578.04,88531,65035,1.0294723219012885,0
2023-07-28 11:14:06,2576.1,398376,1,2578.04,88531,65035,1.0294723219012885,0
2023-07-28 11:14:06,2576.1,398376,1,2578.04,88608,64850,1.0294723219012885,0
2023-07-28 11:14:06,2576.1,398376,1,2578.04,88608,64850,1.0294723219012885,0
2023-07-28 11:14:06,2576.1,398376,1,2578.04,88608,64850,1.0294723219012885,0
2023-07-28 11:14:06,2576.1,398376,1,2578.04,88608,64850,1.0294723219012885,0
2023-07-28 11:14:06,2576.1,398376,1,2578.04,88581,64850,1.0294723219012885,0
2023-07-28 11:14:19,2577.35,398377,1,2578.04,88548,64902,1.0784948134203973,0
2023-07-28 11:14:19,2577.35,398377,1,2578.04,88548,64902,1.0784948134203973,0
2023-07-28 11:14:21,2576.4,398379,2,2578.04,88546,64902,1.0412377198658815,0
2023-07-28 11:14:21,2576.4,398379,2,2578.04,88546,64908,1.0412377198658815,0
2023-07-28 11:14:21,2576.4,398379,2,2578.04,88488,64960,1.0412377198658815,0
2023-07-28 11:14:21,2576.4,398379,2,2578.04,88481,64960,1.0412377198658815,0
2023-07-28 11:14:21,2576.4,398379,2,2578.04,88481,64955,1.0412377198658815,0
2023-07-28 11:14:21,2576.4,398379,2,2578.04,88481,64955,1.0412377198658815,0
2023-07-28 11:14:21,2576.4,398379,2,2578.04,88482,64965,1.0412377198658815,0
2023-07-28 11:14:21,2576.4,398379,2,2578.04,88482,64965,1.0412377198658815,0
2023-07-28 11:14:21,2576.4,398379,2,2578.04,88482,64960,1.0412377198658815,0
2023-07-28 11:14:21,2576.4,398379,2,2578.04,86382,64365,1.0412377198658815,0
2023-07-28 11:14:21,2576.4,398379,2,2578.04,86382,64365,1.0412377198658815,0
2023-07-28 11:14:21,2576.4,398379,2,2578.04,86382,64360,1.0412377198658815,0
2023-07-28 11:14:21,2576.4,398379,2,2578.04,86383,64360,1.0412377198658815,0
2023-07-28 11:14:21,2576.4,398379,2,2578.04,86385,64360,1.0412377198658815,0
2023-07-28 11:14:21,2576.4,398379,2,2578.04,86444,64333,1.0412377198658815,0
2023-07-28 11:14:21,2576.4,398379,2,2578.04,88556,64903,1.0412377198658815,0
2023-07-28 11:14:21,2576.4,398379,2,2578.04,88556,64920,1.0412377198658815,0
2023-07-28 11:14:21,2576.4,398379,2,2578.04,88545,64914,1.0412377198658815,0
2023-07-28 11:14:21,2577.35,398379,1,2578.04,88545,64914,1.0784948134203973,0
2023-07-28 11:14:40,2576.4,398383,3,2578.04,88551,64960,1.0412377198658815,0
2023-07-28 11:14:40,2576.4,398383,3,2578.04,88551,64955,1.0412377198658815,0
2023-07-28 11:14:40,2576.4,398383,3,2578.04,88551,64955,1.0412377198658815,0
2023-07-28 11:14:40,2576.4,398383,3,2578.04,88551,64960,1.0412377198658815,0
2023-07-28 11:14:40,2576.4,398383,3,2578.04,88543,64960,1.0412377198658815,0
2023-07-28 11:14:40,2576.4,398383,3,2578.04,88543,64960,1.0412377198658815,0
2023-07-28 11:14:40,2576.4,398383,3,2578.04,88443,64960,1.0412377198658815,0
2023-07-28 11:14:40,2576.4,398383,3,2578.04,88463,64961,1.0412377198658815,0
2023-07-28 11:14:40,2576.4,398383,3,2578.04,88463,64946,1.0412377198658815,0
2023-07-28 11:14:40,2576.4,398383,3,2578.04,88519,64931,1.0412377198658815,0
2023-07-28 11:14:40,2576.4,398383,3,2578.04,88519,64909,1.0412377198658815,0
2023-07-28 11:14:56,2577.35,398384,1,2578.04,88518,64918,1.0784948134203973,0
2023-07-28 11:14:56,2577.35,398384,1,2578.04,88576,64951,1.0784948134203973,0
2023-07-28 11:14:56,2577.35,398384,1,2578.04,88524,64952,1.0784948134203973,0
2023-07-28 11:14:56,2577.35,398384,1,2578.04,88524,64952,1.0784948134203973,0
2023-07-28 11:14:56,2577.35,398384,1,2578.04,88524,64952,1.0784948134203973,0
2023-07-28 11:15:02,2577.35,398385,1,2578.04,88478,64982,1.0784948134203973,0
2023-07-28 11:15:02,2577.35,398385,1,2578.04,88478,64984,1.0784948134203973,0
2023-07-28 11:15:02,2577.35,398385,1,2578.04,88478,64984,1.0784948134203973,0
2023-07-28 11:15:02,2576.85,398385,16,2578.04,88478,64984,1.0588858168127537,0
2023-07-28 11:15:11,2576.85,398448,16,2578.04,88417,65200,1.0588858168127537,0
2023-07-28 11:15:11,2576.85,398448,16,2578.04,88417,65200,1.0588858168127537,0
2023-07-28 11:15:11,2576.85,398448,16,2578.04,88418,65180,1.0588858168127537,0
2023-07-28 11:15:11,2576.85,398448,16,2578.04,88417,65218,1.0588858168127537,0
2023-07-28 11:15:11,2576.85,398448,16,2578.04,88429,65218,1.0588858168127537,0
2023-07-28 11:15:11,2576.85,398448,16,2578.04,88429,65218,1.0588858168127537,0
2023-07-28 11:15:11,2576.85,398448,16,2578.04,88429,65231,1.0588858168127537,0
2023-07-28 11:15:11,2576.85,398448,16,2578.04,88447,65159,1.0588858168127537,0
2023-07-28 11:15:20,2577.2,398452,3,2578.04,88542,64991,1.0726121144381007,0
2023-07-28 11:15:20,2577.2,398452,3,2578.04,88544,64991,1.0726121144381007,0
2023-07-28 11:15:20,2577.2,398452,3,2578.04,88499,65061,1.0726121144381007,0
2023-07-28 11:15:20,2577.2,398452,3,2578.04,88522,65061,1.0726121144381007,0
2023-07-28 11:15:20,2577.2,398452,1,2578.04,88522,65061,1.0726121144381007,0
2023-07-28 11:15:24,2577.2,398453,1,2578.04,88516,65056,1.0726121144381007,0
2023-07-28 11:15:24,2577.2,398453,1,2578.04,88516,65056,1.0726121144381007,0
2023-07-28 11:15:24,2577.2,398453,1,2578.04,88492,65056,1.0726121144381007,0
2023-07-28 11:15:24,2577.2,398453,1,2578.04,88512,65030,1.0726121144381007,0
2023-07-28 11:15:24,2577.2,398453,1,2578.04,88415,65067,1.0726121144381007,0
2023-07-28 11:15:32,2577.2,398456,3,2578.04,88426,65053,1.0726121144381007,0
2023-07-28 11:15:32,2577.2,398456,3,2578.04,88426,65053,1.0726121144381007,0
2023-07-28 11:15:32,2577.2,398456,3,2578.04,88426,65068,1.0726121144381007,0
2023-07-28 11:15:32,2577.2,398456,3,2578.04,88426,65078,1.0726121144381007,0
2023-07-28 11:15:32,2577.2,398456,3,2578.04,88426,65078,1.0726121144381007,0
2023-07-28 11:15:32,2577.2,398456,3,2578.04,86326,64467,1.0726121144381007,0
2023-07-28 11:15:44,2575.85,398458,1,2578.04,86324,64440,1.0196678235974665,0
2023-07-28 11:15:45,2577.15,398467,9,2578.04,86327,64432,1.070651214777347,0
2023-07-28 11:15:45,2577.15,398467,9,2578.04,88402,65032,1.070651214777347,0
2023-07-28 11:15:45,2577.15,398467,9,2578.04,88425,65032,1.070651214777347,0
2023-07-28 11:15:45,2574.6,398467,31,2578.04,88425,65032,0.9706453320783576,0
2023-07-28 11:15:48,2574.6,399187,31,2578.04,88350,65291,0.9706453320783576,0
2023-07-28 11:15:48,2576.85,399187,19,2578.04,88350,65291,1.0588858168127537,0
2023-07-28 11:15:51,2576.85,399227,19,2578.04,88475,64980,1.0588858168127537,0
2023-07-28 11:15:51,2576.85,399227,19,2578.04,88438,64974,1.0588858168127537,0
2023-07-28 11:15:51,2577.15,399227,19,2578.04,88438,64974,1.070651214777347,0
2023-07-28 11:15:53,2577.15,399246,19,2578.04,88481,64925,1.070651214777347,0
2023-07-28 11:15:53,2577.15,399246,19,2578.04,88457,64905,1.070651214777347,0
2023-07-28 11:15:53,2577.15,399246,19,2578.04,88457,64941,1.070651214777347,0
2023-07-28 11:15:53,2576.85,399246,20,2578.04,88457,64941,1.0588858168127537,0
2023-07-28 11:15:57,2576.85,399286,20,2578.04,88357,65369,1.0588858168127537,0
2023-07-28 11:15:57,2576.85,399286,20,2578.04,88357,65369,1.0588858168127537,0
2023-07-28 11:15:57,2576.85,399286,20,2578.04,88393,65374,1.0588858168127537,0
2023-07-28 11:15:57,2575.5,399286,7,2578.04,88393,65374,1.0059415259721196,0
2023-07-28 11:16:01,2575.5,399294,7,2578.04,88458,65379,1.0059415259721196,0
2023-07-28 11:16:01,2575.5,399294,7,2578.04,88435,65154,1.0059415259721196,0
2023-07-28 11:16:01,2575.5,399294,7,2578.04,88735,65140,1.0059415259721196,0
2023-07-28 11:16:01,2575.5,399294,7,2578.04,88735,65141,1.0059415259721196,0
2023-07-28 11:16:08,2576.85,399295,1,2578.04,88726,65139,1.0588858168127537,0
2023-07-28 11:16:08,2575.75,399295,1,2578.04,88726,65139,1.0157460242759413,0
2023-07-28 11:16:12,2575.75,399296,1,2578.04,88761,65145,1.0157460242759413,0
2023-07-28 11:16:12,2575.75,399296,1,2578.04,88748,65173,1.0157460242759413,0
2023-07-28 11:16:12,2575.75,399296,1,2578.04,88795,65173,1.0157460242759413,0
2023-07-28 11:16:12,2575.75,399296,1,2578.04,88794,65173,1.0157460242759413,0
2023-07-28 11:16:12,2575.75,399296,1,2578.04,88807,65476,1.0157460242759413,0
2023-07-28 11:16:12,2575.7,399296,1,2578.04,88807,65476,1.01378512461517,0
2023-07-28 11:16:32,2575.7,399297,1,2578.04,88169,65474,1.01378512461517,0
2023-07-28 11:16:32,2575.75,399297,1,2578.04,88169,65474,1.0157460242759413,0
2023-07-28 11:16:35,2575.75,399298,1,2578.04,88269,65341,1.0157460242759413,0
2023-07-28 11:16:41,2575.7,399327,29,2578.03,88245,65310,1.01378512461517,0
2023-07-28 11:16:41,2575.7,399327,29,2578.03,88263,65310,1.01378512461517,0
2023-07-28 11:16:41,2575.7,399327,29,2578.03,88219,65232,1.01378512461517,0
2023-07-28 11:16:41,2575.7,399327,1,2578.03,88219,65232,1.01378512461517,0
2023-07-28 11:16:52,2575.7,399329,1,2578.03,88245,65250,1.01378512461517,0
2023-07-28 11:16:52,2575.7,399329,1,2578.03,89521,65259,1.01378512461517,0
2023-07-28 11:16:52,2575.0,399329,70,2578.03,89521,65259,0.986332529364476,0
2023-07-28 11:16:58,2575.0,399429,70,2578.03,89397,65271,0.986332529364476,0
2023-07-28 11:16:58,2575.0,399429,3,2578.03,89397,65271,0.986332529364476,0
2023-07-28 11:17:05,2575.0,399432,3,2578.03,89394,65271,0.986332529364476,0
2023-07-28 11:17:05,2575.0,399432,3,2578.03,89394,65271,0.986332529364476,0
2023-07-28 11:17:05,2575.0,399432,2,2578.03,89394,65271,0.986332529364476,0
2023-07-28 11:17:12,2575.0,399434,2,2578.03,89357,65265,0.986332529364476,0
2023-07-28 11:17:12,2575.0,399434,2,2578.03,89433,65233,0.986332529364476,0
2023-07-28 11:17:12,2575.0,399434,2,2578.03,89426,65260,0.986332529364476,0
2023-07-28 11:17:12,2575.0,399434,2,2578.03,89426,65260,0.986332529364476,0
2023-07-28 11:17:12,2575.0,399434,2,2578.03,89426,65260,0.986332529364476,0
2023-07-28 11:17:12,2575.0,399434,2,2578.03,89426,65260,0.986332529364476,0
2023-07-28 11:17:12,2575.0,399434,2,2578.03,89426,65260,0.986332529364476,0
2023-07-28 11:17:12,2575.0,399434,2,2578.03,89426,65260,0.986332529364476,0
2023-07-28 11:17:12,2575.0,399434,2,2578.03,89426,65260,0.986332529364476,0
2023-07-28 11:17:12,2575.0,399434,2,2578.03,89349,65270,0.986332529364476,0
2023-07-28 11:17:12,2575.7,399434,1,2578.03,89349,65270,1.01378512461517,0
2023-07-28 11:17:12,2575.7,399434,1,2578.03,89349,65270,1.01378512461517,0
2023-07-28 11:17:12,2575.7,399434,1,2578.03,89349,65270,1.01378512461517,0
2023-07-28 11:17:28,2575.7,399435,1,2578.03,89396,65305,1.01378512461517,0
2023-07-28 11:17:36,2575.7,399436,1,2578.03,89457,65308,1.01378512461517,0
2023-07-28 11:17:36,2575.7,399436,45,2578.03,89457,65308,1.01378512461517,0
2023-07-28 11:17:40,2575.7,399481,45,2578.03,89572,65304,1.01378512461517,0
2023-07-28 11:17:40,2575.1,399481,28,2578.03,89572,65304,0.9902543286860012,0
2023-07-28 11:17:42,2575.1,399531,28,2578.03,89572,65294,0.9902543286860012,0
2023-07-28 11:17:42,2575.1,399531,28,2578.03,89584,65310,0.9902543286860012,0
2023-07-28 11:17:42,2575.6,399531,2,2578.03,89584,65310,1.0098633252936449,0
2023-07-28 11:17:54,2575.6,399533,2,2578.03,89591,65308,1.0098633252936449,0
2023-07-28 11:17:58,2575.1,399534,1,2578.03,89590,65295,0.9902543286860012,0
2023-07-28 11:17:58,2575.1,399534,1,2578.03,89690,65327,0.9902543286860012,0
2023-07-28 11:17:58,2575.1,399534,1,2578.03,89690,65327,0.9902543286860012,0
2023-07-28 11:17:58,2575.1,399534,1,2578.03,89670,65327,0.9902543286860012,0
2023-07-28 11:17:58,2575.2,399534,1,2578.03,89670,65327,0.9941761280075263,0
2023-07-28 11:18:15,2575.2,399535,1,2578.03,89670,65325,0.9941761280075263,0
2023-07-28 11:18:15,2575.1,399535,70,2578.03,89670,65325,0.9902543286860012,0
2023-07-28 11:18:18,2575.1,399610,70,2578.03,89452,65330,0.9902543286860012,0
2023-07-28 11:18:18,2575.1,399610,1,2578.03,89452,65330,0.9902543286860012,0
2023-07-28 11:18:18,2575.1,399610,5,2578.03,89452,65330,0.9902543286860012,0
2023-07-28 11:18:24,2575.1,399616,5,2578.03,89452,65343,0.9902543286860012,0
2023-07-28 11:18:24,2575.1,399616,5,2578.03,89439,65338,0.9902543286860012,0
2023-07-28 11:18:24,2575.2,399616,1,2578.03,89439,65338,0.9941761280075263,0
2023-07-28 11:18:29,2575.2,399617,1,2578.03,89445,65334,0.9941761280075263,0
2023-07-28 11:18:29,2575.0,399617,11,2578.03,89445,65334,0.986332529364476,0
2023-07-28 11:18:29,2575.0,399617,32,2578.03,89445,65334,0.986332529364476,0
2023-07-28 11:18:40,2575.0,400069,32,2578.03,88919,65648,0.986332529364476,0
2023-07-28 11:18:40,2575.0,400069,32,2578.03,89007,65707,0.986332529364476,0
2023-07-28 11:18:40,2575.15,400069,1,2578.03,89007,65707,0.9922152283467727,0
2023-07-28 11:18:48,2575.15,400070,1,2578.03,88981,65710,0.9922152283467727,0
2023-07-28 11:18:48,2575.15,400070,1,2578.03,88982,65710,0.9922152283467727,0
2023-07-28 11:18:48,2575.2,400070,1,2578.03,86993,65057,0.9941761280075263,0
2023-07-28 11:19:04,2575.2,400072,1,2578.03,89097,65636,0.9941761280075263,0
2023-07-28 11:19:04,2575.2,400072,1,2578.03,89090,65636,0.9941761280075263,0
2023-07-28 11:19:04,2575.2,400072,4,2578.03,89090,65636,0.9941761280075263,0
2023-07-28 11:19:09,2575.2,400077,4,2578.03,89098,65636,0.9941761280075263,0
2023-07-28 11:19:09,2575.2,400077,4,2578.03,89071,65585,0.9941761280075263,0
2023-07-28 11:19:09,2575.2,400077,4,2578.03,88959,65770,0.9941761280075263,0
2023-07-28 11:19:09,2575.2,400077,4,2578.03,88998,65724,0.9941761280075263,0
2023-07-28 11:19:09,2575.2,400077,13,2578.03,88998,65724,0.9941761280075263,0
2023-07-28 11:19:09,2575.2,400077,12,2578.03,88998,65724,0.9941761280075263,0
2023-07-28 11:19:26,2575.2,400139,12,2578.03,89081,65646,0.9941761280075263,0
2023-07-28 11:19:26,2575.2,400139,12,2578.03,89081,65646,0.9941761280075263,0
2023-07-28 11:19:26,2575.2,400139,1,2578.03,89081,65646,0.9941761280075263,0
2023-07-28 11:19:34,2575.2,400140,1,2578.03,89062,65645,0.9941761280075263,0
2023-07-28 11:19:34,2575.2,400140,1,2578.03,89062,65645,0.9941761280075263,0
2023-07-28 11:19:34,2575.2,400140,1,2578.03,89075,65723,0.9941761280075263,0
2023-07-28 11:19:34,2575.0,400140,5,2578.03,89075,65723,0.986332529364476,0
2023-07-28 11:19:34,2573.85,400140,4,2578.03,89075,65723,0.9412318371668922,0
2023-07-28 11:19:48,2573.85,400161,4,2578.03,88875,65754,0.9412318371668922,0
2023-07-28 11:19:48,2574.4,400161,100,2578.03,88875,65754,0.9628017334353073,0
2023-07-28 11:19:53,2574.4,400279,3,2578.03,88999,65626,0.9628017334353073,0
2023-07-28 11:19:53,2574.4,400279,3,2578.03,89017,65616,0.9628017334353073,0
2023-07-28 11:19:53,2574.4,400279,3,2578.03,88994,65613,0.9628017334353073,0
2023-07-28 11:19:53,2574.4,400279,3,2578.03,89072,65568,0.9628017334353073,0
2023-07-28 11:19:53,2574.4,400279,2,2578.03,89072,65568,0.9628017334353073,0
2023-07-28 11:19:53,2574.4,400279,39,2578.03,89072,65568,0.9628017334353073,0
2023-07-28 11:19:53,2574.4,400279,13,2578.03,89072,65568,0.9628017334353073,0
2023-07-28 11:20:13,2574.4,400353,13,2578.03,89159,65473,0.9628017334353073,0
2023-07-28 11:20:13,2574.4,400353,13,2578.03,89240,65463,0.9628017334353073,0
2023-07-28 11:20:13,2574.4,400353,13,2578.03,89271,65452,0.9628017334353073,0
2023-07-28 11:20:13,2574.4,400353,13,2578.03,89271,65452,0.9628017334353073,0
2023-07-28 11:20:13,2574.4,400353,13,2578.03,89271,65452,0.9628017334353073,0
2023-07-28 11:20:13,2574.4,400353,13,2578.03,89271,65452,0.9628017334353073,0
2023-07-28 11:20:13,2574.4,400353,13,2578.03,89298,65452,0.9628017334353073,0
2023-07-28 11:20:13,2574.4,400353,13,2578.03,89298,65452,0.9628017334353073,0
2023-07-28 11:20:13,2574.4,400353,13,2578.03,89298,65452,0.9628017334353073,0
2023-07-28 11:20:13,2574.4,400353,13,2578.03,89298,65452,0.9628017334353073,0
2023-07-28 11:20:13,2574.4,400353,13,2578.03,89298,65452,0.9628017334353073,0
2023-07-28 11:20:13,2574.4,400353,13,2578.03,89298,65452,0.9628017334353073,0
2023-07-28 11:20:13,2574.4,400353,13,2578.03,89298,65452,0.9628017334353073,0
2023-07-28 11:20:13,2573.95,400353,9,2578.03,89229,65492,0.9451536364884173,0
2023-07-28 11:20:31,2573.95,400363,9,2578.03,89092,65553,0.9451536364884173,0
