2023-07-28 10:49:28,174.45,6269304,48,175.55,1135958,1424153,-0.8806818181818247,0
2023-07-28 10:49:28,174.4,6269304,55,175.55,1135958,1424153,-0.9090909090909058,0
2023-07-28 10:49:28,174.5,6269304,6,175.55,1135958,1424153,-0.8522727272727273,0
2023-07-28 10:49:33,174.5,6294606,41,175.55,1113971,1426956,-0.8522727272727273,0
2023-07-28 10:49:33,174.5,6294606,18,175.55,1113971,1426956,-0.8522727272727273,0
2023-07-28 10:49:33,174.5,6294606,8,175.55,1113971,1426956,-0.8522727272727273,0
2023-07-28 10:49:33,174.4,6294606,349,175.55,1113971,1426956,-0.9090909090909058,0
2023-07-28 10:49:33,174.45,6294606,20,175.55,1113971,1426956,-0.8806818181818247,0
2023-07-28 10:49:36,174.45,6296727,20,175.55,1115759,1427005,-0.8806818181818247,0
2023-07-28 10:49:36,174.45,6296727,20,175.55,1115759,1427005,-0.8806818181818247,0
2023-07-28 10:49:41,174.45,6305408,1,175.55,1113631,1418194,-0.8806818181818247,0
2023-07-28 10:49:41,174.5,6305408,139,175.55,1113631,1418194,-0.8522727272727273,0
2023-07-28 10:49:41,174.5,6305408,10,175.55,1113631,1418194,-0.8522727272727273,0
2023-07-28 10:49:42,174.5,6309855,10,175.55,1118425,1415565,-0.8522727272727273,0
2023-07-28 10:49:42,174.5,6309855,10,175.55,1118399,1415566,-0.8522727272727273,0
2023-07-28 10:49:42,174.45,6309855,81,175.55,1118399,1415566,-0.8806818181818247,0
2023-07-28 10:49:42,174.5,6309855,80,175.55,1118399,1415566,-0.8522727272727273,0
2023-07-28 10:49:53,174.5,6310065,40,175.55,1117149,1415888,-0.8522727272727273,0
2023-07-28 10:49:53,174.5,6310065,100,175.55,1117149,1415888,-0.8522727272727273,0
2023-07-28 10:49:53,174.35,6310065,153,175.55,1117149,1415888,-0.9375000000000032,0
2023-07-28 10:49:53,174.5,6310065,70,175.55,1117149,1415888,-0.8522727272727273,0
2023-07-28 10:49:56,174.5,6313665,70,175.54,1115238,1416989,-0.8522727272727273,0
2023-07-28 10:49:56,174.4,6313665,1,175.54,1115238,1416989,-0.9090909090909058,0
2023-07-28 10:49:56,174.5,6313665,100,175.54,1115238,1416989,-0.8522727272727273,0
2023-07-28 10:50:01,174.5,6313766,100,175.54,1115267,1417245,-0.8522727272727273,0
2023-07-28 10:50:01,174.5,6313766,100,175.54,1113452,1418487,-0.8522727272727273,0
2023-07-28 10:50:01,174.5,6313766,101,175.54,1113452,1418487,-0.8522727272727273,0
2023-07-28 10:50:01,174.35,6313766,545,175.54,1113452,1418487,-0.9375000000000032,0
2023-07-28 10:50:10,174.4,6319682,215,175.54,1116602,1417689,-0.9090909090909058,0
2023-07-28 10:50:10,174.4,6319682,10,175.54,1116602,1417689,-0.9090909090909058,0
2023-07-28 10:50:11,174.4,6319692,10,175.54,1115138,1421051,-0.9090909090909058,0
2023-07-28 10:50:11,174.4,6319692,150,175.54,1115138,1421051,-0.9090909090909058,0
2023-07-28 10:50:15,174.4,6319842,150,175.54,1115438,1420976,-0.9090909090909058,0
2023-07-28 10:50:15,174.4,6319842,150,175.54,1115438,1420976,-0.9090909090909058,0
2023-07-28 10:50:15,174.4,6319842,150,175.54,1115438,1420976,-0.9090909090909058,0
2023-07-28 10:50:15,174.4,6319842,150,175.54,1115438,1420976,-0.9090909090909058,0
2023-07-28 10:50:15,174.35,6319842,2,175.54,1115438,1420976,-0.9375000000000032,0
2023-07-28 10:50:22,174.4,6319944,100,175.54,1114844,1421626,-0.9090909090909058,0
2023-07-28 10:50:22,174.35,6319944,875,175.54,1114844,1421626,-0.9375000000000032,0
2023-07-28 10:50:22,174.35,6319944,875,175.54,1114844,1421626,-0.9375000000000032,0
2023-07-28 10:50:22,174.35,6319944,100,175.54,1114844,1421626,-0.9375000000000032,0
2023-07-28 10:50:22,174.35,6319944,5,175.54,1114844,1421626,-0.9375000000000032,0
2023-07-28 10:50:25,174.35,6321497,5,175.54,1114427,1438490,-0.9375000000000032,0
2023-07-28 10:50:25,174.35,6321497,500,175.54,1114427,1438490,-0.9375000000000032,0
2023-07-28 10:50:28,174.35,6321997,500,175.54,1114811,1438018,-0.9375000000000032,0
2023-07-28 10:50:28,174.35,6321997,402,175.54,1114811,1438018,-0.9375000000000032,0
2023-07-28 10:50:28,174.35,6321997,100,175.54,1114811,1438018,-0.9375000000000032,0
2023-07-28 10:50:28,174.35,6321997,80,175.54,1114811,1438018,-0.9375000000000032,0
2023-07-28 10:50:34,174.35,6323152,80,175.54,1114454,1437293,-0.9375000000000032,0
2023-07-28 10:50:34,174.35,6323152,100,175.54,1114454,1437293,-0.9375000000000032,0
2023-07-28 10:50:41,174.35,6324353,1000,175.54,1115437,1435065,-0.9375000000000032,0
2023-07-28 10:50:41,174.35,6324353,1000,175.54,1115437,1435065,-0.9375000000000032,0
2023-07-28 10:50:41,174.3,6324353,3,175.54,1115437,1435065,-0.9659090909090845,0
2023-07-28 10:50:42,174.3,6324555,3,175.54,1114732,1435792,-0.9659090909090845,0
2023-07-28 10:50:42,174.3,6324555,400,175.54,1114732,1435792,-0.9659090909090845,0
2023-07-28 10:50:42,174.3,6324555,31,175.54,1114732,1435792,-0.9659090909090845,0
2023-07-28 10:50:42,174.3,6324555,5,175.54,1114732,1435792,-0.9659090909090845,0
2023-07-28 10:50:42,174.3,6324555,236,175.54,1114732,1435792,-0.9659090909090845,0
2023-07-28 10:50:49,174.3,6327652,5,175.54,1106535,1433429,-0.9659090909090845,0
2023-07-28 10:50:49,174.3,6327652,30,175.54,1106535,1433429,-0.9659090909090845,0
2023-07-28 10:50:54,174.25,6336147,6156,175.54,1104089,1423413,-0.9943181818181818,0
2023-07-28 10:50:54,174.25,6336147,1,175.54,1092306,1423091,-0.9943181818181818,0
2023-07-28 10:50:58,174.25,6336148,1,175.54,1103009,1422593,-0.9943181818181818,0
2023-07-28 10:50:58,174.25,6336148,1,175.54,1101232,1424171,-0.9943181818181818,0
2023-07-28 10:50:58,174.3,6336148,550,175.54,1101232,1424171,-0.9659090909090845,0
2023-07-28 10:51:08,174.3,6336698,550,175.54,1099494,1421796,-0.9659090909090845,0
2023-07-28 10:51:08,174.3,6336698,4,175.54,1099494,1421796,-0.9659090909090845,0
2023-07-28 10:51:12,174.3,6337102,4,175.54,1096369,1424627,-0.9659090909090845,0
2023-07-28 10:51:12,174.3,6337102,123,175.54,1096369,1424627,-0.9659090909090845,0
2023-07-28 10:51:20,174.3,6337225,123,175.54,1094827,1427806,-0.9659090909090845,0
2023-07-28 10:51:20,174.25,6337225,83,175.54,1094827,1427806,-0.9943181818181818,0
2023-07-28 10:51:20,174.35,6337225,8,175.54,1094827,1427806,-0.9375000000000032,0
2023-07-28 10:51:20,174.4,6337225,32,175.54,1094827,1427806,-0.9090909090909058,0
2023-07-28 10:51:20,174.4,6337225,2,175.54,1094827,1427806,-0.9090909090909058,0
2023-07-28 10:51:24,174.4,6350427,2,175.54,1107926,1416164,-0.9090909090909058,0
2023-07-28 10:51:24,174.4,6350427,2,175.54,1108204,1417198,-0.9090909090909058,0
2023-07-28 10:51:24,174.45,6350427,511,175.54,1108204,1417198,-0.8806818181818247,0
2023-07-28 10:51:32,174.45,6353827,511,175.54,1106027,1414694,-0.8806818181818247,0
2023-07-28 10:51:32,174.45,6353827,511,175.54,1103652,1415297,-0.8806818181818247,0
2023-07-28 10:51:32,174.45,6353827,3,175.54,1103652,1415297,-0.8806818181818247,0
2023-07-28 10:51:38,174.45,6354204,3,175.54,1107133,1414179,-0.8806818181818247,0
2023-07-28 10:51:38,174.45,6354204,68,175.54,1107133,1414179,-0.8806818181818247,0
2023-07-28 10:51:44,174.45,6354304,68,175.54,1113180,1414072,-0.8806818181818247,0
2023-07-28 10:51:44,174.45,6354304,68,175.54,1113325,1413387,-0.8806818181818247,0
2023-07-28 10:51:44,174.45,6354304,68,175.54,1082727,1414432,-0.8806818181818247,0
2023-07-28 10:51:44,174.35,6354304,4,175.54,1082727,1414432,-0.9375000000000032,0
2023-07-28 10:51:58,174.35,6354308,4,175.54,1112803,1414432,-0.9375000000000032,0
2023-07-28 10:51:58,174.45,6354308,20,175.54,1112803,1414432,-0.8806818181818247,0
2023-07-28 10:51:58,174.35,6354308,50,175.54,1112803,1414432,-0.9375000000000032,0
2023-07-28 10:51:58,174.4,6354308,4,175.54,1112803,1414432,-0.9090909090909058,0
2023-07-28 10:52:03,174.4,6354382,4,175.54,1110292,1414298,-0.9090909090909058,0
2023-07-28 10:52:03,174.4,6354382,4,175.54,1111298,1414637,-0.9090909090909058,0
2023-07-28 10:52:03,174.4,6354382,95,175.54,1111298,1414637,-0.9090909090909058,0
2023-07-28 10:52:10,174.4,6354482,95,175.54,1111145,1414718,-0.9090909090909058,0
2023-07-28 10:52:10,174.25,6354482,287,175.54,1111145,1414718,-0.9943181818181818,0
2023-07-28 10:52:15,174.25,6385784,287,175.53,1087425,1423735,-0.9943181818181818,0
2023-07-28 10:52:15,174.25,6385784,150,175.53,1087425,1423735,-0.9943181818181818,0
2023-07-28 10:52:15,174.25,6385784,2,175.53,1087425,1423735,-0.9943181818181818,0
2023-07-28 10:52:18,174.25,6385936,2,175.53,1091232,1420184,-0.9943181818181818,0
2023-07-28 10:52:18,174.25,6385936,14,175.53,1091232,1420184,-0.9943181818181818,0
2023-07-28 10:52:21,174.25,6385950,14,175.53,1095558,1420478,-0.9943181818181818,0
2023-07-28 10:52:21,174.3,6385950,582,175.53,1095558,1420478,-0.9659090909090845,0
2023-07-28 10:52:28,174.3,6386532,582,175.53,1086290,1421498,-0.9659090909090845,0
2023-07-28 10:52:28,174.2,6386532,2166,175.53,1086290,1421498,-1.0227272727272791,0
2023-07-28 10:52:28,174.25,6386532,20,175.53,1086290,1421498,-0.9943181818181818,0
2023-07-28 10:52:28,174.15,6386532,43,175.53,1086290,1421498,-1.0511363636363604,0
2023-07-28 10:52:28,174.2,6386532,119,175.53,1086290,1421498,-1.0227272727272791,0
2023-07-28 10:52:32,174.2,6390851,119,175.53,1085946,1421627,-1.0227272727272791,0
2023-07-28 10:52:32,174.25,6390851,1305,175.53,1085946,1421627,-0.9943181818181818,0
2023-07-28 10:52:32,174.25,6390851,50,175.53,1085946,1421627,-0.9943181818181818,0
2023-07-28 10:52:35,174.25,6394301,50,175.53,1087982,1421449,-0.9943181818181818,0
2023-07-28 10:52:35,174.25,6394301,50,175.53,1092689,1423484,-0.9943181818181818,0
2023-07-28 10:52:35,174.15,6394301,212,175.53,1092689,1423484,-1.0511363636363604,0
2023-07-28 10:52:35,174.15,6394301,446,175.53,1092689,1423484,-1.0511363636363604,0
2023-07-28 10:52:46,174.15,6395513,446,175.53,1085086,1420001,-1.0511363636363604,0
2023-07-28 10:52:46,174.15,6395513,40,175.53,1085086,1420001,-1.0511363636363604,0
2023-07-28 10:52:46,174.25,6395513,2,175.53,1085086,1420001,-0.9943181818181818,0
2023-07-28 10:52:50,174.25,6395655,32,175.53,1083630,1420679,-0.9943181818181818,0
2023-07-28 10:52:50,174.25,6395655,32,175.53,1085715,1423883,-0.9943181818181818,0
2023-07-28 10:52:50,174.25,6395655,32,175.53,1082434,1425533,-0.9943181818181818,0
2023-07-28 10:52:50,174.2,6395655,10,175.53,1082434,1425533,-1.0227272727272791,0
2023-07-28 10:52:50,174.15,6395655,1,175.53,1082434,1425533,-1.0511363636363604,0
2023-07-28 10:52:50,174.2,6395655,48,175.53,1082434,1425533,-1.0227272727272791,0
2023-07-28 10:53:02,174.2,6398199,98,175.53,1085421,1423927,-1.0227272727272791,0
2023-07-28 10:53:02,174.2,6398199,1,175.53,1085421,1423927,-1.0227272727272791,0
2023-07-28 10:53:02,174.1,6398199,66,175.53,1085421,1423927,-1.0795454545454577,0
2023-07-28 10:53:06,174.1,6398805,66,175.53,1089697,1424045,-1.0795454545454577,0
2023-07-28 10:53:06,174.1,6398805,16,175.53,1089697,1424045,-1.0795454545454577,0
2023-07-28 10:53:16,174.2,6398870,15,175.53,1083450,1425424,-1.0227272727272791,0
2023-07-28 10:53:16,174.15,6398870,100,175.53,1083450,1425424,-1.0511363636363604,0
2023-07-28 10:53:16,174.1,6398870,150,175.53,1083450,1425424,-1.0795454545454577,0
2023-07-28 10:53:20,174.1,6399120,150,175.53,1083875,1426892,-1.0795454545454577,0
2023-07-28 10:53:20,174.1,6399120,150,175.53,1083875,1426892,-1.0795454545454577,0
2023-07-28 10:53:20,174.15,6399120,3,175.53,1083875,1426892,-1.0511363636363604,0
2023-07-28 10:53:20,174.15,6399120,3,175.53,1083875,1426892,-1.0511363636363604,0
2023-07-28 10:53:20,174.15,6399120,3,175.53,1083875,1426892,-1.0511363636363604,0
2023-07-28 10:53:20,174.2,6399120,608,175.53,1083875,1426892,-1.0227272727272791,0
2023-07-28 10:53:23,174.2,6402903,608,175.53,1084744,1424210,-1.0227272727272791,0
2023-07-28 10:53:23,174.2,6402903,2,175.53,1084744,1424210,-1.0227272727272791,0
2023-07-28 10:53:23,174.2,6402903,2,175.53,1084744,1424210,-1.0227272727272791,0
2023-07-28 10:53:23,174.2,6402903,2,175.53,1084744,1424210,-1.0227272727272791,0
2023-07-28 10:53:25,174.2,6402905,2,175.53,1084844,1423478,-1.0227272727272791,0
2023-07-28 10:53:30,174.1,6402920,15,175.53,1085186,1424210,-1.0795454545454577,0
2023-07-28 10:53:30,174.1,6402920,15,175.53,1085130,1424190,-1.0795454545454577,0
2023-07-28 10:53:30,174.1,6402920,15,175.53,1085755,1424861,-1.0795454545454577,0
2023-07-28 10:53:30,174.25,6402920,121,175.53,1085755,1424861,-0.9943181818181818,0
2023-07-28 10:53:45,174.25,6404774,121,175.53,1087847,1423720,-0.9943181818181818,0
2023-07-28 10:53:45,174.25,6404774,121,175.53,1087518,1423721,-0.9943181818181818,0
2023-07-28 10:53:45,174.2,6404774,25,175.53,1087518,1423721,-1.0227272727272791,0
2023-07-28 10:53:45,174.2,6404774,5,175.53,1087518,1423721,-1.0227272727272791,0
2023-07-28 10:53:55,174.2,6404805,1,175.53,1087112,1424131,-1.0227272727272791,0
2023-07-28 10:53:55,174.2,6404805,31,175.53,1087112,1424131,-1.0227272727272791,0
2023-07-28 10:53:56,174.2,6405105,31,175.53,1087165,1424750,-1.0227272727272791,0
2023-07-28 10:53:56,174.1,6405105,50,175.53,1087165,1424750,-1.0795454545454577,0
2023-07-28 10:54:01,174.1,6405155,50,175.53,1087975,1421228,-1.0795454545454577,0
2023-07-28 10:54:01,174.1,6405155,50,175.53,1087975,1421228,-1.0795454545454577,0
2023-07-28 10:54:01,174.25,6405155,45,175.53,1087975,1421228,-0.9943181818181818,0
2023-07-28 10:54:08,174.2,6405305,100,175.53,1092604,1423616,-1.0227272727272791,0
2023-07-28 10:54:08,174.1,6405305,230,175.53,1092604,1423616,-1.0795454545454577,0
2023-07-28 10:54:08,174.3,6405305,784,175.53,1092604,1423616,-0.9659090909090845,0
2023-07-28 10:54:11,174.3,6415325,784,175.52,1101009,1407867,-0.9659090909090845,0
2023-07-28 10:54:11,174.25,6415325,1,175.52,1101009,1407867,-0.9943181818181818,0
2023-07-28 10:54:11,174.25,6415325,50,175.52,1101009,1407867,-0.9943181818181818,0
2023-07-28 10:54:11,174.3,6415325,250,175.52,1101009,1407867,-0.9659090909090845,0
2023-07-28 10:54:11,174.4,6415325,42,175.52,1101009,1407867,-0.9090909090909058,0
2023-07-28 10:54:11,174.4,6415325,150,175.52,1101009,1407867,-0.9090909090909058,0
2023-07-28 10:54:22,174.35,6427621,31,175.52,1102723,1415150,-0.9375000000000032,0
2023-07-28 10:54:22,174.35,6427621,16,175.52,1108531,1414372,-0.9375000000000032,0
2023-07-28 10:54:22,174.35,6427621,150,175.52,1108531,1414372,-0.9375000000000032,0
2023-07-28 10:54:22,174.4,6427621,50,175.52,1108531,1414372,-0.9090909090909058,0
2023-07-28 10:54:22,174.35,6427621,87,175.52,1108531,1414372,-0.9375000000000032,0
2023-07-28 10:54:31,174.35,6436005,87,175.52,1101947,1415769,-0.9375000000000032,0
2023-07-28 10:54:31,174.35,6436005,105,175.52,1101947,1415769,-0.9375000000000032,0
2023-07-28 10:54:34,174.35,6436229,5,175.52,1099717,1416585,-0.9375000000000032,0
2023-07-28 10:54:34,174.35,6436229,20,175.52,1099717,1416585,-0.9375000000000032,0
2023-07-28 10:54:34,174.4,6436229,20,175.52,1099717,1416585,-0.9090909090909058,0
2023-07-28 10:54:38,174.4,6436274,20,175.52,1102050,1415653,-0.9090909090909058,0
2023-07-28 10:54:41,174.35,6436299,25,175.52,1098248,1415886,-0.9375000000000032,0
2023-07-28 10:54:41,174.4,6436299,11,175.52,1098248,1415886,-0.9090909090909058,0
2023-07-28 10:54:45,174.4,6436310,11,175.52,1098268,1416025,-0.9090909090909058,0
2023-07-28 10:54:45,174.4,6436310,10,175.52,1098268,1416025,-0.9090909090909058,0
2023-07-28 10:54:45,174.4,6436310,28,175.52,1098268,1416025,-0.9090909090909058,0
2023-07-28 10:54:50,174.4,6436720,100,175.52,1097652,1415452,-0.9090909090909058,0
2023-07-28 10:54:50,174.35,6436720,10,175.52,1097652,1415452,-0.9375000000000032,0
2023-07-28 10:54:52,174.35,6437230,10,175.52,1097426,1415583,-0.9375000000000032,0
2023-07-28 10:54:52,174.45,6437230,1,175.52,1097426,1415583,-0.8806818181818247,0
2023-07-28 10:54:52,174.4,6437230,50,175.52,1097426,1415583,-0.9090909090909058,0
2023-07-28 10:54:52,174.45,6437230,8,175.52,1097426,1415583,-0.8806818181818247,0
2023-07-28 10:54:52,174.45,6437230,10,175.52,1097426,1415583,-0.8806818181818247,0
2023-07-28 10:54:58,174.45,6437299,10,175.52,1097742,1415645,-0.8806818181818247,0
2023-07-28 10:54:58,174.45,6437299,11,175.52,1097742,1415645,-0.8806818181818247,0
2023-07-28 10:54:58,174.35,6437299,30,175.52,1097742,1415645,-0.9375000000000032,0
2023-07-28 10:55:02,174.45,6437340,67,175.52,1097878,1418497,-0.8806818181818247,0
2023-07-28 10:55:02,174.45,6437340,30,175.52,1097878,1418497,-0.8806818181818247,0
2023-07-28 10:55:02,174.35,6437340,320,175.52,1097878,1418497,-0.9375000000000032,0
2023-07-28 10:55:08,174.35,6439602,320,175.52,1095100,1422138,-0.9375000000000032,0
2023-07-28 10:55:08,174.4,6439602,73,175.52,1095100,1422138,-0.9090909090909058,0
2023-07-28 10:55:08,174.45,6439602,48,175.52,1095100,1422138,-0.8806818181818247,0
2023-07-28 10:55:08,174.4,6439602,100,175.52,1095100,1422138,-0.9090909090909058,0
2023-07-28 10:55:08,174.45,6439602,506,175.52,1095100,1422138,-0.8806818181818247,0
2023-07-28 10:55:15,174.45,6443223,506,175.52,1095141,1423365,-0.8806818181818247,0
2023-07-28 10:55:15,174.45,6443223,100,175.52,1095141,1423365,-0.8806818181818247,0
2023-07-28 10:55:15,174.4,6443223,100,175.52,1095141,1423365,-0.9090909090909058,0
2023-07-28 10:55:20,174.45,6443496,73,175.52,1096410,1423204,-0.8806818181818247,0
2023-07-28 10:55:20,174.4,6443496,22,175.52,1096410,1423204,-0.9090909090909058,0
2023-07-28 10:55:20,174.4,6443496,500,175.52,1096410,1423204,-0.9090909090909058,0
2023-07-28 10:55:23,174.4,6445266,40,175.52,1087552,1429204,-0.9090909090909058,0
2023-07-28 10:55:23,174.4,6445266,5,175.52,1087552,1429204,-0.9090909090909058,0
2023-07-28 10:55:29,174.4,6445787,10,175.52,1086526,1428892,-0.9090909090909058,0
2023-07-28 10:55:29,174.4,6445787,5,175.52,1086526,1428892,-0.9090909090909058,0
2023-07-28 10:55:34,174.4,6445802,5,175.52,1095736,1426336,-0.9090909090909058,0
2023-07-28 10:55:34,174.35,6445802,76,175.52,1095736,1426336,-0.9375000000000032,0
2023-07-28 10:55:34,174.4,6445802,10,175.52,1095736,1426336,-0.9090909090909058,0
2023-07-28 10:55:37,174.4,6445913,10,175.52,1098562,1427247,-0.9090909090909058,0
2023-07-28 10:55:37,174.35,6445913,9,175.52,1098562,1427247,-0.9375000000000032,0
2023-07-28 10:55:37,174.4,6445913,20,175.52,1098562,1427247,-0.9090909090909058,0
2023-07-28 10:55:42,174.4,6445945,20,175.52,1097891,1428310,-0.9090909090909058,0
2023-07-28 10:55:42,174.4,6445945,223,175.52,1097891,1428310,-0.9090909090909058,0
2023-07-28 10:55:42,174.35,6445945,100,175.52,1097891,1428310,-0.9375000000000032,0
2023-07-28 10:55:42,174.4,6445945,1,175.52,1097891,1428310,-0.9090909090909058,0
2023-07-28 10:55:42,174.35,6445945,300,175.52,1097891,1428310,-0.9375000000000032,0
2023-07-28 10:55:48,174.45,6447746,2,175.52,1099090,1427141,-0.8806818181818247,0
2023-07-28 10:55:48,174.4,6447746,36,175.52,1099090,1427141,-0.9090909090909058,0
2023-07-28 10:55:53,174.4,6448112,25,175.52,1101252,1428149,-0.9090909090909058,0
2023-07-28 10:55:53,174.45,6448112,7,175.52,1101252,1428149,-0.8806818181818247,0
2023-07-28 10:55:55,174.45,6448270,7,175.52,1101211,1428042,-0.8806818181818247,0
2023-07-28 10:55:55,174.4,6448270,50,175.52,1101211,1428042,-0.9090909090909058,0
2023-07-28 10:55:55,174.45,6448270,3,175.52,1101211,1428042,-0.8806818181818247,0
2023-07-28 10:55:55,174.4,6448270,215,175.52,1101211,1428042,-0.9090909090909058,0
2023-07-28 10:55:55,174.4,6448270,263,175.52,1101211,1428042,-0.9090909090909058,0
2023-07-28 10:56:00,174.4,6450238,263,175.52,1091974,1427412,-0.9090909090909058,0
2023-07-28 10:56:00,174.4,6450238,25,175.52,1091974,1427412,-0.9090909090909058,0
2023-07-28 10:56:00,174.4,6450238,3,175.52,1091974,1427412,-0.9090909090909058,0
2023-07-28 10:56:03,174.4,6450266,3,175.52,1097084,1428318,-0.9090909090909058,0
2023-07-28 10:56:03,174.4,6450266,200,175.52,1097084,1428318,-0.9090909090909058,0
2023-07-28 10:56:03,174.4,6450266,442,175.52,1097084,1428318,-0.9090909090909058,0
2023-07-28 10:56:03,174.4,6450266,172,175.52,1097084,1428318,-0.9090909090909058,0
2023-07-28 10:56:12,174.4,6454186,29,175.52,1096957,1426551,-0.9090909090909058,0
2023-07-28 10:56:12,174.45,6454186,9,175.52,1096957,1426551,-0.8806818181818247,0
2023-07-28 10:56:12,174.45,6454186,114,175.52,1096957,1426551,-0.8806818181818247,0
2023-07-28 10:56:18,174.45,6454430,2,175.52,1096456,1424930,-0.8806818181818247,0
2023-07-28 10:56:18,174.4,6454430,50,175.52,1096456,1424930,-0.9090909090909058,0
2023-07-28 10:56:18,174.3,6454430,225,175.52,1096456,1424930,-0.9659090909090845,0
2023-07-28 10:56:18,174.3,6454430,225,175.52,1096456,1424930,-0.9659090909090845,0
2023-07-28 10:56:22,174.4,6457030,50,175.52,1097111,1427017,-0.9090909090909058,0
2023-07-28 10:56:22,174.4,6457030,50,175.52,1097111,1427017,-0.9090909090909058,0
2023-07-28 10:56:22,174.4,6457030,50,175.52,1097111,1427017,-0.9090909090909058,0
2023-07-28 10:56:22,174.4,6457030,50,175.52,1097111,1427017,-0.9090909090909058,0
2023-07-28 10:56:22,174.4,6457030,50,175.52,1097111,1427017,-0.9090909090909058,0
2023-07-28 10:56:22,174.4,6457030,50,175.52,1097111,1427017,-0.9090909090909058,0
2023-07-28 10:56:22,174.4,6457030,50,175.52,1097111,1427017,-0.9090909090909058,0
2023-07-28 10:56:27,174.4,6457031,1,175.52,1097424,1426783,-0.9090909090909058,0
2023-07-28 10:56:27,174.4,6457031,1,175.52,1097284,1426783,-0.9090909090909058,0
2023-07-28 10:56:27,174.35,6457031,600,175.52,1097284,1426783,-0.9375000000000032,0
2023-07-28 10:56:27,174.35,6457031,113,175.52,1097284,1426783,-0.9375000000000032,0
2023-07-28 10:56:35,174.35,6458144,113,175.52,1097176,1427860,-0.9375000000000032,0
2023-07-28 10:56:35,174.4,6458144,1,175.52,1097176,1427860,-0.9090909090909058,0
2023-07-28 10:56:35,174.4,6458144,54,175.52,1097176,1427860,-0.9090909090909058,0
2023-07-28 10:56:38,174.4,6458199,54,175.52,1093915,1428586,-0.9090909090909058,0
2023-07-28 10:56:38,174.4,6458199,29,175.52,1093915,1428586,-0.9090909090909058,0
2023-07-28 10:56:38,174.4,6458199,67,175.52,1093915,1428586,-0.9090909090909058,0
2023-07-28 10:56:41,174.4,6458295,67,175.52,1102076,1427695,-0.9090909090909058,0
2023-07-28 10:56:41,174.4,6458295,1,175.52,1102076,1427695,-0.9090909090909058,0
2023-07-28 10:56:46,174.4,6458371,43,175.52,1103271,1426157,-0.9090909090909058,0
2023-07-28 10:56:46,174.35,6458371,100,175.52,1103271,1426157,-0.9375000000000032,0
2023-07-28 10:56:51,174.35,6458471,100,175.52,1103939,1427069,-0.9375000000000032,0
2023-07-28 10:56:51,174.4,6458471,100,175.52,1103939,1427069,-0.9090909090909058,0
2023-07-28 10:56:55,174.35,6458639,484,175.52,1106052,1432101,-0.9375000000000032,0
2023-07-28 10:56:56,174.35,6459139,484,175.52,1096227,1435965,-0.9375000000000032,0
2023-07-28 10:56:56,174.4,6459139,14,175.52,1096227,1435965,-0.9090909090909058,0
2023-07-28 10:56:56,174.3,6459139,2,175.52,1096227,1435965,-0.9659090909090845,0
2023-07-28 10:57:04,174.3,6459155,2,175.52,1090076,1435874,-0.9659090909090845,0
2023-07-28 10:57:04,174.3,6459155,2,175.52,1090749,1436498,-0.9659090909090845,0
2023-07-28 10:57:04,174.3,6459155,15,175.52,1090749,1436498,-0.9659090909090845,0
2023-07-28 10:57:12,174.25,6465152,221,175.52,1074789,1435273,-0.9943181818181818,0
2023-07-28 10:57:12,174.25,6465152,50,175.52,1074789,1435273,-0.9943181818181818,0
2023-07-28 10:57:12,174.25,6465152,25,175.52,1074789,1435273,-0.9943181818181818,0
2023-07-28 10:57:14,174.25,6465227,25,175.52,1079697,1432093,-0.9943181818181818,0
2023-07-28 10:57:14,174.25,6465227,5,175.52,1079697,1432093,-0.9943181818181818,0
2023-07-28 10:57:14,174.15,6465227,28,175.52,1079697,1432093,-1.0511363636363604,0
2023-07-28 10:57:18,174.15,6465532,28,175.52,1087231,1429714,-1.0511363636363604,0
2023-07-28 10:57:18,174.25,6465532,7,175.52,1087231,1429714,-0.9943181818181818,0
2023-07-28 10:57:22,174.25,6465539,7,175.52,1088493,1430436,-0.9943181818181818,0
2023-07-28 10:57:22,174.25,6465539,7,175.52,1088943,1431884,-0.9943181818181818,0
2023-07-28 10:57:22,174.25,6465539,7,175.52,1088976,1431844,-0.9943181818181818,0
2023-07-28 10:57:22,174.25,6465539,7,175.52,1090427,1432126,-0.9943181818181818,0
2023-07-28 10:57:22,174.2,6465539,50,175.52,1090427,1432126,-1.0227272727272791,0
2023-07-28 10:57:22,174.2,6465539,25,175.52,1090427,1432126,-1.0227272727272791,0
2023-07-28 10:57:22,174.2,6465539,50,175.52,1090427,1432126,-1.0227272727272791,0
2023-07-28 10:57:41,174.15,6465665,1,175.52,1090333,1431318,-1.0511363636363604,0
2023-07-28 10:57:41,174.15,6465665,1,175.52,1090081,1431458,-1.0511363636363604,0
2023-07-28 10:57:41,174.15,6465665,1,175.52,1090081,1431458,-1.0511363636363604,0
2023-07-28 10:57:47,174.2,6465666,100,175.52,1085524,1431240,-1.0227272727272791,0
2023-07-28 10:57:50,174.2,6465766,100,175.52,1086488,1431577,-1.0227272727272791,0
2023-07-28 10:57:50,174.2,6465766,100,175.52,1085627,1431577,-1.0227272727272791,0
2023-07-28 10:57:50,174.2,6465766,100,175.52,1086385,1431927,-1.0227272727272791,0
2023-07-28 10:57:50,174.2,6465766,5,175.52,1086385,1431927,-1.0227272727272791,0
2023-07-28 10:57:50,174.2,6465766,1,175.52,1086385,1431927,-1.0227272727272791,0
2023-07-28 10:58:10,174.2,6465772,1,175.52,1086387,1431271,-1.0227272727272791,0
2023-07-28 10:58:10,174.2,6465772,25,175.52,1086387,1431271,-1.0227272727272791,0
2023-07-28 10:58:10,174.15,6465772,1,175.52,1086387,1431271,-1.0511363636363604,0
2023-07-28 10:58:13,174.15,6465798,1,175.52,1066061,1436947,-1.0511363636363604,0
2023-07-28 10:58:14,174.2,6465848,20,175.52,1074000,1436592,-1.0227272727272791,0
2023-07-28 10:58:14,174.15,6465848,78,175.52,1074000,1436592,-1.0511363636363604,0
2023-07-28 10:58:21,174.2,6469219,120,175.51,1074017,1435790,-1.0227272727272791,0
2023-07-28 10:58:21,174.2,6469219,128,175.51,1074017,1435790,-1.0227272727272791,0
2023-07-28 10:58:21,174.15,6469219,5,175.51,1074017,1435790,-1.0511363636363604,0
2023-07-28 10:58:21,174.15,6469219,58,175.51,1074017,1435790,-1.0511363636363604,0
2023-07-28 10:58:25,174.15,6469582,58,175.51,1078761,1433662,-1.0511363636363604,0
2023-07-28 10:58:25,174.15,6469582,100,175.51,1078761,1433662,-1.0511363636363604,0
2023-07-28 10:58:30,174.1,6469692,10,175.51,1079361,1432985,-1.0795454545454577,0
2023-07-28 10:58:30,174.15,6469692,100,175.51,1079361,1432985,-1.0511363636363604,0
2023-07-28 10:58:30,174.15,6469692,187,175.51,1079361,1432985,-1.0511363636363604,0
2023-07-28 10:58:33,174.15,6470366,187,175.51,1077287,1432509,-1.0511363636363604,0
2023-07-28 10:58:33,174.2,6470366,5,175.51,1077287,1432509,-1.0227272727272791,0
2023-07-28 10:58:33,174.15,6470366,10,175.51,1077287,1432509,-1.0511363636363604,0
2023-07-28 10:58:33,174.2,6470366,10,175.51,1077287,1432509,-1.0227272727272791,0
2023-07-28 10:58:38,174.2,6470401,10,175.51,1074003,1435020,-1.0227272727272791,0
2023-07-28 10:58:38,174.2,6470401,23,175.51,1074003,1435020,-1.0227272727272791,0
2023-07-28 10:58:41,174.2,6470424,23,175.51,1075003,1434575,-1.0227272727272791,0
2023-07-28 10:58:41,174.2,6470424,1,175.51,1075003,1434575,-1.0227272727272791,0
2023-07-28 10:58:44,174.2,6470425,1,175.51,1076383,1434624,-1.0227272727272791,0
2023-07-28 10:58:44,174.15,6470425,404,175.51,1076383,1434624,-1.0511363636363604,0
2023-07-28 10:58:48,174.15,6470829,404,175.51,1075945,1434920,-1.0511363636363604,0
2023-07-28 10:58:48,174.15,6470829,404,175.51,1075953,1435318,-1.0511363636363604,0
2023-07-28 10:58:48,174.2,6470829,8,175.51,1075953,1435318,-1.0227272727272791,0
2023-07-28 10:58:48,174.15,6470829,508,175.51,1075953,1435318,-1.0511363636363604,0
2023-07-28 10:58:58,174.15,6473731,1,175.51,1066221,1437433,-1.0511363636363604,0
2023-07-28 10:58:58,174.15,6473731,1,175.51,1066221,1437433,-1.0511363636363604,0
2023-07-28 10:58:58,174.15,6473731,16,175.51,1066221,1437433,-1.0511363636363604,0
2023-07-28 10:58:58,174.15,6473731,246,175.51,1066221,1437433,-1.0511363636363604,0
2023-07-28 10:59:01,174.15,6474217,246,175.51,1068213,1436783,-1.0511363636363604,0
2023-07-28 10:59:01,174.1,6474217,49,175.51,1068213,1436783,-1.0795454545454577,0
2023-07-28 10:59:04,174.1,6474366,49,175.51,1068882,1436445,-1.0795454545454577,0
2023-07-28 10:59:04,174.1,6474366,49,175.51,1068886,1435776,-1.0795454545454577,0
2023-07-28 10:59:04,174.15,6474366,3,175.51,1068886,1435776,-1.0511363636363604,0
2023-07-28 10:59:11,174.15,6474370,3,175.51,1069613,1432192,-1.0511363636363604,0
2023-07-28 10:59:11,174.2,6474370,20,175.51,1069613,1432192,-1.0227272727272791,0
2023-07-28 10:59:15,174.2,6474390,20,175.51,1071312,1431825,-1.0227272727272791,0
2023-07-28 10:59:15,174.2,6474390,2,175.51,1071312,1431825,-1.0227272727272791,0
2023-07-28 10:59:15,174.2,6474390,2,175.51,1071312,1431825,-1.0227272727272791,0
2023-07-28 10:59:15,174.2,6474390,2,175.51,1071312,1431825,-1.0227272727272791,0
2023-07-28 10:59:15,174.2,6474390,2,175.51,1071312,1431825,-1.0227272727272791,0
2023-07-28 10:59:15,174.2,6474390,2,175.51,1071312,1431825,-1.0227272727272791,0
2023-07-28 10:59:15,174.2,6474390,2,175.51,1071312,1431825,-1.0227272727272791,0
2023-07-28 10:59:15,174.2,6474390,2,175.51,1071312,1431825,-1.0227272727272791,0
2023-07-28 10:59:15,174.2,6474390,2,175.51,1071312,1431825,-1.0227272727272791,0
2023-07-28 10:59:15,174.2,6474390,2,175.51,1071312,1431825,-1.0227272727272791,0
2023-07-28 10:59:15,174.2,6474390,2,175.51,1071312,1431825,-1.0227272727272791,0
2023-07-28 10:59:26,174.2,6475999,2,175.51,1076512,1426412,-1.0227272727272791,0
2023-07-28 10:59:26,174.2,6475999,8,175.51,1076512,1426412,-1.0227272727272791,0
2023-07-28 10:59:26,174.2,6475999,35,175.51,1076512,1426412,-1.0227272727272791,0
2023-07-28 10:59:28,174.2,6477093,35,175.51,1077669,1427061,-1.0227272727272791,0
2023-07-28 10:59:28,174.2,6477093,35,175.51,1077996,1427301,-1.0227272727272791,0
2023-07-28 10:59:28,174.2,6477093,5,175.51,1077996,1427301,-1.0227272727272791,0
2023-07-28 10:59:37,174.2,6477098,5,175.51,1078013,1428212,-1.0227272727272791,0
2023-07-28 10:59:37,174.2,6477098,65,175.51,1078013,1428212,-1.0227272727272791,0
2023-07-28 10:59:41,174.2,6477263,65,175.51,1078148,1427222,-1.0227272727272791,0
2023-07-28 10:59:41,174.2,6477263,40,175.51,1078148,1427222,-1.0227272727272791,0
2023-07-28 10:59:45,174.2,6478667,221,175.51,1085034,1419550,-1.0227272727272791,0
2023-07-28 10:59:47,174.2,6479882,221,175.51,1081604,1425061,-1.0227272727272791,0
2023-07-28 10:59:47,174.2,6479882,100,175.51,1082056,1424761,-1.0227272727272791,0
2023-07-28 10:59:47,174.2,6479882,30,175.51,1082056,1424761,-1.0227272727272791,0
2023-07-28 10:59:58,174.2,6480185,30,175.51,1082640,1424923,-1.0227272727272791,0
2023-07-28 10:59:58,174.25,6480185,4,175.51,1082640,1424923,-0.9943181818181818,0
2023-07-28 11:00:01,174.25,6480195,4,175.51,1082684,1424644,-0.9943181818181818,0
2023-07-28 11:00:01,174.25,6480195,4,175.51,1083257,1424672,-0.9943181818181818,0
2023-07-28 11:00:01,174.2,6480195,313,175.51,1083257,1424672,-1.0227272727272791,0
2023-07-28 11:00:01,174.25,6480195,20,175.51,1083257,1424672,-0.9943181818181818,0
2023-07-28 11:00:11,174.25,6480530,20,175.51,1081908,1425046,-0.9943181818181818,0
2023-07-28 11:00:11,174.25,6480530,20,175.51,1081830,1425827,-0.9943181818181818,0
2023-07-28 11:00:11,174.25,6480530,26,175.51,1081830,1425827,-0.9943181818181818,0
2023-07-28 11:00:18,174.25,6480670,26,175.51,1083284,1423694,-0.9943181818181818,0
2023-07-28 11:00:18,174.2,6480670,21,175.51,1083284,1423694,-1.0227272727272791,0
2023-07-28 11:00:22,174.2,6480870,21,175.51,1082972,1424213,-1.0227272727272791,0
2023-07-28 11:00:28,174.2,6481305,435,175.51,1080983,1425781,-1.0227272727272791,0
2023-07-28 11:00:28,174.2,6481305,435,175.51,1087483,1422564,-1.0227272727272791,0
2023-07-28 11:00:28,174.2,6481305,435,175.51,1087828,1422365,-1.0227272727272791,0
2023-07-28 11:00:28,174.25,6481305,200,175.51,1087828,1422365,-0.9943181818181818,0
2023-07-28 11:00:38,174.25,6481505,2,175.51,1092934,1424148,-0.9943181818181818,0
2023-07-28 11:00:38,174.25,6481505,8,175.51,1092934,1424148,-0.9943181818181818,0
2023-07-28 11:00:42,174.25,6481717,8,175.51,1094304,1422324,-0.9943181818181818,0
2023-07-28 11:00:42,174.25,6481717,871,175.51,1094304,1422324,-0.9943181818181818,0
2023-07-28 11:00:46,174.25,6482602,871,175.51,1099237,1422257,-0.9943181818181818,0
2023-07-28 11:00:46,174.25,6482602,871,175.51,1095507,1423487,-0.9943181818181818,0
2023-07-28 11:00:46,174.25,6482602,543,175.51,1095507,1423487,-0.9943181818181818,0
2023-07-28 11:00:54,174.25,6484921,543,175.51,1100616,1415611,-0.9943181818181818,0
2023-07-28 11:00:54,174.25,6484921,2,175.51,1100616,1415611,-0.9943181818181818,0
2023-07-28 11:00:58,174.25,6484923,2,175.51,1098777,1416585,-0.9943181818181818,0
2023-07-28 11:00:58,174.25,6484923,2,175.51,1098481,1416585,-0.9943181818181818,0
2023-07-28 11:00:58,174.3,6484923,42,175.51,1098481,1416585,-0.9659090909090845,0
2023-07-28 11:00:58,174.35,6484923,47,175.51,1098481,1416585,-0.9375000000000032,0
2023-07-28 11:00:58,174.25,6484923,1,175.51,1098481,1416585,-0.9943181818181818,0
2023-07-28 11:01:10,174.25,6485692,1,175.51,1093524,1415919,-0.9943181818181818,0
2023-07-28 11:01:10,174.25,6485692,1,175.51,1092561,1416830,-0.9943181818181818,0
2023-07-28 11:01:10,174.25,6485692,1,175.51,1089830,1417088,-0.9943181818181818,0
2023-07-28 11:01:10,174.35,6485692,356,175.51,1089830,1417088,-0.9375000000000032,0
2023-07-28 11:01:24,174.35,6486202,356,175.51,1094114,1420990,-0.9375000000000032,0
2023-07-28 11:01:24,174.35,6486202,88,175.51,1094114,1420990,-0.9375000000000032,0
2023-07-28 11:01:24,174.25,6486202,4,175.51,1094114,1420990,-0.9943181818181818,0
2023-07-28 11:01:24,174.35,6486202,8,175.51,1094114,1420990,-0.9375000000000032,0
2023-07-28 11:01:30,174.35,6486303,8,175.51,1094368,1420860,-0.9375000000000032,0
2023-07-28 11:01:30,174.35,6486303,17,175.51,1094368,1420860,-0.9375000000000032,0
2023-07-28 11:01:34,174.35,6486330,10,175.51,1095269,1420485,-0.9375000000000032,0
2023-07-28 11:01:34,174.35,6486330,365,175.51,1095269,1420485,-0.9375000000000032,0
2023-07-28 11:01:35,174.35,6487237,365,175.51,1095421,1419979,-0.9375000000000032,0
2023-07-28 11:01:35,174.35,6487237,23,175.51,1095421,1419979,-0.9375000000000032,0
2023-07-28 11:01:40,174.35,6487262,23,175.51,1095390,1419955,-0.9375000000000032,0
2023-07-28 11:01:40,174.35,6487262,95,175.51,1095390,1419955,-0.9375000000000032,0
2023-07-28 11:01:44,174.35,6487362,95,175.51,1095390,1420967,-0.9375000000000032,0
2023-07-28 11:01:44,174.25,6487362,2,175.51,1095390,1420967,-0.9943181818181818,0
2023-07-28 11:01:44,174.35,6487362,4,175.51,1095390,1420967,-0.9375000000000032,0
2023-07-28 11:01:49,174.35,6487368,4,175.51,1095157,1420389,-0.9375000000000032,0
2023-07-28 11:01:49,174.4,6487368,1274,175.51,1095157,1420389,-0.9090909090909058,0
2023-07-28 11:01:49,174.35,6487368,1,175.51,1095157,1420389,-0.9375000000000032,0
2023-07-28 11:01:53,174.3,6492471,100,175.51,1096857,1413537,-0.9659090909090845,0
2023-07-28 11:01:53,174.3,6492471,383,175.51,1096857,1413537,-0.9659090909090845,0
2023-07-28 11:01:56,174.3,6495188,383,175.51,1090593,1430430,-0.9659090909090845,0
2023-07-28 11:01:56,174.2,6495188,50,175.51,1090593,1430430,-1.0227272727272791,0
2023-07-28 11:01:56,174.25,6495188,2,175.51,1090593,1430430,-0.9943181818181818,0
2023-07-28 11:02:00,174.25,6495330,2,175.51,1081407,1436608,-0.9943181818181818,0
2023-07-28 11:02:00,174.25,6495330,50,175.51,1081407,1436608,-0.9943181818181818,0
2023-07-28 11:02:00,174.25,6495330,10,175.51,1081407,1436608,-0.9943181818181818,0
2023-07-28 11:02:00,174.25,6495330,18,175.51,1081407,1436608,-0.9943181818181818,0
2023-07-28 11:02:05,174.25,6495496,18,175.51,1082088,1435934,-0.9943181818181818,0
2023-07-28 11:02:05,174.2,6495496,150,175.51,1082088,1435934,-1.0227272727272791,0
2023-07-28 11:02:09,174.2,6495746,150,175.51,1082638,1430754,-1.0227272727272791,0
2023-07-28 11:02:09,174.2,6495746,150,175.51,1082488,1431282,-1.0227272727272791,0
2023-07-28 11:02:09,174.25,6495746,4,175.51,1082488,1431282,-0.9943181818181818,0
2023-07-28 11:02:09,174.25,6495746,2,175.51,1082488,1431282,-0.9943181818181818,0
2023-07-28 11:02:19,174.25,6495803,50,175.51,1082745,1431321,-0.9943181818181818,0
2023-07-28 11:02:19,174.2,6495803,1,175.51,1082745,1431321,-1.0227272727272791,0
2023-07-28 11:02:19,174.2,6495803,2,175.51,1082745,1431321,-1.0227272727272791,0
2023-07-28 11:02:19,174.2,6495803,2,175.51,1082745,1431321,-1.0227272727272791,0
2023-07-28 11:02:19,174.2,6495803,2,175.51,1082745,1431321,-1.0227272727272791,0
2023-07-28 11:02:19,174.2,6495803,2,175.51,1082745,1431321,-1.0227272727272791,0
2023-07-28 11:02:21,174.2,6496425,2,175.51,1083218,1432671,-1.0227272727272791,0
2023-07-28 11:02:21,174.2,6496425,2,175.51,1083218,1432671,-1.0227272727272791,0
2023-07-28 11:02:21,174.2,6496425,2,175.51,1083218,1432671,-1.0227272727272791,0
2023-07-28 11:02:21,174.25,6496425,1,175.51,1083218,1432671,-0.9943181818181818,0
2023-07-28 11:02:21,174.25,6496425,150,175.51,1083218,1432671,-0.9943181818181818,0
2023-07-28 11:02:28,174.25,6496725,150,175.51,1082855,1435244,-0.9943181818181818,0
2023-07-28 11:02:30,174.3,6496739,6,175.51,1083264,1434568,-0.9659090909090845,0
2023-07-28 11:02:30,174.3,6496739,6,175.51,1084394,1433850,-0.9659090909090845,0
2023-07-28 11:02:30,174.25,6496739,58,175.51,1084394,1433850,-0.9943181818181818,0
2023-07-28 11:02:40,174.25,6498298,58,175.51,1084334,1435394,-0.9943181818181818,0
2023-07-28 11:02:40,174.25,6498298,58,175.51,1091057,1434975,-0.9943181818181818,0
2023-07-28 11:02:40,174.3,6498298,32,175.51,1091057,1434975,-0.9659090909090845,0
2023-07-28 11:02:40,174.2,6498298,65,175.51,1091057,1434975,-1.0227272727272791,0
2023-07-28 11:02:40,174.3,6498298,1,175.51,1091057,1434975,-0.9659090909090845,0
2023-07-28 11:02:52,174.3,6498574,1,175.51,1091111,1433770,-0.9659090909090845,0
2023-07-28 11:02:52,174.3,6498574,93,175.51,1091111,1433770,-0.9659090909090845,0
2023-07-28 11:02:52,174.2,6498574,5,175.51,1091111,1433770,-1.0227272727272791,0
2023-07-28 11:02:54,174.2,6498761,5,175.51,1091181,1433590,-1.0227272727272791,0
2023-07-28 11:02:54,174.2,6498761,20,175.51,1091181,1433590,-1.0227272727272791,0
2023-07-28 11:03:00,174.2,6498781,20,175.51,1089964,1439850,-1.0227272727272791,0
2023-07-28 11:03:00,174.15,6498781,74,175.51,1089964,1439850,-1.0511363636363604,0
2023-07-28 11:03:00,174.15,6498781,250,175.51,1089964,1439850,-1.0511363636363604,0
2023-07-28 11:03:04,174.15,6500075,250,175.51,1089952,1439333,-1.0511363636363604,0
2023-07-28 11:03:04,174.25,6500075,250,175.51,1089952,1439333,-0.9943181818181818,0
2023-07-28 11:03:04,174.25,6500075,36,175.51,1089952,1439333,-0.9943181818181818,0
2023-07-28 11:03:08,174.25,6500661,36,175.51,1089942,1446911,-0.9943181818181818,0
2023-07-28 11:03:08,174.25,6500661,36,175.51,1089992,1446911,-0.9943181818181818,0
2023-07-28 11:03:08,174.25,6500661,36,175.51,1089994,1446911,-0.9943181818181818,0
2023-07-28 11:03:22,174.25,6500671,10,175.51,1090094,1446901,-0.9943181818181818,0
2023-07-28 11:03:22,174.25,6500671,10,175.51,1090959,1444347,-0.9943181818181818,0
2023-07-28 11:03:22,174.25,6500671,11,175.51,1091706,1443964,-0.9943181818181818,0
2023-07-28 11:03:31,174.25,6500682,11,175.51,1091750,1443959,-0.9943181818181818,0
2023-07-28 11:03:38,174.25,6500782,36,175.51,1091752,1443756,-0.9943181818181818,0
2023-07-28 11:03:38,174.25,6500782,1,175.51,1091765,1442754,-0.9943181818181818,0
2023-07-28 11:03:38,174.25,6500782,6,175.51,1091765,1442754,-0.9943181818181818,0
2023-07-28 11:03:38,174.15,6500782,20,175.51,1091765,1442754,-1.0511363636363604,0
2023-07-28 11:03:38,174.2,6500782,5,175.51,1091765,1442754,-1.0227272727272791,0
2023-07-28 11:03:47,174.15,6501701,126,175.51,1093118,1441729,-1.0511363636363604,0
2023-07-28 11:03:47,174.25,6501701,28,175.51,1093118,1441729,-0.9943181818181818,0
2023-07-28 11:03:47,174.25,6501701,2,175.51,1093118,1441729,-0.9943181818181818,0
2023-07-28 11:03:49,174.25,6502658,2,175.51,1093242,1441232,-0.9943181818181818,0
2023-07-28 11:03:49,174.25,6502658,18,175.51,1093242,1441232,-0.9943181818181818,0
2023-07-28 11:03:51,174.25,6502676,18,175.51,1093352,1439697,-0.9943181818181818,0
2023-07-28 11:03:51,174.25,6502676,500,175.51,1093352,1439697,-0.9943181818181818,0
2023-07-28 11:03:57,174.2,6503176,67,175.51,1093356,1441808,-1.0227272727272791,0
2023-07-28 11:03:57,174.25,6503176,2,175.51,1093356,1441808,-0.9943181818181818,0
2023-07-28 11:03:57,174.25,6503176,20,175.51,1093356,1441808,-0.9943181818181818,0
2023-07-28 11:03:57,174.2,6503176,1,175.51,1093356,1441808,-1.0227272727272791,0
2023-07-28 11:04:01,174.2,6503616,1,175.51,1096669,1438381,-1.0227272727272791,0
2023-07-28 11:04:01,174.25,6503616,100,175.51,1096669,1438381,-0.9943181818181818,0
2023-07-28 11:04:04,174.25,6503716,100,175.51,1098591,1438286,-0.9943181818181818,0
2023-07-28 11:04:04,174.2,6503716,10,175.51,1098591,1438286,-1.0227272727272791,0
2023-07-28 11:04:08,174.2,6503726,10,175.51,1097736,1438286,-1.0227272727272791,0
2023-07-28 11:04:08,174.25,6503726,100,175.51,1097736,1438286,-0.9943181818181818,0
2023-07-28 11:04:08,174.2,6503726,1,175.51,1097736,1438286,-1.0227272727272791,0
2023-07-28 11:04:13,174.2,6503827,1,175.51,1097612,1438097,-1.0227272727272791,0
2023-07-28 11:04:13,174.25,6503827,732,175.51,1097612,1438097,-0.9943181818181818,0
2023-07-28 11:04:16,174.2,6504564,7,175.51,1097177,1437759,-1.0227272727272791,0
2023-07-28 11:04:21,174.25,6505033,1,175.51,1095344,1438558,-0.9943181818181818,0
2023-07-28 11:04:26,174.2,6506033,1000,175.51,1094144,1438858,-1.0227272727272791,0
2023-07-28 11:04:26,174.2,6506033,1000,175.51,1094179,1438858,-1.0227272727272791,0
2023-07-28 11:04:34,174.25,6506043,10,175.51,1094130,1438698,-0.9943181818181818,0
2023-07-28 11:04:38,174.1,6516413,3600,175.51,1076845,1446899,-1.0795454545454577,0
2023-07-28 11:04:38,174.1,6516413,3600,175.51,1086325,1448362,-1.0795454545454577,0
2023-07-28 11:04:38,174.05,6516413,40,175.51,1086325,1448362,-1.107954545454539,0
2023-07-28 11:04:38,174.05,6516413,10,175.51,1086325,1448362,-1.107954545454539,0
2023-07-28 11:04:45,174.0,6517945,285,175.5,1064446,1456542,-1.1363636363636365,0
2023-07-28 11:04:45,174.05,6517945,50,175.5,1064446,1456542,-1.107954545454539,0
2023-07-28 11:04:50,174.05,6518554,50,175.5,1068218,1451575,-1.107954545454539,0
2023-07-28 11:04:55,174.05,6518655,1,175.5,1071730,1443322,-1.107954545454539,0
2023-07-28 11:04:55,174.05,6518655,1,175.5,1071730,1443322,-1.107954545454539,0
2023-07-28 11:04:55,174.05,6518655,20,175.5,1071730,1443322,-1.107954545454539,0
2023-07-28 11:04:57,174.05,6518675,20,175.5,1072167,1444831,-1.107954545454539,0
2023-07-28 11:04:57,174.0,6518675,200,175.5,1072167,1444831,-1.1363636363636365,0
2023-07-28 11:05:02,174.0,6518875,200,175.5,1068481,1448528,-1.1363636363636365,0
2023-07-28 11:05:02,174.05,6518875,21,175.5,1068481,1448528,-1.107954545454539,0
2023-07-28 11:05:02,174.05,6518875,28,175.5,1068481,1448528,-1.107954545454539,0
2023-07-28 11:05:02,174.05,6518875,9,175.5,1068481,1448528,-1.107954545454539,0
2023-07-28 11:05:02,174.05,6518875,30,175.5,1068481,1448528,-1.107954545454539,0
2023-07-28 11:05:07,174.0,6522014,1400,175.5,1068347,1443865,-1.1363636363636365,0
2023-07-28 11:05:07,174.0,6522014,1400,175.5,1068347,1443865,-1.1363636363636365,0
2023-07-28 11:05:07,174.05,6522014,17,175.5,1068347,1443865,-1.107954545454539,0
2023-07-28 11:05:07,174.0,6522014,1655,175.5,1068347,1443865,-1.1363636363636365,0
2023-07-28 11:05:10,174.0,6527914,1655,175.5,1066810,1440840,-1.1363636363636365,0
2023-07-28 11:05:10,174.0,6527914,40,175.5,1066810,1440840,-1.1363636363636365,0
2023-07-28 11:05:12,174.0,6527954,40,175.5,1066850,1444457,-1.1363636363636365,0
2023-07-28 11:05:12,174.05,6527954,276,175.5,1066850,1444457,-1.107954545454539,0
2023-07-28 11:05:12,174.0,6527954,10,175.5,1066850,1444457,-1.1363636363636365,0
2023-07-28 11:05:12,174.05,6527954,47,175.5,1066850,1444457,-1.107954545454539,0
2023-07-28 11:05:19,174.0,6528657,70,175.5,1068199,1445886,-1.1363636363636365,0
2023-07-28 11:05:19,174.05,6528657,20,175.5,1068199,1445886,-1.107954545454539,0
2023-07-28 11:05:19,174.1,6528657,12,175.5,1068199,1445886,-1.0795454545454577,0
2023-07-28 11:05:19,174.05,6528657,6,175.5,1068199,1445886,-1.107954545454539,0
2023-07-28 11:05:19,174.05,6528657,6,175.5,1068199,1445886,-1.107954545454539,0
2023-07-28 11:05:22,174.05,6529083,6,175.5,1068789,1446436,-1.107954545454539,0
2023-07-28 11:05:22,174.05,6529083,5,175.5,1068789,1446436,-1.107954545454539,0
2023-07-28 11:05:22,174.05,6529083,5,175.5,1068789,1446436,-1.107954545454539,0
2023-07-28 11:05:22,174.05,6529083,5,175.5,1068789,1446436,-1.107954545454539,0
2023-07-28 11:05:22,174.05,6529083,200,175.5,1068789,1446436,-1.107954545454539,0
2023-07-28 11:05:22,174.05,6529083,200,175.5,1068789,1446436,-1.107954545454539,0
2023-07-28 11:05:22,174.05,6529083,200,175.5,1068789,1446436,-1.107954545454539,0
2023-07-28 11:05:27,174.0,6529388,100,175.5,1069561,1444823,-1.1363636363636365,0
2023-07-28 11:05:27,174.0,6529388,100,175.5,1069561,1444823,-1.1363636363636365,0
2023-07-28 11:05:27,174.05,6529388,11,175.5,1070500,1444823,-1.107954545454539,0
2023-07-28 11:05:27,174.0,6529388,100,175.5,1070500,1444823,-1.1363636363636365,0
2023-07-28 11:05:27,174.0,6529388,1,175.5,1070500,1444823,-1.1363636363636365,0
2023-07-28 11:05:35,174.0,6529500,1,175.5,1071321,1444085,-1.1363636363636365,0
2023-07-28 11:05:35,174.0,6529500,1,175.5,1071359,1444585,-1.1363636363636365,0
2023-07-28 11:05:35,174.05,6529500,45,175.5,1071359,1444585,-1.107954545454539,0
2023-07-28 11:05:35,174.05,6529500,1000,175.5,1071359,1444585,-1.107954545454539,0
2023-07-28 11:05:35,174.05,6529500,100,175.5,1071359,1444585,-1.107954545454539,0
2023-07-28 11:05:43,174.05,6530845,100,175.5,1071362,1443269,-1.107954545454539,0
2023-07-28 11:05:43,174.0,6530845,6,175.5,1071362,1443269,-1.1363636363636365,0
2023-07-28 11:05:45,174.0,6530875,6,175.5,1073332,1443642,-1.1363636363636365,0
2023-07-28 11:05:45,174.0,6530875,153,175.5,1073332,1443642,-1.1363636363636365,0
2023-07-28 11:05:45,174.05,6530875,165,175.5,1073332,1443642,-1.107954545454539,0
2023-07-28 11:05:51,174.05,6531340,165,175.5,1074847,1439079,-1.107954545454539,0
2023-07-28 11:05:51,174.05,6531340,3232,175.5,1074847,1439079,-1.107954545454539,0
2023-07-28 11:05:51,174.1,6531340,30,175.5,1074847,1439079,-1.0795454545454577,0
2023-07-28 11:05:56,174.1,6535532,1,175.5,1076701,1437257,-1.0795454545454577,0
2023-07-28 11:05:56,174.1,6535532,20,175.5,1076701,1437257,-1.0795454545454577,0
2023-07-28 11:05:56,174.05,6535532,75,175.5,1076701,1437257,-1.107954545454539,0
2023-07-28 11:05:59,174.15,6535652,96,175.5,1076470,1435238,-1.0511363636363604,0
2023-07-28 11:05:59,174.0,6535652,3,175.5,1076470,1435238,-1.1363636363636365,0
2023-07-28 11:05:59,174.15,6535652,18,175.5,1076470,1435238,-1.0511363636363604,0
2023-07-28 11:06:03,174.1,6536302,1,175.5,1084577,1429530,-1.0795454545454577,0
2023-07-28 11:06:03,174.25,6536302,867,175.5,1084577,1429530,-0.9943181818181818,0
2023-07-28 11:06:07,174.25,6541303,867,175.5,1084889,1429831,-0.9943181818181818,0
2023-07-28 11:06:07,174.1,6541303,10,175.5,1084889,1429831,-1.0795454545454577,0
2023-07-28 11:06:10,174.1,6541313,10,175.5,1083877,1430230,-1.0795454545454577,0
2023-07-28 11:06:10,174.2,6541313,1,175.5,1083877,1430230,-1.0227272727272791,0
2023-07-28 11:06:10,174.1,6541313,41,175.5,1083877,1430230,-1.0795454545454577,0
2023-07-28 11:06:10,174.1,6541313,20,175.5,1083877,1430230,-1.0795454545454577,0
2023-07-28 11:06:15,174.1,6545237,20,175.5,1081100,1432815,-1.0795454545454577,0
2023-07-28 11:06:15,173.9,6545237,80,175.5,1081100,1432815,-1.193181818181815,0
2023-07-28 11:06:15,173.65,6545237,3400,175.5,1081100,1432815,-1.3352272727272696,0
2023-07-28 11:06:15,173.65,6545237,38,175.5,1081100,1432815,-1.3352272727272696,0
2023-07-28 11:06:15,173.7,6545237,1,175.5,1081100,1432815,-1.3068181818181883,0
2023-07-28 11:06:21,173.8,6595981,20,175.49,1018311,1442088,-1.2499999999999936,0
2023-07-28 11:06:22,173.8,6596001,20,175.49,1021443,1443299,-1.2499999999999936,0
2023-07-28 11:06:22,173.85,6596001,410,175.49,1021443,1443299,-1.2215909090909123,0
2023-07-28 11:06:22,173.9,6596001,1222,175.49,1021443,1443299,-1.193181818181815,0
2023-07-28 11:06:28,173.9,6602622,1222,175.48,1020918,1443939,-1.193181818181815,0
2023-07-28 11:06:28,173.75,6602622,200,175.48,1020918,1443939,-1.2784090909090908,0
2023-07-28 11:06:28,173.75,6602622,100,175.48,1020918,1443939,-1.2784090909090908,0
2023-07-28 11:06:31,173.75,6603042,100,175.48,1028648,1437598,-1.2784090909090908,0
2023-07-28 11:06:31,173.7,6603042,20,175.48,1028648,1437598,-1.3068181818181883,0
2023-07-28 11:06:31,173.8,6603042,15,175.48,1028648,1437598,-1.2499999999999936,0
2023-07-28 11:06:37,173.7,6604354,266,175.48,1025915,1440860,-1.3068181818181883,0
2023-07-28 11:06:37,173.7,6604354,241,175.48,1025915,1440860,-1.3068181818181883,0
2023-07-28 11:06:37,173.7,6604354,35,175.48,1025915,1440860,-1.3068181818181883,0
2023-07-28 11:06:38,173.7,6604630,35,175.48,1026675,1442088,-1.3068181818181883,0
2023-07-28 11:06:38,173.75,6604630,10,175.48,1026675,1442088,-1.2784090909090908,0
2023-07-28 11:06:38,173.8,6604630,20,175.48,1026675,1442088,-1.2499999999999936,0
2023-07-28 11:06:38,173.7,6604630,10,175.48,1026675,1442088,-1.3068181818181883,0
2023-07-28 11:06:45,173.7,6604800,10,175.48,1026351,1442200,-1.3068181818181883,0
2023-07-28 11:06:45,173.8,6604800,10,175.48,1026351,1442200,-1.2499999999999936,0
2023-07-28 11:06:45,173.8,6604800,38,175.48,1026351,1442200,-1.2499999999999936,0
2023-07-28 11:06:45,173.7,6604800,4,175.48,1026351,1442200,-1.3068181818181883,0
2023-07-28 11:06:45,173.7,6604800,20,175.48,1026351,1442200,-1.3068181818181883,0
2023-07-28 11:06:49,173.7,6605188,80,175.48,1026596,1442256,-1.3068181818181883,0
2023-07-28 11:06:49,173.7,6605188,80,175.48,1026596,1442256,-1.3068181818181883,0
2023-07-28 11:06:49,173.7,6605188,55,175.48,1026596,1442256,-1.3068181818181883,0
2023-07-28 11:06:49,173.7,6605188,9,175.48,1026596,1442256,-1.3068181818181883,0
2023-07-28 11:06:49,173.7,6605188,10,175.48,1026596,1442256,-1.3068181818181883,0
2023-07-28 11:06:53,173.8,6605601,8,175.48,1028346,1443016,-1.2499999999999936,0
2023-07-28 11:06:53,173.8,6605601,12,175.48,1028346,1443016,-1.2499999999999936,0
2023-07-28 11:06:57,173.8,6605621,8,175.48,1034097,1443738,-1.2499999999999936,0
2023-07-28 11:06:57,173.8,6605621,20,175.48,1034097,1443738,-1.2499999999999936,0
2023-07-28 11:07:00,173.8,6605641,20,175.48,1034596,1443534,-1.2499999999999936,0
2023-07-28 11:07:05,173.75,6615690,2248,175.48,1025296,1443737,-1.2784090909090908,0
2023-07-28 11:07:05,173.75,6615690,2248,175.48,1025296,1443737,-1.2784090909090908,0
2023-07-28 11:07:05,173.6,6615690,443,175.48,1023582,1443505,-1.3636363636363669,0
2023-07-28 11:07:08,173.7,6617000,5,175.48,1018760,1445499,-1.3068181818181883,0
2023-07-28 11:07:08,173.6,6617000,497,175.48,1018760,1445499,-1.3636363636363669,0
2023-07-28 11:07:10,173.6,6617497,497,175.48,1019314,1443294,-1.3636363636363669,0
2023-07-28 11:07:11,173.6,6618481,983,175.48,1019938,1442054,-1.3636363636363669,0
2023-07-28 11:07:11,173.6,6618481,983,175.48,1019938,1442054,-1.3636363636363669,0
2023-07-28 11:07:11,173.6,6618481,983,175.48,1020072,1442054,-1.3636363636363669,0
2023-07-28 11:07:11,173.6,6618481,174,175.48,1020072,1442054,-1.3636363636363669,0
2023-07-28 11:07:15,173.6,6618989,60,175.48,1018715,1441911,-1.3636363636363669,0
2023-07-28 11:07:15,173.6,6618989,60,175.48,1018715,1441911,-1.3636363636363669,0
2023-07-28 11:07:15,173.6,6618989,60,175.48,1019457,1442157,-1.3636363636363669,0
2023-07-28 11:07:15,173.6,6618989,132,175.48,1019457,1442157,-1.3636363636363669,0
2023-07-28 11:07:16,173.6,6619322,132,175.48,1026334,1439460,-1.3636363636363669,0
2023-07-28 11:07:16,173.6,6619322,132,175.48,1026347,1439010,-1.3636363636363669,0
2023-07-28 11:07:16,173.6,6619322,132,175.48,1026600,1439010,-1.3636363636363669,0
2023-07-28 11:07:16,173.95,6619322,354,175.48,1026224,1439010,-1.1647727272727337,0
2023-07-28 11:07:21,173.7,6630186,56,175.48,1026626,1446115,-1.3068181818181883,0
2023-07-28 11:07:21,173.7,6630186,56,175.48,1027792,1449776,-1.3068181818181883,0
2023-07-28 11:07:21,173.7,6630186,56,175.48,1027792,1449776,-1.3068181818181883,0
2023-07-28 11:07:24,173.7,6630322,136,175.48,1028688,1450117,-1.3068181818181883,0
2023-07-28 11:07:25,173.65,6634950,150,175.48,1027072,1453941,-1.3352272727272696,0
2023-07-28 11:07:25,173.7,6634950,288,175.48,1027072,1453941,-1.3068181818181883,0
2023-07-28 11:07:25,173.7,6635238,288,175.48,1034631,1449324,-1.3068181818181883,0
2023-07-28 11:07:25,173.7,6635238,288,175.48,1033481,1452275,-1.3068181818181883,0
2023-07-28 11:07:25,173.7,6635238,288,175.48,1033557,1453784,-1.3068181818181883,0
2023-07-28 11:07:29,173.7,6635321,1,175.48,1034236,1454400,-1.3068181818181883,0
2023-07-28 11:07:31,173.7,6635344,1,175.48,1034213,1455059,-1.3068181818181883,0
2023-07-28 11:07:32,173.7,6635346,1,175.48,1034515,1455057,-1.3068181818181883,0
2023-07-28 11:07:32,173.6,6635346,200,175.48,1034515,1455057,-1.3636363636363669,0
2023-07-28 11:07:33,173.7,6635556,100,175.48,1034455,1455274,-1.3068181818181883,0
2023-07-28 11:07:34,173.6,6635756,100,175.48,1034636,1454674,-1.3636363636363669,0
2023-07-28 11:07:34,173.7,6635756,18,175.48,1034636,1454674,-1.3068181818181883,0
2023-07-28 11:07:35,173.7,6635812,38,175.48,1034636,1453134,-1.3068181818181883,0
2023-07-28 11:07:37,173.7,6635813,1,175.48,1036136,1450570,-1.3068181818181883,0
2023-07-28 11:07:38,173.7,6636696,1,175.48,1035226,1449797,-1.3068181818181883,0
2023-07-28 11:07:39,173.65,6636783,85,175.48,1035194,1449795,-1.3352272727272696,0
2023-07-28 11:07:39,173.7,6636783,1,175.48,1035194,1449795,-1.3068181818181883,0
2023-07-28 11:07:40,173.7,6637059,1,175.48,1035194,1449819,-1.3068181818181883,0
2023-07-28 11:07:41,173.7,6637101,1,175.48,1036449,1449399,-1.3068181818181883,0
2023-07-28 11:07:41,173.7,6637102,1,175.48,1036172,1449398,-1.3068181818181883,0
2023-07-28 11:07:41,173.7,6637102,22,175.48,1036172,1449398,-1.3068181818181883,0
2023-07-28 11:07:41,173.7,6637102,8,175.48,1036172,1449398,-1.3068181818181883,0
2023-07-28 11:07:44,173.7,6637530,378,175.48,1036397,1449412,-1.3068181818181883,0
2023-07-28 11:07:44,173.6,6639157,936,175.48,1036184,1449809,-1.3636363636363669,0
2023-07-28 11:07:46,173.7,6639309,52,175.48,1039343,1446131,-1.3068181818181883,0
2023-07-28 11:07:46,173.75,6639309,34,175.48,1039343,1446131,-1.2784090909090908,0
2023-07-28 11:07:46,173.75,6639354,34,175.48,1039555,1445847,-1.2784090909090908,0
2023-07-28 11:07:46,173.75,6639354,34,175.48,1038774,1445847,-1.2784090909090908,0
2023-07-28 11:07:46,173.75,6639354,34,175.48,1038774,1445847,-1.2784090909090908,0
2023-07-28 11:07:46,173.75,6639354,1,175.48,1038774,1445847,-1.2784090909090908,0
2023-07-28 11:07:50,173.75,6639356,1,175.48,1038774,1446168,-1.2784090909090908,0
2023-07-28 11:07:50,173.75,6639356,1,175.48,1038774,1446168,-1.2784090909090908,0
2023-07-28 11:07:51,173.75,6639357,1,175.48,1038874,1446167,-1.2784090909090908,0
2023-07-28 11:07:51,173.75,6639357,1,175.48,1038874,1446893,-1.2784090909090908,0
2023-07-28 11:07:51,173.75,6639357,15,175.48,1038874,1446893,-1.2784090909090908,0
2023-07-28 11:07:53,173.75,6639372,15,175.48,1038974,1446878,-1.2784090909090908,0
2023-07-28 11:07:53,173.75,6639372,15,175.48,1041443,1445870,-1.2784090909090908,0
2023-07-28 11:07:53,173.75,6639372,15,175.48,1041143,1445900,-1.2784090909090908,0
2023-07-28 11:07:53,173.75,6639372,15,175.48,1041388,1446193,-1.2784090909090908,0
2023-07-28 11:07:53,173.75,6639372,15,175.48,1041386,1446193,-1.2784090909090908,0
2023-07-28 11:07:59,173.7,6639387,15,175.48,1041080,1446575,-1.3068181818181883,0
2023-07-28 11:08:00,173.75,6639407,20,175.48,1041080,1446498,-1.2784090909090908,0
2023-07-28 11:08:01,173.8,6639507,60,175.48,1039995,1451058,-1.2499999999999936,0
2023-07-28 11:08:01,173.8,6639507,21,175.48,1039995,1451058,-1.2499999999999936,0
2023-07-28 11:08:02,173.8,6639593,15,175.48,1042653,1452049,-1.2499999999999936,0
2023-07-28 11:08:02,173.8,6639593,15,175.48,1042803,1452135,-1.2499999999999936,0
2023-07-28 11:08:02,173.8,6639593,5,175.48,1042803,1452135,-1.2499999999999936,0
2023-07-28 11:08:02,173.8,6639593,50,175.48,1042803,1452135,-1.2499999999999936,0
2023-07-28 11:08:04,173.8,6639648,50,175.48,1043667,1450989,-1.2499999999999936,0
2023-07-28 11:08:04,173.8,6639648,50,175.48,1052791,1449249,-1.2499999999999936,0
2023-07-28 11:08:12,173.8,6639649,1,175.48,1055468,1450103,-1.2499999999999936,0
2023-07-28 11:08:16,173.75,6641924,79,175.47,1049897,1454625,-1.2784090909090908,0
2023-07-28 11:08:16,173.7,6641924,871,175.47,1049897,1454625,-1.3068181818181883,0
2023-07-28 11:08:16,173.75,6641924,100,175.47,1049897,1454625,-1.2784090909090908,0
2023-07-28 11:08:19,173.75,6643396,100,175.47,1050899,1454594,-1.2784090909090908,0
2023-07-28 11:08:19,173.75,6643396,100,175.47,1050899,1454594,-1.2784090909090908,0
2023-07-28 11:08:19,173.75,6643396,100,175.47,1050899,1454594,-1.2784090909090908,0
2023-07-28 11:08:19,173.75,6643396,81,175.47,1050899,1454594,-1.2784090909090908,0
2023-07-28 11:08:24,173.75,6644477,81,175.47,1051189,1453717,-1.2784090909090908,0
2023-07-28 11:08:24,173.75,6644477,81,175.47,1051189,1453717,-1.2784090909090908,0
2023-07-28 11:08:24,173.75,6644477,10,175.47,1051189,1453717,-1.2784090909090908,0
2023-07-28 11:08:24,173.75,6644477,10,175.47,1051189,1453717,-1.2784090909090908,0
2023-07-28 11:08:24,173.7,6644477,1350,175.47,1051189,1453717,-1.3068181818181883,0
2023-07-28 11:08:24,173.7,6644477,1350,175.47,1051189,1453717,-1.3068181818181883,0
2023-07-28 11:08:24,173.7,6644477,300,175.47,1051189,1453717,-1.3068181818181883,0
2023-07-28 11:08:27,173.7,6646152,300,175.47,1050622,1443784,-1.3068181818181883,0
2023-07-28 11:08:27,173.75,6646152,21,175.47,1050622,1443784,-1.2784090909090908,0
2023-07-28 11:08:27,173.75,6646152,2,175.47,1050622,1443784,-1.2784090909090908,0
2023-07-28 11:08:30,173.75,6646175,2,175.47,1052464,1443761,-1.2784090909090908,0
2023-07-28 11:08:30,173.65,6646175,231,175.47,1052464,1443761,-1.3352272727272696,0
2023-07-28 11:08:30,173.7,6646175,100,175.47,1052464,1443761,-1.3068181818181883,0
2023-07-28 11:08:37,173.7,6649590,1,175.47,1049230,1446375,-1.3068181818181883,0
2023-07-28 11:08:37,173.75,6649590,30,175.47,1049230,1446375,-1.2784090909090908,0
2023-07-28 11:08:37,173.75,6649590,1,175.47,1049230,1446375,-1.2784090909090908,0
2023-07-28 11:08:39,173.75,6650822,1,175.47,1059586,1437257,-1.2784090909090908,0
2023-07-28 11:08:39,173.8,6650822,14,175.47,1059586,1437257,-1.2499999999999936,0
2023-07-28 11:08:44,173.8,6650917,14,175.47,1062065,1436772,-1.2499999999999936,0
2023-07-28 11:08:44,173.8,6650917,100,175.47,1062065,1436772,-1.2499999999999936,0
2023-07-28 11:08:44,173.75,6650917,1,175.47,1062065,1436772,-1.2784090909090908,0
2023-07-28 11:08:48,173.75,6651018,1,175.47,1061178,1437153,-1.2784090909090908,0
2023-07-28 11:08:48,173.8,6651018,2,175.47,1061178,1437153,-1.2499999999999936,0
2023-07-28 11:08:48,173.8,6651018,200,175.47,1061178,1437153,-1.2499999999999936,0
2023-07-28 11:08:53,173.8,6651420,200,175.47,1062530,1437818,-1.2499999999999936,0
2023-07-28 11:08:53,173.75,6651420,249,175.47,1062530,1437818,-1.2784090909090908,0
2023-07-28 11:08:56,173.75,6651722,2,175.47,1060992,1436999,-1.2784090909090908,0
2023-07-28 11:08:56,173.75,6651722,1,175.47,1060992,1436999,-1.2784090909090908,0
2023-07-28 11:08:56,173.75,6651722,6,175.47,1060992,1436999,-1.2784090909090908,0
2023-07-28 11:08:56,173.75,6651722,1,175.47,1060992,1436999,-1.2784090909090908,0
2023-07-28 11:09:00,173.75,6651775,1,175.47,1062022,1436273,-1.2784090909090908,0
2023-07-28 11:09:00,173.75,6651775,1,175.47,1063612,1436664,-1.2784090909090908,0
2023-07-28 11:09:00,173.8,6651775,100,175.47,1063612,1436664,-1.2499999999999936,0
2023-07-28 11:09:00,173.75,6651775,1,175.47,1063612,1436664,-1.2784090909090908,0
2023-07-28 11:09:00,173.75,6651775,1,175.47,1063612,1436664,-1.2784090909090908,0
2023-07-28 11:09:08,173.75,6652472,1,175.47,1061298,1436881,-1.2784090909090908,0
2023-07-28 11:09:08,173.75,6652472,1,175.47,1061298,1436881,-1.2784090909090908,0
2023-07-28 11:09:08,173.75,6652472,1,175.47,1061298,1436881,-1.2784090909090908,0
2023-07-28 11:09:08,173.75,6652472,1,175.47,1061298,1436881,-1.2784090909090908,0
2023-07-28 11:09:11,173.75,6652477,1,175.47,1061703,1436881,-1.2784090909090908,0
2023-07-28 11:09:11,173.8,6652477,12,175.47,1061703,1436881,-1.2499999999999936,0
2023-07-28 11:09:11,173.75,6652477,1,175.47,1061703,1436881,-1.2784090909090908,0
2023-07-28 11:09:17,173.75,6652490,1,175.47,1058207,1440355,-1.2784090909090908,0
2023-07-28 11:09:17,173.75,6652490,1,175.47,1058207,1440355,-1.2784090909090908,0
2023-07-28 11:09:17,173.75,6652490,1,175.47,1058207,1440355,-1.2784090909090908,0
2023-07-28 11:09:21,173.75,6652528,1,175.47,1059595,1439646,-1.2784090909090908,0
2023-07-28 11:09:21,173.75,6652528,1,175.47,1059595,1439646,-1.2784090909090908,0
2023-07-28 11:09:21,173.75,6652528,1,175.47,1059595,1439646,-1.2784090909090908,0
2023-07-28 11:09:21,173.5,6652528,37,175.47,1059595,1439646,-1.4204545454545454,0
2023-07-28 11:09:21,173.6,6652528,100,175.47,1059595,1439646,-1.3636363636363669,0
2023-07-28 11:09:21,173.55,6652528,1,175.47,1059595,1439646,-1.3920454545454481,0
2023-07-28 11:09:21,173.55,6652528,1,175.47,1059595,1439646,-1.3920454545454481,0
2023-07-28 11:09:28,173.55,6713070,1,175.45,1032344,1452238,-1.3920454545454481,0
2023-07-28 11:09:28,173.6,6713070,150,175.45,1032344,1452238,-1.3636363636363669,0
2023-07-28 11:09:31,173.65,6713480,138,175.45,1030504,1454130,-1.3352272727272696,0
2023-07-28 11:09:31,173.6,6713480,50,175.45,1030504,1454130,-1.3636363636363669,0
2023-07-28 11:09:37,173.65,6714141,1,175.45,1031740,1453876,-1.3352272727272696,0
2023-07-28 11:09:37,173.65,6714141,39,175.45,1031740,1453876,-1.3352272727272696,0
2023-07-28 11:09:37,173.65,6714141,193,175.45,1031740,1453876,-1.3352272727272696,0
2023-07-28 11:09:37,173.65,6714141,1600,175.45,1031740,1453876,-1.3352272727272696,0
2023-07-28 11:09:42,173.65,6716084,100,175.45,1032715,1448118,-1.3352272727272696,0
2023-07-28 11:09:42,173.7,6716084,93,175.45,1032715,1448118,-1.3068181818181883,0
2023-07-28 11:09:42,173.65,6716084,200,175.45,1032715,1448118,-1.3352272727272696,0
2023-07-28 11:09:44,173.65,6717867,200,175.45,1032722,1450759,-1.3352272727272696,0
2023-07-28 11:09:44,173.65,6717867,50,175.45,1032722,1450759,-1.3352272727272696,0
2023-07-28 11:09:44,173.7,6717867,193,175.45,1032722,1450759,-1.3068181818181883,0
2023-07-28 11:09:49,173.7,6718149,6,175.45,1035738,1453235,-1.3068181818181883,0
2023-07-28 11:09:49,173.7,6718149,229,175.45,1035738,1453235,-1.3068181818181883,0
2023-07-28 11:09:49,173.7,6718149,74,175.45,1035738,1453235,-1.3068181818181883,0
2023-07-28 11:09:49,173.7,6718149,1,175.45,1035738,1453235,-1.3068181818181883,0
2023-07-28 11:09:53,173.7,6718586,1,175.45,1037791,1449827,-1.3068181818181883,0
2023-07-28 11:09:53,173.7,6718586,200,175.45,1037791,1449827,-1.3068181818181883,0
2023-07-28 11:09:53,173.7,6718586,14,175.45,1037791,1449827,-1.3068181818181883,0
2023-07-28 11:09:57,173.7,6718800,14,175.45,1038573,1441633,-1.3068181818181883,0
2023-07-28 11:09:57,173.7,6718800,80,175.45,1038573,1441633,-1.3068181818181883,0
2023-07-28 11:10:02,173.7,6718880,80,175.45,1040685,1445554,-1.3068181818181883,0
2023-07-28 11:10:02,173.55,6718880,116,175.45,1040685,1445554,-1.3920454545454481,0
2023-07-28 11:10:02,173.55,6718880,45,175.45,1040685,1445554,-1.3920454545454481,0
2023-07-28 11:10:02,173.55,6718880,2000,175.45,1040685,1445554,-1.3920454545454481,0
2023-07-28 11:10:08,173.55,6732785,2000,175.45,1026360,1463830,-1.3920454545454481,0
2023-07-28 11:10:08,173.5,6732785,909,175.45,1026360,1463830,-1.4204545454545454,0
2023-07-28 11:10:08,173.55,6732785,218,175.45,1026360,1463830,-1.3920454545454481,0
2023-07-28 11:10:11,173.55,6734242,200,175.45,1027344,1463940,-1.3920454545454481,0
2023-07-28 11:10:11,173.55,6734242,100,175.45,1027344,1463940,-1.3920454545454481,0
2023-07-28 11:10:17,173.55,6734572,30,175.45,1021915,1462415,-1.3920454545454481,0
2023-07-28 11:10:17,173.55,6734572,100,175.45,1021915,1462415,-1.3920454545454481,0
2023-07-28 11:10:17,173.5,6734572,55,175.45,1021915,1462415,-1.4204545454545454,0
2023-07-28 11:10:17,173.55,6734572,1000,175.45,1021915,1462415,-1.3920454545454481,0
2023-07-28 11:10:17,173.55,6734572,20,175.45,1021915,1462415,-1.3920454545454481,0
2023-07-28 11:10:17,173.55,6734572,1,175.45,1021915,1462415,-1.3920454545454481,0
2023-07-28 11:10:17,173.5,6734572,1,175.45,1021915,1462415,-1.4204545454545454,0
2023-07-28 11:10:17,173.55,6734572,125,175.45,1021915,1462415,-1.3920454545454481,0
2023-07-28 11:10:26,173.55,6739319,100,175.45,1026885,1456939,-1.3920454545454481,0
2023-07-28 11:10:26,173.5,6739319,383,175.45,1026885,1456939,-1.4204545454545454,0
2023-07-28 11:10:26,173.5,6740825,383,175.45,1024075,1455355,-1.4204545454545454,0
2023-07-28 11:10:26,173.55,6740825,150,175.45,1024075,1455355,-1.3920454545454481,0
2023-07-28 11:10:26,173.55,6740825,10,175.45,1024075,1455355,-1.3920454545454481,0
2023-07-28 11:10:33,173.6,6744594,20,175.45,1028831,1446705,-1.3636363636363669,0
2023-07-28 11:10:33,173.65,6744594,10,175.45,1028831,1446705,-1.3352272727272696,0
2023-07-28 11:10:35,173.65,6744604,10,175.45,1028506,1446992,-1.3352272727272696,0
2023-07-28 11:10:35,173.55,6744604,203,175.45,1028506,1446992,-1.3920454545454481,0
2023-07-28 11:10:40,173.55,6746804,203,175.45,1029711,1459726,-1.3920454545454481,0
2023-07-28 11:10:40,173.6,6746804,1,175.45,1029711,1459726,-1.3636363636363669,0
2023-07-28 11:10:42,173.6,6746805,1,175.45,1027400,1464013,-1.3636363636363669,0
2023-07-28 11:10:42,173.6,6746805,1,175.45,1028866,1463814,-1.3636363636363669,0
2023-07-28 11:10:42,173.6,6746805,1,175.45,1028348,1463814,-1.3636363636363669,0
2023-07-28 11:10:42,173.6,6746805,15,175.45,1028348,1463814,-1.3636363636363669,0
2023-07-28 11:10:58,173.6,6750550,990,175.44,1036996,1457729,-1.3636363636363669,0
2023-07-28 11:10:58,173.65,6750550,75,175.44,1036996,1457729,-1.3352272727272696,0
2023-07-28 11:10:58,173.6,6750550,83,175.44,1036996,1457729,-1.3636363636363669,0
2023-07-28 11:10:58,173.65,6750550,25,175.44,1036996,1457729,-1.3352272727272696,0
2023-07-28 11:10:58,173.7,6750550,10,175.44,1036996,1457729,-1.3068181818181883,0
2023-07-28 11:11:06,173.6,6751839,11,175.44,1034387,1449955,-1.3636363636363669,0
2023-07-28 11:11:06,173.6,6751839,11,175.44,1035990,1453703,-1.3636363636363669,0
2023-07-28 11:11:06,173.7,6751839,50,175.44,1035990,1453703,-1.3068181818181883,0
2023-07-28 11:11:06,173.65,6751839,135,175.44,1035990,1453703,-1.3352272727272696,0
2023-07-28 11:11:06,173.65,6751839,1,175.44,1035990,1453703,-1.3352272727272696,0
2023-07-28 11:11:14,173.65,6752025,1,175.44,1035969,1453653,-1.3352272727272696,0
2023-07-28 11:11:14,173.65,6752025,500,175.44,1035969,1453653,-1.3352272727272696,0
2023-07-28 11:11:18,173.7,6753525,473,175.44,1039358,1450056,-1.3068181818181883,0
2023-07-28 11:11:18,173.7,6753525,10,175.44,1039358,1450056,-1.3068181818181883,0
2023-07-28 11:11:18,173.7,6753525,100,175.44,1039358,1450056,-1.3068181818181883,0
2023-07-28 11:11:18,173.7,6753525,293,175.44,1039358,1450056,-1.3068181818181883,0
2023-07-28 11:11:22,173.7,6753928,293,175.44,1041550,1450034,-1.3068181818181883,0
2023-07-28 11:11:22,173.65,6753928,85,175.44,1041550,1450034,-1.3352272727272696,0
2023-07-28 11:11:22,173.65,6753928,85,175.44,1041550,1450034,-1.3352272727272696,0
2023-07-28 11:11:22,173.65,6753928,85,175.44,1041550,1450034,-1.3352272727272696,0
2023-07-28 11:11:22,173.65,6753928,85,175.44,1041550,1450034,-1.3352272727272696,0
2023-07-28 11:11:22,173.65,6753928,85,175.44,1041550,1450034,-1.3352272727272696,0
2023-07-28 11:11:24,173.65,6754928,85,175.44,1041752,1450034,-1.3352272727272696,0
2023-07-28 11:11:24,173.65,6754928,85,175.44,1041752,1450034,-1.3352272727272696,0
2023-07-28 11:11:24,173.65,6754928,85,175.44,1041752,1450034,-1.3352272727272696,0
2023-07-28 11:11:24,173.75,6754928,6,175.44,1041752,1450034,-1.2784090909090908,0
2023-07-28 11:11:30,173.65,6757785,1222,175.44,1045784,1449585,-1.3352272727272696,0
2023-07-28 11:11:30,173.8,6757785,182,175.44,1045784,1449585,-1.2499999999999936,0
2023-07-28 11:11:35,173.8,6762553,182,175.44,1041389,1450628,-1.2499999999999936,0
2023-07-28 11:11:35,173.75,6762553,100,175.44,1041389,1450628,-1.2784090909090908,0
2023-07-28 11:11:39,173.75,6762703,50,175.44,1040466,1451832,-1.2784090909090908,0
2023-07-28 11:11:39,173.75,6762703,24,175.44,1040466,1451832,-1.2784090909090908,0
2023-07-28 11:11:41,173.75,6762727,24,175.44,1038615,1453353,-1.2784090909090908,0
2023-07-28 11:11:41,173.65,6762727,890,175.44,1038615,1453353,-1.3352272727272696,0
2023-07-28 11:11:41,173.75,6762727,74,175.44,1038615,1453353,-1.2784090909090908,0
2023-07-28 11:11:41,173.75,6762727,100,175.44,1038615,1453353,-1.2784090909090908,0
2023-07-28 11:11:41,173.65,6762727,100,175.44,1038615,1453353,-1.3352272727272696,0
2023-07-28 11:11:48,173.65,6764227,100,175.44,1038112,1453011,-1.3352272727272696,0
2023-07-28 11:11:48,173.75,6764227,3,175.44,1038112,1453011,-1.2784090909090908,0
2023-07-28 11:11:48,173.75,6764227,126,175.44,1038112,1453011,-1.2784090909090908,0
2023-07-28 11:11:51,173.75,6764475,126,175.44,1037874,1457176,-1.2784090909090908,0
2023-07-28 11:11:51,173.75,6764475,40,175.44,1037874,1457176,-1.2784090909090908,0
2023-07-28 11:11:57,173.65,6769516,5000,175.44,1032257,1457685,-1.3352272727272696,0
2023-07-28 11:11:57,173.7,6769516,6,175.44,1032257,1457685,-1.3068181818181883,0
2023-07-28 11:12:01,173.7,6769522,6,175.44,1033113,1459379,-1.3068181818181883,0
2023-07-28 11:12:01,173.7,6769522,8,175.44,1033113,1459379,-1.3068181818181883,0
2023-07-28 11:12:02,173.7,6769530,8,175.44,1035337,1459572,-1.3068181818181883,0
2023-07-28 11:12:02,173.7,6769530,100,175.44,1035337,1459572,-1.3068181818181883,0
2023-07-28 11:12:07,173.7,6769630,100,175.44,1031815,1459493,-1.3068181818181883,0
2023-07-28 11:12:07,173.7,6769630,1,175.44,1031815,1459493,-1.3068181818181883,0
2023-07-28 11:12:13,173.7,6769641,1,175.44,1035984,1458016,-1.3068181818181883,0
2023-07-28 11:12:13,173.7,6769641,1,175.44,1038367,1459167,-1.3068181818181883,0
2023-07-28 11:12:13,173.75,6769641,250,175.44,1038367,1459167,-1.2784090909090908,0
2023-07-28 11:12:21,173.75,6769891,250,175.44,1046678,1457256,-1.2784090909090908,0
2023-07-28 11:12:21,173.75,6769891,75,175.44,1046678,1457256,-1.2784090909090908,0
2023-07-28 11:12:21,173.7,6769891,50,175.44,1046678,1457256,-1.3068181818181883,0
2023-07-28 11:12:24,173.7,6770129,50,175.44,1047075,1458078,-1.3068181818181883,0
2023-07-28 11:12:24,173.75,6770129,500,175.44,1047075,1458078,-1.2784090909090908,0
2023-07-28 11:12:29,173.75,6770829,500,175.44,1048119,1456572,-1.2784090909090908,0
2023-07-28 11:12:29,173.75,6770829,500,175.44,1048119,1456572,-1.2784090909090908,0
2023-07-28 11:12:29,173.75,6770829,50,175.44,1048119,1456572,-1.2784090909090908,0
2023-07-28 11:12:33,173.75,6771379,50,175.44,1048028,1456851,-1.2784090909090908,0
2023-07-28 11:12:33,173.75,6771379,68,175.44,1048028,1456851,-1.2784090909090908,0
2023-07-28 11:12:33,173.75,6771379,200,175.44,1048028,1456851,-1.2784090909090908,0
2023-07-28 11:12:39,173.75,6773459,100,175.44,1051330,1449202,-1.2784090909090908,0
2023-07-28 11:12:39,173.8,6773459,2,175.44,1051330,1449202,-1.2499999999999936,0
2023-07-28 11:12:39,173.8,6773459,20,175.44,1051330,1449202,-1.2499999999999936,0
2023-07-28 11:12:40,173.8,6773555,20,175.44,1052676,1449853,-1.2499999999999936,0
2023-07-28 11:12:40,173.8,6773555,419,175.44,1052676,1449853,-1.2499999999999936,0
2023-07-28 11:12:40,173.8,6773555,500,175.44,1052676,1449853,-1.2499999999999936,0
2023-07-28 11:12:46,173.8,6774528,500,175.44,1052562,1448801,-1.2499999999999936,0
2023-07-28 11:12:46,173.8,6774528,2,175.44,1052562,1448801,-1.2499999999999936,0
2023-07-28 11:12:53,173.75,6774560,30,175.44,1052785,1448948,-1.2784090909090908,0
2023-07-28 11:12:53,173.8,6774560,129,175.44,1052785,1448948,-1.2499999999999936,0
2023-07-28 11:12:57,173.8,6774745,6,175.44,1053389,1449566,-1.2499999999999936,0
2023-07-28 11:12:57,173.85,6774745,10,175.44,1053389,1449566,-1.2215909090909123,0
2023-07-28 11:12:57,173.8,6774745,1,175.44,1053389,1449566,-1.2499999999999936,0
2023-07-28 11:12:59,173.8,6774756,1,175.44,1055461,1450609,-1.2499999999999936,0
2023-07-28 11:12:59,173.65,6774756,300,175.44,1055461,1450609,-1.3352272727272696,0
2023-07-28 11:12:59,173.65,6774756,7,175.44,1055461,1450609,-1.3352272727272696,0
2023-07-28 11:13:04,173.7,6788049,100,175.43,1035575,1457887,-1.3068181818181883,0
2023-07-28 11:13:04,173.75,6788049,50,175.43,1035575,1457887,-1.2784090909090908,0
2023-07-28 11:13:04,173.75,6788049,50,175.43,1035575,1457887,-1.2784090909090908,0
2023-07-28 11:13:04,173.75,6788049,20,175.43,1035575,1457887,-1.2784090909090908,0
2023-07-28 11:13:04,173.7,6788049,215,175.43,1035575,1457887,-1.3068181818181883,0
2023-07-28 11:13:13,173.7,6788534,215,175.43,1035667,1455908,-1.3068181818181883,0
2023-07-28 11:13:13,173.7,6788534,605,175.43,1035667,1455908,-1.3068181818181883,0
2023-07-28 11:13:13,173.7,6788534,400,175.43,1035667,1455908,-1.3068181818181883,0
2023-07-28 11:13:17,173.7,6789977,400,175.43,1037696,1453510,-1.3068181818181883,0
2023-07-28 11:13:17,173.7,6789977,1000,175.43,1037696,1453510,-1.3068181818181883,0
2023-07-28 11:13:17,173.7,6789977,35,175.43,1037696,1453510,-1.3068181818181883,0
2023-07-28 11:13:17,173.75,6789977,1,175.43,1037696,1453510,-1.2784090909090908,0
2023-07-28 11:13:20,173.8,6792668,254,175.43,1045564,1449650,-1.2499999999999936,0
2023-07-28 11:13:20,173.8,6792668,5,175.43,1045564,1449650,-1.2499999999999936,0
2023-07-28 11:13:24,173.8,6793673,5,175.43,1040991,1458582,-1.2499999999999936,0
2023-07-28 11:13:24,173.8,6793673,5,175.43,1043209,1458803,-1.2499999999999936,0
2023-07-28 11:13:24,173.8,6793673,2,175.43,1043209,1458803,-1.2499999999999936,0
2023-07-28 11:13:33,173.8,6793773,2,175.43,1047527,1456109,-1.2499999999999936,0
2023-07-28 11:13:33,173.8,6793773,26,175.43,1047527,1456109,-1.2499999999999936,0
2023-07-28 11:13:35,173.8,6793799,26,175.43,1049593,1455570,-1.2499999999999936,0
2023-07-28 11:13:35,173.8,6793799,26,175.43,1047557,1458800,-1.2499999999999936,0
2023-07-28 11:13:35,173.7,6793799,20,175.43,1047557,1458800,-1.3068181818181883,0
2023-07-28 11:13:44,173.7,6793819,20,175.43,1048348,1459068,-1.3068181818181883,0
2023-07-28 11:13:44,173.7,6793819,698,175.43,1048348,1459068,-1.3068181818181883,0
2023-07-28 11:13:44,173.7,6793819,120,175.43,1048348,1459068,-1.3068181818181883,0
2023-07-28 11:13:49,173.7,6794822,120,175.43,1046962,1459052,-1.3068181818181883,0
2023-07-28 11:13:49,173.7,6794822,120,175.43,1046962,1459052,-1.3068181818181883,0
2023-07-28 11:13:49,173.75,6794822,20,175.43,1046962,1459052,-1.2784090909090908,0
2023-07-28 11:13:54,173.75,6795082,20,175.43,1048664,1459517,-1.2784090909090908,0
2023-07-28 11:13:54,173.7,6795082,200,175.43,1048664,1459517,-1.3068181818181883,0
2023-07-28 11:13:54,173.75,6795082,2,175.43,1048664,1459517,-1.2784090909090908,0
2023-07-28 11:13:57,173.75,6795284,4,175.43,1048091,1459667,-1.2784090909090908,0
2023-07-28 11:13:57,173.7,6795284,55,175.43,1048091,1459667,-1.3068181818181883,0
2023-07-28 11:14:01,173.7,6795343,55,175.43,1044408,1463825,-1.3068181818181883,0
2023-07-28 11:14:01,173.75,6795343,589,175.43,1044408,1463825,-1.2784090909090908,0
2023-07-28 11:14:01,173.75,6795343,64,175.43,1044408,1463825,-1.2784090909090908,0
2023-07-28 11:14:01,173.65,6795343,200,175.43,1044408,1463825,-1.3352272727272696,0
2023-07-28 11:14:01,173.75,6795343,101,175.43,1044408,1463825,-1.2784090909090908,0
2023-07-28 11:14:01,173.75,6795343,13,175.43,1044408,1463825,-1.2784090909090908,0
2023-07-28 11:14:01,173.75,6795343,5,175.43,1044408,1463825,-1.2784090909090908,0
2023-07-28 11:14:01,173.65,6795343,1,175.43,1044408,1463825,-1.3352272727272696,0
2023-07-28 11:14:10,173.65,6798566,1,175.43,1047643,1459016,-1.3352272727272696,0
2023-07-28 11:14:10,173.75,6798566,2,175.43,1047643,1459016,-1.2784090909090908,0
2023-07-28 11:14:10,173.75,6798566,30,175.43,1047643,1459016,-1.2784090909090908,0
2023-07-28 11:14:10,173.75,6798566,193,175.43,1047643,1459016,-1.2784090909090908,0
2023-07-28 11:14:15,173.75,6800211,91,175.43,1056739,1457501,-1.2784090909090908,0
2023-07-28 11:14:15,173.8,6800211,59,175.43,1056739,1457501,-1.2499999999999936,0
2023-07-28 11:14:15,173.8,6800211,50,175.43,1056739,1457501,-1.2499999999999936,0
2023-07-28 11:14:18,173.8,6800320,50,175.43,1057055,1457853,-1.2499999999999936,0
2023-07-28 11:14:18,173.75,6800320,6,175.43,1057055,1457853,-1.2784090909090908,0
2023-07-28 11:14:18,173.75,6800320,6,175.43,1057055,1457853,-1.2784090909090908,0
2023-07-28 11:14:22,173.75,6800326,6,175.43,1054782,1460903,-1.2784090909090908,0
2023-07-28 11:14:22,173.7,6800326,39,175.43,1054782,1460903,-1.3068181818181883,0
2023-07-28 11:14:22,173.7,6800326,39,175.43,1054782,1460903,-1.3068181818181883,0
2023-07-28 11:14:22,173.7,6800326,21,175.43,1054782,1460903,-1.3068181818181883,0
2023-07-28 11:14:22,173.75,6800326,3,175.43,1054782,1460903,-1.2784090909090908,0
2023-07-28 11:14:22,173.75,6800326,10,175.43,1054782,1460903,-1.2784090909090908,0
2023-07-28 11:14:22,173.75,6800326,10,175.43,1054782,1460903,-1.2784090909090908,0
2023-07-28 11:14:27,173.75,6800399,10,175.43,1059766,1459854,-1.2784090909090908,0
2023-07-28 11:14:32,173.75,6800400,1,175.43,1057611,1461491,-1.2784090909090908,0
2023-07-28 11:14:32,173.75,6800400,2,175.43,1057611,1461491,-1.2784090909090908,0
2023-07-28 11:14:34,173.75,6800402,1,175.43,1056597,1461619,-1.2784090909090908,0
2023-07-28 11:14:34,173.75,6800402,2023,175.43,1056597,1461619,-1.2784090909090908,0
2023-07-28 11:14:39,173.75,6804403,2023,175.43,1048798,1458102,-1.2784090909090908,0
2023-07-28 11:14:39,173.75,6804403,2023,175.43,1049228,1458252,-1.2784090909090908,0
2023-07-28 11:14:39,173.7,6804403,240,175.43,1049228,1458252,-1.3068181818181883,0
2023-07-28 11:14:39,173.7,6804403,80,175.43,1049228,1458252,-1.3068181818181883,0
2023-07-28 11:14:48,173.7,6806922,709,175.43,1050697,1462737,-1.3068181818181883,0
2023-07-28 11:14:48,173.65,6806922,65,175.43,1050697,1462737,-1.3352272727272696,0
2023-07-28 11:14:48,173.7,6806922,5,175.43,1050697,1462737,-1.3068181818181883,0
2023-07-28 11:14:48,173.7,6806922,95,175.43,1050697,1462737,-1.3068181818181883,0
2023-07-28 11:14:51,173.7,6807168,95,175.43,1048572,1464393,-1.3068181818181883,0
2023-07-28 11:14:51,173.65,6807168,100,175.43,1048572,1464393,-1.3352272727272696,0
2023-07-28 11:14:54,173.65,6807268,100,175.43,1047792,1466053,-1.3352272727272696,0
2023-07-28 11:14:54,173.65,6807268,291,175.43,1047792,1466053,-1.3352272727272696,0
2023-07-28 11:14:57,173.65,6811605,291,175.43,1038837,1469029,-1.3352272727272696,0
2023-07-28 11:14:57,173.7,6811605,500,175.43,1038837,1469029,-1.3068181818181883,0
2023-07-28 11:15:03,173.7,6812780,500,175.43,1046269,1461361,-1.3068181818181883,0
2023-07-28 11:15:03,173.65,6812780,637,175.43,1046269,1461361,-1.3352272727272696,0
2023-07-28 11:15:09,173.7,6813932,15,175.43,1040305,1465635,-1.3068181818181883,0
2023-07-28 11:15:09,173.7,6813932,15,175.43,1040305,1465635,-1.3068181818181883,0
2023-07-28 11:15:09,173.6,6813932,50,175.43,1040305,1465635,-1.3636363636363669,0
2023-07-28 11:15:11,173.6,6813998,50,175.43,1039860,1466752,-1.3636363636363669,0
2023-07-28 11:15:11,173.65,6813998,60,175.43,1039860,1466752,-1.3352272727272696,0
2023-07-28 11:15:11,173.7,6813998,25,175.43,1039860,1466752,-1.3068181818181883,0
2023-07-28 11:15:15,173.7,6814083,50,175.43,1040820,1465324,-1.3068181818181883,0
2023-07-28 11:15:15,173.6,6814083,91,175.43,1040820,1465324,-1.3636363636363669,0
2023-07-28 11:15:15,173.7,6814083,1,175.43,1040820,1465324,-1.3068181818181883,0
2023-07-28 11:15:20,173.7,6814334,1,175.43,1039568,1466497,-1.3068181818181883,0
2023-07-28 11:15:20,173.7,6814334,5,175.43,1039568,1466497,-1.3068181818181883,0
2023-07-28 11:15:20,173.7,6814334,200,175.43,1039568,1466497,-1.3068181818181883,0
2023-07-28 11:15:20,173.7,6814334,6,175.43,1039568,1466497,-1.3068181818181883,0
2023-07-28 11:15:24,173.7,6814575,6,175.43,1040664,1466182,-1.3068181818181883,0
2023-07-28 11:15:24,173.7,6814575,6,175.43,1047035,1463786,-1.3068181818181883,0
2023-07-28 11:15:24,173.7,6814575,5,175.43,1047035,1463786,-1.3068181818181883,0
2023-07-28 11:15:24,173.7,6814575,1,175.43,1047035,1463786,-1.3068181818181883,0
2023-07-28 11:15:32,173.7,6814581,1,175.43,1046304,1464127,-1.3068181818181883,0
2023-07-28 11:15:32,173.7,6814581,50,175.43,1046304,1464127,-1.3068181818181883,0
2023-07-28 11:15:32,173.65,6814581,6,175.43,1046304,1464127,-1.3352272727272696,0
2023-07-28 11:15:32,173.55,6814581,464,175.43,1046304,1464127,-1.3920454545454481,0
2023-07-28 11:15:37,173.65,6820635,50,175.43,1025011,1466683,-1.3352272727272696,0
2023-07-28 11:15:37,173.65,6820635,29,175.43,1025011,1466683,-1.3352272727272696,0
2023-07-28 11:15:37,173.65,6820635,77,175.43,1025011,1466683,-1.3352272727272696,0
2023-07-28 11:15:41,173.65,6821527,77,175.43,1029297,1463259,-1.3352272727272696,0
2023-07-28 11:15:41,173.65,6821527,55,175.43,1029297,1463259,-1.3352272727272696,0
2023-07-28 11:15:44,173.65,6821595,55,175.43,1028754,1463246,-1.3352272727272696,0
2023-07-28 11:15:44,173.7,6821595,17,175.43,1028754,1463246,-1.3068181818181883,0
2023-07-28 11:15:44,173.6,6821595,100,175.43,1028754,1463246,-1.3636363636363669,0
2023-07-28 11:15:52,173.6,6821712,100,175.43,1030855,1463620,-1.3636363636363669,0
2023-07-28 11:15:52,173.7,6821712,200,175.43,1030855,1463620,-1.3068181818181883,0
2023-07-28 11:15:52,173.7,6821712,150,175.43,1030855,1463620,-1.3068181818181883,0
2023-07-28 11:15:57,173.7,6822066,150,175.43,1032255,1464064,-1.3068181818181883,0
2023-07-28 11:15:57,173.75,6822066,45,175.43,1032255,1464064,-1.2784090909090908,0
2023-07-28 11:16:01,173.75,6823566,45,175.43,1037996,1462808,-1.2784090909090908,0
2023-07-28 11:16:01,173.6,6823566,2,175.43,1037996,1462808,-1.3636363636363669,0
2023-07-28 11:16:01,173.7,6823566,2,175.43,1037996,1462808,-1.3068181818181883,0
2023-07-28 11:16:01,173.7,6823566,20,175.43,1037996,1462808,-1.3068181818181883,0
2023-07-28 11:16:14,173.7,6823590,20,175.43,1037971,1463083,-1.3068181818181883,0
2023-07-28 11:16:14,173.7,6823590,20,175.43,1037978,1463135,-1.3068181818181883,0
2023-07-28 11:16:14,173.7,6823590,42,175.43,1037978,1463135,-1.3068181818181883,0
2023-07-28 11:16:14,173.7,6823590,14,175.43,1037978,1463135,-1.3068181818181883,0
2023-07-28 11:16:23,173.7,6823782,50,175.43,1037922,1467099,-1.3068181818181883,0
2023-07-28 11:16:23,173.7,6823782,50,175.43,1037987,1467897,-1.3068181818181883,0
2023-07-28 11:16:23,173.7,6823782,150,175.43,1037987,1467897,-1.3068181818181883,0
2023-07-28 11:16:23,173.75,6823782,8,175.43,1037987,1467897,-1.2784090909090908,0
2023-07-28 11:16:23,173.75,6823782,17,175.43,1037987,1467897,-1.2784090909090908,0
2023-07-28 11:16:33,173.75,6824481,17,175.43,1042487,1462713,-1.2784090909090908,0
2023-07-28 11:16:33,173.7,6824481,3,175.43,1042487,1462713,-1.3068181818181883,0
2023-07-28 11:16:33,173.75,6824481,45,175.43,1042487,1462713,-1.2784090909090908,0
2023-07-28 11:16:38,173.75,6824531,45,175.43,1042728,1462451,-1.2784090909090908,0
2023-07-28 11:16:38,173.7,6824531,186,175.43,1043977,1462448,-1.3068181818181883,0
2023-07-28 11:16:38,173.75,6824531,1,175.43,1043977,1462448,-1.2784090909090908,0
2023-07-28 11:16:44,173.75,6826210,1,175.42,1043193,1462565,-1.2784090909090908,0
2023-07-28 11:16:44,173.75,6826210,1,175.42,1043302,1462565,-1.2784090909090908,0
2023-07-28 11:16:44,173.75,6826210,35,175.42,1043302,1462565,-1.2784090909090908,0
2023-07-28 11:16:44,173.75,6826210,2,175.42,1043302,1462565,-1.2784090909090908,0
2023-07-28 11:16:53,173.75,6826247,2,175.42,1043300,1462628,-1.2784090909090908,0
2023-07-28 11:16:53,173.7,6826247,51,175.42,1043300,1462628,-1.3068181818181883,0
2023-07-28 11:16:53,173.75,6826247,8,175.42,1043300,1462628,-1.2784090909090908,0
2023-07-28 11:16:57,173.75,6826714,8,175.42,1042474,1462826,-1.2784090909090908,0
2023-07-28 11:16:57,173.75,6826714,10,175.42,1042379,1464276,-1.2784090909090908,0
2023-07-28 11:16:57,173.8,6826714,340,175.42,1042379,1464276,-1.2499999999999936,0
2023-07-28 11:17:05,173.8,6831724,340,175.42,1040806,1460442,-1.2499999999999936,0
2023-07-28 11:17:05,173.8,6831724,70,175.42,1040806,1460442,-1.2499999999999936,0
2023-07-28 11:17:05,173.8,6831724,102,175.42,1040806,1460442,-1.2499999999999936,0
2023-07-28 11:17:11,173.75,6831998,100,175.42,1038396,1461992,-1.2784090909090908,0
2023-07-28 11:17:11,173.75,6831998,50,175.42,1038396,1461992,-1.2784090909090908,0
2023-07-28 11:17:16,173.75,6832548,314,175.42,1041926,1461820,-1.2784090909090908,0
2023-07-28 11:17:16,173.65,6832548,762,175.42,1041926,1461820,-1.3352272727272696,0
2023-07-28 11:17:16,173.65,6832548,5,175.42,1041926,1461820,-1.3352272727272696,0
2023-07-28 11:17:19,173.65,6835391,5,175.42,1022833,1477251,-1.3352272727272696,0
2023-07-28 11:17:19,173.65,6835391,37,175.42,1022833,1477251,-1.3352272727272696,0
2023-07-28 11:17:19,173.6,6835391,40,175.42,1022833,1477251,-1.3636363636363669,0
2023-07-28 11:17:19,173.65,6835391,10,175.42,1022833,1477251,-1.3352272727272696,0
2023-07-28 11:17:19,173.65,6835391,10,175.42,1022833,1477251,-1.3352272727272696,0
2023-07-28 11:17:24,173.65,6837390,10,175.42,1022210,1481197,-1.3352272727272696,0
2023-07-28 11:17:24,173.65,6837390,10,175.42,1022210,1481197,-1.3352272727272696,0
2023-07-28 11:17:24,173.65,6837390,1,175.42,1022210,1481197,-1.3352272727272696,0
2023-07-28 11:17:24,173.65,6837390,1,175.42,1022210,1481197,-1.3352272727272696,0
2023-07-28 11:17:24,173.65,6837390,1,175.42,1022210,1481197,-1.3352272727272696,0
2023-07-28 11:17:24,173.65,6837390,1,175.42,1022210,1481197,-1.3352272727272696,0
2023-07-28 11:17:24,173.65,6837390,1,175.42,1022210,1481197,-1.3352272727272696,0
2023-07-28 11:17:29,173.6,6838616,76,175.42,1018895,1481406,-1.3636363636363669,0
2023-07-28 11:17:29,173.65,6838616,101,175.42,1018895,1481406,-1.3352272727272696,0
2023-07-28 11:17:29,173.55,6838616,8,175.42,1018895,1481406,-1.3920454545454481,0
2023-07-28 11:17:33,173.55,6838725,8,175.42,1023301,1477801,-1.3920454545454481,0
2023-07-28 11:17:33,173.55,6838725,140,175.42,1023301,1477801,-1.3920454545454481,0
2023-07-28 11:17:38,173.5,6870748,3001,175.41,1000506,1468178,-1.4204545454545454,0
2023-07-28 11:17:38,173.5,6870748,35,175.41,1000506,1468178,-1.4204545454545454,0
2023-07-28 11:17:38,173.4,6870748,70,175.41,1000506,1468178,-1.477272727272724,0
2023-07-28 11:17:38,173.5,6870748,472,175.41,1000506,1468178,-1.4204545454545454,0
2023-07-28 11:17:38,173.4,6870748,50,175.41,1000506,1468178,-1.477272727272724,0
2023-07-28 11:17:42,173.5,6871790,25,175.41,1010737,1471708,-1.4204545454545454,0
2023-07-28 11:17:42,173.4,6871790,14,175.41,1010737,1471708,-1.477272727272724,0
2023-07-28 11:17:42,173.4,6871790,20,175.41,1010737,1471708,-1.477272727272724,0
2023-07-28 11:17:42,173.45,6871790,50,175.41,1010737,1471708,-1.448863636363643,0
2023-07-28 11:17:42,173.5,6871790,700,175.41,1010737,1471708,-1.4204545454545454,0
2023-07-28 11:17:42,173.5,6871790,1,175.41,1010737,1471708,-1.4204545454545454,0
2023-07-28 11:17:42,173.45,6871790,11,175.41,1010737,1471708,-1.448863636363643,0
2023-07-28 11:17:50,173.45,6875368,11,175.41,1011925,1463508,-1.448863636363643,0
2023-07-28 11:17:50,173.55,6875368,10,175.41,1011925,1463508,-1.3920454545454481,0
2023-07-28 11:17:50,173.5,6875368,9,175.41,1011925,1463508,-1.4204545454545454,0
2023-07-28 11:17:50,173.55,6875368,72,175.41,1011925,1463508,-1.3920454545454481,0
2023-07-28 11:17:55,173.55,6875480,72,175.41,1023412,1463332,-1.3920454545454481,0
2023-07-28 11:17:55,173.55,6875480,1,175.41,1023412,1463332,-1.3920454545454481,0
2023-07-28 11:17:55,173.5,6875480,10,175.41,1023412,1463332,-1.4204545454545454,0
2023-07-28 11:17:55,173.5,6875480,667,175.41,1023412,1463332,-1.4204545454545454,0
2023-07-28 11:17:58,173.5,6886564,667,175.41,1010449,1465087,-1.4204545454545454,0
2023-07-28 11:17:58,173.5,6886564,200,175.41,1010449,1465087,-1.4204545454545454,0
2023-07-28 11:17:58,173.45,6886564,1,175.41,1010449,1465087,-1.448863636363643,0
2023-07-28 11:17:58,173.4,6886564,2000,175.41,1010449,1465087,-1.477272727272724,0
2023-07-28 11:18:04,173.5,6897223,1,175.41,1001505,1465022,-1.4204545454545454,0
2023-07-28 11:18:04,173.5,6897223,1,175.41,1001505,1465022,-1.4204545454545454,0
2023-07-28 11:18:05,173.5,6897522,200,175.41,990612,1471947,-1.4204545454545454,0
2023-07-28 11:18:06,173.5,6897572,50,175.41,1004392,1472904,-1.4204545454545454,0
2023-07-28 11:18:06,173.5,6897572,50,175.41,1004340,1471849,-1.4204545454545454,0
2023-07-28 11:18:09,173.4,6898582,1,175.4,1007770,1466771,-1.477272727272724,0
2023-07-28 11:18:09,173.5,6898582,32,175.4,1007848,1466771,-1.4204545454545454,0
2023-07-28 11:18:10,173.5,6898614,32,175.4,1007851,1466839,-1.4204545454545454,0
2023-07-28 11:18:10,173.5,6898614,20,175.4,1007851,1466839,-1.4204545454545454,0
2023-07-28 11:18:11,173.5,6898634,20,175.4,994860,1464820,-1.4204545454545454,0
2023-07-28 11:18:11,173.5,6898634,488,175.4,995189,1464820,-1.4204545454545454,0
2023-07-28 11:18:13,173.5,6900334,488,175.4,1003817,1462814,-1.4204545454545454,0
2023-07-28 11:18:13,173.5,6900334,40,175.4,1004420,1462816,-1.4204545454545454,0
2023-07-28 11:18:15,173.5,6900374,40,175.4,1004380,1462716,-1.4204545454545454,0
2023-07-28 11:18:15,173.5,6900374,10,175.4,1004380,1462716,-1.4204545454545454,0
2023-07-28 11:18:16,173.5,6900384,10,175.4,1008405,1456524,-1.4204545454545454,0
2023-07-28 11:18:16,173.5,6900384,10,175.4,1008405,1456524,-1.4204545454545454,0
2023-07-28 11:18:19,173.4,6905384,180,175.4,1001717,1459630,-1.477272727272724,0
2023-07-28 11:18:19,173.5,6905384,139,175.4,1001717,1459630,-1.4204545454545454,0
2023-07-28 11:18:19,173.4,6905523,101,175.4,1004040,1457834,-1.477272727272724,0
2023-07-28 11:18:21,173.4,6905624,101,175.4,1003887,1459504,-1.477272727272724,0
2023-07-28 11:18:21,173.4,6905624,101,175.4,1005379,1457126,-1.477272727272724,0
2023-07-28 11:18:23,173.45,6905779,20,175.4,996929,1465765,-1.448863636363643,0
2023-07-28 11:18:25,173.35,6906894,466,175.4,997790,1472462,-1.5056818181818215,0
2023-07-28 11:18:25,173.4,6906894,119,175.4,997790,1472462,-1.477272727272724,0
2023-07-28 11:18:25,173.4,6907389,119,175.4,997696,1465906,-1.477272727272724,0
2023-07-28 11:18:25,173.45,6907389,1,175.4,997696,1465906,-1.448863636363643,0
2023-07-28 11:18:27,173.3,6907890,15,175.4,999865,1464149,-1.5340909090909027,0
2023-07-28 11:18:27,173.3,6907890,15,175.4,1000185,1464092,-1.5340909090909027,0
2023-07-28 11:18:27,173.3,6907890,2,175.4,1000185,1464092,-1.5340909090909027,0
2023-07-28 11:18:29,173.3,6907892,2,175.4,997314,1476310,-1.5340909090909027,0
2023-07-28 11:18:29,173.3,6907892,2,175.4,998966,1475669,-1.5340909090909027,0
2023-07-28 11:18:29,173.3,6907892,98,175.4,998966,1475669,-1.5340909090909027,0
2023-07-28 11:18:31,173.3,6908092,98,175.4,999107,1475679,-1.5340909090909027,0
2023-07-28 11:18:31,173.4,6908092,9,175.4,999107,1475679,-1.477272727272724,0
2023-07-28 11:18:33,173.3,6908111,8,175.4,1000107,1475849,-1.5340909090909027,0
2023-07-28 11:18:33,173.3,6908111,8,175.4,1000207,1475849,-1.5340909090909027,0
2023-07-28 11:18:35,173.3,6908311,80,175.4,1000237,1473663,-1.5340909090909027,0
2023-07-28 11:18:35,173.3,6908441,38,175.4,1000108,1473663,-1.5340909090909027,0
2023-07-28 11:18:35,173.35,6908441,2000,175.4,1003270,1474611,-1.5056818181818215,0
2023-07-28 11:18:35,173.35,6908441,1400,175.4,1003270,1474611,-1.5056818181818215,0
2023-07-28 11:18:38,173.3,6917441,808,175.4,997580,1469815,-1.5340909090909027,0
2023-07-28 11:18:38,173.3,6917441,808,175.4,997580,1469815,-1.5340909090909027,0
2023-07-28 11:18:39,173.35,6917941,204,175.4,998295,1470453,-1.5056818181818215,0
2023-07-28 11:18:39,173.35,6917941,204,175.4,1000522,1469635,-1.5056818181818215,0
2023-07-28 11:18:42,173.35,6918047,106,175.4,1001986,1478347,-1.5056818181818215,0
2023-07-28 11:18:43,173.3,6936201,2950,175.39,994491,1463610,-1.5340909090909027,0
2023-07-28 11:18:43,173.3,6936201,2950,175.39,1000379,1463868,-1.5340909090909027,0
2023-07-28 11:18:45,173.4,6936601,299,175.39,1001111,1464923,-1.477272727272724,0
2023-07-28 11:18:47,173.35,6936651,40,175.39,1000190,1464920,-1.5056818181818215,0
2023-07-28 11:18:47,173.35,6936651,40,175.39,1001261,1463830,-1.5056818181818215,0
2023-07-28 11:18:50,173.3,6938109,113,175.39,991086,1476214,-1.5340909090909027,0
2023-07-28 11:18:50,173.3,6938109,425,175.39,994578,1477391,-1.5340909090909027,0
2023-07-28 11:18:51,173.3,6938535,1,175.39,997410,1475289,-1.5340909090909027,0
2023-07-28 11:18:52,173.3,6941826,1,175.39,993982,1475104,-1.5340909090909027,0
2023-07-28 11:18:53,173.3,6946730,3400,175.39,998909,1453746,-1.5340909090909027,0
2023-07-28 11:18:53,173.3,6946730,3400,175.39,998909,1453746,-1.5340909090909027,0
2023-07-28 11:18:54,173.4,6946731,1,175.39,998088,1461199,-1.477272727272724,0
2023-07-28 11:18:54,173.4,6946731,1,175.39,998088,1461199,-1.477272727272724,0
2023-07-28 11:18:56,173.35,6946835,1,175.39,998090,1462768,-1.5056818181818215,0
2023-07-28 11:18:57,173.4,6947139,22,175.39,1000563,1460270,-1.477272727272724,0
2023-07-28 11:18:58,173.4,6947140,1,175.39,1002981,1456704,-1.477272727272724,0
2023-07-28 11:18:59,173.4,6947221,1,175.39,998495,1462390,-1.477272727272724,0
2023-07-28 11:18:59,173.4,6947422,1,175.39,1000144,1462189,-1.477272727272724,0
2023-07-28 11:18:59,173.4,6947422,1,175.39,1000144,1462189,-1.477272727272724,0
2023-07-28 11:19:00,173.4,6947432,1,175.39,1001178,1461634,-1.477272727272724,0
2023-07-28 11:19:01,173.4,6947433,1,175.39,1003038,1459885,-1.477272727272724,0
2023-07-28 11:19:02,173.4,6947435,1,175.39,1003023,1460308,-1.477272727272724,0
2023-07-28 11:19:02,173.4,6947435,1,175.39,1003023,1460308,-1.477272727272724,0
2023-07-28 11:19:04,173.4,6947538,1,175.39,1008573,1452910,-1.477272727272724,0
2023-07-28 11:19:05,173.4,6947541,1,175.39,1008723,1453007,-1.477272727272724,0
2023-07-28 11:19:06,173.4,6947593,50,175.39,1008715,1452805,-1.477272727272724,0
2023-07-28 11:19:06,173.4,6947593,1,175.39,1008715,1452805,-1.477272727272724,0
2023-07-28 11:19:06,173.4,6947603,1,175.39,1009096,1453648,-1.477272727272724,0
2023-07-28 11:19:06,173.4,6947603,1,175.39,1009071,1453648,-1.477272727272724,0
2023-07-28 11:19:09,173.4,6947604,1,175.39,1009371,1453497,-1.477272727272724,0
2023-07-28 11:19:09,173.4,6947604,1,175.39,1008792,1453647,-1.477272727272724,0
2023-07-28 11:19:09,173.35,6947604,80,175.39,1009092,1453647,-1.5056818181818215,0
2023-07-28 11:19:12,173.4,6947935,1,175.39,1009012,1453246,-1.477272727272724,0
2023-07-28 11:19:13,173.25,6952337,39,175.39,996231,1458955,-1.5625,0
2023-07-28 11:19:13,173.25,6952337,39,175.39,996231,1458955,-1.5625,0
2023-07-28 11:19:14,173.35,6952437,100,175.39,999323,1458316,-1.5056818181818215,0
2023-07-28 11:19:14,173.35,6952437,100,175.39,987190,1457053,-1.5056818181818215,0
2023-07-28 11:19:15,173.35,6952477,39,175.39,985774,1457053,-1.5056818181818215,0
2023-07-28 11:19:16,173.4,6952510,33,175.39,987738,1458091,-1.477272727272724,0
2023-07-28 11:19:16,173.4,6952510,33,175.39,992738,1458091,-1.477272727272724,0
2023-07-28 11:19:16,173.4,6952510,33,175.39,992763,1458091,-1.477272727272724,0
2023-07-28 11:19:16,173.35,6952510,49,175.39,992763,1457936,-1.5056818181818215,0
2023-07-28 11:19:21,173.35,6952559,49,175.39,992714,1457936,-1.5056818181818215,0
2023-07-28 11:19:23,173.35,6963617,858,175.39,977907,1458399,-1.5056818181818215,0
2023-07-28 11:19:24,173.4,6963845,22,175.39,982530,1457760,-1.477272727272724,0
2023-07-28 11:19:25,173.4,6963945,100,175.39,985214,1454443,-1.477272727272724,0
2023-07-28 11:19:26,173.4,6963974,1,175.39,984990,1455452,-1.477272727272724,0
2023-07-28 11:19:27,173.4,6964177,1,175.39,984995,1455249,-1.477272727272724,0
2023-07-28 11:19:28,173.4,6964181,1,175.39,984904,1455245,-1.477272727272724,0
2023-07-28 11:19:29,173.4,6964184,1,175.39,984904,1455242,-1.477272727272724,0
2023-07-28 11:19:29,173.4,6964184,1,175.39,984904,1455242,-1.477272727272724,0
2023-07-28 11:19:30,173.4,6964190,1,175.39,984904,1455236,-1.477272727272724,0
2023-07-28 11:19:31,173.4,6964194,1,175.39,984903,1455233,-1.477272727272724,0
2023-07-28 11:19:31,173.4,6964194,1,175.39,984903,1455233,-1.477272727272724,0
2023-07-28 11:19:32,173.4,6964196,1,175.39,984903,1455231,-1.477272727272724,0
2023-07-28 11:19:32,173.4,6964196,1,175.39,984903,1455231,-1.477272727272724,0
2023-07-28 11:19:33,173.4,6964199,1,175.39,984901,1455228,-1.477272727272724,0
2023-07-28 11:19:34,173.4,6964201,1,175.39,990547,1447735,-1.477272727272724,0
2023-07-28 11:19:35,173.4,6967303,1,175.38,974022,1453840,-1.477272727272724,0
2023-07-28 11:19:35,173.4,6967303,1,175.38,974022,1453840,-1.477272727272724,0
2023-07-28 11:19:37,173.4,6967344,10,175.38,975559,1456043,-1.477272727272724,0
2023-07-28 11:19:38,173.4,6967394,50,175.38,975559,1455993,-1.477272727272724,0
2023-07-28 11:19:39,173.35,6968559,70,175.38,971730,1460589,-1.5056818181818215,0
2023-07-28 11:19:39,173.35,6968559,25,175.38,972262,1461393,-1.5056818181818215,0
2023-07-28 11:19:41,173.3,6968684,100,175.38,972264,1460435,-1.5340909090909027,0
2023-07-28 11:19:42,173.25,6968761,66,175.38,972596,1460435,-1.5625,0
2023-07-28 11:19:43,173.35,6969832,3,175.38,972336,1461961,-1.5056818181818215,0
2023-07-28 11:19:44,173.35,6969982,98,175.38,966394,1464125,-1.5056818181818215,0
2023-07-28 11:19:45,173.35,6970182,148,175.38,960514,1468309,-1.5056818181818215,0
2023-07-28 11:19:46,173.35,6970209,25,175.38,962622,1468432,-1.5056818181818215,0
2023-07-28 11:19:47,173.25,6974184,65,175.38,964557,1465249,-1.5625,0
2023-07-28 11:19:48,173.25,6974335,65,175.38,961535,1467688,-1.5625,0
2023-07-28 11:19:49,173.35,6975088,1,175.38,964582,1467902,-1.5056818181818215,0
2023-07-28 11:19:50,173.25,6975629,50,175.38,964070,1466323,-1.5625,0
2023-07-28 11:19:51,173.25,6976180,101,175.38,964310,1466446,-1.5625,0
2023-07-28 11:19:52,173.35,6976439,257,175.38,964988,1466726,-1.5056818181818215,0
2023-07-28 11:19:52,173.35,6976439,1,175.38,964988,1466726,-1.5056818181818215,0
2023-07-28 11:19:53,173.35,6976441,1,175.38,966003,1463861,-1.5056818181818215,0
2023-07-28 11:19:54,173.35,6976442,1,175.38,966470,1465712,-1.5056818181818215,0
2023-07-28 11:19:56,173.35,6981657,1,175.38,960104,1467178,-1.5056818181818215,0
2023-07-28 11:19:57,173.35,6981734,1,175.38,961181,1467389,-1.5056818181818215,0
2023-07-28 11:19:58,173.2,6986067,200,175.38,957319,1472752,-1.5909090909090973,0
2023-07-28 11:19:58,173.25,6986168,21,175.38,966798,1468841,-1.5625,0
2023-07-28 11:20:00,173.2,6986213,44,175.38,965632,1469410,-1.5909090909090973,0
2023-07-28 11:20:00,173.3,6986213,10,175.38,965632,1469410,-1.5340909090909027,0
2023-07-28 11:20:01,173.3,6987223,600,175.38,965489,1468849,-1.5340909090909027,0
2023-07-28 11:20:01,173.3,6987223,600,175.38,966798,1470008,-1.5340909090909027,0
2023-07-28 11:20:01,173.2,6987223,1,175.38,966798,1470008,-1.5909090909090973,0
2023-07-28 11:20:04,173.2,6988020,1,175.38,967446,1471104,-1.5909090909090973,0
2023-07-28 11:20:04,173.2,6988020,1,175.38,966275,1471304,-1.5909090909090973,0
2023-07-28 11:20:04,173.25,6988020,25,175.38,966275,1471304,-1.5625,0
2023-07-28 11:20:04,173.25,6988020,1,175.38,966275,1471304,-1.5625,0
