2023-07-28 10:49:23,1413.65,306107,1,1416.41,156102,223888,-0.1377507770556526,0
2023-07-28 10:49:23,1414.2,306107,2,1416.41,156102,223888,-0.09889799378354505,0
2023-07-28 10:49:30,1414.2,306358,25,1416.41,155646,223948,-0.09889799378354505,0
2023-07-28 10:49:30,1413.6,306358,2,1416.41,155646,223948,-0.14128284826222098,0
2023-07-28 10:49:30,1413.6,306358,1,1416.41,155646,223948,-0.14128284826222098,0
2023-07-28 10:49:32,1414.2,306390,3,1416.41,155944,223928,-0.09889799378354505,0
2023-07-28 10:49:32,1413.6,306390,1,1416.41,155944,223928,-0.14128284826222098,0
2023-07-28 10:49:35,1413.6,306394,1,1416.41,155948,223934,-0.14128284826222098,0
2023-07-28 10:49:35,1413.55,306394,13,1416.41,155948,223934,-0.14481491946877328,0
2023-07-28 10:49:35,1413.55,306394,2,1416.41,155948,223934,-0.14481491946877328,0
2023-07-28 10:49:42,1414.15,306524,11,1416.41,155594,224266,-0.10243006499009735,0
2023-07-28 10:49:42,1413.5,306524,2,1416.41,155594,224266,-0.1483469906753256,0
2023-07-28 10:49:42,1414.15,306524,2,1416.41,155594,224266,-0.10243006499009735,0
2023-07-28 10:49:47,1414.15,306541,2,1416.41,154923,224195,-0.10243006499009735,0
2023-07-28 10:49:47,1414.15,306541,2,1416.41,152417,224524,-0.10243006499009735,0
2023-07-28 10:49:47,1413.6,306541,10,1416.41,152417,224524,-0.14128284826222098,0
2023-07-28 10:49:47,1413.65,306541,2,1416.41,152417,224524,-0.1377507770556526,0
2023-07-28 10:49:58,1413.65,306553,2,1416.41,155749,223342,-0.1377507770556526,0
2023-07-28 10:49:58,1414.15,306553,1,1416.41,155749,223342,-0.10243006499009735,0
2023-07-28 10:49:59,1414.15,306554,1,1416.41,156727,223781,-0.10243006499009735,0
2023-07-28 10:49:59,1414.15,306554,1,1416.41,156471,223814,-0.10243006499009735,0
2023-07-28 10:50:07,1414.2,306665,9,1416.41,156778,223776,-0.09889799378354505,0
2023-07-28 10:50:08,1414.0,307865,11,1416.4,155633,223044,-0.11302627860977035,0
2023-07-28 10:50:08,1414.2,307865,175,1416.4,155633,223044,-0.09889799378354505,0
2023-07-28 10:50:09,1414.2,308250,25,1416.4,156084,222806,-0.09889799378354505,0
2023-07-28 10:50:09,1414.2,308250,11,1416.4,156084,222806,-0.09889799378354505,0
2023-07-28 10:50:10,1414.8,308317,15,1416.4,156176,222219,-0.05651313930488518,0
2023-07-28 10:50:11,1415.0,309206,9,1416.39,157136,220581,-0.04238485447865987,0
2023-07-28 10:50:12,1415.15,309299,29,1416.39,157251,220218,-0.03178864085898687,0
2023-07-28 10:50:12,1415.15,309299,15,1416.39,157251,220218,-0.03178864085898687,0
2023-07-28 10:50:13,1415.2,309359,19,1416.39,155438,222263,-0.028256569652434557,0
2023-07-28 10:50:14,1415.35,309424,1,1416.39,158290,221492,-0.017660356032777623,0
2023-07-28 10:50:16,1415.6,309486,6,1416.39,157779,219800,0.0,0
2023-07-28 10:50:17,1415.45,309582,16,1416.39,156780,222202,-0.010596213619656935,0
2023-07-28 10:50:17,1415.45,309582,69,1416.39,156780,222202,-0.010596213619656935,0
2023-07-28 10:50:18,1415.45,309760,36,1416.39,157521,221606,-0.010596213619656935,0
2023-07-28 10:50:19,1414.8,309808,3,1416.39,157228,221685,-0.05651313930488518,0
2023-07-28 10:50:19,1415.6,309808,37,1416.39,157228,221685,0.0,0
2023-07-28 10:50:20,1415.6,309979,3,1416.39,157435,221888,0.0,0
2023-07-28 10:50:21,1414.85,310010,10,1416.39,156991,222550,-0.05298106809833287,0
2023-07-28 10:50:21,1415.55,310010,3,1416.39,156991,222550,-0.003532071206552312,0
2023-07-28 10:50:22,1414.85,310015,2,1416.39,156851,222583,-0.05298106809833287,0
2023-07-28 10:50:22,1414.85,310015,2,1416.39,156916,222569,-0.05298106809833287,0
2023-07-28 10:50:22,1414.85,310015,2,1416.39,156916,222569,-0.05298106809833287,0
2023-07-28 10:50:22,1414.85,310015,2,1416.39,156925,222570,-0.05298106809833287,0
2023-07-28 10:50:22,1414.85,310015,2,1416.39,156925,222570,-0.05298106809833287,0
2023-07-28 10:50:22,1414.85,310015,2,1416.39,156925,222574,-0.05298106809833287,0
2023-07-28 10:50:22,1414.85,310015,1,1416.39,156925,222574,-0.05298106809833287,0
2023-07-28 10:50:26,1414.85,310016,1,1416.39,157023,222485,-0.05298106809833287,0
2023-07-28 10:50:26,1414.85,310016,1,1416.39,157023,222085,-0.05298106809833287,0
2023-07-28 10:50:26,1415.45,310016,1,1416.39,157023,222090,-0.010596213619656935,0
2023-07-28 10:50:28,1415.45,310017,1,1416.39,157989,221879,-0.010596213619656935,0
2023-07-28 10:50:28,1415.45,310017,1,1416.39,158034,221879,-0.010596213619656935,0
2023-07-28 10:50:28,1415.45,310017,1,1416.39,158034,221872,-0.010596213619656935,0
2023-07-28 10:50:28,1415.45,310017,1,1416.39,158083,221905,-0.010596213619656935,0
2023-07-28 10:50:28,1415.45,310017,1,1416.39,158083,221905,-0.010596213619656935,0
2023-07-28 10:50:28,1415.45,310017,1,1416.39,158125,221906,-0.010596213619656935,0
2023-07-28 10:50:28,1415.45,310017,1,1416.39,158139,222121,-0.010596213619656935,0
2023-07-28 10:50:28,1415.45,310017,1,1416.39,158102,221806,-0.010596213619656935,0
2023-07-28 10:50:28,1415.45,310017,1,1416.39,158112,222047,-0.010596213619656935,0
2023-07-28 10:50:28,1415.45,310017,1,1416.39,158096,222047,-0.010596213619656935,0
2023-07-28 10:50:40,1415.45,310018,1,1416.39,158271,222603,-0.010596213619656935,0
2023-07-28 10:50:41,1415.35,310019,1,1416.39,158290,222680,-0.017660356032777623,0
2023-07-28 10:50:41,1415.6,310019,1,1416.39,158290,222680,0.0,0
2023-07-28 10:50:42,1415.6,310020,1,1416.39,158341,222683,0.0,0
2023-07-28 10:50:42,1415.35,310020,16,1416.39,158341,222683,-0.017660356032777623,0
2023-07-28 10:50:44,1415.6,310038,1,1416.39,158298,222684,0.0,0
2023-07-28 10:50:44,1415.6,310039,1,1416.39,158299,222682,0.0,0
2023-07-28 10:50:44,1415.6,310039,1,1416.39,158299,222682,0.0,0
2023-07-28 10:50:45,1415.6,310040,1,1416.39,158298,222664,0.0,0
2023-07-28 10:50:45,1415.6,310040,1,1416.39,158297,222664,0.0,0
2023-07-28 10:50:45,1415.6,310040,1,1416.39,158297,222656,0.0,0
2023-07-28 10:50:49,1415.6,310152,11,1416.39,158273,223942,0.0,0
2023-07-28 10:50:49,1415.6,310163,1,1416.39,158274,223828,0.0,0
2023-07-28 10:50:50,1415.6,310164,1,1416.39,158273,223777,0.0,0
2023-07-28 10:50:50,1415.35,310164,3,1416.39,158273,223777,-0.017660356032777623,0
2023-07-28 10:50:51,1415.35,310167,3,1416.39,158268,223781,-0.017660356032777623,0
2023-07-28 10:50:51,1416.0,310167,59,1416.39,158268,223781,0.02825656965245062,0
2023-07-28 10:50:53,1416.0,310526,36,1416.39,157512,222641,0.02825656965245062,0
2023-07-28 10:50:54,1416.0,310571,1,1416.39,157578,224139,0.02825656965245062,0
2023-07-28 10:50:55,1416.0,310637,6,1416.39,158007,222299,0.02825656965245062,0
2023-07-28 10:50:56,1416.4,310645,1,1416.39,157320,222568,0.05651313930490124,0
2023-07-28 10:50:56,1416.4,310646,1,1416.39,157874,221979,0.05651313930490124,0
2023-07-28 10:50:56,1416.4,310646,1,1416.39,157956,222649,0.05651313930490124,0
2023-07-28 10:50:56,1416.4,310646,1,1416.39,157956,222649,0.05651313930490124,0
2023-07-28 10:50:59,1416.4,310647,1,1416.39,157956,222660,0.05651313930490124,0
2023-07-28 10:51:00,1416.1,310648,1,1416.39,157955,222660,0.035320712065555246,0
2023-07-28 10:51:00,1416.1,310648,1,1416.39,157895,221213,0.035320712065555246,0
2023-07-28 10:51:00,1416.1,310648,1,1416.39,157918,222713,0.035320712065555246,0
2023-07-28 10:51:00,1416.4,310648,10,1416.39,157870,222713,0.05651313930490124,0
2023-07-28 10:51:03,1416.4,310658,10,1416.39,157920,222669,0.05651313930490124,0
2023-07-28 10:51:04,1416.1,310660,1,1416.39,158238,223026,0.035320712065555246,0
2023-07-28 10:51:04,1416.1,310660,1,1416.39,158238,223026,0.035320712065555246,0
2023-07-28 10:51:05,1416.1,310662,1,1416.39,158007,223158,0.035320712065555246,0
2023-07-28 10:51:07,1416.1,310797,14,1416.39,157952,222081,0.035320712065555246,0
2023-07-28 10:51:07,1416.45,310797,13,1416.39,157952,222081,0.060045210511453555,0
2023-07-28 10:51:08,1416.1,310814,4,1416.39,158021,222421,0.035320712065555246,0
2023-07-28 10:51:09,1415.7,310816,10,1416.39,158066,222161,0.007064142413120686,0
2023-07-28 10:51:10,1416.05,311040,2,1416.39,156707,223989,0.03178864085900293,0
2023-07-28 10:51:11,1416.1,311069,3,1416.39,157324,223793,0.035320712065555246,0
2023-07-28 10:51:12,1415.65,311073,1,1416.39,157404,223958,0.003532071206568374,0
2023-07-28 10:51:12,1415.65,311073,1,1416.39,157404,223958,0.003532071206568374,0
2023-07-28 10:51:12,1415.65,311073,1,1416.39,157282,224933,0.003532071206568374,0
2023-07-28 10:51:12,1415.65,311073,1,1416.39,157280,224923,0.003532071206568374,0
2023-07-28 10:51:12,1415.65,311073,1,1416.39,157280,224936,0.003532071206568374,0
2023-07-28 10:51:12,1415.65,311073,1,1416.39,157263,224679,0.003532071206568374,0
2023-07-28 10:51:12,1415.65,311073,1,1416.39,157222,224682,0.003532071206568374,0
2023-07-28 10:51:12,1415.65,311073,1,1416.39,157222,224682,0.003532071206568374,0
2023-07-28 10:51:12,1415.65,311073,1,1416.39,156519,223725,0.003532071206568374,0
2023-07-28 10:51:12,1415.65,311073,1,1416.39,156658,223458,0.003532071206568374,0
2023-07-28 10:51:12,1415.65,311073,1,1416.39,156810,223417,0.003532071206568374,0
2023-07-28 10:51:12,1415.65,311073,1,1416.39,156835,223420,0.003532071206568374,0
2023-07-28 10:51:12,1415.65,311073,1,1416.39,156823,223448,0.003532071206568374,0
2023-07-28 10:51:12,1415.65,311073,1,1416.39,156823,223484,0.003532071206568374,0
2023-07-28 10:51:12,1415.65,311073,1,1416.39,156823,223487,0.003532071206568374,0
2023-07-28 10:51:12,1415.65,311073,1,1416.39,156823,223484,0.003532071206568374,0
2023-07-28 10:51:12,1415.65,311073,1,1416.39,156823,223498,0.003532071206568374,0
2023-07-28 10:51:28,1415.25,311083,10,1416.39,156676,223676,-0.024724498445882245,0
2023-07-28 10:51:28,1415.25,311083,1,1416.39,156676,223676,-0.024724498445882245,0
2023-07-28 10:51:29,1415.25,311086,1,1416.39,156667,223743,-0.024724498445882245,0
2023-07-28 10:51:29,1415.25,311086,1,1416.39,156667,223743,-0.024724498445882245,0
2023-07-28 10:51:29,1415.25,311086,1,1416.39,156621,223599,-0.024724498445882245,0
2023-07-28 10:51:29,1415.25,311086,1,1416.39,157002,223074,-0.024724498445882245,0
2023-07-28 10:51:29,1415.25,311086,1,1416.39,156913,223474,-0.024724498445882245,0
2023-07-28 10:51:29,1415.25,311086,1,1416.39,156913,223661,-0.024724498445882245,0
2023-07-28 10:51:29,1415.25,311086,1,1416.39,157106,222915,-0.024724498445882245,0
2023-07-28 10:51:29,1415.25,311086,1,1416.39,157309,223267,-0.024724498445882245,0
2023-07-28 10:51:29,1415.25,311086,1,1416.39,157309,223667,-0.024724498445882245,0
2023-07-28 10:51:29,1415.25,311086,1,1416.39,157309,223668,-0.024724498445882245,0
2023-07-28 10:51:29,1415.25,311086,1,1416.39,157265,223606,-0.024724498445882245,0
2023-07-28 10:51:40,1415.55,311087,1,1416.39,157462,223787,-0.003532071206552312,0
2023-07-28 10:51:40,1415.55,311087,1,1416.39,157612,223787,-0.003532071206552312,0
2023-07-28 10:51:40,1415.55,311087,1,1416.39,157612,223787,-0.003532071206552312,0
2023-07-28 10:51:40,1415.55,311087,1,1416.39,157612,223787,-0.003532071206552312,0
2023-07-28 10:51:40,1415.55,311087,1,1416.39,157392,223787,-0.003532071206552312,0
2023-07-28 10:51:40,1415.55,311087,1,1416.39,156804,224465,-0.003532071206552312,0
2023-07-28 10:51:40,1415.4,311087,10,1416.39,156804,224465,-0.014128284826209248,0
2023-07-28 10:51:48,1415.4,311099,1,1416.39,156906,224280,-0.014128284826209248,0
2023-07-28 10:51:48,1416.0,311099,1,1416.39,156906,224280,0.02825656965245062,0
2023-07-28 10:51:48,1416.0,311100,1,1416.39,156833,224117,0.02825656965245062,0
2023-07-28 10:51:48,1415.4,311100,1,1416.39,156833,224117,-0.014128284826209248,0
2023-07-28 10:51:50,1415.4,311102,1,1416.39,156892,224155,-0.014128284826209248,0
2023-07-28 10:51:50,1415.4,311102,1,1416.39,156842,224145,-0.014128284826209248,0
2023-07-28 10:51:50,1415.4,311102,1,1416.39,156858,224145,-0.014128284826209248,0
2023-07-28 10:51:50,1415.4,311102,1,1416.39,156858,224155,-0.014128284826209248,0
2023-07-28 10:51:50,1415.4,311102,1,1416.39,157016,224155,-0.014128284826209248,0
2023-07-28 10:51:50,1415.4,311102,1,1416.39,157056,224155,-0.014128284826209248,0
2023-07-28 10:51:50,1415.4,311102,1,1416.39,157056,224161,-0.014128284826209248,0
2023-07-28 10:51:50,1415.4,311102,1,1416.39,157056,224166,-0.014128284826209248,0
2023-07-28 10:51:50,1415.4,311102,1,1416.39,157041,224166,-0.014128284826209248,0
2023-07-28 10:51:50,1415.4,311102,1,1416.39,157041,224166,-0.014128284826209248,0
2023-07-28 10:51:50,1415.4,311102,1,1416.39,157000,224281,-0.014128284826209248,0
2023-07-28 10:51:50,1415.4,311102,1,1416.39,157000,224267,-0.014128284826209248,0
2023-07-28 10:51:50,1415.4,311102,1,1416.39,156958,224126,-0.014128284826209248,0
2023-07-28 10:51:50,1416.0,311102,27,1416.39,156958,224126,0.02825656965245062,0
2023-07-28 10:52:04,1415.4,311204,2,1416.39,156615,224074,-0.014128284826209248,0
2023-07-28 10:52:05,1415.4,311216,1,1416.39,157218,223572,-0.014128284826209248,0
2023-07-28 10:52:06,1415.95,311217,1,1416.39,157200,223566,0.02472449844589831,0
2023-07-28 10:52:06,1415.95,311217,1,1416.39,157200,223738,0.02472449844589831,0
2023-07-28 10:52:06,1415.95,311217,1,1416.39,157200,223738,0.02472449844589831,0
2023-07-28 10:52:11,1415.95,311229,10,1416.39,157193,223584,0.02472449844589831,0
2023-07-28 10:52:12,1415.4,311232,1,1416.39,157192,223585,-0.014128284826209248,0
2023-07-28 10:52:12,1415.4,311232,1,1416.39,157193,223591,-0.014128284826209248,0
2023-07-28 10:52:12,1415.4,311232,1,1416.39,157193,223591,-0.014128284826209248,0
2023-07-28 10:52:12,1415.5,311232,1,1416.39,157371,223718,-0.007064142413104624,0
2023-07-28 10:52:17,1415.5,311233,1,1416.39,157370,223718,-0.007064142413104624,0
2023-07-28 10:52:17,1415.5,311233,1,1416.39,157354,223718,-0.007064142413104624,0
2023-07-28 10:52:17,1415.5,311233,1,1416.39,157314,223713,-0.007064142413104624,0
2023-07-28 10:52:17,1415.5,311233,1,1416.39,157314,223898,-0.007064142413104624,0
2023-07-28 10:52:17,1415.5,311233,1,1416.39,157344,223898,-0.007064142413104624,0
2023-07-28 10:52:17,1415.5,311233,2,1416.39,157344,223898,-0.007064142413104624,0
2023-07-28 10:52:24,1415.5,311236,1,1416.39,157349,224298,-0.007064142413104624,0
2023-07-28 10:52:24,1415.5,311236,1,1416.39,157407,224263,-0.007064142413104624,0
2023-07-28 10:52:26,1416.0,311356,70,1416.39,157577,223173,0.02825656965245062,0
2023-07-28 10:52:27,1416.0,311462,11,1416.39,157646,223371,0.02825656965245062,0
2023-07-28 10:52:29,1415.5,311478,1,1416.39,157395,223761,-0.007064142413104624,0
2023-07-28 10:52:29,1416.0,311479,1,1416.39,157456,223738,0.02825656965245062,0
2023-07-28 10:52:30,1416.0,311480,1,1416.39,157779,223241,0.02825656965245062,0
2023-07-28 10:52:30,1416.0,311480,1,1416.39,157779,223529,0.02825656965245062,0
2023-07-28 10:52:30,1416.0,311480,1,1416.39,157779,223553,0.02825656965245062,0
2023-07-28 10:52:30,1416.0,311480,1,1416.39,157779,223553,0.02825656965245062,0
2023-07-28 10:52:30,1416.0,311480,1,1416.39,157779,223553,0.02825656965245062,0
2023-07-28 10:52:30,1416.0,311480,1,1416.39,157719,223603,0.02825656965245062,0
2023-07-28 10:52:30,1416.0,311480,37,1416.39,157719,223603,0.02825656965245062,0
2023-07-28 10:52:37,1415.65,311563,9,1416.39,157969,223505,0.003532071206568374,0
2023-07-28 10:52:37,1416.0,311563,8,1416.39,157969,223505,0.02825656965245062,0
2023-07-28 10:52:38,1415.65,311573,2,1416.39,157619,223636,0.003532071206568374,0
2023-07-28 10:52:38,1416.0,311574,1,1416.39,158020,223635,0.02825656965245062,0
2023-07-28 10:52:38,1416.0,311574,4,1416.39,158020,223635,0.02825656965245062,0
2023-07-28 10:52:40,1416.0,311582,4,1416.39,157509,223662,0.02825656965245062,0
2023-07-28 10:52:40,1416.0,311582,1,1416.39,157509,223662,0.02825656965245062,0
2023-07-28 10:52:41,1415.65,311584,1,1416.39,157462,223665,0.003532071206568374,0
2023-07-28 10:52:41,1415.65,311584,1,1416.39,157462,223651,0.003532071206568374,0
2023-07-28 10:52:43,1415.75,311785,6,1416.39,157899,223843,0.010596213619672997,0
2023-07-28 10:52:44,1415.75,311816,2,1416.39,157717,223782,0.010596213619672997,0
2023-07-28 10:52:45,1415.65,311820,1,1416.39,157890,223864,0.003532071206568374,0
2023-07-28 10:52:47,1416.3,311854,2,1416.39,159226,223343,0.049448996891780554,0
2023-07-28 10:52:47,1416.0,311854,4,1416.39,159226,223343,0.02825656965245062,0
2023-07-28 10:52:47,1416.0,311858,4,1416.39,159222,223344,0.02825656965245062,0
2023-07-28 10:52:47,1416.0,311858,10,1416.39,159222,223344,0.02825656965245062,0
2023-07-28 10:52:49,1416.0,311870,2,1416.39,158758,223297,0.02825656965245062,0
2023-07-28 10:52:49,1416.3,311872,1,1416.39,159065,223340,0.049448996891780554,0
2023-07-28 10:52:49,1415.5,311872,13,1416.39,159065,223340,-0.007064142413104624,0
2023-07-28 10:52:51,1416.15,311991,2,1416.39,158170,223684,0.03885278327212362,0
2023-07-28 10:52:52,1416.2,312064,4,1416.39,158526,223614,0.04238485447867593,0
2023-07-28 10:52:53,1415.55,312079,8,1416.39,158076,223893,-0.003532071206552312,0
2023-07-28 10:52:54,1415.5,312082,1,1416.39,158302,223864,-0.007064142413104624,0
2023-07-28 10:52:56,1415.95,312413,33,1416.38,157967,224388,0.02472449844589831,0
2023-07-28 10:52:56,1415.4,312413,3,1416.38,157967,224388,-0.014128284826209248,0
2023-07-28 10:52:57,1415.95,312490,8,1416.38,157141,224484,0.02472449844589831,0
2023-07-28 10:52:58,1415.3,312504,6,1416.38,154915,224471,-0.021192427239329934,0
2023-07-28 10:52:59,1415.3,312506,1,1416.38,154914,224466,-0.021192427239329934,0
2023-07-28 10:52:59,1415.3,312506,1,1416.38,154914,224466,-0.021192427239329934,0
2023-07-28 10:52:59,1415.3,312506,1,1416.38,157315,224657,-0.021192427239329934,0
2023-07-28 10:52:59,1415.3,312506,1,1416.38,157322,224698,-0.021192427239329934,0
2023-07-28 10:52:59,1415.3,312506,1,1416.38,157322,224698,-0.021192427239329934,0
2023-07-28 10:52:59,1415.3,312506,1,1416.38,157322,224688,-0.021192427239329934,0
2023-07-28 10:52:59,1415.3,312506,1,1416.38,157322,224688,-0.021192427239329934,0
2023-07-28 10:52:59,1415.3,312506,1,1416.38,156378,225099,-0.021192427239329934,0
2023-07-28 10:53:11,1415.3,312545,4,1416.38,156727,220300,-0.021192427239329934,0
2023-07-28 10:53:12,1415.3,312550,1,1416.38,157018,224663,-0.021192427239329934,0
2023-07-28 10:53:12,1415.8,312550,1,1416.38,157018,224663,0.01412828482622531,0
2023-07-28 10:53:13,1415.3,312552,1,1416.38,156763,224553,-0.021192427239329934,0
2023-07-28 10:53:13,1415.3,312552,1,1416.38,156763,224553,-0.021192427239329934,0
2023-07-28 10:53:13,1415.3,312552,1,1416.38,156783,224545,-0.021192427239329934,0
2023-07-28 10:53:13,1415.3,312552,1,1416.38,156855,224582,-0.021192427239329934,0
2023-07-28 10:53:13,1415.3,312552,1,1416.38,156855,224582,-0.021192427239329934,0
2023-07-28 10:53:13,1415.3,312552,18,1416.38,156855,224582,-0.021192427239329934,0
2023-07-28 10:53:20,1415.3,312847,31,1416.38,156997,225478,-0.021192427239329934,0
2023-07-28 10:53:20,1415.3,312884,8,1416.38,156959,224467,-0.021192427239329934,0
2023-07-28 10:53:20,1415.3,312884,8,1416.38,156959,224467,-0.021192427239329934,0
2023-07-28 10:53:20,1415.3,312884,1,1416.38,156959,224467,-0.021192427239329934,0
2023-07-28 10:53:22,1415.9,312890,1,1416.38,157071,224495,0.021192427239345994,0
2023-07-28 10:53:22,1415.9,312890,1,1416.38,157071,224495,0.021192427239345994,0
2023-07-28 10:53:22,1415.9,312890,1,1416.38,157072,224544,0.021192427239345994,0
2023-07-28 10:53:22,1415.3,312890,2,1416.38,157072,224544,-0.021192427239329934,0
2023-07-28 10:53:24,1415.3,312892,2,1416.38,156869,224710,-0.021192427239329934,0
2023-07-28 10:53:24,1415.3,312892,2,1416.38,156869,224710,-0.021192427239329934,0
2023-07-28 10:53:24,1415.3,312892,2,1416.38,156869,224710,-0.021192427239329934,0
2023-07-28 10:53:26,1415.5,312940,5,1416.38,156678,225088,-0.007064142413104624,0
2023-07-28 10:53:27,1415.3,312952,7,1416.38,156912,225087,-0.021192427239329934,0
2023-07-28 10:53:28,1415.3,312954,1,1416.38,156911,224953,-0.021192427239329934,0
2023-07-28 10:53:28,1415.3,312954,1,1416.38,156911,224953,-0.021192427239329934,0
2023-07-28 10:53:29,1415.3,312956,2,1416.38,156909,224953,-0.021192427239329934,0
2023-07-28 10:53:29,1415.3,312956,2,1416.38,156310,225420,-0.021192427239329934,0
2023-07-28 10:53:29,1415.3,312956,2,1416.38,157133,225267,-0.021192427239329934,0
2023-07-28 10:53:29,1415.85,312956,10,1416.38,157133,225267,0.017660356032777623,0
2023-07-28 10:53:33,1415.95,313243,22,1416.38,157066,223538,0.02472449844589831,0
2023-07-28 10:53:33,1415.95,313265,22,1416.38,157458,224711,0.02472449844589831,0
2023-07-28 10:53:33,1415.9,313265,4,1416.38,157458,224711,0.021192427239345994,0
2023-07-28 10:53:35,1416.0,313319,6,1416.38,157022,225990,0.02825656965245062,0
2023-07-28 10:53:36,1415.45,313332,10,1416.38,156995,225949,-0.010596213619656935,0
2023-07-28 10:53:37,1415.45,313343,10,1416.38,156997,225948,-0.010596213619656935,0
2023-07-28 10:53:37,1415.45,313343,2,1416.38,156997,225948,-0.010596213619656935,0
2023-07-28 10:53:37,1415.45,313346,2,1416.38,156271,225185,-0.010596213619656935,0
2023-07-28 10:53:37,1415.85,313346,6,1416.38,156271,225185,0.017660356032777623,0
2023-07-28 10:53:37,1415.5,313346,1,1416.38,156271,225185,-0.007064142413104624,0
2023-07-28 10:53:39,1415.5,313354,1,1416.38,156135,226884,-0.007064142413104624,0
2023-07-28 10:53:39,1415.5,313354,1,1416.38,155588,225820,-0.007064142413104624,0
2023-07-28 10:53:39,1415.5,313354,1,1416.38,156064,226527,-0.007064142413104624,0
2023-07-28 10:53:39,1415.5,313354,1,1416.38,156744,226527,-0.007064142413104624,0
2023-07-28 10:53:39,1415.5,313354,1,1416.38,157293,224977,-0.007064142413104624,0
2023-07-28 10:53:39,1415.5,313354,1,1416.38,156864,224560,-0.007064142413104624,0
2023-07-28 10:53:39,1415.5,313354,1,1416.38,156864,224596,-0.007064142413104624,0
2023-07-28 10:53:39,1415.5,313354,1,1416.38,156864,224596,-0.007064142413104624,0
2023-07-28 10:53:39,1415.5,313354,1,1416.38,157342,224087,-0.007064142413104624,0
2023-07-28 10:53:39,1415.5,313354,1,1416.38,157567,224043,-0.007064142413104624,0
2023-07-28 10:53:39,1415.5,313354,1,1416.38,157567,224017,-0.007064142413104624,0
2023-07-28 10:53:39,1415.5,313354,1,1416.38,157715,223997,-0.007064142413104624,0
2023-07-28 10:53:39,1415.5,313354,1,1416.38,157639,223991,-0.007064142413104624,0
2023-07-28 10:53:39,1415.5,313354,1,1416.38,157558,223991,-0.007064142413104624,0
2023-07-28 10:53:39,1415.5,313354,1,1416.38,157558,224071,-0.007064142413104624,0
2023-07-28 10:53:39,1415.5,313354,1,1416.38,157446,224071,-0.007064142413104624,0
2023-07-28 10:53:39,1415.5,313354,1,1416.38,157721,224072,-0.007064142413104624,0
2023-07-28 10:54:00,1415.95,313355,1,1416.38,157721,224071,0.02472449844589831,0
2023-07-28 10:54:00,1415.95,313355,1,1416.38,157906,224307,0.02472449844589831,0
2023-07-28 10:54:00,1415.95,313355,1,1416.38,157795,225060,0.02472449844589831,0
2023-07-28 10:54:00,1415.95,313355,1,1416.38,157793,224886,0.02472449844589831,0
2023-07-28 10:54:04,1415.7,313577,24,1416.38,157821,224332,0.007064142413120686,0
2023-07-28 10:54:04,1416.3,313577,1,1416.38,157821,224332,0.049448996891780554,0
2023-07-28 10:54:05,1416.3,313585,1,1416.38,157724,225053,0.049448996891780554,0
2023-07-28 10:54:05,1416.3,313585,2,1416.38,157724,225053,0.049448996891780554,0
2023-07-28 10:54:06,1416.4,313601,12,1416.38,157477,226351,0.05651313930490124,0
2023-07-28 10:54:07,1415.8,313605,2,1416.38,157513,226311,0.01412828482622531,0
2023-07-28 10:54:07,1415.8,313605,2,1416.38,157513,226311,0.01412828482622531,0
2023-07-28 10:54:07,1415.8,313605,2,1416.38,157513,226508,0.01412828482622531,0
2023-07-28 10:54:07,1415.8,313605,2,1416.38,157549,225989,0.01412828482622531,0
2023-07-28 10:54:10,1415.65,313622,1,1416.38,157662,224406,0.003532071206568374,0
2023-07-28 10:54:11,1416.25,313624,2,1416.38,157672,224303,0.04591692568522824,0
2023-07-28 10:54:11,1415.65,313624,1,1416.38,157672,224303,0.003532071206568374,0
2023-07-28 10:54:12,1415.65,313628,1,1416.38,157837,224305,0.003532071206568374,0
2023-07-28 10:54:15,1415.7,313637,1,1416.38,157963,224706,0.007064142413120686,0
2023-07-28 10:54:15,1415.7,313637,1,1416.38,157963,224706,0.007064142413120686,0
2023-07-28 10:54:16,1416.35,313642,5,1416.38,157978,224789,0.05298106809833287,0
2023-07-28 10:54:16,1416.35,313642,1,1416.38,157978,224789,0.05298106809833287,0
2023-07-28 10:54:17,1415.7,313644,1,1416.38,158477,224722,0.007064142413120686,0
2023-07-28 10:54:17,1415.7,313644,1,1416.38,158469,224722,0.007064142413120686,0
2023-07-28 10:54:19,1416.4,313674,3,1416.38,159201,224700,0.05651313930490124,0
2023-07-28 10:54:20,1416.5,314294,62,1416.38,158744,224220,0.06357728171800586,0
2023-07-28 10:54:21,1416.35,314437,6,1416.38,156295,224547,0.05298106809833287,0
2023-07-28 10:54:22,1416.35,314451,6,1416.38,158077,226460,0.05298106809833287,0
2023-07-28 10:54:22,1415.65,314451,5,1416.38,158077,226460,0.003532071206568374,0
2023-07-28 10:54:23,1415.65,314459,5,1416.38,157407,225412,0.003532071206568374,0
2023-07-28 10:54:23,1415.55,314461,1,1416.38,158156,224943,-0.003532071206552312,0
2023-07-28 10:54:23,1415.55,314461,1,1416.38,158138,224973,-0.003532071206552312,0
2023-07-28 10:54:23,1415.55,314461,1,1416.38,157830,225086,-0.003532071206552312,0
2023-07-28 10:54:23,1416.25,314461,33,1416.38,157830,225086,0.04591692568522824,0
2023-07-28 10:54:28,1416.25,314520,6,1416.38,158481,225351,0.04591692568522824,0
2023-07-28 10:54:28,1416.45,314520,1,1416.38,158481,225351,0.060045210511453555,0
2023-07-28 10:54:29,1416.35,314584,9,1416.38,157837,224987,0.05298106809833287,0
2023-07-28 10:54:30,1415.7,314606,5,1416.38,157845,224816,0.007064142413120686,0
2023-07-28 10:54:30,1416.35,314606,187,1416.38,157845,224816,0.05298106809833287,0
2023-07-28 10:54:31,1416.35,315034,213,1416.38,158349,224726,0.05298106809833287,0
2023-07-28 10:54:31,1416.4,315034,43,1416.38,158349,224726,0.05651313930490124,0
2023-07-28 10:54:31,1416.4,315034,4,1416.38,158349,224726,0.05651313930490124,0
2023-07-28 10:54:33,1415.95,315115,34,1416.38,158465,224946,0.02472449844589831,0
2023-07-28 10:54:33,1416.2,315115,4,1416.38,158465,224946,0.04238485447867593,0
2023-07-28 10:54:34,1415.8,315124,5,1416.38,158484,224927,0.01412828482622531,0
2023-07-28 10:54:34,1416.2,315125,1,1416.38,158484,224915,0.04238485447867593,0
2023-07-28 10:54:34,1416.2,315125,1,1416.38,158517,224883,0.04238485447867593,0
2023-07-28 10:54:34,1416.2,315125,1,1416.38,158561,224862,0.04238485447867593,0
2023-07-28 10:54:34,1416.2,315125,1,1416.38,158561,224887,0.04238485447867593,0
2023-07-28 10:54:34,1416.2,315125,1,1416.38,158961,224887,0.04238485447867593,0
2023-07-28 10:54:34,1415.75,315125,2,1416.38,158961,224887,0.010596213619672997,0
2023-07-28 10:54:34,1416.2,315125,5,1416.38,158961,224887,0.04238485447867593,0
2023-07-28 10:54:41,1415.8,315188,2,1416.38,159354,224335,0.01412828482622531,0
2023-07-28 10:54:41,1416.2,315189,1,1416.38,159708,224695,0.04238485447867593,0
2023-07-28 10:54:42,1416.2,315190,1,1416.38,159087,224971,0.04238485447867593,0
2023-07-28 10:54:42,1416.2,315190,1,1416.38,150579,225498,0.04238485447867593,0
2023-07-28 10:54:42,1416.2,315190,1,1416.38,155527,224195,0.04238485447867593,0
2023-07-28 10:54:46,1416.5,315440,50,1416.38,156891,225317,0.06357728171800586,0
2023-07-28 10:54:47,1415.9,315498,1,1416.38,159222,225068,0.021192427239345994,0
2023-07-28 10:54:47,1415.9,315498,5,1416.38,159222,225068,0.021192427239345994,0
2023-07-28 10:54:48,1416.45,315510,1,1416.38,159221,225061,0.060045210511453555,0
2023-07-28 10:54:48,1415.9,315510,1,1416.38,159221,225061,0.021192427239345994,0
2023-07-28 10:54:48,1415.9,315513,1,1416.38,151630,225234,0.021192427239345994,0
2023-07-28 10:54:48,1415.9,315513,1,1416.38,151516,225307,0.021192427239345994,0
2023-07-28 10:54:48,1415.9,315513,1,1416.38,159047,225307,0.021192427239345994,0
2023-07-28 10:54:48,1415.9,315513,1,1416.38,159190,225300,0.021192427239345994,0
2023-07-28 10:54:48,1415.9,315513,1,1416.38,159190,225288,0.021192427239345994,0
2023-07-28 10:54:48,1415.8,315513,25,1416.38,159190,225288,0.01412828482622531,0
2023-07-28 10:54:55,1416.5,315709,20,1416.38,158597,225188,0.06357728171800586,0
2023-07-28 10:54:56,1416.45,315734,2,1416.38,158173,225264,0.060045210511453555,0
2023-07-28 10:54:57,1415.75,315737,1,1416.38,158470,225953,0.010596213619672997,0
2023-07-28 10:54:57,1415.75,315737,1,1416.38,158470,225953,0.010596213619672997,0
2023-07-28 10:54:57,1415.75,315737,1,1416.38,158470,225953,0.010596213619672997,0
2023-07-28 10:54:57,1415.75,315737,1,1416.38,158018,226620,0.010596213619672997,0
2023-07-28 10:54:57,1415.75,315737,1,1416.38,159461,225579,0.010596213619672997,0
2023-07-28 10:54:57,1416.5,315737,42,1416.38,159461,225579,0.06357728171800586,0
2023-07-28 10:55:03,1416.5,315837,42,1416.38,159506,225343,0.06357728171800586,0
2023-07-28 10:55:03,1416.0,315837,10,1416.38,159506,225343,0.02825656965245062,0
2023-07-28 10:55:04,1416.0,315862,2,1416.38,159183,225822,0.02825656965245062,0
2023-07-28 10:55:04,1416.5,315862,3,1416.38,159183,225822,0.06357728171800586,0
2023-07-28 10:55:04,1416.5,315865,3,1416.38,159183,226067,0.06357728171800586,0
2023-07-28 10:55:04,1415.9,315865,24,1416.38,159183,226067,0.021192427239345994,0
2023-07-28 10:55:06,1416.0,316089,23,1416.38,158322,226102,0.02825656965245062,0
2023-07-28 10:55:08,1416.0,316123,3,1416.38,158310,226075,0.02825656965245062,0
2023-07-28 10:55:08,1415.55,316123,7,1416.38,158310,226075,-0.003532071206552312,0
2023-07-28 10:55:09,1415.5,317243,41,1416.38,155166,227730,-0.007064142413104624,0
2023-07-28 10:55:11,1415.85,317387,1,1416.38,156985,227259,0.017660356032777623,0
2023-07-28 10:55:11,1415.05,317387,12,1416.38,156985,227259,-0.038852783272107554,0
2023-07-28 10:55:12,1415.2,318437,10,1416.37,156861,228899,-0.028256569652434557,0
2023-07-28 10:55:12,1415.2,318437,14,1416.37,156861,228899,-0.028256569652434557,0
2023-07-28 10:55:13,1415.2,318522,3,1416.37,157453,228618,-0.028256569652434557,0
2023-07-28 10:55:14,1415.8,318551,3,1416.37,158002,228448,0.01412828482622531,0
2023-07-28 10:55:14,1414.7,318551,99,1416.37,158002,228448,-0.0635772817179898,0
2023-07-28 10:55:16,1414.7,319933,17,1416.37,156480,228727,-0.0635772817179898,0
2023-07-28 10:55:18,1415.0,319947,10,1416.37,157220,228210,-0.04238485447865987,0
2023-07-28 10:55:18,1414.95,319956,1,1416.37,156596,228700,-0.04591692568521218,0
2023-07-28 10:55:19,1414.95,319957,1,1416.37,156926,228663,-0.04591692568521218,0
2023-07-28 10:55:19,1414.95,319957,1,1416.37,156904,228981,-0.04591692568521218,0
2023-07-28 10:55:19,1414.95,319957,1,1416.37,155829,229759,-0.04591692568521218,0
2023-07-28 10:55:19,1414.95,319957,1,1416.37,156304,229763,-0.04591692568521218,0
2023-07-28 10:55:19,1414.95,319957,1,1416.37,156538,229459,-0.04591692568521218,0
2023-07-28 10:55:26,1414.95,319967,10,1416.37,156771,229559,-0.04591692568521218,0
2023-07-28 10:55:26,1414.25,319967,25,1416.37,156771,229559,-0.09536592257699274,0
2023-07-28 10:55:26,1414.25,320225,25,1416.37,156139,229991,-0.09536592257699274,0
2023-07-28 10:55:26,1414.3,320225,2,1416.37,156139,229991,-0.09183385137044042,0
2023-07-28 10:55:27,1414.9,320232,1,1416.37,157940,229507,-0.04944899689176449,0
2023-07-28 10:55:29,1414.9,320259,3,1416.37,155426,228563,-0.04944899689176449,0
2023-07-28 10:55:30,1414.9,320262,3,1416.37,155426,228560,-0.04944899689176449,0
2023-07-28 10:55:31,1414.3,320297,4,1416.37,154251,228806,-0.09183385137044042,0
2023-07-28 10:55:31,1414.95,320297,3,1416.37,154251,228806,-0.04591692568521218,0
2023-07-28 10:55:31,1414.95,320300,3,1416.37,155032,228777,-0.04591692568521218,0
2023-07-28 10:55:31,1414.95,320300,1,1416.37,155032,228777,-0.04591692568521218,0
2023-07-28 10:55:33,1414.3,320302,1,1416.37,155173,228920,-0.09183385137044042,0
2023-07-28 10:55:33,1414.3,320302,1,1416.37,155173,228920,-0.09183385137044042,0
2023-07-28 10:55:33,1414.3,320302,1,1416.37,155174,228960,-0.09183385137044042,0
2023-07-28 10:55:33,1414.3,320302,1,1416.37,155174,228960,-0.09183385137044042,0
2023-07-28 10:55:33,1414.3,320302,1,1416.37,155254,229117,-0.09183385137044042,0
2023-07-28 10:55:38,1414.3,320303,1,1416.37,155250,229117,-0.09183385137044042,0
2023-07-28 10:55:38,1414.3,320303,1,1416.37,155260,230494,-0.09183385137044042,0
2023-07-28 10:55:38,1414.3,320303,1,1416.37,156889,230257,-0.09183385137044042,0
2023-07-28 10:55:42,1414.45,320523,20,1416.36,156411,231143,-0.08123763775076742,0
2023-07-28 10:55:42,1414.2,320523,2,1416.36,156411,231143,-0.09889799378354505,0
2023-07-28 10:55:43,1413.85,320682,16,1416.36,156519,229719,-0.12362249222944335,0
2023-07-28 10:55:44,1414.0,320702,2,1416.36,154313,230012,-0.11302627860977035,0
2023-07-28 10:55:45,1413.6,320705,1,1416.36,156021,230014,-0.14128284826222098,0
2023-07-28 10:55:45,1413.6,320705,1,1416.36,155574,230267,-0.14128284826222098,0
2023-07-28 10:55:45,1413.6,320705,1,1416.36,157020,230204,-0.14128284826222098,0
2023-07-28 10:55:48,1413.65,320706,1,1416.36,157019,230104,-0.1377507770556526,0
2023-07-28 10:55:48,1413.65,320706,1,1416.36,157189,230104,-0.1377507770556526,0
2023-07-28 10:55:48,1413.65,320706,1,1416.36,157189,230104,-0.1377507770556526,0
2023-07-28 10:55:48,1413.65,320706,1,1416.36,156242,230134,-0.1377507770556526,0
2023-07-28 10:55:48,1413.65,320706,1,1416.36,156217,230184,-0.1377507770556526,0
2023-07-28 10:55:48,1413.65,320706,1,1416.36,156232,230184,-0.1377507770556526,0
2023-07-28 10:55:48,1413.65,320706,1,1416.36,156173,230227,-0.1377507770556526,0
2023-07-28 10:55:48,1413.65,320706,1,1416.36,156044,230227,-0.1377507770556526,0
2023-07-28 10:55:48,1413.65,320706,1,1416.36,156045,230227,-0.1377507770556526,0
2023-07-28 10:55:48,1413.65,320706,1,1416.36,156012,230263,-0.1377507770556526,0
2023-07-28 10:55:48,1413.65,320706,1,1416.36,156102,230197,-0.1377507770556526,0
2023-07-28 10:55:48,1413.65,320706,1,1416.36,156102,230197,-0.1377507770556526,0
2023-07-28 10:55:48,1413.65,320706,1,1416.36,156502,230197,-0.1377507770556526,0
2023-07-28 10:55:48,1413.65,320706,1,1416.36,156001,230185,-0.1377507770556526,0
2023-07-28 10:55:48,1413.65,320706,3,1416.36,156001,230185,-0.1377507770556526,0
2023-07-28 10:56:08,1414.0,320729,3,1416.36,156598,230170,-0.11302627860977035,0
2023-07-28 10:56:09,1414.0,320732,3,1416.36,156777,230167,-0.11302627860977035,0
2023-07-28 10:56:09,1414.0,320732,3,1416.36,156777,230399,-0.11302627860977035,0
2023-07-28 10:56:09,1414.0,320732,3,1416.36,156779,230399,-0.11302627860977035,0
2023-07-28 10:56:09,1414.0,320732,3,1416.36,156779,230429,-0.11302627860977035,0
2023-07-28 10:56:09,1414.0,320732,3,1416.36,156804,230440,-0.11302627860977035,0
2023-07-28 10:56:09,1414.0,320732,3,1416.36,156804,230440,-0.11302627860977035,0
2023-07-28 10:56:09,1413.65,320732,7,1416.36,156804,230440,-0.1377507770556526,0
2023-07-28 10:56:15,1414.0,320739,1,1416.36,156797,230440,-0.11302627860977035,0
2023-07-28 10:56:16,1413.65,320741,1,1416.36,156796,230005,-0.1377507770556526,0
2023-07-28 10:56:16,1413.65,320741,1,1416.36,156913,229845,-0.1377507770556526,0
2023-07-28 10:56:16,1413.65,320741,1,1416.36,156659,229930,-0.1377507770556526,0
2023-07-28 10:56:16,1413.65,320741,1,1416.36,156679,229987,-0.1377507770556526,0
2023-07-28 10:56:16,1413.65,320741,1,1416.36,156667,229821,-0.1377507770556526,0
2023-07-28 10:56:16,1413.65,320741,1,1416.36,156667,229823,-0.1377507770556526,0
2023-07-28 10:56:16,1413.65,320741,1,1416.36,156667,229823,-0.1377507770556526,0
2023-07-28 10:56:16,1413.65,320741,1,1416.36,156669,229759,-0.1377507770556526,0
2023-07-28 10:56:16,1413.65,320741,1,1416.36,156669,229759,-0.1377507770556526,0
2023-07-28 10:56:16,1413.65,320741,1,1416.36,156657,229810,-0.1377507770556526,0
2023-07-28 10:56:16,1413.65,320741,1,1416.36,156657,229810,-0.1377507770556526,0
2023-07-28 10:56:16,1413.65,320741,1,1416.36,156657,229810,-0.1377507770556526,0
2023-07-28 10:56:26,1413.95,320742,1,1416.36,156669,229698,-0.11655834981632267,0
2023-07-28 10:56:26,1413.05,320742,35,1416.36,156669,229698,-0.18013563153432854,0
2023-07-28 10:56:26,1413.15,320742,3,1416.36,156669,229698,-0.17307148912120784,0
2023-07-28 10:56:28,1413.8,324067,42,1416.33,155157,229621,-0.12715456343599565,0
2023-07-28 10:56:30,1413.95,324141,8,1416.33,155865,229042,-0.11655834981632267,0
2023-07-28 10:56:31,1413.95,324171,195,1416.33,155868,229062,-0.11655834981632267,0
2023-07-28 10:56:32,1413.45,324424,13,1416.33,155423,229508,-0.1518790618818779,0
2023-07-28 10:56:32,1413.45,324424,17,1416.33,155423,229508,-0.1518790618818779,0
2023-07-28 10:56:32,1413.95,324441,2,1416.33,155763,228996,-0.11655834981632267,0
2023-07-28 10:56:34,1413.95,324453,1,1416.33,155752,228997,-0.11655834981632267,0
2023-07-28 10:56:35,1413.4,324455,1,1416.33,155751,228975,-0.15541113308843021,0
2023-07-28 10:56:35,1413.4,324455,1,1416.33,155741,228975,-0.15541113308843021,0
2023-07-28 10:56:35,1413.4,324455,1,1416.33,155684,229010,-0.15541113308843021,0
2023-07-28 10:56:35,1413.4,324455,1,1416.33,155634,229019,-0.15541113308843021,0
2023-07-28 10:56:35,1413.4,324455,1,1416.33,155634,229173,-0.15541113308843021,0
2023-07-28 10:56:35,1413.4,324455,1,1416.33,155659,229173,-0.15541113308843021,0
2023-07-28 10:56:35,1413.35,324455,1,1416.33,155659,229173,-0.15894320429499859,0
2023-07-28 10:56:40,1413.35,324456,1,1416.33,155648,229178,-0.15894320429499859,0
2023-07-28 10:56:42,1413.95,324461,5,1416.33,155648,229163,-0.11655834981632267,0
2023-07-28 10:56:42,1413.35,324461,1,1416.33,155648,229163,-0.15894320429499859,0
2023-07-28 10:56:42,1413.35,324463,1,1416.33,155605,229418,-0.15894320429499859,0
2023-07-28 10:56:42,1413.35,324463,1,1416.33,155752,229257,-0.15894320429499859,0
2023-07-28 10:56:42,1413.35,324463,1,1416.33,155527,229268,-0.15894320429499859,0
2023-07-28 10:56:42,1413.35,324463,1,1416.33,155629,229268,-0.15894320429499859,0
2023-07-28 10:56:42,1413.4,324463,1,1416.33,155629,229268,-0.15541113308843021,0
2023-07-28 10:56:47,1413.4,324471,1,1416.33,155566,229261,-0.15541113308843021,0
2023-07-28 10:56:48,1413.95,324510,4,1416.33,155572,229258,-0.11655834981632267,0
2023-07-28 10:56:49,1413.4,324519,5,1416.33,155740,229261,-0.15541113308843021,0
2023-07-28 10:56:49,1413.95,324519,1,1416.33,155740,229261,-0.11655834981632267,0
2023-07-28 10:56:50,1413.4,324529,2,1416.33,156253,229093,-0.15541113308843021,0
2023-07-28 10:56:50,1413.95,324529,1,1416.33,156253,229093,-0.11655834981632267,0
2023-07-28 10:56:51,1413.95,324552,2,1416.33,156701,228990,-0.11655834981632267,0
2023-07-28 10:56:52,1413.95,324564,7,1416.33,156785,229040,-0.11655834981632267,0
2023-07-28 10:56:52,1413.45,324564,2,1416.33,156785,229040,-0.1518790618818779,0
2023-07-28 10:56:53,1413.9,324573,1,1416.33,156037,229112,-0.12009042102287498,0
2023-07-28 10:56:54,1413.95,324581,7,1416.33,156134,229145,-0.11655834981632267,0
2023-07-28 10:56:54,1413.4,324581,1,1416.33,156134,229145,-0.15541113308843021,0
2023-07-28 10:56:55,1413.9,324595,8,1416.33,156134,229049,-0.12009042102287498,0
2023-07-28 10:56:55,1413.4,324595,2,1416.33,156134,229049,-0.15541113308843021,0
2023-07-28 10:56:55,1413.4,324598,2,1416.33,156163,229277,-0.15541113308843021,0
2023-07-28 10:56:55,1413.4,324598,2,1416.33,156163,229413,-0.15541113308843021,0
2023-07-28 10:56:55,1413.4,324598,2,1416.33,156163,229460,-0.15541113308843021,0
2023-07-28 10:56:55,1413.4,324598,2,1416.33,156165,229460,-0.15541113308843021,0
2023-07-28 10:56:55,1413.4,324598,1,1416.33,156152,229413,-0.15541113308843021,0
2023-07-28 10:57:01,1413.95,324599,1,1416.33,156146,229413,-0.11655834981632267,0
2023-07-28 10:57:02,1413.95,324600,1,1416.33,156146,229368,-0.11655834981632267,0
2023-07-28 10:57:03,1413.3,324700,1,1416.33,155451,229507,-0.16247527550155091,0
2023-07-28 10:57:03,1413.85,324700,10,1416.33,155451,229507,-0.12362249222944335,0
2023-07-28 10:57:04,1413.3,324724,14,1416.33,156483,229496,-0.16247527550155091,0
2023-07-28 10:57:04,1413.3,324724,2,1416.33,156483,229496,-0.16247527550155091,0
2023-07-28 10:57:05,1413.3,324728,2,1416.33,156481,229392,-0.16247527550155091,0
2023-07-28 10:57:05,1413.3,324728,1,1416.33,156481,229392,-0.16247527550155091,0
2023-07-28 10:57:08,1413.85,324729,1,1416.33,156810,229463,-0.12362249222944335,0
2023-07-28 10:57:08,1413.3,324729,18,1416.33,156810,229463,-0.16247527550155091,0
2023-07-28 10:57:08,1413.3,324729,2,1416.33,156810,229463,-0.16247527550155091,0
2023-07-28 10:57:13,1413.85,324910,10,1416.32,156520,229464,-0.12362249222944335,0
2023-07-28 10:57:13,1413.35,324910,4,1416.32,156520,229464,-0.15894320429499859,0
2023-07-28 10:57:13,1413.3,324910,1,1416.32,156520,229464,-0.16247527550155091,0
2023-07-28 10:57:13,1413.3,324910,10,1416.32,156520,229464,-0.16247527550155091,0
2023-07-28 10:57:13,1413.3,324910,2,1416.32,156520,229464,-0.16247527550155091,0
2023-07-28 10:57:17,1413.3,324945,2,1416.32,156283,229942,-0.16247527550155091,0
2023-07-28 10:57:17,1413.85,324945,3,1416.32,156283,229942,-0.12362249222944335,0
2023-07-28 10:57:22,1413.3,324950,2,1416.32,153816,228790,-0.16247527550155091,0
2023-07-28 10:57:22,1413.3,324950,1,1416.32,153816,228790,-0.16247527550155091,0
2023-07-28 10:57:22,1413.3,324954,1,1416.32,153420,229926,-0.16247527550155091,0
2023-07-28 10:57:22,1413.3,324954,1,1416.32,153420,229926,-0.16247527550155091,0
2023-07-28 10:57:29,1413.3,324955,1,1416.32,155999,230315,-0.16247527550155091,0
2023-07-28 10:57:34,1413.8,324956,1,1416.32,156938,229574,-0.12715456343599565,0
2023-07-28 10:57:34,1413.6,324956,70,1416.32,156938,229574,-0.14128284826222098,0
2023-07-28 10:57:34,1413.3,324956,9,1416.32,156938,229574,-0.16247527550155091,0
2023-07-28 10:57:34,1413.3,324956,1,1416.32,156938,229574,-0.16247527550155091,0
2023-07-28 10:57:34,1413.3,324956,1,1416.32,156938,229574,-0.16247527550155091,0
2023-07-28 10:57:34,1413.4,324956,1,1416.32,156938,229574,-0.15541113308843021,0
2023-07-28 10:57:34,1413.4,324956,41,1416.32,156938,229574,-0.15541113308843021,0
2023-07-28 10:57:34,1413.6,324956,100,1416.32,156938,229574,-0.14128284826222098,0
2023-07-28 10:57:43,1413.6,325217,10,1416.32,157559,229457,-0.14128284826222098,0
2023-07-28 10:57:43,1413.3,325217,4,1416.32,157559,229457,-0.16247527550155091,0
2023-07-28 10:57:43,1413.8,325239,1,1416.32,156262,229663,-0.12715456343599565,0
2023-07-28 10:57:43,1413.85,325239,2,1416.32,156262,229663,-0.12362249222944335,0
2023-07-28 10:57:43,1413.3,325239,1,1416.32,156262,229663,-0.16247527550155091,0
2023-07-28 10:57:51,1413.3,325244,1,1416.32,156387,229575,-0.16247527550155091,0
2023-07-28 10:57:53,1413.9,325245,1,1416.32,156235,229656,-0.12009042102287498,0
2023-07-28 10:57:53,1413.3,325245,1,1416.32,156235,229656,-0.16247527550155091,0
2023-07-28 10:57:57,1413.3,325246,1,1416.32,155955,230287,-0.16247527550155091,0
2023-07-28 10:57:57,1413.3,325246,34,1416.32,155955,230287,-0.16247527550155091,0
2023-07-28 10:57:57,1413.3,325246,7,1416.32,155955,230287,-0.16247527550155091,0
2023-07-28 10:57:57,1413.3,325246,1,1416.32,155955,230287,-0.16247527550155091,0
2023-07-28 10:58:01,1413.3,325313,1,1416.32,155787,230393,-0.16247527550155091,0
2023-07-28 10:58:01,1413.3,325313,1,1416.32,155787,230393,-0.16247527550155091,0
2023-07-28 10:58:01,1413.3,325313,1,1416.32,155787,230393,-0.16247527550155091,0
2023-07-28 10:58:01,1413.3,325313,18,1416.32,155787,230393,-0.16247527550155091,0
2023-07-28 10:58:01,1413.3,325313,2,1416.32,155787,230393,-0.16247527550155091,0
2023-07-28 10:58:05,1413.3,325342,2,1416.32,147889,231152,-0.16247527550155091,0
2023-07-28 10:58:07,1413.3,325346,1,1416.32,155318,231150,-0.16247527550155091,0
2023-07-28 10:58:07,1413.3,325346,1,1416.32,155435,231083,-0.16247527550155091,0
2023-07-28 10:58:07,1413.3,325346,1,1416.32,155435,230683,-0.16247527550155091,0
2023-07-28 10:58:07,1413.3,325346,1,1416.32,155524,230719,-0.16247527550155091,0
2023-07-28 10:58:07,1413.55,325346,3,1416.32,155524,230719,-0.14481491946877328,0
2023-07-28 10:58:10,1413.3,325392,5,1416.32,155499,230957,-0.16247527550155091,0
2023-07-28 10:58:12,1413.3,325402,1,1416.32,155564,230487,-0.16247527550155091,0
2023-07-28 10:58:12,1413.3,325402,1,1416.32,155564,230487,-0.16247527550155091,0
2023-07-28 10:58:13,1413.3,325406,4,1416.32,155560,230548,-0.16247527550155091,0
2023-07-28 10:58:13,1413.3,325406,4,1416.32,155213,230738,-0.16247527550155091,0
2023-07-28 10:58:13,1413.3,325406,4,1416.32,155796,229926,-0.16247527550155091,0
2023-07-28 10:58:13,1413.3,325406,4,1416.32,155796,230327,-0.16247527550155091,0
2023-07-28 10:58:13,1413.3,325406,4,1416.32,155796,230327,-0.16247527550155091,0
2023-07-28 10:58:18,1413.2,325407,1,1416.32,155825,229608,-0.16953941791465554,0
2023-07-28 10:58:18,1413.2,325407,1,1416.32,155825,229576,-0.16953941791465554,0
2023-07-28 10:58:18,1413.2,325407,1,1416.32,155818,230130,-0.16953941791465554,0
2023-07-28 10:58:18,1413.2,325407,1,1416.32,155818,230126,-0.16953941791465554,0
2023-07-28 10:58:18,1413.2,325407,1,1416.32,155818,230123,-0.16953941791465554,0
2023-07-28 10:58:18,1413.2,325407,1,1416.32,155820,229723,-0.16953941791465554,0
2023-07-28 10:58:18,1413.3,325407,1,1416.32,155820,229723,-0.16247527550155091,0
2023-07-28 10:58:25,1413.3,325408,1,1416.32,155750,229588,-0.16247527550155091,0
2023-07-28 10:58:25,1413.3,325408,1,1416.32,155674,229988,-0.16247527550155091,0
2023-07-28 10:58:25,1413.3,325408,1,1416.32,155661,229988,-0.16247527550155091,0
2023-07-28 10:58:25,1413.3,325408,1,1416.32,155120,230577,-0.16247527550155091,0
2023-07-28 10:58:25,1413.3,325408,1,1416.32,155466,230577,-0.16247527550155091,0
2023-07-28 10:58:25,1413.3,325408,1,1416.32,155606,230592,-0.16247527550155091,0
2023-07-28 10:58:25,1413.3,325408,1,1416.32,155456,230599,-0.16247527550155091,0
2023-07-28 10:58:32,1413.3,325409,1,1416.32,155411,230600,-0.16247527550155091,0
2023-07-28 10:58:33,1413.65,325413,1,1416.32,155509,229699,-0.1377507770556526,0
2023-07-28 10:58:33,1413.65,325413,1,1416.32,155509,229699,-0.1377507770556526,0
2023-07-28 10:58:33,1413.65,325413,1,1416.32,155590,228699,-0.1377507770556526,0
2023-07-28 10:58:33,1413.65,325413,1,1416.32,155619,229300,-0.1377507770556526,0
2023-07-28 10:58:33,1413.65,325413,1,1416.32,155711,229008,-0.1377507770556526,0
2023-07-28 10:58:38,1413.2,325423,1,1416.32,155710,229084,-0.16953941791465554,0
2023-07-28 10:58:38,1413.2,325425,1,1416.32,155709,229478,-0.16953941791465554,0
2023-07-28 10:58:40,1413.3,325427,1,1416.32,155786,229401,-0.16247527550155091,0
2023-07-28 10:58:40,1413.3,325427,1,1416.32,155786,229401,-0.16247527550155091,0
2023-07-28 10:58:40,1413.3,325427,1,1416.32,155628,229401,-0.16247527550155091,0
2023-07-28 10:58:40,1413.3,325427,1,1416.32,155555,229401,-0.16247527550155091,0
2023-07-28 10:58:40,1413.3,325427,1,1416.32,155543,229411,-0.16247527550155091,0
2023-07-28 10:58:40,1413.3,325427,1,1416.32,155543,229415,-0.16247527550155091,0
2023-07-28 10:58:40,1413.3,325427,1,1416.32,155643,229926,-0.16247527550155091,0
2023-07-28 10:58:47,1413.3,325430,1,1416.32,155800,229924,-0.16247527550155091,0
2023-07-28 10:58:47,1413.65,325430,1,1416.32,155800,229924,-0.1377507770556526,0
2023-07-28 10:58:47,1413.65,325431,1,1416.32,155764,229877,-0.1377507770556526,0
2023-07-28 10:58:47,1413.65,325431,1,1416.32,155764,229877,-0.1377507770556526,0
2023-07-28 10:58:50,1413.65,325434,3,1416.32,155858,229789,-0.1377507770556526,0
2023-07-28 10:58:51,1413.3,325435,1,1416.32,155731,230063,-0.16247527550155091,0
2023-07-28 10:58:51,1413.3,325435,1,1416.32,155751,230063,-0.16247527550155091,0
2023-07-28 10:58:51,1413.65,325435,10,1416.32,155751,230063,-0.1377507770556526,0
2023-07-28 10:58:53,1413.65,325447,1,1416.32,155869,229759,-0.1377507770556526,0
2023-07-28 10:58:53,1413.65,325448,1,1416.32,155687,230030,-0.1377507770556526,0
2023-07-28 10:58:56,1413.3,325490,2,1416.32,155926,229508,-0.16247527550155091,0
2023-07-28 10:58:56,1413.3,325493,3,1416.32,155927,229330,-0.16247527550155091,0
2023-07-28 10:58:57,1413.3,325494,1,1416.32,155987,229330,-0.16247527550155091,0
2023-07-28 10:58:58,1413.7,325495,1,1416.32,155882,229496,-0.13421870584910028,0
2023-07-28 10:58:58,1413.7,325495,2,1416.32,155882,229496,-0.13421870584910028,0
2023-07-28 10:58:59,1413.65,325504,7,1416.32,155904,229594,-0.1377507770556526,0
2023-07-28 10:58:59,1413.65,325504,1,1416.32,155904,229594,-0.1377507770556526,0
2023-07-28 10:58:59,1413.65,325504,2,1416.32,155904,229594,-0.1377507770556526,0
2023-07-28 10:59:00,1413.65,325508,2,1416.32,155925,229234,-0.1377507770556526,0
2023-07-28 10:59:00,1413.65,325508,2,1416.32,156095,229284,-0.1377507770556526,0
2023-07-28 10:59:00,1413.65,325508,2,1416.32,155948,229750,-0.1377507770556526,0
2023-07-28 10:59:00,1413.65,325508,7,1416.32,155948,229750,-0.1377507770556526,0
2023-07-28 10:59:04,1413.65,325516,1,1416.32,156027,230080,-0.1377507770556526,0
2023-07-28 10:59:04,1413.75,325516,1,1416.32,156027,230080,-0.13068663464254798,0
2023-07-28 10:59:07,1413.65,325518,1,1416.32,156136,229363,-0.1377507770556526,0
2023-07-28 10:59:07,1413.65,325518,1,1416.32,156136,229363,-0.1377507770556526,0
2023-07-28 10:59:07,1413.25,325518,8,1416.32,156136,229363,-0.16600734670810322,0
2023-07-28 10:59:07,1413.2,325518,1,1416.32,156136,229363,-0.16953941791465554,0
2023-07-28 10:59:11,1413.8,325530,2,1416.32,156236,229617,-0.12715456343599565,0
2023-07-28 10:59:11,1413.2,325530,1,1416.32,156236,229617,-0.16953941791465554,0
2023-07-28 10:59:14,1413.2,325533,1,1416.32,156130,229811,-0.16953941791465554,0
2023-07-28 10:59:14,1413.2,325533,1,1416.32,156365,229333,-0.16953941791465554,0
2023-07-28 10:59:14,1413.2,325533,1,1416.32,156365,229333,-0.16953941791465554,0
2023-07-28 10:59:14,1413.2,325533,1,1416.32,156365,229333,-0.16953941791465554,0
2023-07-28 10:59:14,1413.2,325533,1,1416.32,156365,229333,-0.16953941791465554,0
2023-07-28 10:59:14,1413.2,325533,1,1416.32,156365,229333,-0.16953941791465554,0
2023-07-28 10:59:14,1413.2,325533,1,1416.32,156365,229333,-0.16953941791465554,0
2023-07-28 10:59:23,1413.2,325536,1,1416.32,156431,229107,-0.16953941791465554,0
2023-07-28 10:59:23,1413.2,325536,1,1416.32,156431,229107,-0.16953941791465554,0
2023-07-28 10:59:23,1413.2,325536,1,1416.32,156431,229107,-0.16953941791465554,0
2023-07-28 10:59:23,1413.2,325536,1,1416.32,156431,229107,-0.16953941791465554,0
2023-07-28 10:59:23,1413.2,325536,1,1416.32,156431,229107,-0.16953941791465554,0
2023-07-28 10:59:28,1413.25,325537,1,1416.32,156407,229199,-0.16600734670810322,0
2023-07-28 10:59:28,1413.25,325537,1,1416.32,156480,229338,-0.16600734670810322,0
2023-07-28 10:59:28,1413.25,325537,1,1416.32,156480,229338,-0.16600734670810322,0
2023-07-28 10:59:35,1413.25,325538,1,1416.32,156480,229339,-0.16600734670810322,0
2023-07-28 10:59:35,1413.25,325538,1,1416.32,156503,229338,-0.16600734670810322,0
2023-07-28 10:59:35,1413.25,325538,1,1416.32,156503,229338,-0.16600734670810322,0
2023-07-28 10:59:42,1413.25,325539,11,1416.32,156480,229348,-0.16600734670810322,0
2023-07-28 10:59:42,1413.25,325539,2,1416.32,156480,229348,-0.16600734670810322,0
2023-07-28 10:59:45,1413.25,325553,2,1416.32,156411,229439,-0.16600734670810322,0
2023-07-28 10:59:45,1413.8,325553,1,1416.32,156411,229439,-0.12715456343599565,0
2023-07-28 10:59:45,1413.2,325553,1,1416.32,156411,229439,-0.16953941791465554,0
2023-07-28 10:59:49,1413.2,325556,1,1416.32,156334,229665,-0.16953941791465554,0
2023-07-28 10:59:56,1413.25,325557,1,1416.32,156285,230569,-0.16600734670810322,0
2023-07-28 11:00:00,1413.7,325568,1,1416.32,156334,230116,-0.13421870584910028,0
2023-07-28 11:00:00,1413.25,325568,1,1416.32,156334,230116,-0.16600734670810322,0
2023-07-28 11:00:00,1413.2,325568,221,1416.32,156334,230116,-0.16953941791465554,0
2023-07-28 11:00:00,1413.2,325568,27,1416.32,156334,230116,-0.16953941791465554,0
2023-07-28 11:00:04,1413.2,325823,3,1416.32,156193,230155,-0.16953941791465554,0
2023-07-28 11:00:04,1413.75,325823,2,1416.32,156193,230155,-0.13068663464254798,0
2023-07-28 11:00:04,1413.2,325823,1,1416.32,156193,230155,-0.16953941791465554,0
2023-07-28 11:00:06,1413.35,325850,1,1416.32,156029,229639,-0.15894320429499859,0
2023-07-28 11:00:06,1413.35,325850,9,1416.32,156029,229639,-0.15894320429499859,0
2023-07-28 11:00:06,1413.35,325850,1,1416.32,156029,229639,-0.15894320429499859,0
2023-07-28 11:00:13,1413.35,325866,1,1416.32,156153,230081,-0.15894320429499859,0
2023-07-28 11:00:13,1413.35,325866,16,1416.32,156153,230081,-0.15894320429499859,0
2023-07-28 11:00:17,1413.35,325884,1,1416.32,156197,229928,-0.15894320429499859,0
2023-07-28 11:00:17,1413.35,325884,1,1416.32,156197,229928,-0.15894320429499859,0
2023-07-28 11:00:17,1413.8,325884,1,1416.32,156197,229928,-0.12715456343599565,0
2023-07-28 11:00:20,1413.8,325888,3,1416.32,156336,229705,-0.12715456343599565,0
2023-07-28 11:00:20,1413.25,325888,1,1416.32,156336,229705,-0.16600734670810322,0
2023-07-28 11:00:20,1413.3,325888,1,1416.32,156336,229705,-0.16247527550155091,0
2023-07-28 11:00:24,1413.85,325912,3,1416.32,156451,229851,-0.12362249222944335,0
2023-07-28 11:00:24,1413.2,325912,20,1416.32,156451,229851,-0.16953941791465554,0
2023-07-28 11:00:24,1413.7,325912,1,1416.32,156451,229851,-0.13421870584910028,0
2023-07-28 11:00:28,1413.75,325939,1,1416.31,156615,229971,-0.13068663464254798,0
2023-07-28 11:00:28,1413.25,325939,1,1416.31,156615,229971,-0.16600734670810322,0
2023-07-28 11:00:28,1413.2,325939,1,1416.31,156615,229971,-0.16953941791465554,0
2023-07-28 11:00:32,1413.2,325944,1,1416.31,155684,228754,-0.16953941791465554,0
2023-07-28 11:00:32,1413.2,325944,1,1416.31,156024,228664,-0.16953941791465554,0
2023-07-28 11:00:32,1413.35,325944,1,1416.31,156024,228664,-0.15894320429499859,0
2023-07-28 11:00:38,1413.35,325946,1,1416.31,156055,228617,-0.15894320429499859,0
2023-07-28 11:00:38,1413.4,325946,1,1416.31,156055,228617,-0.15541113308843021,0
2023-07-28 11:00:38,1413.4,325946,2,1416.31,156055,228617,-0.15541113308843021,0
2023-07-28 11:00:45,1413.4,325965,1,1416.31,156011,228698,-0.15541113308843021,0
2023-07-28 11:00:45,1413.95,325965,2,1416.31,156011,228698,-0.11655834981632267,0
2023-07-28 11:00:45,1413.95,325967,2,1416.31,156565,229101,-0.11655834981632267,0
2023-07-28 11:00:45,1413.95,325967,1,1416.31,156565,229101,-0.11655834981632267,0
2023-07-28 11:00:45,1413.75,325967,1,1416.31,156565,229101,-0.13068663464254798,0
2023-07-28 11:00:51,1413.75,325969,1,1416.31,154652,227837,-0.13068663464254798,0
2023-07-28 11:00:51,1414.35,325969,1,1416.31,154652,227837,-0.08830178016388811,0
2023-07-28 11:00:51,1414.1,325969,10,1416.31,154652,227837,-0.10596213619666574,0
2023-07-28 11:00:57,1414.0,326297,2,1416.31,158038,226988,-0.11302627860977035,0
2023-07-28 11:00:57,1414.1,326297,12,1416.31,158038,226988,-0.10596213619666574,0
2023-07-28 11:00:57,1414.05,326297,7,1416.31,158038,226988,-0.10949420740321804,0
2023-07-28 11:00:57,1414.0,326297,1,1416.31,158038,226988,-0.11302627860977035,0
2023-07-28 11:01:02,1414.0,326361,1,1416.31,157582,227988,-0.11302627860977035,0
2023-07-28 11:01:02,1414.5,326361,6,1416.31,157582,227988,-0.07770556654421511,0
2023-07-28 11:01:02,1414.0,326361,10,1416.31,157582,227988,-0.11302627860977035,0
2023-07-28 11:01:02,1414.0,326361,1,1416.31,157582,227988,-0.11302627860977035,0
2023-07-28 11:01:04,1414.5,326455,9,1416.31,157624,227810,-0.07770556654421511,0
2023-07-28 11:01:06,1414.5,326466,1,1416.31,157589,227416,-0.07770556654421511,0
2023-07-28 11:01:07,1414.5,326467,1,1416.31,157750,227298,-0.07770556654421511,0
2023-07-28 11:01:08,1414.0,326473,1,1416.31,157728,227482,-0.11302627860977035,0
2023-07-28 11:01:08,1414.0,326473,1,1416.31,157743,227388,-0.11302627860977035,0
2023-07-28 11:01:08,1414.0,326473,1,1416.31,157760,227388,-0.11302627860977035,0
2023-07-28 11:01:12,1414.0,326484,1,1416.31,157749,227464,-0.11302627860977035,0
2023-07-28 11:01:12,1414.55,326485,1,1416.31,157748,227412,-0.0741734953376628,0
2023-07-28 11:01:13,1414.0,326486,1,1416.31,157747,227336,-0.11302627860977035,0
2023-07-28 11:01:14,1414.55,326487,1,1416.31,157894,227357,-0.0741734953376628,0
2023-07-28 11:01:14,1414.55,326488,1,1416.31,158035,227347,-0.0741734953376628,0
2023-07-28 11:01:14,1414.55,326488,1,1416.31,158034,227257,-0.0741734953376628,0
2023-07-28 11:01:14,1414.55,326488,1,1416.31,158034,227257,-0.0741734953376628,0
2023-07-28 11:01:20,1414.25,326489,1,1416.31,158809,226278,-0.09536592257699274,0
2023-07-28 11:01:20,1414.15,326489,22,1416.31,158809,226278,-0.10243006499009735,0
2023-07-28 11:01:21,1414.15,326523,4,1416.31,158192,227354,-0.10243006499009735,0
2023-07-28 11:01:21,1414.7,326523,3,1416.31,158192,227354,-0.0635772817179898,0
2023-07-28 11:01:22,1414.2,326527,1,1416.31,158191,227339,-0.09889799378354505,0
2023-07-28 11:01:22,1414.7,326528,1,1416.31,158625,227409,-0.0635772817179898,0
2023-07-28 11:01:22,1414.7,326528,1,1416.31,158943,227267,-0.0635772817179898,0
2023-07-28 11:01:22,1414.7,326528,1,1416.31,158874,227305,-0.0635772817179898,0
2023-07-28 11:01:22,1414.7,326528,1,1416.31,158383,227413,-0.0635772817179898,0
2023-07-28 11:01:27,1414.2,326530,2,1416.31,158236,227433,-0.09889799378354505,0
2023-07-28 11:01:27,1414.7,326530,1,1416.31,158236,227433,-0.0635772817179898,0
2023-07-28 11:01:28,1414.7,326531,1,1416.31,158072,225955,-0.0635772817179898,0
2023-07-28 11:01:28,1414.7,326531,1,1416.31,158072,227051,-0.0635772817179898,0
2023-07-28 11:01:28,1414.7,326531,1,1416.31,158072,227051,-0.0635772817179898,0
2023-07-28 11:01:32,1414.05,326542,1,1416.31,156610,227703,-0.10949420740321804,0
2023-07-28 11:01:32,1414.5,326542,1,1416.31,156610,227703,-0.07770556654421511,0
2023-07-28 11:01:33,1414.0,326544,1,1416.31,156615,227656,-0.11302627860977035,0
2023-07-28 11:01:34,1414.0,326545,1,1416.31,156747,228141,-0.11302627860977035,0
2023-07-28 11:01:34,1414.0,326545,1,1416.31,156747,228139,-0.11302627860977035,0
2023-07-28 11:01:34,1414.0,326545,1,1416.31,156783,228227,-0.11302627860977035,0
2023-07-28 11:01:34,1414.0,326545,1,1416.31,156783,228227,-0.11302627860977035,0
2023-07-28 11:01:34,1414.0,326545,1,1416.31,157137,228093,-0.11302627860977035,0
2023-07-28 11:01:34,1414.0,326545,1,1416.31,157143,228093,-0.11302627860977035,0
2023-07-28 11:01:34,1414.0,326545,1,1416.31,156742,228113,-0.11302627860977035,0
2023-07-28 11:01:41,1414.0,326546,1,1416.31,156705,227681,-0.11302627860977035,0
2023-07-28 11:01:41,1414.5,326546,17,1416.31,156669,227411,-0.07770556654421511,0
2023-07-28 11:01:41,1414.0,326546,8,1416.31,156669,227411,-0.11302627860977035,0
2023-07-28 11:01:43,1414.0,326620,2,1416.31,156675,227445,-0.11302627860977035,0
2023-07-28 11:01:44,1414.0,326630,2,1416.31,156693,227396,-0.11302627860977035,0
2023-07-28 11:01:44,1414.55,326630,1,1416.31,156693,227396,-0.0741734953376628,0
2023-07-28 11:01:45,1414.55,326631,1,1416.31,156695,227393,-0.0741734953376628,0
2023-07-28 11:01:47,1414.0,326633,2,1416.31,156781,227425,-0.11302627860977035,0
2023-07-28 11:01:48,1414.0,326634,1,1416.31,156891,227667,-0.11302627860977035,0
2023-07-28 11:01:48,1414.0,326634,1,1416.31,156891,227664,-0.11302627860977035,0
2023-07-28 11:01:49,1414.0,326635,1,1416.31,156674,228524,-0.11302627860977035,0
2023-07-28 11:01:49,1414.0,326635,2,1416.31,156674,228524,-0.11302627860977035,0
2023-07-28 11:01:50,1414.5,326653,2,1416.31,156175,228292,-0.07770556654421511,0
2023-07-28 11:01:51,1414.5,326655,2,1416.31,156701,228290,-0.07770556654421511,0
2023-07-28 11:01:51,1414.0,326655,1,1416.31,156701,228290,-0.11302627860977035,0
2023-07-28 11:01:54,1414.45,326657,1,1416.31,156700,229032,-0.08123763775076742,0
2023-07-28 11:01:54,1414.45,326658,1,1416.31,156704,229031,-0.08123763775076742,0
2023-07-28 11:01:55,1414.45,328264,19,1416.3,156432,229067,-0.08123763775076742,0
2023-07-28 11:01:55,1414.45,328264,106,1416.3,156432,229067,-0.08123763775076742,0
2023-07-28 11:01:56,1414.5,328394,28,1416.3,157264,226365,-0.07770556654421511,0
2023-07-28 11:01:57,1415.0,328443,23,1416.3,156825,230584,-0.04238485447865987,0
2023-07-28 11:01:58,1414.1,328673,16,1416.3,155958,229815,-0.10596213619666574,0
2023-07-28 11:01:58,1414.1,328673,10,1416.3,155958,229815,-0.10596213619666574,0
2023-07-28 11:01:59,1414.65,328694,1,1416.3,155979,229373,-0.06710935292454212,0
2023-07-28 11:02:00,1414.65,328698,2,1416.3,155881,229664,-0.06710935292454212,0
2023-07-28 11:02:01,1414.0,328702,1,1416.3,155878,229791,-0.11302627860977035,0
2023-07-28 11:02:02,1414.05,328703,1,1416.3,155966,229792,-0.10949420740321804,0
2023-07-28 11:02:02,1414.05,328703,1,1416.3,156233,229869,-0.10949420740321804,0
2023-07-28 11:02:02,1414.05,328703,1,1416.3,156233,229869,-0.10949420740321804,0
2023-07-28 11:02:02,1414.0,328703,36,1416.3,156243,229869,-0.11302627860977035,0
2023-07-28 11:02:02,1414.05,328703,1,1416.3,156243,229869,-0.10949420740321804,0
2023-07-28 11:02:08,1414.05,328744,1,1416.3,156816,230148,-0.10949420740321804,0
2023-07-28 11:02:09,1414.65,328745,1,1416.3,156777,230102,-0.06710935292454212,0
2023-07-28 11:02:09,1414.65,328746,1,1416.3,157314,229926,-0.06710935292454212,0
2023-07-28 11:02:09,1414.65,328746,1,1416.3,157412,229914,-0.06710935292454212,0
2023-07-28 11:02:09,1414.65,328746,1,1416.3,157447,229957,-0.06710935292454212,0
2023-07-28 11:02:09,1414.65,328746,1,1416.3,157713,229998,-0.06710935292454212,0
2023-07-28 11:02:09,1414.65,328746,1,1416.3,157713,229998,-0.06710935292454212,0
2023-07-28 11:02:09,1414.65,328746,1,1416.3,157729,229943,-0.06710935292454212,0
2023-07-28 11:02:16,1414.2,328748,2,1416.3,157592,229976,-0.09889799378354505,0
2023-07-28 11:02:16,1414.2,328748,2,1416.3,156956,229675,-0.09889799378354505,0
2023-07-28 11:02:16,1414.2,328748,2,1416.3,156987,229677,-0.09889799378354505,0
2023-07-28 11:02:20,1414.9,328772,1,1416.3,157041,229747,-0.04944899689176449,0
2023-07-28 11:02:20,1414.95,328774,2,1416.3,157177,229708,-0.04591692568521218,0
2023-07-28 11:02:20,1414.95,328774,2,1416.3,157227,229708,-0.04591692568521218,0
2023-07-28 11:02:20,1414.95,328774,2,1416.3,157227,229708,-0.04591692568521218,0
2023-07-28 11:02:20,1414.4,328774,1,1416.3,157227,229708,-0.08476970895731974,0
2023-07-28 11:02:24,1414.95,329786,9,1416.3,157578,231248,-0.04591692568521218,0
2023-07-28 11:02:24,1414.95,329786,9,1416.3,157578,231248,-0.04591692568521218,0
2023-07-28 11:02:25,1414.95,329900,9,1416.3,157461,232239,-0.04591692568521218,0
2023-07-28 11:02:25,1414.95,329900,1,1416.3,157461,232239,-0.04591692568521218,0
2023-07-28 11:02:27,1414.3,329949,5,1416.3,157101,230178,-0.09183385137044042,0
2023-07-28 11:02:27,1415.0,329954,5,1416.3,157158,230451,-0.04238485447865987,0
2023-07-28 11:02:28,1414.3,329956,1,1416.3,157098,230482,-0.09183385137044042,0
2023-07-28 11:02:28,1414.3,329956,1,1416.3,157284,230486,-0.09183385137044042,0
2023-07-28 11:02:30,1414.3,329957,1,1416.3,157283,230556,-0.09183385137044042,0
2023-07-28 11:02:30,1414.3,329957,1,1416.3,157283,230556,-0.09183385137044042,0
2023-07-28 11:02:30,1414.3,329957,1,1416.3,157409,231421,-0.09183385137044042,0
2023-07-28 11:02:30,1414.2,329957,2,1416.3,157343,231919,-0.09889799378354505,0
2023-07-28 11:02:36,1414.25,330080,13,1416.3,156658,230220,-0.09536592257699274,0
2023-07-28 11:02:38,1414.3,330085,1,1416.3,156582,231462,-0.09183385137044042,0
2023-07-28 11:02:38,1414.3,330085,1,1416.3,156582,231462,-0.09183385137044042,0
2023-07-28 11:02:38,1414.3,330087,1,1416.3,156583,230965,-0.09183385137044042,0
2023-07-28 11:02:39,1414.1,330094,1,1416.3,156504,230447,-0.10596213619666574,0
2023-07-28 11:02:40,1414.7,330095,1,1416.3,156637,229663,-0.0635772817179898,0
2023-07-28 11:02:41,1414.6,331485,23,1416.29,157406,230876,-0.07064142413111049,0
2023-07-28 11:02:41,1414.4,331485,31,1416.29,157406,230876,-0.08476970895731974,0
2023-07-28 11:02:43,1414.4,331674,31,1416.29,157211,230578,-0.08476970895731974,0
2023-07-28 11:02:45,1414.5,331757,71,1416.29,157282,230257,-0.07770556654421511,0
2023-07-28 11:02:45,1414.6,331757,20,1416.29,157282,230257,-0.07064142413111049,0
2023-07-28 11:02:46,1415.2,331869,1,1416.29,158912,228630,-0.028256569652434557,0
2023-07-28 11:02:46,1414.7,331884,4,1416.29,158948,228771,-0.0635772817179898,0
2023-07-28 11:02:46,1415.2,331884,1,1416.29,158948,228771,-0.028256569652434557,0
2023-07-28 11:02:48,1415.2,331888,1,1416.29,158946,228768,-0.028256569652434557,0
2023-07-28 11:02:48,1415.2,331888,1,1416.29,157881,228917,-0.028256569652434557,0
2023-07-28 11:02:48,1415.2,331888,1,1416.29,157846,229215,-0.028256569652434557,0
2023-07-28 11:02:48,1414.75,331888,1,1416.29,157863,228716,-0.06004521051143749,0
2023-07-28 11:02:51,1414.75,331889,1,1416.29,157716,229186,-0.06004521051143749,0
2023-07-28 11:02:51,1414.75,331889,1,1416.29,157909,228732,-0.06004521051143749,0
2023-07-28 11:02:51,1414.75,331889,1,1416.29,157909,228732,-0.06004521051143749,0
2023-07-28 11:02:51,1414.75,331889,1,1416.29,158025,228788,-0.06004521051143749,0
2023-07-28 11:02:51,1414.75,331889,1,1416.29,158444,228788,-0.06004521051143749,0
2023-07-28 11:02:51,1414.8,331889,1,1416.29,158444,228788,-0.05651313930488518,0
2023-07-28 11:02:58,1415.2,331890,1,1416.29,157991,228798,-0.028256569652434557,0
2023-07-28 11:02:58,1415.2,331891,1,1416.29,158001,228713,-0.028256569652434557,0
2023-07-28 11:02:58,1415.2,331891,1,1416.29,158103,228808,-0.028256569652434557,0
2023-07-28 11:02:58,1415.2,331891,1,1416.29,157802,229769,-0.028256569652434557,0
2023-07-28 11:03:02,1415.1,333241,4,1416.29,156903,228674,-0.035320712065555246,0
2023-07-28 11:03:03,1415.2,333255,13,1416.29,157062,230452,-0.028256569652434557,0
2023-07-28 11:03:04,1415.2,333378,107,1416.29,156553,229070,-0.028256569652434557,0
2023-07-28 11:03:04,1414.7,333378,2,1416.29,156553,229070,-0.0635772817179898,0
2023-07-28 11:03:06,1415.2,333445,7,1416.28,156790,230360,-0.028256569652434557,0
2023-07-28 11:03:07,1415.2,333452,1,1416.28,156949,230382,-0.028256569652434557,0
2023-07-28 11:03:08,1414.6,333455,2,1416.28,157007,230312,-0.07064142413111049,0
2023-07-28 11:03:08,1414.6,333455,2,1416.28,157007,230291,-0.07064142413111049,0
2023-07-28 11:03:10,1414.65,333646,2,1416.28,154557,230005,-0.06710935292454212,0
2023-07-28 11:03:10,1414.65,333646,6,1416.28,154557,230005,-0.06710935292454212,0
2023-07-28 11:03:12,1415.3,333734,2,1416.28,157331,229503,-0.021192427239329934,0
2023-07-28 11:03:13,1415.3,333755,2,1416.28,154923,229153,-0.021192427239329934,0
2023-07-28 11:03:13,1415.3,333755,2,1416.28,154923,229153,-0.021192427239329934,0
2023-07-28 11:03:14,1414.7,333756,1,1416.28,157074,229040,-0.0635772817179898,0
2023-07-28 11:03:14,1414.7,333756,1,1416.28,157003,229910,-0.0635772817179898,0
2023-07-28 11:03:14,1414.7,333756,1,1416.28,157696,229237,-0.0635772817179898,0
2023-07-28 11:03:14,1414.7,333756,1,1416.28,157571,229260,-0.0635772817179898,0
2023-07-28 11:03:14,1414.7,333756,1,1416.28,157283,229693,-0.0635772817179898,0
2023-07-28 11:03:14,1414.85,333756,1,1416.28,157283,229693,-0.05298106809833287,0
2023-07-28 11:03:19,1414.85,333757,1,1416.28,157185,229686,-0.05298106809833287,0
2023-07-28 11:03:19,1414.85,333757,1,1416.28,157185,229686,-0.05298106809833287,0
2023-07-28 11:03:19,1414.85,333757,3,1416.28,157185,229686,-0.05298106809833287,0
2023-07-28 11:03:22,1414.85,333768,1,1416.28,157266,229141,-0.05298106809833287,0
2023-07-28 11:03:23,1414.65,333771,1,1416.28,157274,229375,-0.06710935292454212,0
2023-07-28 11:03:23,1414.65,333771,1,1416.28,157372,229475,-0.06710935292454212,0
2023-07-28 11:03:23,1414.65,333771,1,1416.28,156971,229475,-0.06710935292454212,0
2023-07-28 11:03:23,1414.65,333771,1,1416.28,157007,229687,-0.06710935292454212,0
2023-07-28 11:03:26,1414.65,333772,1,1416.28,157006,229790,-0.06710935292454212,0
2023-07-28 11:03:28,1415.6,334008,3,1416.28,157269,228640,0.0,0
2023-07-28 11:03:29,1415.7,334041,3,1416.28,158028,229323,0.007064142413120686,0
2023-07-28 11:03:30,1415.1,334042,1,1416.28,158225,229875,-0.035320712065555246,0
2023-07-28 11:03:30,1415.1,334042,1,1416.28,158529,228055,-0.035320712065555246,0
2023-07-28 11:03:30,1415.1,334042,1,1416.28,158529,229177,-0.035320712065555246,0
2023-07-28 11:03:34,1415.3,334044,1,1416.28,157903,229960,-0.021192427239329934,0
2023-07-28 11:03:34,1415.95,334045,1,1416.28,157407,228793,0.02472449844589831,0
2023-07-28 11:03:34,1415.95,334045,1,1416.28,157116,229737,0.02472449844589831,0
2023-07-28 11:03:36,1415.45,334051,5,1416.28,157121,229730,-0.010596213619656935,0
2023-07-28 11:03:37,1415.35,334052,1,1416.28,157028,229826,-0.017660356032777623,0
2023-07-28 11:03:37,1415.35,334052,1,1416.28,157319,229154,-0.017660356032777623,0
2023-07-28 11:03:37,1415.45,334052,1,1416.28,157319,229154,-0.010596213619656935,0
2023-07-28 11:03:40,1416.0,334053,1,1416.28,155180,229071,0.02825656965245062,0
2023-07-28 11:03:41,1416.0,334054,1,1416.28,157612,229065,0.02825656965245062,0
2023-07-28 11:03:43,1415.8,334128,2,1416.28,156985,229580,0.01412828482622531,0
2023-07-28 11:03:43,1415.8,334128,2,1416.28,156985,229580,0.01412828482622531,0
2023-07-28 11:03:44,1415.65,334149,1,1416.28,154414,229916,0.003532071206568374,0
2023-07-28 11:03:45,1415.75,334154,1,1416.28,156722,230596,0.010596213619672997,0
2023-07-28 11:03:46,1414.95,334155,45,1416.28,155758,229000,-0.04591692568521218,0
2023-07-28 11:03:47,1415.0,334255,2,1416.28,156182,229540,-0.04238485447865987,0
2023-07-28 11:03:48,1415.0,334265,8,1416.28,155627,229822,-0.04238485447865987,0
2023-07-28 11:03:48,1414.65,334265,1,1416.28,155627,229822,-0.06710935292454212,0
2023-07-28 11:03:50,1414.6,334271,1,1416.28,156672,229426,-0.07064142413111049,0
2023-07-28 11:03:50,1414.6,334272,1,1416.28,156012,229849,-0.07064142413111049,0
2023-07-28 11:03:52,1415.25,334273,1,1416.28,157819,229219,-0.024724498445882245,0
2023-07-28 11:03:52,1415.25,334274,1,1416.28,157897,228934,-0.024724498445882245,0
2023-07-28 11:03:54,1415.3,334281,1,1416.28,157912,227850,-0.021192427239329934,0
2023-07-28 11:03:55,1415.3,334401,1,1416.28,156620,229612,-0.021192427239329934,0
2023-07-28 11:03:55,1415.45,334401,1,1416.28,156620,229612,-0.010596213619656935,0
2023-07-28 11:03:56,1415.3,334404,2,1416.28,156494,229483,-0.021192427239329934,0
2023-07-28 11:03:56,1415.3,334404,1,1416.28,156494,229483,-0.021192427239329934,0
2023-07-28 11:03:58,1414.6,334410,1,1416.28,154916,231091,-0.07064142413111049,0
2023-07-28 11:03:58,1414.6,334410,1,1416.28,155242,231601,-0.07064142413111049,0
2023-07-28 11:04:00,1414.9,334459,1,1416.28,155745,230135,-0.04944899689176449,0
2023-07-28 11:04:00,1414.35,334459,5,1416.28,155745,230135,-0.08830178016388811,0
2023-07-28 11:04:01,1414.35,334471,1,1416.28,155872,230066,-0.08830178016388811,0
2023-07-28 11:04:01,1414.35,334471,1,1416.28,155872,230066,-0.08830178016388811,0
2023-07-28 11:04:01,1414.35,334474,1,1416.28,155846,230144,-0.08830178016388811,0
2023-07-28 11:04:01,1414.35,334474,1,1416.28,155857,230291,-0.08830178016388811,0
2023-07-28 11:04:01,1414.35,334474,1,1416.28,155087,230739,-0.08830178016388811,0
2023-07-28 11:04:01,1414.35,334474,1,1416.28,155263,230800,-0.08830178016388811,0
2023-07-28 11:04:08,1414.3,334475,1,1416.28,156128,230569,-0.09183385137044042,0
2023-07-28 11:04:08,1414.3,334475,1,1416.28,155659,230690,-0.09183385137044042,0
2023-07-28 11:04:08,1414.3,334475,1,1416.28,155356,231222,-0.09183385137044042,0
2023-07-28 11:04:08,1414.3,334475,1,1416.28,155356,230722,-0.09183385137044042,0
2023-07-28 11:04:13,1414.1,334498,3,1416.28,155485,231343,-0.10596213619666574,0
2023-07-28 11:04:13,1414.75,334500,2,1416.28,154365,231243,-0.06004521051143749,0
2023-07-28 11:04:13,1414.05,334500,1,1416.28,154365,231243,-0.10949420740321804,0
2023-07-28 11:04:15,1414.05,334502,1,1416.28,155606,230804,-0.10949420740321804,0
2023-07-28 11:04:15,1414.6,334502,1,1416.28,155606,230804,-0.07064142413111049,0
2023-07-28 11:04:16,1414.6,334503,1,1416.28,155610,231322,-0.07064142413111049,0
2023-07-28 11:04:16,1414.6,334503,1,1416.28,155627,231027,-0.07064142413111049,0
2023-07-28 11:04:16,1414.6,334503,1,1416.28,157067,230077,-0.07064142413111049,0
2023-07-28 11:04:16,1414.6,334503,1,1416.28,155867,230601,-0.07064142413111049,0
2023-07-28 11:04:16,1414.6,334503,1,1416.28,155355,230437,-0.07064142413111049,0
2023-07-28 11:04:16,1414.3,334503,1,1416.28,155355,230437,-0.09183385137044042,0
2023-07-28 11:04:23,1414.3,334504,1,1416.28,157265,229970,-0.09183385137044042,0
2023-07-28 11:04:23,1414.3,334504,1,1416.28,156858,229864,-0.09183385137044042,0
2023-07-28 11:04:23,1414.3,334504,1,1416.28,156298,230054,-0.09183385137044042,0
2023-07-28 11:04:23,1414.3,334504,1,1416.28,156560,229915,-0.09183385137044042,0
2023-07-28 11:04:23,1414.3,334504,1,1416.28,156563,229915,-0.09183385137044042,0
2023-07-28 11:04:29,1414.25,334505,1,1416.28,156527,229981,-0.09536592257699274,0
2023-07-28 11:04:29,1414.25,334505,1,1416.28,156329,230094,-0.09536592257699274,0
2023-07-28 11:04:29,1414.8,334505,1,1416.28,156329,230094,-0.05651313930488518,0
2023-07-28 11:04:33,1414.8,334506,1,1416.28,156334,230836,-0.05651313930488518,0
2023-07-28 11:04:33,1414.8,334506,1,1416.28,156334,230836,-0.05651313930488518,0
2023-07-28 11:04:36,1414.25,334507,1,1416.28,156329,230836,-0.09536592257699274,0
2023-07-28 11:04:36,1414.25,334507,1,1416.28,156265,230132,-0.09536592257699274,0
2023-07-28 11:04:36,1414.25,334507,1,1416.28,156266,230259,-0.09536592257699274,0
2023-07-28 11:04:36,1414.25,334507,1,1416.28,156224,230310,-0.09536592257699274,0
2023-07-28 11:04:36,1414.25,334507,1,1416.28,155201,230430,-0.09536592257699274,0
2023-07-28 11:04:36,1414.25,334507,1,1416.28,155258,230949,-0.09536592257699274,0
2023-07-28 11:04:43,1414.25,334510,1,1416.28,155220,231092,-0.09536592257699274,0
2023-07-28 11:04:43,1414.25,334510,1,1416.28,155286,231094,-0.09536592257699274,0
2023-07-28 11:04:43,1414.25,334510,1,1416.28,155987,230140,-0.09536592257699274,0
2023-07-28 11:04:43,1415.6,334510,25,1416.28,155987,230140,0.0,0
2023-07-28 11:04:47,1414.9,335513,36,1416.28,153315,228295,-0.04944899689176449,0
2023-07-28 11:04:47,1414.9,335513,61,1416.28,153315,228295,-0.04944899689176449,0
2023-07-28 11:04:48,1414.9,335587,13,1416.28,151299,228715,-0.04944899689176449,0
2023-07-28 11:04:49,1415.5,335622,24,1416.28,153874,228673,-0.007064142413104624,0
2023-07-28 11:04:49,1414.8,335625,3,1416.28,153874,228541,-0.05651313930488518,0
2023-07-28 11:04:51,1415.5,335630,1,1416.28,153649,228961,-0.007064142413104624,0
2023-07-28 11:04:51,1415.5,335631,1,1416.28,153887,228600,-0.007064142413104624,0
2023-07-28 11:04:51,1415.5,335631,1,1416.28,154001,229276,-0.007064142413104624,0
2023-07-28 11:04:51,1415.5,335631,1,1416.28,154001,229473,-0.007064142413104624,0
2023-07-28 11:04:51,1415.5,335631,1,1416.28,156651,230463,-0.007064142413104624,0
2023-07-28 11:04:57,1415.0,335632,1,1416.28,156556,230946,-0.04238485447865987,0
2023-07-28 11:04:57,1415.0,335632,1,1416.28,157014,230942,-0.04238485447865987,0
2023-07-28 11:04:57,1415.1,335632,1,1416.28,157014,230942,-0.035320712065555246,0
2023-07-28 11:04:59,1415.1,335633,1,1416.28,157454,230888,-0.035320712065555246,0
2023-07-28 11:04:59,1415.1,335633,1,1416.28,157454,230888,-0.035320712065555246,0
2023-07-28 11:04:59,1415.1,335633,1,1416.28,156670,230921,-0.035320712065555246,0
2023-07-28 11:04:59,1415.1,335633,1,1416.28,156262,231009,-0.035320712065555246,0
2023-07-28 11:04:59,1414.75,335633,1,1416.28,156262,231009,-0.06004521051143749,0
2023-07-28 11:05:04,1414.75,335635,1,1416.28,156309,230912,-0.06004521051143749,0
2023-07-28 11:05:04,1414.75,335635,1,1416.28,156307,230520,-0.06004521051143749,0
2023-07-28 11:05:04,1414.75,335635,1,1416.28,156117,230520,-0.06004521051143749,0
2023-07-28 11:05:04,1414.75,335635,1,1416.28,156127,230872,-0.06004521051143749,0
2023-07-28 11:05:04,1414.75,335635,1,1416.28,156127,230871,-0.06004521051143749,0
2023-07-28 11:05:04,1414.7,335635,1,1416.28,156147,230871,-0.0635772817179898,0
2023-07-28 11:05:11,1415.1,335636,1,1416.28,156219,230871,-0.035320712065555246,0
2023-07-28 11:05:12,1415.1,335637,1,1416.28,156252,230838,-0.035320712065555246,0
2023-07-28 11:05:12,1415.1,335637,1,1416.28,156242,230838,-0.035320712065555246,0
2023-07-28 11:05:12,1415.1,335637,1,1416.28,156048,230333,-0.035320712065555246,0
2023-07-28 11:05:12,1415.1,335637,1,1416.28,156002,229648,-0.035320712065555246,0
2023-07-28 11:05:12,1415.1,335637,1,1416.28,156002,229712,-0.035320712065555246,0
2023-07-28 11:05:18,1414.7,335638,1,1416.28,156001,230181,-0.0635772817179898,0
2023-07-28 11:05:19,1415.4,335737,10,1416.28,156146,230308,-0.014128284826209248,0
2023-07-28 11:05:19,1415.1,335737,1,1416.28,156146,230308,-0.035320712065555246,0
2023-07-28 11:05:20,1414.6,335760,12,1416.28,155671,230797,-0.07064142413111049,0
2023-07-28 11:05:20,1415.2,335762,1,1416.28,156216,230121,-0.028256569652434557,0
2023-07-28 11:05:21,1415.1,335769,1,1416.28,155756,231876,-0.035320712065555246,0
2023-07-28 11:05:21,1414.7,335769,1,1416.28,155756,231876,-0.0635772817179898,0
2023-07-28 11:05:22,1414.7,335771,1,1416.28,155602,231875,-0.0635772817179898,0
2023-07-28 11:05:24,1414.3,335816,4,1416.28,155117,232133,-0.09183385137044042,0
2023-07-28 11:05:24,1414.3,335816,4,1416.28,155117,232133,-0.09183385137044042,0
2023-07-28 11:05:25,1414.35,335823,1,1416.28,155741,232259,-0.08830178016388811,0
2023-07-28 11:05:25,1414.35,335823,1,1416.28,155741,232259,-0.08830178016388811,0
2023-07-28 11:05:25,1414.35,335823,1,1416.28,156133,229556,-0.08830178016388811,0
2023-07-28 11:05:25,1414.35,335823,1,1416.28,156133,229556,-0.08830178016388811,0
2023-07-28 11:05:25,1414.35,335823,1,1416.28,156100,231035,-0.08830178016388811,0
2023-07-28 11:05:25,1414.35,335823,1,1416.28,156100,230535,-0.08830178016388811,0
2023-07-28 11:05:25,1414.35,335823,1,1416.28,156034,230613,-0.08830178016388811,0
2023-07-28 11:05:25,1414.35,335823,1,1416.28,156361,230325,-0.08830178016388811,0
2023-07-28 11:05:25,1414.35,335823,1,1416.28,156263,230552,-0.08830178016388811,0
2023-07-28 11:05:33,1414.35,335825,1,1416.28,156261,230552,-0.08830178016388811,0
2023-07-28 11:05:33,1414.35,335825,1,1416.28,156354,230351,-0.08830178016388811,0
2023-07-28 11:05:33,1414.35,335825,1,1416.28,156354,230344,-0.08830178016388811,0
2023-07-28 11:05:33,1414.35,335825,1,1416.28,156354,230316,-0.08830178016388811,0
2023-07-28 11:05:33,1414.35,335825,1,1416.28,156387,230300,-0.08830178016388811,0
2023-07-28 11:05:33,1414.3,335825,2,1416.28,156378,230793,-0.09183385137044042,0
2023-07-28 11:05:39,1414.3,335935,2,1416.28,155333,231028,-0.09183385137044042,0
2023-07-28 11:05:40,1414.3,335939,2,1416.28,155841,230936,-0.09183385137044042,0
2023-07-28 11:05:40,1414.4,335939,1,1416.28,155841,230936,-0.08476970895731974,0
2023-07-28 11:05:40,1414.4,335940,1,1416.28,155472,231042,-0.08476970895731974,0
2023-07-28 11:05:40,1414.15,335940,25,1416.28,155472,231042,-0.10243006499009735,0
2023-07-28 11:05:42,1414.75,336222,2,1416.27,155771,230727,-0.06004521051143749,0
2023-07-28 11:05:43,1414.75,336230,1,1416.27,155689,230709,-0.06004521051143749,0
2023-07-28 11:05:44,1414.3,336232,1,1416.27,156088,230900,-0.09183385137044042,0
2023-07-28 11:05:44,1414.3,336232,1,1416.27,156088,230791,-0.09183385137044042,0
2023-07-28 11:05:44,1414.3,336232,1,1416.27,156088,230791,-0.09183385137044042,0
2023-07-28 11:05:46,1414.3,336233,1,1416.27,156136,230793,-0.09183385137044042,0
2023-07-28 11:05:46,1414.3,336233,1,1416.27,156284,230793,-0.09183385137044042,0
2023-07-28 11:05:46,1414.3,336233,1,1416.27,156659,230850,-0.09183385137044042,0
2023-07-28 11:05:50,1414.3,336235,1,1416.27,156556,230850,-0.09183385137044042,0
2023-07-28 11:05:50,1414.3,336235,1,1416.27,156161,231051,-0.09183385137044042,0
2023-07-28 11:05:50,1414.3,336235,1,1416.27,156112,231022,-0.09183385137044042,0
2023-07-28 11:05:50,1414.3,336235,1,1416.27,156148,231016,-0.09183385137044042,0
2023-07-28 11:05:53,1414.75,336236,1,1416.27,155542,231562,-0.06004521051143749,0
2023-07-28 11:05:54,1414.75,336237,1,1416.27,155667,231065,-0.06004521051143749,0
2023-07-28 11:05:54,1414.75,336237,1,1416.27,155667,231065,-0.06004521051143749,0
2023-07-28 11:05:54,1414.75,336237,1,1416.27,155730,231065,-0.06004521051143749,0
2023-07-28 11:05:54,1414.75,336237,1,1416.27,155730,231230,-0.06004521051143749,0
2023-07-28 11:05:54,1414.3,336237,1,1416.27,155730,231230,-0.09183385137044042,0
2023-07-28 11:06:00,1414.3,336238,1,1416.27,155810,231119,-0.09183385137044042,0
2023-07-28 11:06:00,1414.3,336238,1,1416.27,156210,231148,-0.09183385137044042,0
2023-07-28 11:06:00,1414.3,336238,1,1416.27,156352,231647,-0.09183385137044042,0
2023-07-28 11:06:00,1414.3,336238,1,1416.27,156352,231075,-0.09183385137044042,0
2023-07-28 11:06:05,1414.75,336239,1,1416.27,156933,230943,-0.06004521051143749,0
2023-07-28 11:06:05,1414.75,336239,1,1416.27,156961,230719,-0.06004521051143749,0
2023-07-28 11:06:05,1414.4,336239,1,1416.27,156961,230719,-0.08476970895731974,0
2023-07-28 11:06:07,1414.4,336240,1,1416.27,156960,230590,-0.08476970895731974,0
2023-07-28 11:06:07,1414.4,336240,1,1416.27,157026,230591,-0.08476970895731974,0
2023-07-28 11:06:07,1414.4,336240,1,1416.27,157026,230580,-0.08476970895731974,0
2023-07-28 11:06:11,1414.5,336245,5,1416.27,157021,230580,-0.07770556654421511,0
2023-07-28 11:06:12,1414.5,336268,22,1416.27,156533,230477,-0.07770556654421511,0
2023-07-28 11:06:13,1414.5,336274,3,1416.27,155932,230877,-0.07770556654421511,0
2023-07-28 11:06:14,1414.3,336275,1,1416.27,155806,230785,-0.09183385137044042,0
2023-07-28 11:06:16,1414.3,336309,4,1416.27,156202,230958,-0.09183385137044042,0
2023-07-28 11:06:16,1414.0,336628,1,1416.27,147270,233059,-0.11302627860977035,0
2023-07-28 11:06:18,1413.5,339106,7,1416.26,150725,231101,-0.1483469906753256,0
2023-07-28 11:06:19,1413.25,339382,19,1416.25,149436,230745,-0.16600734670810322,0
2023-07-28 11:06:20,1413.2,339440,24,1416.25,151884,231369,-0.16953941791465554,0
2023-07-28 11:06:20,1413.25,339444,3,1416.25,151937,231389,-0.16600734670810322,0
2023-07-28 11:06:20,1413.25,339444,3,1416.25,151937,231389,-0.16600734670810322,0
2023-07-28 11:06:22,1413.75,339507,23,1416.25,152049,231060,-0.13068663464254798,0
2023-07-28 11:06:22,1413.2,339507,8,1416.25,152049,231060,-0.16953941791465554,0
2023-07-28 11:06:23,1413.2,339523,1,1416.25,152209,231197,-0.16953941791465554,0
2023-07-28 11:06:23,1413.75,339524,1,1416.25,152229,231192,-0.13068663464254798,0
2023-07-28 11:06:25,1413.2,339539,2,1416.25,152243,231248,-0.16953941791465554,0
2023-07-28 11:06:25,1413.75,339539,1,1416.25,152243,231248,-0.13068663464254798,0
2023-07-28 11:06:25,1413.75,339540,1,1416.25,153093,232075,-0.13068663464254798,0
2023-07-28 11:06:27,1414.05,339541,1,1416.25,152410,232018,-0.10949420740321804,0
2023-07-28 11:06:27,1413.3,339541,1,1416.25,152410,232018,-0.16247527550155091,0
2023-07-28 11:06:28,1413.25,339593,7,1416.25,152414,232003,-0.16600734670810322,0
2023-07-28 11:06:30,1413.8,339606,2,1416.25,152421,232022,-0.12715456343599565,0
2023-07-28 11:06:31,1413.2,339620,2,1416.25,151851,232050,-0.16953941791465554,0
2023-07-28 11:06:31,1413.8,339620,1,1416.25,151851,232050,-0.12715456343599565,0
2023-07-28 11:06:31,1413.8,339621,1,1416.25,153966,230519,-0.12715456343599565,0
2023-07-28 11:06:31,1413.8,339621,1,1416.25,153973,230519,-0.12715456343599565,0
2023-07-28 11:06:31,1413.8,339621,1,1416.25,153916,230524,-0.12715456343599565,0
2023-07-28 11:06:31,1413.8,339621,1,1416.25,153909,230702,-0.12715456343599565,0
2023-07-28 11:06:35,1413.55,339622,1,1416.25,153451,231188,-0.14481491946877328,0
2023-07-28 11:06:35,1413.55,339622,1,1416.25,153451,230688,-0.14481491946877328,0
2023-07-28 11:06:35,1413.55,339622,1,1416.25,153430,230655,-0.14481491946877328,0
2023-07-28 11:06:35,1413.55,339622,1,1416.25,153430,230706,-0.14481491946877328,0
2023-07-28 11:06:35,1413.55,339622,1,1416.25,153474,231072,-0.14481491946877328,0
2023-07-28 11:06:35,1413.55,339622,1,1416.25,153196,231153,-0.14481491946877328,0
2023-07-28 11:06:35,1413.5,339622,1,1416.25,153246,231153,-0.1483469906753256,0
2023-07-28 11:06:42,1413.5,339623,1,1416.25,153428,230653,-0.1483469906753256,0
2023-07-28 11:06:42,1413.5,339623,1,1416.25,153428,230653,-0.1483469906753256,0
2023-07-28 11:06:42,1413.5,339623,3,1416.25,153428,230653,-0.1483469906753256,0
2023-07-28 11:06:45,1413.5,339628,1,1416.25,153693,230862,-0.1483469906753256,0
2023-07-28 11:06:45,1414.25,339628,1,1416.25,153693,230862,-0.09536592257699274,0
2023-07-28 11:06:47,1414.25,339629,1,1416.25,153628,230861,-0.09536592257699274,0
2023-07-28 11:06:47,1414.25,339629,1,1416.25,153552,230890,-0.09536592257699274,0
2023-07-28 11:06:49,1413.6,339630,1,1416.25,153509,230976,-0.14128284826222098,0
2023-07-28 11:06:49,1413.6,339630,1,1416.25,153331,231043,-0.14128284826222098,0
2023-07-28 11:06:49,1413.6,339630,1,1416.25,153331,231024,-0.14128284826222098,0
2023-07-28 11:06:49,1413.6,339630,1,1416.25,153331,231524,-0.14128284826222098,0
2023-07-28 11:06:49,1413.6,339630,1,1416.25,153331,231524,-0.14128284826222098,0
2023-07-28 11:06:54,1414.25,339800,30,1416.25,154339,230162,-0.09536592257699274,0
2023-07-28 11:06:54,1413.8,339800,22,1416.25,154339,230162,-0.12715456343599565,0
2023-07-28 11:06:55,1413.8,339839,22,1416.25,154413,230160,-0.12715456343599565,0
2023-07-28 11:06:55,1413.8,339839,4,1416.25,154413,230160,-0.12715456343599565,0
2023-07-28 11:06:56,1413.8,339848,1,1416.25,154534,230724,-0.12715456343599565,0
2023-07-28 11:06:56,1414.35,339848,1,1416.25,154534,230724,-0.08830178016388811,0
2023-07-28 11:06:56,1414.35,339849,1,1416.25,154516,230288,-0.08830178016388811,0
2023-07-28 11:06:56,1414.35,339849,1,1416.25,154582,229646,-0.08830178016388811,0
2023-07-28 11:06:56,1414.35,339849,1,1416.25,153827,231347,-0.08830178016388811,0
2023-07-28 11:06:56,1414.35,339849,1,1416.25,153791,230966,-0.08830178016388811,0
2023-07-28 11:06:56,1414.35,339849,1,1416.25,151039,231469,-0.08830178016388811,0
2023-07-28 11:06:56,1413.65,339849,1,1416.25,153539,230942,-0.1377507770556526,0
2023-07-28 11:07:03,1413.65,339850,1,1416.25,153611,230943,-0.1377507770556526,0
2023-07-28 11:07:03,1413.65,339850,1,1416.25,153711,230943,-0.1377507770556526,0
2023-07-28 11:07:03,1413.65,339850,1,1416.25,153711,230943,-0.1377507770556526,0
2023-07-28 11:07:03,1413.65,339850,1,1416.25,153003,231694,-0.1377507770556526,0
2023-07-28 11:07:03,1413.9,339850,34,1416.25,153003,231694,-0.12009042102287498,0
2023-07-28 11:07:10,1413.2,339925,8,1416.25,152352,230754,-0.16953941791465554,0
2023-07-28 11:07:12,1413.75,339966,10,1416.25,153074,232062,-0.13068663464254798,0
2023-07-28 11:07:12,1413.35,339976,5,1416.25,153061,232277,-0.15894320429499859,0
2023-07-28 11:07:12,1413.75,339976,1,1416.25,153061,232277,-0.13068663464254798,0
2023-07-28 11:07:14,1413.35,339978,1,1416.25,152931,231465,-0.15894320429499859,0
2023-07-28 11:07:14,1413.35,339978,1,1416.25,152931,231465,-0.15894320429499859,0
2023-07-28 11:07:14,1413.35,339978,1,1416.25,152931,231455,-0.15894320429499859,0
2023-07-28 11:07:14,1413.35,339978,1,1416.25,153249,231226,-0.15894320429499859,0
2023-07-28 11:07:17,1413.35,339979,1,1416.25,153809,231118,-0.15894320429499859,0
2023-07-28 11:07:17,1413.35,339979,1,1416.25,153818,231179,-0.15894320429499859,0
2023-07-28 11:07:17,1413.35,339979,1,1416.25,153818,231336,-0.15894320429499859,0
2023-07-28 11:07:17,1413.35,339979,1,1416.25,152947,231337,-0.15894320429499859,0
2023-07-28 11:07:17,1413.35,339979,1,1416.25,152983,231337,-0.15894320429499859,0
2023-07-28 11:07:17,1413.35,339979,1,1416.25,153079,230908,-0.15894320429499859,0
2023-07-28 11:07:24,1413.35,339980,1,1416.25,153078,230915,-0.15894320429499859,0
2023-07-28 11:07:24,1413.35,339980,1,1416.25,153078,230915,-0.15894320429499859,0
2023-07-28 11:07:24,1413.35,339980,1,1416.25,153078,231415,-0.15894320429499859,0
2023-07-28 11:07:24,1413.35,339980,1,1416.25,152974,231444,-0.15894320429499859,0
2023-07-28 11:07:24,1413.35,339980,1,1416.25,152974,231479,-0.15894320429499859,0
2023-07-28 11:07:24,1413.35,339980,1,1416.25,153140,231436,-0.15894320429499859,0
2023-07-28 11:07:24,1414.05,339980,4,1416.25,153329,231206,-0.10949420740321804,0
2023-07-28 11:07:24,1413.5,339980,1,1416.25,153329,231206,-0.1483469906753256,0
2023-07-28 11:07:32,1413.5,339987,1,1416.25,154129,230915,-0.1483469906753256,0
2023-07-28 11:07:32,1414.05,339988,1,1416.25,154129,230892,-0.10949420740321804,0
2023-07-28 11:07:32,1414.05,339988,1,1416.25,154155,230975,-0.10949420740321804,0
2023-07-28 11:07:32,1414.05,339988,1,1416.25,154314,230907,-0.10949420740321804,0
2023-07-28 11:07:36,1413.6,340000,12,1416.25,154281,231070,-0.14128284826222098,0
2023-07-28 11:07:36,1413.7,340003,2,1416.25,154277,231070,-0.13421870584910028,0
2023-07-28 11:07:36,1414.2,340003,1,1416.25,154277,231070,-0.09889799378354505,0
2023-07-28 11:07:38,1413.7,340005,1,1416.25,154276,231068,-0.13421870584910028,0
2023-07-28 11:07:38,1413.7,340005,1,1416.25,154276,231068,-0.13421870584910028,0
2023-07-28 11:07:38,1413.7,340005,1,1416.25,155071,229655,-0.13421870584910028,0
2023-07-28 11:07:38,1413.7,340005,1,1416.25,154982,229655,-0.13421870584910028,0
2023-07-28 11:07:38,1413.7,340005,1,1416.25,154982,223149,-0.13421870584910028,0
2023-07-28 11:07:38,1413.7,340005,1,1416.25,154921,229602,-0.13421870584910028,0
2023-07-28 11:07:38,1413.7,340005,1,1416.25,155277,230102,-0.13421870584910028,0
2023-07-28 11:07:38,1413.7,340005,1,1416.25,154487,230788,-0.13421870584910028,0
2023-07-28 11:07:38,1414.1,340005,1,1416.25,154479,230288,-0.10596213619666574,0
2023-07-28 11:07:45,1414.1,340006,1,1416.25,154096,229809,-0.10596213619666574,0
2023-07-28 11:07:45,1414.1,340006,1,1416.25,154471,229768,-0.10596213619666574,0
2023-07-28 11:07:45,1414.1,340006,1,1416.25,154872,229909,-0.10596213619666574,0
2023-07-28 11:07:45,1414.1,340006,1,1416.25,155090,230632,-0.10596213619666574,0
2023-07-28 11:07:45,1414.4,340006,1,1416.25,155090,230585,-0.08476970895731974,0
2023-07-28 11:07:52,1414.4,340007,1,1416.25,155045,230781,-0.08476970895731974,0
2023-07-28 11:07:52,1414.4,340007,1,1416.25,155077,230271,-0.08476970895731974,0
2023-07-28 11:07:52,1414.4,340007,1,1416.25,155250,230174,-0.08476970895731974,0
2023-07-28 11:07:52,1414.4,340007,1,1416.25,155355,229945,-0.08476970895731974,0
2023-07-28 11:07:52,1414.4,340007,1,1416.25,155365,229945,-0.08476970895731974,0
2023-07-28 11:07:52,1414.4,340007,1,1416.25,155365,229945,-0.08476970895731974,0
2023-07-28 11:07:59,1414.45,340010,1,1416.25,155256,229951,-0.08123763775076742,0
2023-07-28 11:08:00,1415.0,340011,1,1416.25,155256,229884,-0.04238485447865987,0
2023-07-28 11:08:00,1415.0,340011,1,1416.25,155256,229926,-0.04238485447865987,0
2023-07-28 11:08:00,1415.0,340011,1,1416.25,153611,230750,-0.04238485447865987,0
2023-07-28 11:08:00,1414.25,340011,12,1416.25,154079,230015,-0.09536592257699274,0
2023-07-28 11:08:03,1414.9,340123,1,1416.25,154434,230384,-0.04944899689176449,0
2023-07-28 11:08:04,1414.25,340137,3,1416.25,154186,230505,-0.09536592257699274,0
2023-07-28 11:08:06,1414.95,340139,1,1416.25,154186,230151,-0.04591692568521218,0
2023-07-28 11:08:06,1414.35,340139,1,1416.25,154186,230151,-0.08830178016388811,0
2023-07-28 11:08:06,1415.0,340141,1,1416.25,154344,230186,-0.04238485447865987,0
2023-07-28 11:08:08,1415.0,340142,1,1416.25,154398,230120,-0.04238485447865987,0
2023-07-28 11:08:08,1415.0,340142,1,1416.25,154398,230120,-0.04238485447865987,0
2023-07-28 11:08:08,1415.0,340142,1,1416.25,154392,230119,-0.04238485447865987,0
2023-07-28 11:08:08,1415.0,340142,1,1416.25,154392,230619,-0.04238485447865987,0
2023-07-28 11:08:08,1415.0,340142,1,1416.25,154402,230095,-0.04238485447865987,0
2023-07-28 11:08:13,1414.4,340144,1,1416.25,154407,230742,-0.08476970895731974,0
2023-07-28 11:08:13,1415.0,340144,1,1416.25,154407,230742,-0.04238485447865987,0
2023-07-28 11:08:14,1414.4,340156,1,1416.25,154406,230241,-0.08476970895731974,0
2023-07-28 11:08:14,1414.4,340156,1,1416.25,154290,230591,-0.08476970895731974,0
2023-07-28 11:08:14,1414.4,340156,1,1416.25,154225,229730,-0.08476970895731974,0
2023-07-28 11:08:14,1414.4,340156,1,1416.25,154184,230735,-0.08476970895731974,0
2023-07-28 11:08:14,1414.4,340156,1,1416.25,154172,230737,-0.08476970895731974,0
2023-07-28 11:08:14,1414.4,340156,1,1416.25,154172,230737,-0.08476970895731974,0
2023-07-28 11:08:14,1414.35,340156,1,1416.25,154172,230737,-0.08830178016388811,0
2023-07-28 11:08:20,1414.35,340157,1,1416.25,154171,230245,-0.08830178016388811,0
2023-07-28 11:08:20,1414.35,340157,1,1416.25,154108,230781,-0.08830178016388811,0
2023-07-28 11:08:20,1414.35,340157,1,1416.25,154108,230785,-0.08830178016388811,0
2023-07-28 11:08:20,1414.35,340157,1,1416.25,154108,230785,-0.08830178016388811,0
2023-07-28 11:08:24,1414.25,340230,8,1416.25,153672,230668,-0.09536592257699274,0
2023-07-28 11:08:24,1414.3,340230,6,1416.25,153672,230668,-0.09183385137044042,0
2023-07-28 11:08:25,1414.3,340277,6,1416.25,153680,231020,-0.09183385137044042,0
2023-07-28 11:08:25,1414.25,340277,1,1416.25,153680,231020,-0.09536592257699274,0
2023-07-28 11:08:25,1414.25,340282,1,1416.25,153679,230996,-0.09536592257699274,0
2023-07-28 11:08:26,1414.95,340283,1,1416.25,154081,230985,-0.04591692568521218,0
2023-07-28 11:08:26,1414.25,340283,1,1416.25,154081,230985,-0.09536592257699274,0
2023-07-28 11:08:27,1414.25,340285,1,1416.25,154127,231021,-0.09536592257699274,0
2023-07-28 11:08:27,1414.25,340285,1,1416.25,151627,230021,-0.09536592257699274,0
2023-07-28 11:08:27,1414.25,340285,1,1416.25,151999,229694,-0.09536592257699274,0
2023-07-28 11:08:27,1414.25,340285,1,1416.25,151969,229694,-0.09536592257699274,0
2023-07-28 11:08:27,1414.25,340285,1,1416.25,151969,229698,-0.09536592257699274,0
2023-07-28 11:08:34,1414.3,340286,1,1416.25,151968,229710,-0.09183385137044042,0
2023-07-28 11:08:34,1414.3,340286,1,1416.25,154468,230698,-0.09183385137044042,0
2023-07-28 11:08:34,1414.3,340286,1,1416.25,154468,230698,-0.09183385137044042,0
2023-07-28 11:08:34,1414.3,340286,1,1416.25,154468,230698,-0.09183385137044042,0
2023-07-28 11:08:34,1415.1,340286,9,1416.25,154468,230698,-0.035320712065555246,0
2023-07-28 11:08:41,1415.1,341517,13,1416.24,152036,230531,-0.035320712065555246,0
2023-07-28 11:08:41,1414.45,341529,1,1416.24,154589,230492,-0.08123763775076742,0
2023-07-28 11:08:43,1414.45,341570,10,1416.24,154565,230962,-0.08123763775076742,0
2023-07-28 11:08:43,1414.65,341691,17,1416.24,154405,231561,-0.06710935292454212,0
2023-07-28 11:08:44,1414.65,341786,64,1416.24,154434,231771,-0.06710935292454212,0
2023-07-28 11:08:44,1414.65,341786,11,1416.24,154434,231771,-0.06710935292454212,0
2023-07-28 11:08:46,1414.65,341807,1,1416.24,154369,231599,-0.06710935292454212,0
2023-07-28 11:08:47,1414.65,341810,1,1416.24,154368,231718,-0.06710935292454212,0
2023-07-28 11:08:48,1415.25,343222,151,1416.24,154516,232664,-0.024724498445882245,0
2023-07-28 11:08:48,1415.25,343222,42,1416.24,154516,232664,-0.024724498445882245,0
2023-07-28 11:08:49,1415.25,343460,17,1416.24,154448,233514,-0.024724498445882245,0
2023-07-28 11:08:51,1415.5,343683,2,1416.24,155044,234995,-0.007064142413104624,0
2023-07-28 11:08:51,1415.65,345152,15,1416.23,155140,234596,0.003532071206568374,0
2023-07-28 11:08:51,1415.7,345152,1,1416.23,155140,234596,0.007064142413120686,0
2023-07-28 11:08:53,1414.95,345938,52,1416.23,151350,230544,-0.04591692568521218,0
2023-07-28 11:08:53,1414.95,345938,19,1416.23,151350,230544,-0.04591692568521218,0
2023-07-28 11:08:54,1415.45,345965,2,1416.23,146774,231410,-0.010596213619656935,0
2023-07-28 11:08:55,1415.5,346013,7,1416.23,155209,230845,-0.007064142413104624,0
2023-07-28 11:08:56,1415.55,346040,1,1416.23,154946,234138,-0.003532071206552312,0
2023-07-28 11:08:56,1415.65,346040,3,1416.23,154946,234138,0.003532071206568374,0
2023-07-28 11:08:57,1415.55,346069,3,1416.23,154886,231362,-0.003532071206552312,0
2023-07-28 11:08:58,1414.95,346075,3,1416.23,155132,231184,-0.04591692568521218,0
2023-07-28 11:08:58,1414.95,346075,3,1416.23,155132,231184,-0.04591692568521218,0
2023-07-28 11:08:58,1414.95,346075,3,1416.23,155132,231198,-0.04591692568521218,0
2023-07-28 11:09:02,1414.95,346077,1,1416.23,154984,231265,-0.04591692568521218,0
2023-07-28 11:09:02,1414.95,346077,1,1416.23,154984,231265,-0.04591692568521218,0
2023-07-28 11:09:02,1414.95,346077,1,1416.23,154984,231251,-0.04591692568521218,0
2023-07-28 11:09:02,1414.95,346077,1,1416.23,154998,231096,-0.04591692568521218,0
2023-07-28 11:09:05,1414.95,346088,1,1416.23,154997,231218,-0.04591692568521218,0
2023-07-28 11:09:05,1415.55,346089,1,1416.23,154997,231184,-0.003532071206552312,0
2023-07-28 11:09:06,1415.55,346090,1,1416.23,155169,231174,-0.003532071206552312,0
2023-07-28 11:09:06,1415.55,346090,1,1416.23,155169,231371,-0.003532071206552312,0
2023-07-28 11:09:06,1414.95,346090,1,1416.23,155185,231373,-0.04591692568521218,0
2023-07-28 11:09:09,1414.95,346091,1,1416.23,155183,230382,-0.04591692568521218,0
2023-07-28 11:09:09,1414.95,346091,1,1416.23,155042,230753,-0.04591692568521218,0
2023-07-28 11:09:09,1414.95,346091,1,1416.23,155042,230753,-0.04591692568521218,0
2023-07-28 11:09:09,1414.95,346091,1,1416.23,154790,230928,-0.04591692568521218,0
2023-07-28 11:09:14,1414.9,346098,6,1416.23,154862,231076,-0.04944899689176449,0
2023-07-28 11:09:14,1414.9,346098,6,1416.23,154619,231090,-0.04944899689176449,0
2023-07-28 11:09:14,1414.55,346098,1,1416.23,154619,231090,-0.0741734953376628,0
2023-07-28 11:09:15,1414.95,346099,1,1416.23,151123,231803,-0.04591692568521218,0
2023-07-28 11:09:16,1414.3,346101,1,1416.23,154763,231543,-0.09183385137044042,0
2023-07-28 11:09:17,1414.15,346102,1,1416.23,153968,231722,-0.10243006499009735,0
2023-07-28 11:09:17,1414.15,346102,1,1416.23,153979,231165,-0.10243006499009735,0
2023-07-28 11:09:17,1414.8,346102,3,1416.23,153979,231165,-0.05651313930488518,0
2023-07-28 11:09:20,1414.2,346111,1,1416.23,154158,230936,-0.09889799378354505,0
2023-07-28 11:09:20,1414.85,346111,1,1416.23,154158,230936,-0.05298106809833287,0
2023-07-28 11:09:20,1414.85,346112,1,1416.23,154158,231083,-0.05298106809833287,0
2023-07-28 11:09:20,1414.85,346112,1,1416.23,154158,231086,-0.05298106809833287,0
2023-07-28 11:09:20,1414.2,346112,1,1416.23,154158,231086,-0.09889799378354505,0
2023-07-28 11:09:23,1414.2,346113,1,1416.23,154113,231076,-0.09889799378354505,0
2023-07-28 11:09:23,1414.2,346113,1,1416.23,154113,231076,-0.09889799378354505,0
2023-07-28 11:09:23,1414.2,346113,1,1416.23,154113,231076,-0.09889799378354505,0
2023-07-28 11:09:23,1414.2,346113,1,1416.23,155056,230765,-0.09889799378354505,0
2023-07-28 11:09:23,1414.2,346113,1,1416.23,154822,230857,-0.09889799378354505,0
2023-07-28 11:09:23,1414.25,346113,1,1416.23,154822,230852,-0.09536592257699274,0
2023-07-28 11:09:30,1414.25,346114,1,1416.23,154816,230849,-0.09536592257699274,0
2023-07-28 11:09:30,1414.25,346114,1,1416.23,154807,230912,-0.09536592257699274,0
2023-07-28 11:09:30,1414.25,346114,1,1416.23,154911,230793,-0.09536592257699274,0
2023-07-28 11:09:30,1414.25,346114,1,1416.23,154808,230934,-0.09536592257699274,0
2023-07-28 11:09:30,1414.25,346114,1,1416.23,154884,230774,-0.09536592257699274,0
2023-07-28 11:09:37,1414.35,346116,2,1416.23,154897,230775,-0.08830178016388811,0
2023-07-28 11:09:37,1414.35,346116,2,1416.23,155126,230707,-0.08830178016388811,0
2023-07-28 11:09:37,1414.35,346116,2,1416.23,154923,223375,-0.08830178016388811,0
2023-07-28 11:09:37,1414.35,346116,2,1416.23,154923,230757,-0.08830178016388811,0
2023-07-28 11:09:41,1415.0,346117,1,1416.23,154923,230756,-0.04238485447865987,0
2023-07-28 11:09:41,1415.0,346117,1,1416.23,154979,230843,-0.04238485447865987,0
2023-07-28 11:09:44,1414.4,346119,1,1416.23,154977,230924,-0.08476970895731974,0
2023-07-28 11:09:45,1415.0,346121,1,1416.23,154978,230922,-0.04238485447865987,0
