2023-07-28 10:49:30,1345.35,2010224,10,1353.23,389662,525761,-0.5764327679858243,0
2023-07-28 10:49:29,1345.4,2010212,3,1353.23,389656,526105,-0.572737686139748,0
2023-07-28 10:49:30,1345.35,2010224,2,1353.23,389662,525761,-0.5764327679858243,0
2023-07-28 10:49:30,1345.4,2010233,4,1353.23,389548,522567,-0.572737686139748,0
2023-07-28 10:49:32,1345.4,2010294,1,1353.23,389698,525365,-0.572737686139748,0
2023-07-28 10:49:33,1345.45,2010454,1,1353.23,388462,522935,-0.5690426042936885,0
2023-07-28 10:49:33,1345.4,2010454,87,1353.23,388462,522935,-0.572737686139748,0
2023-07-28 10:49:34,1345.4,2010625,3,1353.23,388975,526688,-0.572737686139748,0
2023-07-28 10:49:36,1345.35,2010633,1,1353.23,389783,527189,-0.5764327679858243,0
2023-07-28 10:49:36,1345.3,2010634,1,1353.23,389832,527189,-0.5801278498318838,0
2023-07-28 10:49:37,1345.4,2010787,1,1353.23,391073,523525,-0.572737686139748,0
2023-07-28 10:49:37,1345.4,2010787,41,1353.23,391073,523525,-0.572737686139748,0
2023-07-28 10:49:38,1345.4,2010911,1,1353.22,390444,527469,-0.572737686139748,0
2023-07-28 10:49:39,1345.4,2010922,8,1353.22,389931,526624,-0.572737686139748,0
2023-07-28 10:49:39,1345.3,2010922,144,1353.22,389931,526624,-0.5801278498318838,0
2023-07-28 10:49:40,1345.3,2011897,15,1353.22,389839,526309,-0.5801278498318838,0
2023-07-28 10:49:41,1345.3,2012071,3,1353.22,389439,526285,-0.5801278498318838,0
2023-07-28 10:49:42,1345.2,2012104,1,1353.22,389957,526063,-0.5875180135240029,0
2023-07-28 10:49:42,1345.2,2012104,1,1353.22,389957,526063,-0.5875180135240029,0
2023-07-28 10:49:43,1345.3,2013208,264,1353.22,390180,526151,-0.5801278498318838,0
2023-07-28 10:49:44,1345.25,2013243,1,1353.22,385901,526170,-0.5838229316779433,0
2023-07-28 10:49:46,1345.2,2013251,1,1353.22,389390,531268,-0.5875180135240029,0
2023-07-28 10:49:46,1345.25,2013251,1,1353.22,389390,531268,-0.5838229316779433,0
2023-07-28 10:49:47,1345.25,2013313,3,1353.22,389397,531271,-0.5838229316779433,0
2023-07-28 10:49:48,1345.2,2013544,2,1353.21,389229,531346,-0.5875180135240029,0
2023-07-28 10:49:49,1345.2,2013583,2,1353.21,389194,531347,-0.5875180135240029,0
2023-07-28 10:49:50,1345.2,2013723,21,1353.21,389148,527108,-0.5875180135240029,0
2023-07-28 10:49:52,1345.2,2013765,5,1353.21,389929,531338,-0.5875180135240029,0
2023-07-28 10:49:53,1345.2,2013785,3,1353.21,389934,531284,-0.5875180135240029,0
2023-07-28 10:49:54,1345.3,2014247,11,1353.21,389839,531857,-0.5801278498318838,0
2023-07-28 10:49:55,1345.2,2015027,607,1353.21,389683,531535,-0.5875180135240029,0
2023-07-28 10:49:56,1345.1,2015051,1,1353.21,389769,531612,-0.5949081772161388,0
2023-07-28 10:49:56,1345.1,2015051,1,1353.21,389769,531612,-0.5949081772161388,0
2023-07-28 10:49:57,1345.1,2015070,3,1353.21,389905,531553,-0.5949081772161388,0
2023-07-28 10:49:58,1345.1,2015150,12,1353.21,389849,531832,-0.5949081772161388,0
2023-07-28 10:49:59,1345.15,2015269,2,1353.21,389865,531688,-0.5912130953700624,0
2023-07-28 10:50:00,1345.15,2015312,2,1353.21,389869,531679,-0.5912130953700624,0
2023-07-28 10:50:02,1345.15,2015337,1,1353.21,390004,528494,-0.5912130953700624,0
2023-07-28 10:50:02,1345.15,2015337,1,1353.21,390004,528494,-0.5912130953700624,0
2023-07-28 10:50:04,1345.1,2015471,18,1353.21,389995,532490,-0.5949081772161388,0
2023-07-28 10:50:05,1345.15,2015552,1,1353.21,390016,532762,-0.5912130953700624,0
2023-07-28 10:50:05,1345.1,2015552,664,1353.21,390016,532762,-0.5949081772161388,0
2023-07-28 10:50:06,1345.1,2016938,208,1353.2,389871,532650,-0.5949081772161388,0
2023-07-28 10:50:07,1345.1,2017155,33,1353.2,390126,532508,-0.5949081772161388,0
2023-07-28 10:50:08,1345.15,2017401,37,1353.2,391047,532558,-0.5912130953700624,0
2023-07-28 10:50:09,1345.1,2019132,333,1353.19,390516,528430,-0.5949081772161388,0
2023-07-28 10:50:11,1345.2,2034167,26,1353.14,390757,523061,-0.5875180135240029,0
2023-07-28 10:50:11,1345.45,2034167,2,1353.14,390757,523061,-0.5690426042936885,0
2023-07-28 10:50:13,1345.45,2034201,30,1353.13,390778,522808,-0.5690426042936885,0
2023-07-28 10:50:14,1345.1,2034210,2,1353.13,390431,522296,-0.5949081772161388,0
2023-07-28 10:50:15,1345.1,2034226,1,1353.13,391167,522991,-0.5949081772161388,0
2023-07-28 10:50:15,1345.1,2034226,1,1353.13,391167,522991,-0.5949081772161388,0
2023-07-28 10:50:16,1345.4,2036946,1,1353.12,390270,522994,-0.572737686139748,0
2023-07-28 10:50:17,1345.1,2036949,1,1353.12,390887,523310,-0.5949081772161388,0
2023-07-28 10:50:17,1345.35,2036949,9,1353.12,390887,523310,-0.5764327679858243,0
2023-07-28 10:50:18,1345.35,2036988,10,1353.12,387236,522958,-0.5764327679858243,0
2023-07-28 10:50:18,1345.3,2036988,1,1353.12,387236,522958,-0.5801278498318838,0
2023-07-28 10:50:19,1345.3,2036996,1,1353.12,391042,519044,-0.5801278498318838,0
2023-07-28 10:50:20,1345.35,2037001,2,1353.12,391027,522238,-0.5764327679858243,0
2023-07-28 10:50:20,1345.3,2037001,1,1353.12,391027,522238,-0.5801278498318838,0
2023-07-28 10:50:21,1345.2,2037006,2,1353.12,391131,522584,-0.5875180135240029,0
2023-07-28 10:50:21,1345.2,2037006,2,1353.12,391131,522584,-0.5875180135240029,0
2023-07-28 10:50:21,1345.2,2037006,2,1353.12,391131,522584,-0.5875180135240029,0
2023-07-28 10:50:22,1345.2,2037123,16,1353.12,389208,519420,-0.5875180135240029,0
2023-07-28 10:50:23,1345.1,2037139,2,1353.12,389818,522916,-0.5949081772161388,0
2023-07-28 10:50:24,1345.1,2037144,2,1353.12,389334,523205,-0.5949081772161388,0
2023-07-28 10:50:24,1345.1,2037144,1,1353.12,389334,523205,-0.5949081772161388,0
2023-07-28 10:50:24,1345.1,2037144,1,1353.12,389334,523205,-0.5949081772161388,0
2023-07-28 10:50:25,1345.1,2037147,1,1353.12,389632,523206,-0.5949081772161388,0
2023-07-28 10:50:26,1345.15,2039389,2,1353.11,389580,522777,-0.5912130953700624,0
2023-07-28 10:50:27,1345.15,2039392,2,1353.11,389696,522819,-0.5912130953700624,0
2023-07-28 10:50:28,1345.1,2039402,2,1353.11,389536,522920,-0.5949081772161388,0
2023-07-28 10:50:29,1345.1,2039671,40,1353.11,389910,522920,-0.5949081772161388,0
2023-07-28 10:50:31,1345.1,2039719,6,1353.11,390091,522919,-0.5949081772161388,0
2023-07-28 10:50:32,1345.5,2040693,3,1353.11,391729,521730,-0.5653475224476289,0
2023-07-28 10:50:32,1345.45,2040693,19,1353.11,391729,521730,-0.5690426042936885,0
2023-07-28 10:50:32,1345.45,2082225,19,1352.96,392337,522839,-0.5690426042936885,0
2023-07-28 10:50:34,1345.45,2082976,110,1352.95,389688,527433,-0.5690426042936885,0
2023-07-28 10:50:34,1345.45,2082976,110,1352.95,390388,526182,-0.5690426042936885,0
2023-07-28 10:50:35,1345.35,2083476,2,1352.95,390642,526806,-0.5764327679858243,0
2023-07-28 10:50:37,1345.35,2083499,6,1352.95,386517,525522,-0.5764327679858243,0
2023-07-28 10:50:38,1345.15,2083510,1,1352.95,390673,525530,-0.5912130953700624,0
2023-07-28 10:50:38,1345.15,2083510,1,1352.95,390673,525530,-0.5912130953700624,0
2023-07-28 10:50:39,1345.15,2083514,1,1352.95,390699,525180,-0.5912130953700624,0
2023-07-28 10:50:39,1345.35,2083514,6,1352.95,390699,525180,-0.5764327679858243,0
2023-07-28 10:50:40,1345.15,2083554,1,1352.95,390773,526821,-0.5912130953700624,0
2023-07-28 10:50:40,1345.3,2083554,3,1352.95,390773,526821,-0.5801278498318838,0
2023-07-28 10:50:41,1345.3,2083573,1,1352.95,390167,526433,-0.5801278498318838,0
2023-07-28 10:50:42,1345.1,2083778,20,1352.95,390883,526827,-0.5949081772161388,0
2023-07-28 10:50:43,1345.1,2083781,41,1352.95,390903,526588,-0.5949081772161388,0
2023-07-28 10:50:43,1345.5,2083781,2,1352.95,390903,526588,-0.5653475224476289,0
2023-07-28 10:50:45,1345.35,2121844,2,1352.82,391149,526649,-0.5764327679858243,0
2023-07-28 10:50:47,1345.1,2121851,1,1352.82,391460,526327,-0.5949081772161388,0
2023-07-28 10:50:47,1345.2,2121851,1,1352.82,391460,526327,-0.5875180135240029,0
2023-07-28 10:50:49,1345.15,2121971,1,1352.82,391387,525834,-0.5912130953700624,0
2023-07-28 10:50:49,1345.1,2121971,38,1352.82,391387,525834,-0.5949081772161388,0
2023-07-28 10:50:50,1345.25,2122026,1,1352.82,391331,525224,-0.5838229316779433,0
2023-07-28 10:50:50,1345.1,2122026,60,1352.82,391331,525224,-0.5949081772161388,0
2023-07-28 10:50:52,1345.2,2122176,1,1352.82,391493,526023,-0.5875180135240029,0
2023-07-28 10:50:53,1345.2,2122339,26,1352.82,391590,525900,-0.5875180135240029,0
2023-07-28 10:50:54,1345.45,2123000,1,1352.81,391534,524672,-0.5690426042936885,0
2023-07-28 10:50:56,1345.45,2123153,2,1352.81,391619,524844,-0.5690426042936885,0
2023-07-28 10:50:56,1345.4,2123153,1,1352.81,391619,524844,-0.572737686139748,0
2023-07-28 10:50:57,1345.4,2123158,2,1352.81,391626,520356,-0.572737686139748,0
2023-07-28 10:50:57,1345.45,2123158,77,1352.81,391626,520356,-0.5690426042936885,0
2023-07-28 10:50:58,1345.45,2123268,10,1352.81,391631,523868,-0.5690426042936885,0
2023-07-28 10:50:59,1345.45,2123299,15,1352.81,391736,524155,-0.5690426042936885,0
2023-07-28 10:50:59,1345.15,2123299,16,1352.81,391736,524155,-0.5912130953700624,0
2023-07-28 10:51:00,1345.15,2123961,2,1352.81,391388,523751,-0.5912130953700624,0
2023-07-28 10:51:00,1345.1,2123961,99,1352.81,391388,523751,-0.5949081772161388,0
2023-07-28 10:51:00,1345.1,2124060,99,1352.81,391626,524540,-0.5949081772161388,0
2023-07-28 10:51:02,1345.1,2124178,18,1352.81,391387,519656,-0.5949081772161388,0
2023-07-28 10:51:03,1345.1,2125036,4,1352.81,390996,524505,-0.5949081772161388,0
2023-07-28 10:51:04,1345.05,2125168,37,1352.81,387018,524551,-0.5986032590621982,0
2023-07-28 10:51:05,1345.05,2125289,18,1352.81,390913,524481,-0.5986032590621982,0
2023-07-28 10:51:06,1345.05,2125326,6,1352.81,390745,524549,-0.5986032590621982,0
2023-07-28 10:51:07,1345.05,2125347,1,1352.81,390791,524980,-0.5986032590621982,0
2023-07-28 10:51:08,1345.1,2125354,1,1352.81,390774,524862,-0.5949081772161388,0
2023-07-28 10:51:09,1345.15,2125907,7,1352.8,390794,525002,-0.5912130953700624,0
2023-07-28 10:51:10,1345.1,2125990,56,1352.8,390940,525002,-0.5949081772161388,0
2023-07-28 10:51:11,1345.15,2126011,5,1352.8,390856,524994,-0.5912130953700624,0
2023-07-28 10:51:11,1345.15,2126011,40,1352.8,390856,524994,-0.5912130953700624,0
2023-07-28 10:51:12,1345.15,2126107,36,1352.8,390804,524444,-0.5912130953700624,0
2023-07-28 10:51:13,1345.05,2126422,2,1352.8,391485,521770,-0.5986032590621982,0
2023-07-28 10:51:14,1345.1,2126461,5,1352.8,391897,524732,-0.5949081772161388,0
2023-07-28 10:51:15,1345.05,2127168,148,1352.8,391969,526210,-0.5986032590621982,0
2023-07-28 10:51:15,1345.05,2127168,246,1352.8,391969,526210,-0.5986032590621982,0
2023-07-28 10:51:16,1345.05,2127528,6,1352.8,393292,526012,-0.5986032590621982,0
2023-07-28 10:51:16,1345.05,2127643,50,1352.8,393230,525987,-0.5986032590621982,0
2023-07-28 10:51:17,1345.0,2127911,250,1352.8,392516,525916,-0.6022983409082578,0
2023-07-28 10:51:17,1345.05,2127911,134,1352.8,392516,525916,-0.5986032590621982,0
2023-07-28 10:51:19,1345.0,2128923,20,1352.79,392882,526126,-0.6022983409082578,0
2023-07-28 10:51:19,1345.0,2128923,2,1352.79,392882,526126,-0.6022983409082578,0
2023-07-28 10:51:19,1345.05,2129084,2,1352.79,392765,526164,-0.5986032590621982,0
2023-07-28 10:51:20,1345.05,2129150,2,1352.79,392720,521976,-0.5986032590621982,0
2023-07-28 10:51:20,1345.05,2129150,4,1352.79,392720,521976,-0.5986032590621982,0
2023-07-28 10:51:21,1345.05,2130161,4,1352.79,391214,526121,-0.5986032590621982,0
2023-07-28 10:51:21,1345.0,2130161,129,1352.79,391214,526121,-0.6022983409082578,0
2023-07-28 10:51:22,1345.0,2130312,129,1352.79,393480,525801,-0.6022983409082578,0
2023-07-28 10:51:22,1345.2,2130312,2,1352.79,393480,525801,-0.5875180135240029,0
2023-07-28 10:51:24,1345.15,2131648,1,1352.78,394519,525612,-0.5912130953700624,0
2023-07-28 10:51:24,1345.15,2131742,1,1352.78,393686,524686,-0.5912130953700624,0
2023-07-28 10:51:24,1345.15,2131742,1,1352.78,393649,524581,-0.5912130953700624,0
2023-07-28 10:51:24,1345.1,2131742,9,1352.78,393649,524581,-0.5949081772161388,0
2023-07-28 10:51:26,1345.1,2131757,9,1352.78,393770,524589,-0.5949081772161388,0
2023-07-28 10:51:26,1345.05,2131757,2,1352.78,393770,524589,-0.5986032590621982,0
2023-07-28 10:51:28,1345.2,2132223,2,1352.78,392150,524486,-0.5875180135240029,0
2023-07-28 10:51:28,1345.15,2132223,70,1352.78,392150,524486,-0.5912130953700624,0
2023-07-28 10:51:29,1345.15,2132295,1,1352.78,392961,524490,-0.5912130953700624,0
2023-07-28 10:51:30,1345.15,2132307,2,1352.78,393191,524090,-0.5912130953700624,0
2023-07-28 10:51:31,1345.15,2132318,1,1352.78,393185,520489,-0.5912130953700624,0
2023-07-28 10:51:31,1345.2,2132318,1,1352.78,393185,520489,-0.5875180135240029,0
2023-07-28 10:51:32,1345.15,2132323,1,1352.78,393294,520509,-0.5912130953700624,0
2023-07-28 10:51:33,1345.2,2132348,2,1352.78,393272,524513,-0.5875180135240029,0
2023-07-28 10:51:34,1345.15,2132382,5,1352.78,393319,524506,-0.5912130953700624,0
2023-07-28 10:51:35,1345.15,2132394,2,1352.78,393921,524653,-0.5912130953700624,0
2023-07-28 10:51:36,1345.2,2132427,5,1352.78,394173,524670,-0.5875180135240029,0
2023-07-28 10:51:37,1345.15,2132443,3,1352.78,394206,523859,-0.5912130953700624,0
2023-07-28 10:51:39,1345.25,2132662,1,1352.78,394229,523840,-0.5838229316779433,0
2023-07-28 10:51:39,1345.2,2132694,32,1352.78,394389,523844,-0.5875180135240029,0
2023-07-28 10:51:39,1345.2,2132694,2,1352.78,394389,523844,-0.5875180135240029,0
2023-07-28 10:51:40,1345.25,2132708,7,1352.78,394315,523833,-0.5838229316779433,0
2023-07-28 10:51:40,1345.2,2132708,2,1352.78,394315,523833,-0.5875180135240029,0
2023-07-28 10:51:41,1345.25,2132713,2,1352.78,394365,524364,-0.5838229316779433,0
2023-07-28 10:51:42,1345.25,2132726,5,1352.78,394780,523838,-0.5838229316779433,0
2023-07-28 10:51:42,1345.2,2132726,4,1352.78,394780,523838,-0.5875180135240029,0
2023-07-28 10:51:42,1345.2,2132732,4,1352.78,394381,523828,-0.5875180135240029,0
2023-07-28 10:51:42,1345.25,2132732,2,1352.78,394381,523828,-0.5838229316779433,0
2023-07-28 10:51:43,1345.25,2132735,2,1352.78,394787,523826,-0.5838229316779433,0
2023-07-28 10:51:45,1345.25,2132748,10,1352.78,394784,524618,-0.5838229316779433,0
2023-07-28 10:51:45,1345.2,2132748,2,1352.78,394784,524618,-0.5875180135240029,0
2023-07-28 10:51:46,1345.2,2132751,1,1352.78,394715,524311,-0.5875180135240029,0
2023-07-28 10:51:46,1345.2,2132751,1,1352.78,394715,524311,-0.5875180135240029,0
2023-07-28 10:51:47,1345.2,2132767,1,1352.78,394524,523216,-0.5875180135240029,0
2023-07-28 10:51:48,1345.2,2132773,1,1352.78,394396,520363,-0.5875180135240029,0
2023-07-28 10:51:49,1345.25,2132796,20,1352.78,394202,524692,-0.5838229316779433,0
2023-07-28 10:51:49,1345.2,2132796,1,1352.78,394202,524692,-0.5875180135240029,0
2023-07-28 10:51:51,1345.2,2132832,1,1352.78,394401,524679,-0.5875180135240029,0
2023-07-28 10:51:51,1345.25,2132832,2,1352.78,394401,524679,-0.5838229316779433,0
2023-07-28 10:51:52,1345.5,2133075,1,1352.78,394198,524730,-0.5653475224476289,0
2023-07-28 10:51:53,1345.55,2150633,1,1352.72,414578,517351,-0.5616524406015694,0
2023-07-28 10:51:54,1345.7,2150640,5,1352.72,413281,517789,-0.5505671950633739,0
2023-07-28 10:51:55,1345.55,2150647,1,1352.72,412803,518659,-0.5616524406015694,0
2023-07-28 10:51:56,1345.7,2150650,998,1352.72,412903,518756,-0.5505671950633739,0
2023-07-28 10:51:57,1345.55,2151652,1,1352.71,413788,517653,-0.5616524406015694,0
2023-07-28 10:51:58,1345.55,2151684,1,1352.71,413577,518022,-0.5616524406015694,0
2023-07-28 10:51:59,1345.6,2151687,2,1352.71,412879,517099,-0.5579573587555099,0
2023-07-28 10:52:01,1345.6,2151704,5,1352.71,413348,518591,-0.5579573587555099,0
2023-07-28 10:52:01,1345.55,2151705,1,1352.71,413540,518621,-0.5616524406015694,0
2023-07-28 10:52:01,1345.6,2151705,1,1352.71,413540,518621,-0.5579573587555099,0
2023-07-28 10:52:01,1345.5,2151705,8065,1352.71,413540,518621,-0.5653475224476289,0
2023-07-28 10:52:04,1345.6,2159887,1,1352.69,401442,514654,-0.5579573587555099,0
2023-07-28 10:52:04,1345.55,2159887,1,1352.69,401442,514654,-0.5616524406015694,0
2023-07-28 10:52:05,1345.5,2159934,7,1352.69,405089,518033,-0.5653475224476289,0
2023-07-28 10:52:06,1345.5,2160214,42,1352.69,400652,514859,-0.5653475224476289,0
2023-07-28 10:52:07,1345.5,2162723,377,1352.68,398717,514886,-0.5653475224476289,0
2023-07-28 10:52:08,1345.5,2164732,301,1352.67,400638,514684,-0.5653475224476289,0
2023-07-28 10:52:09,1345.5,2165111,13,1352.67,402568,514846,-0.5653475224476289,0
2023-07-28 10:52:10,1345.55,2165198,1,1352.67,402510,514840,-0.5616524406015694,0
2023-07-28 10:52:10,1345.5,2165198,1,1352.67,402510,514840,-0.5653475224476289,0
2023-07-28 10:52:10,1345.5,2165212,1,1352.67,402448,515244,-0.5653475224476289,0
2023-07-28 10:52:13,1345.5,2166594,120,1352.66,401028,515221,-0.5653475224476289,0
2023-07-28 10:52:14,1345.55,2166822,12,1352.66,400922,516014,-0.5616524406015694,0
2023-07-28 10:52:14,1345.5,2166990,1,1352.66,394751,516032,-0.5653475224476289,0
2023-07-28 10:52:15,1345.5,2167055,1,1352.66,394714,516139,-0.5653475224476289,0
2023-07-28 10:52:16,1345.55,2167117,1,1352.66,400050,514446,-0.5616524406015694,0
2023-07-28 10:52:17,1345.55,2167139,2,1352.66,399882,515483,-0.5616524406015694,0
2023-07-28 10:52:18,1345.5,2167142,3,1352.66,399763,515486,-0.5653475224476289,0
2023-07-28 10:52:18,1345.55,2167142,2,1352.66,399763,515486,-0.5616524406015694,0
2023-07-28 10:52:19,1345.5,2168236,164,1352.66,399252,517197,-0.5653475224476289,0
2023-07-28 10:52:20,1345.5,2168401,25,1352.66,397848,517331,-0.5653475224476289,0
2023-07-28 10:52:21,1345.5,2168430,2,1352.66,397788,517331,-0.5653475224476289,0
2023-07-28 10:52:22,1345.55,2168438,2,1352.66,397794,517336,-0.5616524406015694,0
2023-07-28 10:52:22,1345.5,2168438,2,1352.66,397794,517336,-0.5653475224476289,0
2023-07-28 10:52:23,1345.5,2168445,1,1352.66,397817,517331,-0.5653475224476289,0
2023-07-28 10:52:24,1345.55,2168447,1,1352.66,397832,517330,-0.5616524406015694,0
2023-07-28 10:52:25,1345.55,2168451,2,1352.66,397840,517327,-0.5616524406015694,0
2023-07-28 10:52:25,1345.5,2168451,1,1352.66,397840,517327,-0.5653475224476289,0
2023-07-28 10:52:26,1345.55,2168465,1,1352.66,397777,517278,-0.5616524406015694,0
2023-07-28 10:52:26,1345.55,2168468,65,1352.66,397632,516675,-0.5616524406015694,0
2023-07-28 10:52:28,1345.5,2168622,2,1352.66,397628,516484,-0.5653475224476289,0
2023-07-28 10:52:28,1345.5,2168622,23,1352.66,397628,516484,-0.5653475224476289,0
2023-07-28 10:52:29,1345.5,2168713,1,1352.66,397550,517478,-0.5653475224476289,0
2023-07-28 10:52:30,1345.55,2168730,5,1352.66,397836,517084,-0.5616524406015694,0
2023-07-28 10:52:31,1345.55,2169095,15,1352.66,398033,516911,-0.5616524406015694,0
2023-07-28 10:52:31,1345.55,2169095,42,1352.66,398033,516911,-0.5616524406015694,0
2023-07-28 10:52:32,1345.5,2170347,1,1352.65,396781,512955,-0.5653475224476289,0
2023-07-28 10:52:32,1345.5,2170347,1,1352.65,396781,512955,-0.5653475224476289,0
2023-07-28 10:52:35,1345.5,2170592,1,1352.65,397075,516910,-0.5653475224476289,0
2023-07-28 10:52:35,1345.5,2170593,1,1352.65,396803,516932,-0.5653475224476289,0
2023-07-28 10:52:36,1345.55,2170627,1,1352.65,396459,517045,-0.5616524406015694,0
2023-07-28 10:52:38,1345.35,2173996,2,1352.64,392815,519269,-0.5764327679858243,0
2023-07-28 10:52:38,1345.3,2173996,2,1352.64,392815,519269,-0.5801278498318838,0
2023-07-28 10:52:38,1345.3,2173998,2,1352.64,393464,519095,-0.5801278498318838,0
2023-07-28 10:52:38,1345.45,2173998,5,1352.64,393464,519095,-0.5690426042936885,0
2023-07-28 10:52:40,1345.3,2174015,3,1352.64,393472,519457,-0.5801278498318838,0
2023-07-28 10:52:40,1345.25,2174015,1,1352.64,393472,519457,-0.5838229316779433,0
2023-07-28 10:52:41,1345.35,2174052,1,1352.64,393456,518725,-0.5764327679858243,0
2023-07-28 10:52:42,1345.3,2174060,1,1352.64,393391,518723,-0.5801278498318838,0
2023-07-28 10:52:43,1345.2,2174178,1,1352.64,393305,518730,-0.5875180135240029,0
2023-07-28 10:52:44,1345.35,2174180,1,1352.64,393344,518732,-0.5764327679858243,0
2023-07-28 10:52:45,1345.15,2174182,1,1352.64,393407,518737,-0.5912130953700624,0
2023-07-28 10:52:46,1345.4,2174193,8,1352.64,393621,518846,-0.572737686139748,0
2023-07-28 10:52:47,1345.35,2174197,1,1352.64,393622,518994,-0.5764327679858243,0
2023-07-28 10:52:48,1345.4,2175450,1,1352.64,392441,518901,-0.572737686139748,0
2023-07-28 10:52:49,1345.35,2175489,1,1352.64,392443,518506,-0.5764327679858243,0
2023-07-28 10:52:49,1345.35,2175489,1,1352.64,392645,518783,-0.5764327679858243,0
2023-07-28 10:52:49,1345.3,2175489,4,1352.64,392646,518784,-0.5801278498318838,0
2023-07-28 10:52:52,1345.3,2175499,1,1352.64,392506,518729,-0.5801278498318838,0
2023-07-28 10:52:53,1345.2,2175731,100,1352.63,392494,518728,-0.5875180135240029,0
2023-07-28 10:52:54,1345.0,2175840,100,1352.63,392391,518722,-0.6022983409082578,0
2023-07-28 10:52:54,1345.15,2175840,4,1352.63,394006,518788,-0.5912130953700624,0
2023-07-28 10:52:56,1345.0,2175863,1,1352.63,393346,518899,-0.6022983409082578,0
2023-07-28 10:52:57,1345.2,2175934,15,1352.63,393690,517702,-0.5875180135240029,0
2023-07-28 10:52:58,1345.0,2176070,7,1352.63,394181,518920,-0.6022983409082578,0
2023-07-28 10:52:58,1345.0,2176070,7,1352.63,394181,518920,-0.6022983409082578,0
2023-07-28 10:52:59,1345.2,2176098,5,1352.63,394180,518793,-0.5875180135240029,0
2023-07-28 10:53:00,1345.2,2176110,2,1352.63,394163,519104,-0.5875180135240029,0
2023-07-28 10:53:02,1345.2,2176150,10,1352.63,394155,519055,-0.5875180135240029,0
2023-07-28 10:53:02,1345.05,2176177,1,1352.63,394705,519295,-0.5986032590621982,0
2023-07-28 10:53:04,1345.0,2176384,150,1352.63,394517,519355,-0.6022983409082578,0
2023-07-28 10:53:05,1345.2,2176672,7,1352.63,394810,519235,-0.5875180135240029,0
2023-07-28 10:53:05,1345.2,2176672,7,1352.63,394810,519235,-0.5875180135240029,0
2023-07-28 10:53:05,1345.2,2176672,1,1352.63,394810,519235,-0.5875180135240029,0
2023-07-28 10:53:07,1345.2,2176679,1,1352.63,393188,519145,-0.5875180135240029,0
2023-07-28 10:53:07,1345.35,2176679,1,1352.63,393188,519145,-0.5764327679858243,0
2023-07-28 10:53:08,1345.2,2176685,1,1352.63,393162,518847,-0.5875180135240029,0
2023-07-28 10:53:09,1345.35,2176690,1,1352.63,392846,518847,-0.5764327679858243,0
2023-07-28 10:53:09,1345.35,2176690,1,1352.63,392846,518847,-0.5764327679858243,0
2023-07-28 10:53:10,1345.4,2176705,1,1352.63,392826,518905,-0.572737686139748,0
2023-07-28 10:53:11,1345.35,2176706,1,1352.63,392821,518699,-0.5764327679858243,0
2023-07-28 10:53:12,1345.2,2176718,1,1352.63,392816,518179,-0.5875180135240029,0
2023-07-28 10:53:12,1345.35,2176718,2,1352.63,392816,518179,-0.5764327679858243,0
2023-07-28 10:53:13,1345.4,2176726,1,1352.63,392814,518179,-0.572737686139748,0
2023-07-28 10:53:14,1345.2,2176732,1,1352.63,392892,518944,-0.5875180135240029,0
2023-07-28 10:53:15,1345.4,2176751,8,1352.63,393208,518802,-0.572737686139748,0
2023-07-28 10:53:16,1345.4,2176822,1,1352.63,393354,519656,-0.572737686139748,0
2023-07-28 10:53:17,1345.5,2176858,9,1352.63,393396,519641,-0.5653475224476289,0
2023-07-28 10:53:18,1345.3,2176859,1,1352.63,393328,519646,-0.5801278498318838,0
2023-07-28 10:53:19,1345.3,2176861,1,1352.63,392743,518798,-0.5801278498318838,0
2023-07-28 10:53:19,1345.5,2176861,136,1352.63,392743,518798,-0.5653475224476289,0
2023-07-28 10:53:20,1345.5,2177026,136,1352.63,392948,518700,-0.5653475224476289,0
2023-07-28 10:53:20,1345.45,2177026,1,1352.63,392948,518700,-0.5690426042936885,0
2023-07-28 10:53:22,1345.2,2177043,1,1352.63,392888,518706,-0.5875180135240029,0
2023-07-28 10:53:22,1345.2,2177043,1,1352.63,392888,518706,-0.5875180135240029,0
2023-07-28 10:53:24,1345.2,2177081,1,1352.63,392824,519110,-0.5875180135240029,0
2023-07-28 10:53:24,1345.2,2177081,1,1352.63,392824,519110,-0.5875180135240029,0
2023-07-28 10:53:24,1345.2,2177082,1,1352.63,391885,519348,-0.5875180135240029,0
2023-07-28 10:53:25,1345.2,2177091,1,1352.63,392763,519434,-0.5875180135240029,0
2023-07-28 10:53:25,1345.2,2177091,1,1352.63,392763,519434,-0.5875180135240029,0
2023-07-28 10:53:26,1345.35,2177101,1,1352.63,392798,519633,-0.5764327679858243,0
2023-07-28 10:53:27,1345.2,2177142,14,1352.63,392780,519566,-0.5875180135240029,0
2023-07-28 10:53:27,1345.3,2177142,1,1352.63,392790,519722,-0.5801278498318838,0
2023-07-28 10:53:27,1345.25,2177142,1,1352.63,392790,519722,-0.5838229316779433,0
2023-07-28 10:53:30,1345.2,2177361,1,1352.63,394448,522123,-0.5875180135240029,0
2023-07-28 10:53:31,1345.25,2177367,1,1352.63,394462,522122,-0.5838229316779433,0
2023-07-28 10:53:31,1345.25,2177367,1,1352.63,394462,522122,-0.5838229316779433,0
2023-07-28 10:53:33,1345.2,2177375,2,1352.63,394998,522348,-0.5875180135240029,0
2023-07-28 10:53:33,1345.5,2178077,156,1352.63,393413,518924,-0.5653475224476289,0
2023-07-28 10:53:34,1345.45,2178101,11,1352.63,393527,519373,-0.5690426042936885,0
2023-07-28 10:53:34,1345.4,2178101,2,1352.63,393527,519373,-0.572737686139748,0
2023-07-28 10:53:35,1345.4,2178113,2,1352.63,393455,519429,-0.572737686139748,0
2023-07-28 10:53:36,1345.45,2178118,2,1352.63,393396,519596,-0.5690426042936885,0
2023-07-28 10:53:37,1345.45,2178547,26,1352.62,393485,519402,-0.5690426042936885,0
2023-07-28 10:53:37,1345.4,2178547,64,1352.62,393485,519402,-0.572737686139748,0
2023-07-28 10:53:38,1345.35,2178659,2,1352.62,392281,519463,-0.5764327679858243,0
2023-07-28 10:53:38,1345.1,2178659,2,1352.62,392281,519463,-0.5949081772161388,0
2023-07-28 10:53:40,1345.1,2178939,15,1352.62,391809,518588,-0.5949081772161388,0
2023-07-28 10:53:40,1345.1,2178939,1,1352.62,391809,518588,-0.5949081772161388,0
2023-07-28 10:53:40,1345.15,2178939,1,1352.62,391809,518588,-0.5912130953700624,0
2023-07-28 10:53:42,1345.1,2179325,1,1352.62,392620,519098,-0.5949081772161388,0
2023-07-28 10:53:42,1345.1,2179325,1,1352.62,392620,519098,-0.5949081772161388,0
2023-07-28 10:53:43,1345.05,2179344,3,1352.62,388662,518846,-0.5986032590621982,0
2023-07-28 10:53:45,1345.1,2179423,1,1352.62,388812,518770,-0.5949081772161388,0
2023-07-28 10:53:46,1345.05,2179496,1,1352.62,388756,518771,-0.5986032590621982,0
2023-07-28 10:53:46,1345.05,2179506,2,1352.62,394084,518481,-0.5986032590621982,0
2023-07-28 10:53:47,1345.25,2179509,1,1352.62,394044,518343,-0.5838229316779433,0
2023-07-28 10:53:48,1345.05,2179510,1,1352.62,394044,514346,-0.5986032590621982,0
2023-07-28 10:53:49,1345.05,2179520,10,1352.62,392836,518421,-0.5986032590621982,0
2023-07-28 10:53:50,1345.0,2179580,2,1352.62,393643,514328,-0.6022983409082578,0
2023-07-28 10:53:51,1345.05,2179581,1,1352.62,392839,518329,-0.5986032590621982,0
2023-07-28 10:53:51,1345.25,2179581,5,1352.62,392839,518329,-0.5838229316779433,0
2023-07-28 10:53:52,1345.3,2179593,1,1352.62,393924,518327,-0.5801278498318838,0
2023-07-28 10:53:52,1345.25,2179593,1,1352.62,393924,518327,-0.5838229316779433,0
2023-07-28 10:53:54,1345.2,2179598,1,1352.62,393941,518425,-0.5875180135240029,0
2023-07-28 10:53:54,1345.2,2179598,1,1352.62,393941,518425,-0.5875180135240029,0
2023-07-28 10:53:55,1345.25,2179605,1,1352.62,393916,518429,-0.5838229316779433,0
2023-07-28 10:53:57,1345.35,2179609,1,1352.62,393928,518419,-0.5764327679858243,0
2023-07-28 10:53:57,1345.1,2179654,38,1352.62,393809,518418,-0.5949081772161388,0
2023-07-28 10:53:58,1345.1,2179658,2,1352.62,393854,518461,-0.5949081772161388,0
2023-07-28 10:54:00,1345.1,2179671,5,1352.62,394258,518463,-0.5949081772161388,0
2023-07-28 10:54:00,1345.1,2179674,1,1352.62,394253,518464,-0.5949081772161388,0
2023-07-28 10:54:00,1345.5,2179674,17,1352.62,394253,518464,-0.5653475224476289,0
2023-07-28 10:54:00,1345.1,2179674,1,1352.62,394253,518464,-0.5949081772161388,0
2023-07-28 10:54:02,1345.1,2179706,5,1352.62,392979,517650,-0.5949081772161388,0
2023-07-28 10:54:03,1345.45,2179756,1,1352.62,393123,517639,-0.5690426042936885,0
2023-07-28 10:54:04,1345.35,2179758,1,1352.62,393955,518293,-0.5764327679858243,0
2023-07-28 10:54:05,1345.45,2179763,1,1352.62,393988,518292,-0.5690426042936885,0
2023-07-28 10:54:06,1345.4,2179769,1,1352.62,393032,518750,-0.572737686139748,0
2023-07-28 10:54:06,1345.25,2179769,1,1352.62,393032,518750,-0.5838229316779433,0
2023-07-28 10:54:08,1345.25,2179805,2,1352.62,393333,519015,-0.5838229316779433,0
2023-07-28 10:54:08,1345.5,2179805,5,1352.62,393333,519015,-0.5653475224476289,0
2023-07-28 10:54:08,1345.5,2179805,98,1352.62,393333,519015,-0.5653475224476289,0
2023-07-28 10:54:08,1345.5,2179805,2,1352.62,393333,519015,-0.5653475224476289,0
2023-07-28 10:54:12,1345.5,2183006,20,1352.61,393191,520319,-0.5653475224476289,0
2023-07-28 10:54:12,1345.45,2183046,5,1352.61,393304,520623,-0.5690426042936885,0
2023-07-28 10:54:14,1345.4,2183062,1,1352.61,393375,519697,-0.572737686139748,0
2023-07-28 10:54:14,1345.3,2183062,2,1352.61,393375,519697,-0.5801278498318838,0
2023-07-28 10:54:16,1345.45,2183106,35,1352.61,393250,518106,-0.5690426042936885,0
2023-07-28 10:54:17,1345.4,2183113,1,1352.61,393013,518897,-0.572737686139748,0
2023-07-28 10:54:17,1345.2,2183113,2,1352.61,393013,518897,-0.5875180135240029,0
2023-07-28 10:54:17,1345.2,2183165,2,1352.61,392989,518527,-0.5875180135240029,0
2023-07-28 10:54:17,1345.4,2183165,2,1352.61,392989,518527,-0.572737686139748,0
2023-07-28 10:54:19,1345.4,2183167,2,1352.61,393483,517658,-0.572737686139748,0
2023-07-28 10:54:19,1345.35,2183167,1,1352.61,393483,517658,-0.5764327679858243,0
2023-07-28 10:54:20,1345.35,2183168,1,1352.61,393259,516882,-0.5764327679858243,0
2023-07-28 10:54:21,1345.4,2183170,1,1352.61,389728,517496,-0.572737686139748,0
2023-07-28 10:54:21,1345.35,2183170,1,1352.61,393792,516696,-0.5764327679858243,0
2023-07-28 10:54:21,1345.2,2183170,2,1352.61,393792,516696,-0.5875180135240029,0
2023-07-28 10:54:23,1345.3,2183174,1,1352.61,393793,518421,-0.5801278498318838,0
2023-07-28 10:54:25,1345.3,2183227,25,1352.61,393793,518397,-0.5801278498318838,0
2023-07-28 10:54:25,1345.25,2183229,2,1352.61,393793,518398,-0.5838229316779433,0
2023-07-28 10:54:25,1345.2,2183229,2,1352.61,393793,518398,-0.5875180135240029,0
2023-07-28 10:54:26,1345.3,2183292,10,1352.61,393586,518408,-0.5801278498318838,0
2023-07-28 10:54:26,1345.2,2183292,1,1352.61,393586,518408,-0.5875180135240029,0
2023-07-28 10:54:27,1345.2,2183464,2,1352.61,393474,517350,-0.5875180135240029,0
2023-07-28 10:54:29,1345.15,2183684,1,1352.61,393366,517327,-0.5912130953700624,0
2023-07-28 10:54:29,1345.1,2183684,1,1352.61,393366,517327,-0.5949081772161388,0
2023-07-28 10:54:29,1345.1,2183684,1,1352.61,393366,517327,-0.5949081772161388,0
2023-07-28 10:54:32,1345.3,2184239,1,1352.61,393371,517794,-0.5801278498318838,0
2023-07-28 10:54:32,1345.1,2184242,1,1352.61,393425,516227,-0.5949081772161388,0
2023-07-28 10:54:33,1345.0,2185369,546,1352.6,392151,516487,-0.6022983409082578,0
2023-07-28 10:54:33,1345.0,2185369,546,1352.6,392151,516487,-0.6022983409082578,0
2023-07-28 10:54:35,1345.0,2185405,1,1352.6,392094,516569,-0.6022983409082578,0
2023-07-28 10:54:36,1345.0,2185530,1,1352.6,394038,516499,-0.6022983409082578,0
2023-07-28 10:54:37,1345.1,2185625,1,1352.6,393895,516392,-0.5949081772161388,0
2023-07-28 10:54:38,1345.05,2185631,2,1352.6,395017,513742,-0.5986032590621982,0
2023-07-28 10:54:38,1345.1,2185647,1,1352.6,394955,516400,-0.5949081772161388,0
2023-07-28 10:54:39,1345.1,2185651,2,1352.6,395222,516833,-0.5949081772161388,0
2023-07-28 10:54:39,1345.35,2185651,1,1352.6,395222,516761,-0.5764327679858243,0
2023-07-28 10:54:42,1345.35,2185832,5,1352.6,394901,516751,-0.5764327679858243,0
2023-07-28 10:54:42,1345.35,2185891,1,1352.6,394901,516801,-0.5764327679858243,0
2023-07-28 10:54:44,1345.25,2185898,1,1352.6,394927,517068,-0.5838229316779433,0
2023-07-28 10:54:44,1345.2,2185898,6,1352.6,394927,517068,-0.5875180135240029,0
2023-07-28 10:54:44,1345.2,2185905,6,1352.6,394829,517124,-0.5875180135240029,0
2023-07-28 10:54:46,1345.2,2185919,9,1352.6,394833,517124,-0.5875180135240029,0
2023-07-28 10:54:47,1345.4,2185967,29,1352.6,395061,517093,-0.572737686139748,0
2023-07-28 10:54:47,1345.05,2185983,8,1352.6,393176,517088,-0.5986032590621982,0
2023-07-28 10:54:48,1345.35,2185993,5,1352.6,393222,517161,-0.5764327679858243,0
2023-07-28 10:54:50,1345.3,2186022,1,1352.6,393610,517206,-0.5801278498318838,0
2023-07-28 10:54:50,1345.05,2186025,2,1352.6,393365,517451,-0.5986032590621982,0
2023-07-28 10:54:50,1345.1,2186025,11,1352.6,393365,517451,-0.5949081772161388,0
2023-07-28 10:54:52,1345.1,2186052,2,1352.6,395120,517508,-0.5949081772161388,0
2023-07-28 10:54:52,1345.1,2186052,1,1352.6,395120,517508,-0.5949081772161388,0
2023-07-28 10:54:53,1345.05,2186082,1,1352.6,394955,517400,-0.5986032590621982,0
2023-07-28 10:54:53,1345.0,2186082,2,1352.6,394955,517400,-0.6022983409082578,0
2023-07-28 10:54:54,1345.0,2186366,1,1352.6,394692,517701,-0.6022983409082578,0
2023-07-28 10:54:56,1345.05,2186752,1,1352.6,394778,516950,-0.5986032590621982,0
2023-07-28 10:54:56,1345.05,2186752,1,1352.6,394778,516950,-0.5986032590621982,0
2023-07-28 10:54:57,1345.2,2186762,2,1352.6,395023,517604,-0.5875180135240029,0
2023-07-28 10:54:58,1345.05,2186765,1,1352.6,394514,517594,-0.5986032590621982,0
2023-07-28 10:54:59,1345.2,2186791,3,1352.6,394990,518030,-0.5875180135240029,0
2023-07-28 10:55:00,1345.2,2187045,15,1352.6,394839,514091,-0.5875180135240029,0
2023-07-28 10:55:00,1345.2,2187045,10,1352.6,394839,514091,-0.5875180135240029,0
2023-07-28 10:55:00,1345.2,2187057,10,1352.6,395064,518151,-0.5875180135240029,0
2023-07-28 10:55:00,1345.15,2187057,1,1352.6,395064,518151,-0.5912130953700624,0
2023-07-28 10:55:03,1345.0,2187090,4,1352.6,393099,518289,-0.6022983409082578,0
2023-07-28 10:55:03,1345.1,2187090,2,1352.6,393099,518289,-0.5949081772161388,0
2023-07-28 10:55:03,1345.1,2187097,2,1352.6,392952,518768,-0.5949081772161388,0
2023-07-28 10:55:05,1345.1,2187111,3,1352.6,393199,518860,-0.5949081772161388,0
2023-07-28 10:55:05,1345.1,2187111,6,1352.6,393199,518860,-0.5949081772161388,0
2023-07-28 10:55:05,1345.1,2187120,6,1352.6,393190,518851,-0.5949081772161388,0
2023-07-28 10:55:07,1345.2,2187376,1,1352.6,395068,518192,-0.5875180135240029,0
2023-07-28 10:55:07,1345.2,2187414,38,1352.6,395030,518266,-0.5875180135240029,0
2023-07-28 10:55:08,1345.35,2187493,3,1352.59,394844,518689,-0.5764327679858243,0
2023-07-28 10:55:08,1345.25,2187493,7,1352.59,394844,518689,-0.5838229316779433,0
2023-07-28 10:55:09,1345.2,2187511,3,1352.59,394999,518825,-0.5875180135240029,0
2023-07-28 10:55:10,1345.2,2187517,1,1352.59,395166,518917,-0.5875180135240029,0
2023-07-28 10:55:10,1345.2,2187517,1,1352.59,395166,518917,-0.5875180135240029,0
2023-07-28 10:55:11,1345.25,2187521,8,1352.59,395013,518967,-0.5838229316779433,0
2023-07-28 10:55:11,1345.25,2187521,89,1352.59,395013,518967,-0.5838229316779433,0
2023-07-28 10:55:13,1345.4,2187784,478,1352.59,395472,519000,-0.572737686139748,0
2023-07-28 10:55:15,1345.15,2190571,9,1352.58,392551,521248,-0.5912130953700624,0
2023-07-28 10:55:15,1345.1,2190572,1,1352.58,394486,521656,-0.5949081772161388,0
2023-07-28 10:55:16,1345.05,2190578,4,1352.58,394471,521652,-0.5986032590621982,0
2023-07-28 10:55:16,1345.05,2190578,14,1352.58,394471,521652,-0.5986032590621982,0
2023-07-28 10:55:18,1345.0,2190594,1,1352.58,394462,521650,-0.6022983409082578,0
2023-07-28 10:55:18,1345.0,2190594,5,1352.58,394462,521650,-0.6022983409082578,0
2023-07-28 10:55:19,1345.0,2190603,1,1352.58,394455,521703,-0.6022983409082578,0
2023-07-28 10:55:19,1345.0,2190603,1,1352.58,394455,521703,-0.6022983409082578,0
2023-07-28 10:55:20,1345.05,2190604,1,1352.58,394474,521298,-0.5986032590621982,0
2023-07-28 10:55:20,1345.05,2190609,2,1352.58,394488,521702,-0.5986032590621982,0
2023-07-28 10:55:20,1345.05,2190609,2,1352.58,394466,521492,-0.5986032590621982,0
2023-07-28 10:55:20,1345.0,2190609,1,1352.58,394466,521492,-0.6022983409082578,0
2023-07-28 10:55:23,1345.0,2190610,1,1352.58,394465,521502,-0.6022983409082578,0
2023-07-28 10:55:23,1345.05,2190610,1,1352.58,394511,521502,-0.5986032590621982,0
2023-07-28 10:55:25,1345.05,2190611,1,1352.58,394519,521753,-0.5986032590621982,0
2023-07-28 10:55:25,1345.0,2190611,3,1352.58,394519,521753,-0.6022983409082578,0
2023-07-28 10:55:26,1345.0,2198461,14,1352.56,388109,521925,-0.6022983409082578,0
2023-07-28 10:55:27,1345.0,2201938,522,1352.55,387130,521750,-0.6022983409082578,0
2023-07-28 10:55:28,1345.0,2202471,80,1352.54,381521,519136,-0.6022983409082578,0
2023-07-28 10:55:30,1345.0,2205714,71,1352.53,381544,519348,-0.6022983409082578,0
2023-07-28 10:55:30,1345.0,2205719,5,1352.53,381727,518308,-0.6022983409082578,0
2023-07-28 10:55:31,1345.0,2205880,1,1352.53,381568,519603,-0.6022983409082578,0
2023-07-28 10:55:31,1345.0,2205880,1,1352.53,381568,519603,-0.6022983409082578,0
2023-07-28 10:55:32,1345.0,2205913,41,1352.53,381633,519569,-0.6022983409082578,0
2023-07-28 10:55:33,1345.0,2205959,1,1352.53,381591,520198,-0.6022983409082578,0
2023-07-28 10:55:34,1344.9,2205960,1,1352.53,381480,520199,-0.6096885046003768,0
2023-07-28 10:55:35,1345.0,2205962,60,1352.53,381405,519820,-0.6022983409082578,0
2023-07-28 10:55:37,1345.0,2206072,1,1352.53,386890,522559,-0.6022983409082578,0
2023-07-28 10:55:38,1345.0,2206076,1,1352.53,386907,522462,-0.6022983409082578,0
2023-07-28 10:55:38,1344.9,2206079,1,1352.53,386899,521810,-0.6096885046003768,0
2023-07-28 10:55:39,1344.9,2206080,1,1352.53,386898,522503,-0.6096885046003768,0
2023-07-28 10:55:40,1344.9,2206082,1,1352.53,386911,522503,-0.6096885046003768,0
2023-07-28 10:55:41,1344.95,2206237,1,1352.53,388913,525026,-0.6059934227543173,0
2023-07-28 10:55:42,1344.55,2206903,176,1352.53,387629,523391,-0.6355540775228272,0
2023-07-28 10:55:43,1344.75,2206925,20,1352.53,386319,523713,-0.6207737501385723,0
2023-07-28 10:55:44,1344.75,2206926,1,1352.53,386582,523389,-0.6207737501385723,0
2023-07-28 10:55:46,1344.55,2207195,43,1352.53,386388,523274,-0.6355540775228272,0
2023-07-28 10:55:46,1344.55,2207195,43,1352.53,386239,522987,-0.6355540775228272,0
2023-07-28 10:55:46,1344.75,2207195,2,1352.53,386239,522987,-0.6207737501385723,0
2023-07-28 10:55:48,1344.75,2207197,2,1352.53,386398,517406,-0.6207737501385723,0
2023-07-28 10:55:48,1344.75,2207197,1,1352.53,386398,517406,-0.6207737501385723,0
2023-07-28 10:55:49,1344.6,2207210,1,1352.53,386321,521646,-0.6318589956767676,0
2023-07-28 10:55:49,1344.6,2207210,1,1352.53,386456,522711,-0.6318589956767676,0
2023-07-28 10:55:49,1344.65,2207210,1,1352.53,386456,522711,-0.6281639138306913,0
2023-07-28 10:55:52,1344.75,2208422,115,1352.52,386437,521534,-0.6207737501385723,0
2023-07-28 10:55:52,1344.75,2208422,115,1352.52,386437,521534,-0.6207737501385723,0
2023-07-28 10:55:53,1344.75,2208433,1,1352.52,386489,521523,-0.6207737501385723,0
2023-07-28 10:55:53,1344.75,2208433,27,1352.52,386489,521523,-0.6207737501385723,0
2023-07-28 10:55:54,1344.75,2208485,25,1352.52,386599,521509,-0.6207737501385723,0
2023-07-28 10:55:54,1344.55,2208485,5,1352.52,386789,521648,-0.6355540775228272,0
2023-07-28 10:55:56,1344.5,2209344,196,1352.52,386955,521035,-0.6392491593688867,0
2023-07-28 10:55:57,1344.85,2209794,190,1352.52,386692,520941,-0.6133835864464532,0
2023-07-28 10:55:58,1344.55,2209805,3,1352.52,386973,520892,-0.6355540775228272,0
2023-07-28 10:55:58,1344.55,2209805,3,1352.52,386973,520892,-0.6355540775228272,0
2023-07-28 10:55:58,1344.8,2209805,39,1352.52,386454,517765,-0.6170786682925127,0
2023-07-28 10:56:00,1344.8,2209938,5,1352.52,388405,521717,-0.6170786682925127,0
2023-07-28 10:56:00,1344.8,2209938,6,1352.52,388405,521717,-0.6170786682925127,0
2023-07-28 10:56:01,1344.8,2210207,5,1352.52,388326,521641,-0.6170786682925127,0
2023-07-28 10:56:01,1344.75,2210207,1,1352.52,388326,521641,-0.6207737501385723,0
2023-07-28 10:56:02,1344.75,2210210,10,1352.52,388275,521242,-0.6207737501385723,0
2023-07-28 10:56:03,1344.75,2210222,1,1352.52,388320,521238,-0.6207737501385723,0
2023-07-28 10:56:03,1344.75,2210222,2,1352.52,388320,521238,-0.6207737501385723,0
2023-07-28 10:56:04,1344.55,2210244,14,1352.52,387093,521484,-0.6355540775228272,0
2023-07-28 10:56:04,1344.55,2210244,14,1352.52,387093,521484,-0.6355540775228272,0
2023-07-28 10:56:05,1344.55,2210249,1,1352.52,387121,521067,-0.6355540775228272,0
2023-07-28 10:56:06,1344.75,2210280,1,1352.52,387097,521074,-0.6207737501385723,0
2023-07-28 10:56:07,1344.55,2210281,1,1352.52,386462,521870,-0.6355540775228272,0
2023-07-28 10:56:08,1344.55,2210920,1,1352.51,387365,521275,-0.6355540775228272,0
2023-07-28 10:56:09,1344.55,2210922,1,1352.51,387417,520846,-0.6355540775228272,0
2023-07-28 10:56:10,1344.55,2210923,1,1352.51,387256,521256,-0.6355540775228272,0
2023-07-28 10:56:11,1344.75,2210968,2,1352.51,387315,520845,-0.6207737501385723,0
2023-07-28 10:56:12,1344.75,2210972,1,1352.51,386922,520819,-0.6207737501385723,0
2023-07-28 10:56:12,1344.75,2210972,1,1352.51,386992,520819,-0.6207737501385723,0
2023-07-28 10:56:12,1344.55,2210972,15,1352.51,387000,520819,-0.6355540775228272,0
2023-07-28 10:56:12,1344.55,2210972,1,1352.51,387000,520819,-0.6355540775228272,0
2023-07-28 10:56:16,1344.55,2210989,1,1352.51,386704,520823,-0.6355540775228272,0
2023-07-28 10:56:16,1344.55,2210990,1,1352.51,387142,520892,-0.6355540775228272,0
2023-07-28 10:56:18,1344.55,2210992,1,1352.51,385836,521312,-0.6355540775228272,0
2023-07-28 10:56:18,1344.75,2210995,2,1352.51,387095,520766,-0.6207737501385723,0
2023-07-28 10:56:20,1344.75,2211091,6,1352.51,386964,521170,-0.6207737501385723,0
2023-07-28 10:56:20,1344.55,2211092,1,1352.51,386963,521172,-0.6355540775228272,0
2023-07-28 10:56:21,1344.55,2211119,1,1352.51,386935,520744,-0.6355540775228272,0
2023-07-28 10:56:21,1344.75,2211119,1,1352.51,386935,520744,-0.6207737501385723,0
2023-07-28 10:56:22,1344.75,2211182,10,1352.51,386945,520696,-0.6207737501385723,0
2023-07-28 10:56:22,1344.55,2211182,1,1352.51,386945,520696,-0.6355540775228272,0
2023-07-28 10:56:23,1344.55,2211284,1,1352.51,386281,520696,-0.6355540775228272,0
2023-07-28 10:56:24,1344.55,2211288,89,1352.51,386963,520741,-0.6355540775228272,0
2023-07-28 10:56:25,1344.55,2211724,2,1352.51,386542,521691,-0.6355540775228272,0
2023-07-28 10:56:25,1344.55,2211724,2,1352.51,386542,521691,-0.6355540775228272,0
2023-07-28 10:56:25,1344.55,2211724,2,1352.51,386542,521691,-0.6355540775228272,0
2023-07-28 10:56:25,1344.75,2211724,4,1352.51,386542,521691,-0.6207737501385723,0
2023-07-28 10:56:27,1344.65,2211793,1,1352.51,385854,522599,-0.6281639138306913,0
2023-07-28 10:56:28,1344.65,2212197,1,1352.51,385895,522454,-0.6281639138306913,0
2023-07-28 10:56:28,1344.65,2212197,1,1352.51,385895,522454,-0.6281639138306913,0
2023-07-28 10:56:29,1344.4,2212410,2,1352.51,385693,522768,-0.6466393230610058,0
2023-07-28 10:56:30,1344.65,2212428,10,1352.51,385947,521818,-0.6281639138306913,0
2023-07-28 10:56:31,1344.6,2212527,98,1352.51,381833,521199,-0.6318589956767676,0
2023-07-28 10:56:32,1344.65,2212531,2,1352.51,385933,520622,-0.6281639138306913,0
2023-07-28 10:56:33,1344.4,2213287,204,1352.51,384480,520619,-0.6466393230610058,0
2023-07-28 10:56:34,1344.4,2213290,1,1352.51,385679,521091,-0.6466393230610058,0
2023-07-28 10:56:34,1344.5,2213290,3,1352.51,385679,521091,-0.6392491593688867,0
2023-07-28 10:56:36,1344.4,2213407,2,1352.5,385637,521991,-0.6466393230610058,0
2023-07-28 10:56:36,1344.4,2213407,2,1352.5,385648,522230,-0.6466393230610058,0
2023-07-28 10:56:36,1344.55,2213407,5,1352.5,385648,522230,-0.6355540775228272,0
2023-07-28 10:56:38,1344.4,2213448,6,1352.5,385599,522253,-0.6466393230610058,0
2023-07-28 10:56:39,1344.2,2215675,2231,1352.5,384327,522387,-0.6614196504452606,0
2023-07-28 10:56:40,1344.3,2231686,2,1352.44,372598,522712,-0.6540294867531417,0
2023-07-28 10:56:40,1344.2,2231686,743,1352.44,372598,522712,-0.6614196504452606,0
2023-07-28 10:56:41,1344.05,2234585,15,1352.43,367762,522705,-0.6725048959834561,0
2023-07-28 10:56:42,1344.1,2238406,4,1352.41,366638,521857,-0.6688098141373965,0
2023-07-28 10:56:42,1344.1,2238406,4,1352.41,366638,521857,-0.6688098141373965,0
2023-07-28 10:56:43,1344.1,2238407,1,1352.41,366931,521436,-0.6688098141373965,0
2023-07-28 10:56:43,1344.05,2238407,11,1352.41,366931,521436,-0.6725048959834561,0
2023-07-28 10:56:44,1344.05,2238425,35,1352.41,366916,522321,-0.6725048959834561,0
2023-07-28 10:56:45,1344.1,2238469,5,1352.41,366924,522312,-0.6688098141373965,0
2023-07-28 10:56:45,1344.0,2238469,1,1352.41,366924,522312,-0.6761999778295156,0
2023-07-28 10:56:46,1344.1,2240773,25,1352.4,364658,522431,-0.6688098141373965,0
2023-07-28 10:56:47,1344.0,2247842,4,1352.38,358700,522473,-0.6761999778295156,0
2023-07-28 10:56:48,1344.05,2247936,1,1352.38,358363,522377,-0.6725048959834561,0
2023-07-28 10:56:49,1343.75,2248616,1,1352.37,359657,522259,-0.69467538705983,0
2023-07-28 10:56:49,1343.8,2248616,1,1352.37,359657,522259,-0.6909803052137705,0
2023-07-28 10:56:50,1343.65,2249005,1,1352.37,361419,520314,-0.7020655507519491,0
2023-07-28 10:56:51,1343.85,2249523,76,1352.37,361545,519433,-0.687285223367711,0
2023-07-28 10:56:52,1343.5,2249777,1,1352.37,359956,518470,-0.7131507962901446,0
2023-07-28 10:56:52,1343.9,2249777,73,1352.37,359956,518470,-0.6835901415216347,0
2023-07-28 10:56:53,1343.5,2250210,1,1352.37,360726,518886,-0.7131507962901446,0
2023-07-28 10:56:54,1343.5,2250216,2,1352.37,356856,520057,-0.7131507962901446,0
2023-07-28 10:56:54,1343.55,2250216,1,1352.37,356856,520057,-0.709455714444085,0
2023-07-28 10:56:55,1343.45,2250352,20,1352.37,360729,520086,-0.716845878136204,0
2023-07-28 10:56:55,1343.5,2250352,1,1352.37,360729,520086,-0.7131507962901446,0
2023-07-28 10:56:55,1343.55,2250352,1,1352.37,360729,520086,-0.709455714444085,0
2023-07-28 10:56:57,1344.0,2250459,5,1352.37,362131,521479,-0.6761999778295156,0
2023-07-28 10:56:57,1343.6,2250701,20,1352.37,362277,522278,-0.7057606325980255,0
2023-07-28 10:56:58,1344.0,2250704,1,1352.37,362308,522275,-0.6761999778295156,0
2023-07-28 10:57:00,1343.5,2250910,1,1352.37,362194,522535,-0.7131507962901446,0
2023-07-28 10:57:00,1343.45,2251163,2,1352.36,363195,522143,-0.716845878136204,0
2023-07-28 10:57:02,1343.45,2251235,13,1352.36,362962,522461,-0.716845878136204,0
2023-07-28 10:57:02,1343.65,2251301,25,1352.36,362812,522850,-0.7020655507519491,0
2023-07-28 10:57:03,1343.9,2251351,12,1352.36,362812,522379,-0.6835901415216347,0
2023-07-28 10:57:03,1343.9,2251351,12,1352.36,362812,522379,-0.6835901415216347,0
2023-07-28 10:57:04,1343.9,2251353,2,1352.36,363049,522076,-0.6835901415216347,0
2023-07-28 10:57:04,1343.5,2251353,2,1352.36,363049,522076,-0.7131507962901446,0
2023-07-28 10:57:05,1343.8,2252483,2,1352.36,363299,521209,-0.6909803052137705,0
2023-07-28 10:57:07,1344.0,2252488,4,1352.36,363401,521757,-0.6761999778295156,0
2023-07-28 10:57:08,1344.0,2252498,2,1352.36,364352,521066,-0.6761999778295156,0
2023-07-28 10:57:08,1343.8,2252502,8,1352.36,364241,520436,-0.6909803052137705,0
2023-07-28 10:57:09,1344.0,2252916,2,1352.36,364401,521280,-0.6761999778295156,0
2023-07-28 10:57:11,1344.0,2253012,25,1352.36,364272,520476,-0.6761999778295156,0
2023-07-28 10:57:11,1343.55,2253025,2,1352.36,364528,520190,-0.709455714444085,0
2023-07-28 10:57:13,1343.65,2254014,1,1352.35,365304,519692,-0.7020655507519491,0
2023-07-28 10:57:13,1343.65,2254014,174,1352.35,365304,519692,-0.7020655507519491,0
2023-07-28 10:57:14,1344.0,2254220,2,1352.35,365251,520118,-0.6761999778295156,0
2023-07-28 10:57:15,1344.0,2254244,374,1352.35,364475,520113,-0.6761999778295156,0
2023-07-28 10:57:16,1343.7,2254884,1,1352.35,365371,521481,-0.6983704689058896,0
2023-07-28 10:57:18,1343.8,2254892,1,1352.35,365186,521350,-0.6909803052137705,0
2023-07-28 10:57:18,1343.8,2254913,9,1352.35,365167,521519,-0.6909803052137705,0
2023-07-28 10:57:20,1344.0,2254923,2,1352.35,365190,521514,-0.6761999778295156,0
2023-07-28 10:57:21,1344.0,2254929,2,1352.35,360581,519599,-0.6761999778295156,0
2023-07-28 10:57:21,1344.0,2254929,4,1352.35,360581,519599,-0.6761999778295156,0
2023-07-28 10:57:22,1343.8,2255065,25,1352.35,360464,519646,-0.6909803052137705,0
2023-07-28 10:57:22,1343.8,2255065,25,1352.35,360464,519646,-0.6909803052137705,0
2023-07-28 10:57:23,1343.8,2255074,2,1352.35,360318,519648,-0.6909803052137705,0
2023-07-28 10:57:24,1344.0,2255075,1,1352.35,360702,519486,-0.6761999778295156,0
2023-07-28 10:57:25,1343.8,2255082,2,1352.35,360799,515434,-0.6909803052137705,0
2023-07-28 10:57:25,1343.8,2255082,20,1352.35,360799,515434,-0.6909803052137705,0
2023-07-28 10:57:27,1344.0,2255104,2,1352.35,365190,520768,-0.6761999778295156,0
2023-07-28 10:57:27,1343.8,2255104,2,1352.35,365190,520768,-0.6909803052137705,0
2023-07-28 10:57:28,1343.8,2255113,1,1352.35,365184,520769,-0.6909803052137705,0
2023-07-28 10:57:28,1343.8,2255113,1,1352.35,365184,520769,-0.6909803052137705,0
2023-07-28 10:57:29,1343.8,2255116,1,1352.35,365456,521178,-0.6909803052137705,0
2023-07-28 10:57:30,1343.8,2255118,1,1352.35,365422,520778,-0.6909803052137705,0
2023-07-28 10:57:30,1343.8,2255118,2,1352.35,365422,520778,-0.6909803052137705,0
2023-07-28 10:57:31,1343.8,2255129,5,1352.35,365629,522809,-0.6909803052137705,0
2023-07-28 10:57:31,1343.8,2255129,5,1352.35,365629,522809,-0.6909803052137705,0
2023-07-28 10:57:32,1343.8,2255131,1,1352.35,365682,522812,-0.6909803052137705,0
2023-07-28 10:57:34,1344.0,2255163,15,1352.35,365617,522686,-0.6761999778295156,0
2023-07-28 10:57:35,1343.8,2255192,2,1352.35,365750,522683,-0.6909803052137705,0
2023-07-28 10:57:35,1343.8,2255215,1,1352.35,365720,522658,-0.6909803052137705,0
2023-07-28 10:57:37,1343.8,2255234,1,1352.35,365725,522614,-0.6909803052137705,0
2023-07-28 10:57:38,1344.0,2255238,2,1352.35,365971,522665,-0.6761999778295156,0
2023-07-28 10:57:38,1344.0,2255238,2,1352.35,365978,522865,-0.6761999778295156,0
2023-07-28 10:57:39,1343.8,2255244,1,1352.35,365612,522978,-0.6909803052137705,0
2023-07-28 10:57:39,1344.0,2255244,250,1352.35,365612,522978,-0.6761999778295156,0
2023-07-28 10:57:40,1344.0,2255496,2,1352.35,366124,522766,-0.6761999778295156,0
2023-07-28 10:57:40,1343.8,2255496,10,1352.35,366124,522766,-0.6909803052137705,0
2023-07-28 10:57:41,1343.8,2256066,2,1352.35,365509,522773,-0.6909803052137705,0
2023-07-28 10:57:42,1344.0,2256076,2,1352.35,365505,522446,-0.6761999778295156,0
2023-07-28 10:57:42,1344.0,2256076,2,1352.35,365505,522446,-0.6761999778295156,0
2023-07-28 10:57:43,1343.7,2256093,15,1352.35,365500,522436,-0.6983704689058896,0
2023-07-28 10:57:43,1343.95,2256093,1,1352.35,365500,522436,-0.6798950596755752,0
2023-07-28 10:57:44,1344.0,2256105,1,1352.35,365731,522835,-0.6761999778295156,0
2023-07-28 10:57:46,1343.7,2256135,10,1352.35,365760,522820,-0.6983704689058896,0
2023-07-28 10:57:47,1344.0,2256138,1,1352.35,365770,522819,-0.6761999778295156,0
2023-07-28 10:57:47,1344.0,2256138,2,1352.35,365770,522819,-0.6761999778295156,0
2023-07-28 10:57:48,1343.7,2256237,20,1352.34,365707,522867,-0.6983704689058896,0
2023-07-28 10:57:48,1344.0,2256237,25,1352.34,365707,522867,-0.6761999778295156,0
2023-07-28 10:57:48,1344.0,2256262,25,1352.34,365950,523074,-0.6761999778295156,0
2023-07-28 10:57:48,1344.0,2256262,27,1352.34,365950,523074,-0.6761999778295156,0
2023-07-28 10:57:50,1343.55,2256391,24,1352.34,365833,522905,-0.709455714444085,0
2023-07-28 10:57:51,1343.55,2256748,2,1352.34,364897,522680,-0.709455714444085,0
2023-07-28 10:57:52,1343.95,2256758,10,1352.34,364898,522997,-0.6798950596755752,0
2023-07-28 10:57:53,1343.55,2256793,1,1352.34,364813,522890,-0.709455714444085,0
2023-07-28 10:57:55,1343.9,2257131,2,1352.34,356616,522792,-0.6835901415216347,0
2023-07-28 10:57:56,1343.5,2257135,1,1352.34,365068,522633,-0.7131507962901446,0
2023-07-28 10:57:56,1343.5,2257135,1,1352.34,365068,522633,-0.7131507962901446,0
2023-07-28 10:57:57,1343.5,2257137,1,1352.34,365275,522727,-0.7131507962901446,0
2023-07-28 10:57:57,1343.5,2257137,1,1352.34,365275,522727,-0.7131507962901446,0
2023-07-28 10:57:58,1343.5,2257141,2,1352.34,365440,522781,-0.7131507962901446,0
2023-07-28 10:57:59,1343.5,2257247,93,1352.34,364890,522779,-0.7131507962901446,0
2023-07-28 10:58:00,1343.85,2257769,13,1352.34,365149,522712,-0.687285223367711,0
2023-07-28 10:58:01,1343.85,2257790,10,1352.34,365392,522042,-0.687285223367711,0
2023-07-28 10:58:01,1343.85,2257790,1,1352.34,365392,522042,-0.687285223367711,0
2023-07-28 10:58:03,1343.85,2257793,2,1352.34,365566,522016,-0.687285223367711,0
2023-07-28 10:58:03,1343.85,2257793,1,1352.34,365566,522016,-0.687285223367711,0
2023-07-28 10:58:04,1343.55,2257804,10,1352.34,365073,522677,-0.709455714444085,0
2023-07-28 10:58:04,1343.55,2257804,10,1352.34,365073,522677,-0.709455714444085,0
2023-07-28 10:58:05,1343.85,2257867,3,1352.34,364765,519008,-0.687285223367711,0
2023-07-28 10:58:05,1343.85,2257867,3,1352.34,364765,519008,-0.687285223367711,0
2023-07-28 10:58:06,1343.85,2257868,1,1352.34,365611,522744,-0.687285223367711,0
2023-07-28 10:58:07,1343.85,2257927,4,1352.34,365592,524756,-0.687285223367711,0
2023-07-28 10:58:08,1343.6,2257930,2,1352.34,365542,524755,-0.7057606325980255,0
2023-07-28 10:58:09,1343.85,2257946,5,1352.34,365586,524742,-0.687285223367711,0
2023-07-28 10:58:10,1343.85,2258015,27,1352.34,366179,524407,-0.687285223367711,0
2023-07-28 10:58:10,1343.85,2258015,2,1352.34,366179,524407,-0.687285223367711,0
2023-07-28 10:58:11,1343.55,2258077,60,1352.34,366080,524546,-0.709455714444085,0
2023-07-28 10:58:11,1343.85,2258077,15,1352.34,366080,524546,-0.687285223367711,0
2023-07-28 10:58:13,1343.55,2258108,15,1352.34,366254,524612,-0.709455714444085,0
2023-07-28 10:58:15,1343.65,2258152,7,1352.34,366429,524234,-0.7020655507519491,0
2023-07-28 10:58:16,1343.65,2258159,7,1352.34,366434,523863,-0.7020655507519491,0
2023-07-28 10:58:16,1343.75,2258159,10,1352.34,366434,523863,-0.69467538705983,0
2023-07-28 10:58:17,1343.65,2258399,230,1352.34,364541,522956,-0.7020655507519491,0
2023-07-28 10:58:17,1343.65,2258503,20,1352.34,365291,522830,-0.7020655507519491,0
2023-07-28 10:58:17,1343.65,2258503,4,1352.34,365291,522830,-0.7020655507519491,0
2023-07-28 10:58:19,1343.6,2259236,15,1352.33,365629,523914,-0.7057606325980255,0
2023-07-28 10:58:19,1343.45,2259236,1,1352.33,365629,523914,-0.716845878136204,0
2023-07-28 10:58:20,1343.5,2259283,10,1352.33,366292,524267,-0.7131507962901446,0
2023-07-28 10:58:21,1343.5,2259519,9,1352.33,365901,522952,-0.7131507962901446,0
2023-07-28 10:58:22,1343.5,2259558,20,1352.33,365733,523515,-0.7131507962901446,0
2023-07-28 10:58:22,1343.4,2259558,30,1352.33,365733,523515,-0.7205409599822635,0
2023-07-28 10:58:23,1343.2,2260081,40,1352.33,363313,522342,-0.7353212873665185,0
2023-07-28 10:58:24,1343.15,2260221,1,1352.33,362480,522373,-0.739016369212578,0
2023-07-28 10:58:25,1343.25,2260327,1,1352.33,365243,521766,-0.731626205520459,0
2023-07-28 10:58:25,1343.25,2260327,1,1352.33,365243,521766,-0.731626205520459,0
2023-07-28 10:58:26,1343.25,2260328,1,1352.33,365387,521756,-0.731626205520459,0
2023-07-28 10:58:27,1343.25,2260343,15,1352.33,365388,521752,-0.731626205520459,0
2023-07-28 10:58:29,1343.15,2260346,2,1352.33,365386,521788,-0.739016369212578,0
2023-07-28 10:58:30,1343.25,2260362,5,1352.33,365059,521634,-0.731626205520459,0
2023-07-28 10:58:30,1343.25,2260363,1,1352.33,364409,520951,-0.731626205520459,0
2023-07-28 10:58:31,1343.25,2260365,2,1352.33,365214,520968,-0.731626205520459,0
2023-07-28 10:58:31,1343.25,2260365,3,1352.33,365214,520968,-0.731626205520459,0
2023-07-28 10:58:34,1343.25,2260840,2,1352.33,366312,520865,-0.731626205520459,0
2023-07-28 10:58:34,1343.25,2260840,1,1352.33,366312,520865,-0.731626205520459,0
2023-07-28 10:58:35,1343.4,2261712,1,1352.32,362311,520208,-0.7205409599822635,0
2023-07-28 10:58:35,1343.4,2261712,1,1352.32,366350,520303,-0.7205409599822635,0
2023-07-28 10:58:35,1343.2,2261712,2,1352.32,366350,520303,-0.7353212873665185,0
2023-07-28 10:58:35,1343.5,2261712,10,1352.32,366350,520303,-0.7131507962901446,0
2023-07-28 10:58:38,1343.5,2261731,6,1352.32,367448,519514,-0.7131507962901446,0
2023-07-28 10:58:39,1343.4,2261773,30,1352.32,367713,519896,-0.7205409599822635,0
2023-07-28 10:58:40,1343.8,2261881,2,1352.32,368379,519582,-0.6909803052137705,0
2023-07-28 10:58:41,1343.6,2261926,30,1352.32,364300,519532,-0.7057606325980255,0
2023-07-28 10:58:42,1343.45,2261931,1,1352.32,368243,519730,-0.716845878136204,0
2023-07-28 10:58:42,1343.6,2261931,2,1352.32,368243,519730,-0.7057606325980255,0
2023-07-28 10:58:44,1343.45,2262018,1,1352.32,368244,519681,-0.716845878136204,0
2023-07-28 10:58:44,1343.45,2262018,1,1352.32,368244,519681,-0.716845878136204,0
2023-07-28 10:58:45,1343.6,2262096,1,1352.32,368219,519214,-0.7057606325980255,0
2023-07-28 10:58:45,1343.45,2262096,8,1352.32,368219,519214,-0.716845878136204,0
2023-07-28 10:58:47,1343.45,2262130,1,1352.32,368625,519265,-0.716845878136204,0
2023-07-28 10:58:47,1343.6,2262130,5,1352.32,368625,519265,-0.7057606325980255,0
2023-07-28 10:58:47,1343.6,2262135,5,1352.32,368785,518738,-0.7057606325980255,0
2023-07-28 10:58:47,1343.6,2262135,5,1352.32,369073,519238,-0.7057606325980255,0
2023-07-28 10:58:50,1343.6,2262178,31,1352.32,369518,518919,-0.7057606325980255,0
2023-07-28 10:58:50,1343.85,2262178,1,1352.32,369518,518919,-0.687285223367711,0
2023-07-28 10:58:51,1343.85,2262179,1,1352.32,369659,520362,-0.687285223367711,0
2023-07-28 10:58:51,1344.0,2262179,4,1352.32,369659,520362,-0.6761999778295156,0
2023-07-28 10:58:52,1343.6,2262303,8,1352.32,369829,521256,-0.7057606325980255,0
2023-07-28 10:58:53,1344.0,2262305,1,1352.32,369347,521825,-0.6761999778295156,0
2023-07-28 10:58:55,1343.45,2263108,145,1352.32,368368,520446,-0.716845878136204,0
2023-07-28 10:58:56,1344.0,2263109,1,1352.32,368393,521245,-0.6761999778295156,0
2023-07-28 10:58:57,1344.0,2263120,1,1352.32,368418,521272,-0.6761999778295156,0
2023-07-28 10:58:57,1343.6,2263121,1,1352.32,368732,521272,-0.7057606325980255,0
2023-07-28 10:58:58,1344.0,2263122,1,1352.32,368732,521271,-0.6761999778295156,0
2023-07-28 10:58:59,1343.5,2263126,1,1352.32,369597,520243,-0.7131507962901446,0
2023-07-28 10:59:01,1343.65,2263171,10,1352.32,369508,521428,-0.7020655507519491,0
2023-07-28 10:59:02,1343.6,2263366,1,1352.32,369492,521287,-0.7057606325980255,0
2023-07-28 10:59:02,1343.6,2263366,1,1352.32,369492,521287,-0.7057606325980255,0
2023-07-28 10:59:03,1344.0,2263438,20,1352.32,369507,521097,-0.6761999778295156,0
2023-07-28 10:59:04,1344.0,2263439,1,1352.32,369937,516283,-0.6761999778295156,0
2023-07-28 10:59:04,1344.0,2263439,1,1352.32,369937,516283,-0.6761999778295156,0
2023-07-28 10:59:05,1343.75,2265232,1,1352.31,369520,517523,-0.69467538705983,0
2023-07-28 10:59:06,1344.0,2265236,2,1352.31,369896,520810,-0.6761999778295156,0
2023-07-28 10:59:07,1343.8,2265242,1,1352.31,369989,520805,-0.6909803052137705,0
2023-07-28 10:59:07,1343.8,2265242,1,1352.31,369989,520805,-0.6909803052137705,0
2023-07-28 10:59:08,1343.8,2265245,1,1352.31,370003,517979,-0.6909803052137705,0
2023-07-28 10:59:08,1343.8,2265245,25,1352.31,370003,517979,-0.6909803052137705,0
2023-07-28 10:59:09,1343.8,2265832,1,1352.31,369773,521989,-0.6909803052137705,0
2023-07-28 10:59:10,1344.0,2265886,40,1352.31,369621,521947,-0.6761999778295156,0
2023-07-28 10:59:10,1344.0,2265886,1,1352.31,369621,521947,-0.6761999778295156,0
2023-07-28 10:59:11,1343.8,2265889,1,1352.31,369337,521926,-0.6909803052137705,0
2023-07-28 10:59:11,1343.65,2265889,215,1352.31,369337,521926,-0.7020655507519491,0
2023-07-28 10:59:12,1343.4,2267645,271,1352.3,368037,522481,-0.7205409599822635,0
2023-07-28 10:59:12,1343.4,2267645,1,1352.3,368037,522481,-0.7205409599822635,0
2023-07-28 10:59:14,1343.4,2267658,1,1352.3,366509,522696,-0.7205409599822635,0
2023-07-28 10:59:15,1343.75,2267662,4,1352.3,366542,522908,-0.69467538705983,0
2023-07-28 10:59:16,1343.75,2267673,10,1352.3,362166,522292,-0.69467538705983,0
2023-07-28 10:59:16,1343.75,2267673,10,1352.3,367055,522243,-0.69467538705983,0
2023-07-28 10:59:18,1343.4,2267714,2,1352.3,368075,517960,-0.7205409599822635,0
2023-07-28 10:59:19,1344.0,2267716,2,1352.3,368288,522175,-0.6761999778295156,0
2023-07-28 10:59:21,1344.0,2267732,7,1352.3,368864,521798,-0.6761999778295156,0
2023-07-28 10:59:21,1343.8,2267735,2,1352.3,368553,521917,-0.6909803052137705,0
2023-07-28 10:59:21,1343.8,2267735,2,1352.3,368553,521917,-0.6909803052137705,0
2023-07-28 10:59:22,1343.95,2267771,15,1352.3,368917,521763,-0.6798950596755752,0
2023-07-28 10:59:22,1343.45,2267771,10,1352.3,368917,521763,-0.716845878136204,0
2023-07-28 10:59:24,1343.4,2268205,134,1352.3,369496,521915,-0.7205409599822635,0
2023-07-28 10:59:25,1343.45,2268210,1,1352.3,369591,522267,-0.716845878136204,0
2023-07-28 10:59:26,1343.8,2268378,4,1352.3,369498,522270,-0.6909803052137705,0
2023-07-28 10:59:26,1343.4,2268417,35,1352.3,369074,522346,-0.7205409599822635,0
2023-07-28 10:59:26,1343.4,2268417,35,1352.3,369074,522346,-0.7205409599822635,0
2023-07-28 10:59:27,1343.4,2268498,1,1352.3,368268,522209,-0.7205409599822635,0
2023-07-28 10:59:28,1343.4,2268499,1,1352.3,369645,521281,-0.7205409599822635,0
2023-07-28 10:59:30,1343.6,2268500,1,1352.3,369422,521743,-0.7057606325980255,0
2023-07-28 10:59:30,1343.6,2268502,2,1352.3,369475,521743,-0.7057606325980255,0
2023-07-28 10:59:30,1343.9,2268502,25,1352.3,369475,521743,-0.6835901415216347,0
2023-07-28 10:59:32,1343.9,2268529,2,1352.3,369681,521716,-0.6835901415216347,0
2023-07-28 10:59:33,1343.9,2268530,1,1352.3,369119,520962,-0.6835901415216347,0
2023-07-28 10:59:33,1343.9,2268530,1,1352.3,369119,520962,-0.6835901415216347,0
2023-07-28 10:59:34,1343.75,2268540,1,1352.3,369538,521605,-0.69467538705983,0
2023-07-28 10:59:35,1343.75,2268542,1,1352.3,369232,521646,-0.69467538705983,0
2023-07-28 10:59:36,1343.5,2268551,29,1352.3,369244,520788,-0.7131507962901446,0
2023-07-28 10:59:38,1343.55,2268904,1,1352.3,369337,520911,-0.709455714444085,0
2023-07-28 10:59:39,1343.6,2268914,1,1352.3,368605,520938,-0.7057606325980255,0
2023-07-28 10:59:40,1343.6,2268918,1,1352.3,368948,520989,-0.7057606325980255,0
2023-07-28 10:59:40,1343.9,2268926,1,1352.3,368590,521103,-0.6835901415216347,0
2023-07-28 10:59:42,1343.9,2269005,8,1352.3,369588,521068,-0.6835901415216347,0
2023-07-28 10:59:43,1344.0,2269029,2,1352.3,369545,520786,-0.6761999778295156,0
2023-07-28 10:59:44,1343.9,2269046,1,1352.3,368301,519993,-0.6835901415216347,0
2023-07-28 10:59:44,1343.9,2269046,1,1352.3,370080,520780,-0.6835901415216347,0
2023-07-28 10:59:46,1344.0,2269047,1,1352.3,369680,520830,-0.6761999778295156,0
2023-07-28 10:59:46,1344.0,2269047,2,1352.3,369680,520830,-0.6761999778295156,0
2023-07-28 10:59:46,1343.75,2269047,1,1352.3,369680,520830,-0.69467538705983,0
2023-07-28 10:59:48,1344.0,2269060,5,1352.3,370662,512962,-0.6761999778295156,0
2023-07-28 10:59:48,1344.0,2269060,5,1352.3,370662,512962,-0.6761999778295156,0
2023-07-28 10:59:49,1344.0,2269074,14,1352.3,370683,520948,-0.6761999778295156,0
2023-07-28 10:59:49,1344.0,2269074,14,1352.3,370683,520948,-0.6761999778295156,0
2023-07-28 10:59:50,1343.6,2269091,15,1352.3,369580,521235,-0.7057606325980255,0
2023-07-28 10:59:50,1343.6,2269091,15,1352.3,369580,521235,-0.7057606325980255,0
2023-07-28 10:59:51,1344.0,2269092,5,1352.3,369907,521067,-0.6761999778295156,0
2023-07-28 10:59:52,1344.0,2269109,1,1352.3,370132,521438,-0.6761999778295156,0
2023-07-28 10:59:52,1343.6,2269109,62,1352.3,370132,521438,-0.7057606325980255,0
2023-07-28 10:59:53,1344.0,2269176,1,1352.3,365524,521436,-0.6761999778295156,0
2023-07-28 10:59:54,1344.0,2269201,5,1352.29,370073,521461,-0.6761999778295156,0
2023-07-28 10:59:54,1344.0,2269201,1,1352.29,370073,521461,-0.6761999778295156,0
2023-07-28 10:59:57,1343.6,2269228,1,1352.29,366123,520791,-0.7057606325980255,0
2023-07-28 10:59:58,1344.0,2269232,3,1352.29,370328,520784,-0.6761999778295156,0
2023-07-28 10:59:59,1344.0,2269246,5,1352.29,371381,520678,-0.6761999778295156,0
2023-07-28 10:59:59,1343.6,2269246,25,1352.29,371381,520678,-0.7057606325980255,0
2023-07-28 11:00:00,1344.0,2269360,10,1352.29,370033,521226,-0.6761999778295156,0
2023-07-28 11:00:00,1344.0,2269360,1,1352.29,370033,521226,-0.6761999778295156,0
2023-07-28 11:00:01,1344.0,2269377,4,1352.29,370571,521249,-0.6761999778295156,0
2023-07-28 11:00:01,1344.0,2269432,3,1352.29,370653,520351,-0.6761999778295156,0
2023-07-28 11:00:03,1343.6,2269445,2,1352.29,366918,521281,-0.7057606325980255,0
2023-07-28 11:00:03,1344.0,2269606,8,1352.29,370698,517197,-0.6761999778295156,0
2023-07-28 11:00:04,1344.0,2269633,2,1352.29,370748,521578,-0.6761999778295156,0
2023-07-28 11:00:04,1343.65,2269633,6,1352.29,370748,521578,-0.7020655507519491,0
2023-07-28 11:00:06,1343.6,2269877,71,1352.29,370809,521490,-0.7057606325980255,0
2023-07-28 11:00:07,1344.0,2270060,9,1352.29,370757,517023,-0.6761999778295156,0
2023-07-28 11:00:07,1344.0,2270060,9,1352.29,370757,517023,-0.6761999778295156,0
2023-07-28 11:00:07,1344.0,2270060,9,1352.29,370899,520223,-0.6761999778295156,0
2023-07-28 11:00:07,1344.0,2270060,1,1352.29,370899,520223,-0.6761999778295156,0
2023-07-28 11:00:10,1343.8,2270063,2,1352.29,370885,520572,-0.6909803052137705,0
2023-07-28 11:00:10,1343.8,2270063,2,1352.29,370885,520572,-0.6909803052137705,0
2023-07-28 11:00:10,1344.0,2270113,1,1352.29,370753,521484,-0.6761999778295156,0
2023-07-28 11:00:11,1343.6,2270122,9,1352.29,370023,521597,-0.7057606325980255,0
2023-07-28 11:00:12,1343.6,2270124,2,1352.29,370585,521612,-0.7057606325980255,0
2023-07-28 11:00:12,1343.6,2270124,2,1352.29,370634,520812,-0.7057606325980255,0
2023-07-28 11:00:14,1344.0,2270197,1,1352.29,370943,521423,-0.6761999778295156,0
2023-07-28 11:00:15,1344.0,2270198,1,1352.29,370951,521402,-0.6761999778295156,0
2023-07-28 11:00:15,1344.0,2270198,3,1352.29,370951,521402,-0.6761999778295156,0
2023-07-28 11:00:16,1343.75,2270208,1,1352.29,371070,521366,-0.69467538705983,0
2023-07-28 11:00:17,1344.0,2270210,1,1352.29,371134,521366,-0.6761999778295156,0
2023-07-28 11:00:18,1343.75,2270213,1,1352.29,370059,522385,-0.69467538705983,0
2023-07-28 11:00:18,1343.5,2270213,16,1352.29,370059,522385,-0.7131507962901446,0
2023-07-28 11:00:21,1343.5,2270359,1,1352.29,370704,522253,-0.7131507962901446,0
2023-07-28 11:00:23,1343.5,2270406,45,1352.29,370264,522038,-0.7131507962901446,0
2023-07-28 11:00:23,1343.75,2270406,1,1352.29,370264,522038,-0.69467538705983,0
2023-07-28 11:00:23,1343.75,2270407,1,1352.29,370581,522517,-0.69467538705983,0
2023-07-28 11:00:24,1343.75,2270409,2,1352.29,370686,522359,-0.69467538705983,0
2023-07-28 11:00:25,1343.75,2270411,1,1352.29,370785,520310,-0.69467538705983,0
2023-07-28 11:00:26,1343.75,2270646,11,1352.29,370699,521823,-0.69467538705983,0
2023-07-28 11:00:27,1343.75,2270662,5,1352.29,371664,521400,-0.69467538705983,0
2023-07-28 11:00:28,1343.75,2270673,1,1352.29,371681,521846,-0.69467538705983,0
2023-07-28 11:00:29,1343.75,2270675,1,1352.29,371703,521845,-0.69467538705983,0
2023-07-28 11:00:30,1343.65,2270677,1,1352.29,371302,521843,-0.7020655507519491,0
2023-07-28 11:00:31,1343.6,2270683,3,1352.29,371661,522168,-0.7057606325980255,0
2023-07-28 11:00:32,1343.75,2270684,1,1352.29,372019,521887,-0.69467538705983,0
2023-07-28 11:00:33,1343.6,2270687,2,1352.29,371740,521844,-0.7057606325980255,0
2023-07-28 11:00:35,1343.75,2270697,1,1352.29,371609,521506,-0.69467538705983,0
2023-07-28 11:00:35,1343.75,2270697,3,1352.29,371609,521506,-0.69467538705983,0
2023-07-28 11:00:36,1343.75,2270703,3,1352.29,371950,521093,-0.69467538705983,0
2023-07-28 11:00:36,1343.65,2270703,60,1352.29,371950,521093,-0.7020655507519491,0
2023-07-28 11:00:38,1343.85,2272564,1,1352.28,373339,520315,-0.687285223367711,0
2023-07-28 11:00:38,1343.85,2272587,1,1352.28,373355,520317,-0.687285223367711,0
2023-07-28 11:00:40,1343.85,2272619,4,1352.28,373307,520330,-0.687285223367711,0
2023-07-28 11:00:40,1343.75,2272623,2,1352.28,373322,520328,-0.69467538705983,0
2023-07-28 11:00:42,1343.75,2272973,1,1352.28,373255,520270,-0.69467538705983,0
2023-07-28 11:00:42,1343.75,2272973,1,1352.28,373218,520311,-0.69467538705983,0
2023-07-28 11:00:43,1343.75,2272982,4,1352.28,372883,520350,-0.69467538705983,0
2023-07-28 11:00:43,1343.75,2272982,1,1352.28,372883,520350,-0.69467538705983,0
2023-07-28 11:00:44,1343.75,2273015,1,1352.28,372856,520313,-0.69467538705983,0
2023-07-28 11:00:45,1344.0,2273030,50,1352.28,372802,520345,-0.6761999778295156,0
2023-07-28 11:00:46,1344.0,2274032,36,1352.28,372995,519669,-0.6761999778295156,0
2023-07-28 11:00:47,1344.0,2274119,2,1352.28,372959,519713,-0.6761999778295156,0
2023-07-28 11:00:48,1344.0,2274348,79,1352.28,372969,520464,-0.6761999778295156,0
2023-07-28 11:00:50,1344.0,2274372,1,1352.28,373654,519982,-0.6761999778295156,0
2023-07-28 11:00:50,1344.0,2274374,2,1352.28,373717,520264,-0.6761999778295156,0
2023-07-28 11:00:52,1344.0,2274438,9,1352.28,368039,518478,-0.6761999778295156,0
2023-07-28 11:00:53,1343.85,2274441,1,1352.28,368039,518477,-0.687285223367711,0
2023-07-28 11:00:54,1343.8,2274635,1,1352.27,368158,518590,-0.6909803052137705,0
2023-07-28 11:00:54,1343.8,2274646,1,1352.27,368330,518424,-0.6909803052137705,0
2023-07-28 11:00:54,1343.75,2274646,1,1352.27,368330,518424,-0.69467538705983,0
2023-07-28 11:00:56,1343.75,2274649,1,1352.27,368468,518373,-0.69467538705983,0
2023-07-28 11:00:57,1344.35,2274952,16,1352.27,370209,518112,-0.650334404907082,0
2023-07-28 11:00:57,1344.45,2274972,1,1352.27,375761,515596,-0.6429442412149462,0
2023-07-28 11:00:59,1344.5,2275056,38,1352.27,375847,519848,-0.6392491593688867,0
2023-07-28 11:00:59,1344.45,2275078,1,1352.27,375777,520200,-0.6429442412149462,0
2023-07-28 11:01:00,1344.5,2275144,63,1352.27,375172,520530,-0.6392491593688867,0
2023-07-28 11:01:02,1344.35,2275682,14,1352.27,373719,522022,-0.650334404907082,0
2023-07-28 11:01:02,1344.35,2275682,40,1352.27,373719,522022,-0.650334404907082,0
2023-07-28 11:01:02,1344.35,2275748,40,1352.27,373756,522209,-0.650334404907082,0
2023-07-28 11:01:03,1344.35,2275751,1,1352.27,373862,522142,-0.650334404907082,0
2023-07-28 11:01:04,1344.35,2275793,10,1352.27,373874,521724,-0.650334404907082,0
2023-07-28 11:01:04,1344.35,2275793,1,1352.27,373874,521724,-0.650334404907082,0
2023-07-28 11:01:05,1344.45,2275898,5,1352.27,374663,521115,-0.6429442412149462,0
2023-07-28 11:01:06,1344.4,2393273,1,1351.85,373319,521206,-0.6466393230610058,0
2023-07-28 11:01:07,1344.4,2393277,1,1351.85,374062,520872,-0.6466393230610058,0
2023-07-28 11:01:08,1344.05,2393281,1,1351.85,373447,520065,-0.6725048959834561,0
2023-07-28 11:01:09,1344.35,2393288,2,1351.85,373312,520804,-0.650334404907082,0
2023-07-28 11:01:09,1344.4,2393288,1,1351.85,373312,520804,-0.6466393230610058,0
2023-07-28 11:01:09,1344.4,2393288,1,1351.85,373312,520804,-0.6466393230610058,0
2023-07-28 11:01:11,1344.5,2393301,2,1351.85,373403,516932,-0.6392491593688867,0
2023-07-28 11:01:11,1344.5,2393303,2,1351.85,373407,520987,-0.6392491593688867,0
2023-07-28 11:01:11,1344.5,2393303,2,1351.85,373407,520987,-0.6392491593688867,0
2023-07-28 11:01:13,1344.15,2393391,1,1351.85,373706,520845,-0.6651147322913202,0
2023-07-28 11:01:14,1344.5,2393405,10,1351.85,373028,521553,-0.6392491593688867,0
2023-07-28 11:01:15,1344.15,2393406,1,1351.85,373030,521895,-0.6651147322913202,0
2023-07-28 11:01:16,1344.15,2393419,2,1351.85,373034,521829,-0.6651147322913202,0
2023-07-28 11:01:16,1344.15,2393419,2,1351.85,373034,521829,-0.6651147322913202,0
2023-07-28 11:01:16,1344.35,2393419,2,1351.85,373034,521829,-0.650334404907082,0
2023-07-28 11:01:17,1344.35,2393424,2,1351.85,372721,522198,-0.650334404907082,0
2023-07-28 11:01:17,1344.0,2393424,2,1351.85,372721,522198,-0.6761999778295156,0
2023-07-28 11:01:19,1344.15,2393551,4,1351.85,373087,521529,-0.6651147322913202,0
2023-07-28 11:01:21,1344.15,2393588,3,1351.85,373349,520588,-0.6651147322913202,0
2023-07-28 11:01:21,1344.0,2393588,1,1351.85,373349,520588,-0.6761999778295156,0
2023-07-28 11:01:22,1344.0,2393627,1,1351.85,373360,520510,-0.6761999778295156,0
2023-07-28 11:01:23,1344.15,2393632,2,1351.85,373357,520511,-0.6651147322913202,0
2023-07-28 11:01:24,1344.15,2393657,14,1351.85,374929,522039,-0.6651147322913202,0
2023-07-28 11:01:25,1344.0,2393662,2,1351.85,374929,522036,-0.6761999778295156,0
2023-07-28 11:01:25,1344.15,2393662,10,1351.85,374929,522036,-0.6651147322913202,0
2023-07-28 11:01:25,1344.15,2393673,1,1351.85,374929,522242,-0.6651147322913202,0
2023-07-28 11:01:27,1344.15,2393710,1,1351.85,374929,522205,-0.6651147322913202,0
2023-07-28 11:01:27,1344.15,2393712,2,1351.85,374929,522203,-0.6651147322913202,0
2023-07-28 11:01:28,1344.15,2393750,2,1351.85,374855,522122,-0.6651147322913202,0
2023-07-28 11:01:28,1344.15,2393750,2,1351.85,374855,522122,-0.6651147322913202,0
2023-07-28 11:01:28,1344.15,2393752,2,1351.85,374571,522217,-0.6651147322913202,0
2023-07-28 11:01:28,1344.15,2393752,7,1351.85,374571,522217,-0.6651147322913202,0
2023-07-28 11:01:30,1344.15,2393762,7,1351.85,374895,522214,-0.6651147322913202,0
2023-07-28 11:01:31,1344.15,2393767,1,1351.85,374970,517506,-0.6651147322913202,0
2023-07-28 11:01:31,1344.15,2393767,1,1351.85,374970,517506,-0.6651147322913202,0
2023-07-28 11:01:32,1344.15,2393771,1,1351.85,374973,520551,-0.6651147322913202,0
2023-07-28 11:01:33,1344.15,2393773,2,1351.85,374982,520549,-0.6651147322913202,0
2023-07-28 11:01:35,1344.35,2393977,21,1351.85,375364,521927,-0.650334404907082,0
2023-07-28 11:01:36,1344.35,2394001,1,1351.85,375614,521878,-0.650334404907082,0
2023-07-28 11:01:37,1344.5,2394026,6,1351.85,375613,522011,-0.6392491593688867,0
2023-07-28 11:01:38,1344.35,2394030,1,1351.85,375615,522212,-0.650334404907082,0
2023-07-28 11:01:39,1344.05,2394492,4,1351.85,375370,523554,-0.6725048959834561,0
2023-07-28 11:01:40,1344.15,2394537,1,1351.85,375844,523380,-0.6651147322913202,0
2023-07-28 11:01:40,1344.15,2394537,2,1351.85,375844,523380,-0.6651147322913202,0
2023-07-28 11:01:41,1344.15,2394548,1,1351.85,375757,523376,-0.6651147322913202,0
2023-07-28 11:01:41,1344.15,2394550,1,1351.85,375759,523379,-0.6651147322913202,0
2023-07-28 11:01:41,1344.15,2394550,6,1351.85,375759,523379,-0.6651147322913202,0
2023-07-28 11:01:43,1344.45,2394579,20,1351.85,375652,523362,-0.6429442412149462,0
2023-07-28 11:01:43,1344.15,2394579,1,1351.85,375652,523362,-0.6651147322913202,0
2023-07-28 11:01:44,1344.45,2394585,1,1351.85,375828,523051,-0.6429442412149462,0
2023-07-28 11:01:45,1344.15,2394649,1,1351.85,375731,523085,-0.6651147322913202,0
2023-07-28 11:01:46,1344.15,2394654,1,1351.85,375762,523087,-0.6651147322913202,0
2023-07-28 11:01:46,1344.15,2394654,1,1351.85,375762,523087,-0.6651147322913202,0
2023-07-28 11:01:47,1344.15,2394667,1,1351.85,375753,523086,-0.6651147322913202,0
2023-07-28 11:01:48,1344.15,2394670,1,1351.85,375812,523087,-0.6651147322913202,0
2023-07-28 11:01:48,1344.45,2394670,1,1351.85,375812,523087,-0.6429442412149462,0
2023-07-28 11:01:49,1344.15,2394717,3,1351.85,375629,523864,-0.6651147322913202,0
2023-07-28 11:01:49,1344.15,2394717,1,1351.85,375629,523864,-0.6651147322913202,0
2023-07-28 11:01:49,1343.8,2394717,400,1351.85,375629,523864,-0.6909803052137705,0
2023-07-28 11:01:51,1343.8,2395598,400,1351.85,373152,524475,-0.6909803052137705,0
2023-07-28 11:01:52,1343.8,2395675,1,1351.85,373885,524394,-0.6909803052137705,0
2023-07-28 11:01:53,1344.05,2395727,30,1351.85,373974,522998,-0.6725048959834561,0
2023-07-28 11:01:53,1344.1,2395727,38,1351.85,373974,522998,-0.6688098141373965,0
2023-07-28 11:01:54,1344.15,2396095,5,1351.85,373962,523239,-0.6651147322913202,0
2023-07-28 11:01:54,1344.15,2396155,5,1351.85,373977,523113,-0.6651147322913202,0
2023-07-28 11:01:54,1344.0,2396155,4,1351.85,373977,523113,-0.6761999778295156,0
2023-07-28 11:01:57,1344.15,2396179,10,1351.85,373997,522723,-0.6651147322913202,0
2023-07-28 11:01:57,1344.15,2396225,4,1351.85,373993,522633,-0.6651147322913202,0
2023-07-28 11:01:57,1344.15,2396229,4,1351.85,373964,522730,-0.6651147322913202,0
2023-07-28 11:01:57,1344.15,2396229,1,1351.85,373964,522730,-0.6651147322913202,0
2023-07-28 11:01:59,1344.15,2396235,4,1351.85,374399,522685,-0.6651147322913202,0
2023-07-28 11:02:00,1344.15,2396250,1,1351.85,374408,522401,-0.6651147322913202,0
2023-07-28 11:02:01,1343.8,2396252,65,1351.85,374485,522400,-0.6909803052137705,0
2023-07-28 11:02:02,1343.8,2396802,65,1351.84,373825,523095,-0.6909803052137705,0
2023-07-28 11:02:02,1344.15,2396802,49,1351.84,373825,523095,-0.6651147322913202,0
2023-07-28 11:02:04,1343.85,2396889,2,1351.84,374839,520731,-0.687285223367711,0
2023-07-28 11:02:05,1344.15,2396898,1,1351.84,374283,520702,-0.6651147322913202,0
2023-07-28 11:02:05,1344.15,2396901,1,1351.84,373933,521824,-0.6651147322913202,0
2023-07-28 11:02:05,1344.15,2396901,85,1351.84,373933,521824,-0.6651147322913202,0
2023-07-28 11:02:07,1344.15,2397003,5,1351.84,374173,521747,-0.6651147322913202,0
2023-07-28 11:02:08,1344.3,2397026,6,1351.84,374173,521845,-0.6540294867531417,0
2023-07-28 11:02:09,1344.3,2397137,1,1351.84,374203,521808,-0.6540294867531417,0
2023-07-28 11:02:11,1344.3,2397156,1,1351.84,374214,521815,-0.6540294867531417,0
2023-07-28 11:02:11,1344.3,2397505,1,1351.84,374678,522832,-0.6540294867531417,0
2023-07-28 11:02:13,1344.45,2397539,1,1351.84,374910,520614,-0.6429442412149462,0
2023-07-28 11:02:14,1344.2,2397612,9,1351.84,374699,520519,-0.6614196504452606,0
2023-07-28 11:02:15,1344.45,2397634,6,1351.84,375774,521026,-0.6429442412149462,0
2023-07-28 11:02:16,1344.45,2397643,1,1351.84,376273,520710,-0.6429442412149462,0
2023-07-28 11:02:16,1344.0,2397986,1,1351.84,374596,522657,-0.6761999778295156,0
2023-07-28 11:02:16,1343.8,2397986,1,1351.84,374596,522657,-0.6909803052137705,0
2023-07-28 11:02:18,1344.0,2398934,2,1351.84,373869,522561,-0.6761999778295156,0
2023-07-28 11:02:19,1343.8,2398970,1,1351.84,373867,522549,-0.6909803052137705,0
2023-07-28 11:02:20,1344.3,2399063,2,1351.84,374662,521922,-0.6540294867531417,0
2023-07-28 11:02:20,1344.4,2399063,1,1351.84,374662,521922,-0.6466393230610058,0
2023-07-28 11:02:21,1344.45,2399073,1,1351.84,373946,522159,-0.6429442412149462,0
2023-07-28 11:02:22,1344.05,2399084,2,1351.84,373389,522683,-0.6725048959834561,0
2023-07-28 11:02:22,1344.05,2399084,2,1351.84,373389,522683,-0.6725048959834561,0
2023-07-28 11:02:22,1344.0,2399084,31,1351.84,373389,522683,-0.6761999778295156,0
2023-07-28 11:02:22,1344.0,2399084,31,1351.84,373389,522683,-0.6761999778295156,0
2023-07-28 11:02:23,1344.0,2399197,1,1351.84,374881,522548,-0.6761999778295156,0
2023-07-28 11:02:24,1343.9,2399198,114,1351.84,374890,523348,-0.6835901415216347,0
2023-07-28 11:02:25,1344.35,2399405,2,1351.83,374743,523528,-0.650334404907082,0
2023-07-28 11:02:25,1344.35,2399405,2,1351.83,374743,523528,-0.650334404907082,0
2023-07-28 11:02:25,1344.4,2399405,10,1351.83,374743,523528,-0.6466393230610058,0
2023-07-28 11:02:27,1344.4,2399454,10,1351.83,374758,522810,-0.6466393230610058,0
2023-07-28 11:02:27,1343.75,2399454,5,1351.83,374758,522810,-0.69467538705983,0
2023-07-28 11:02:28,1344.2,2399615,1,1351.83,367658,523110,-0.6614196504452606,0
2023-07-28 11:02:29,1344.05,2399636,2,1351.83,374033,524273,-0.6725048959834561,0
2023-07-28 11:02:29,1343.6,2399636,22,1351.83,374033,524273,-0.7057606325980255,0
2023-07-28 11:02:30,1344.05,2399720,7,1351.83,373814,525196,-0.6725048959834561,0
2023-07-28 11:02:30,1344.1,2399721,1,1351.83,373643,525347,-0.6688098141373965,0
2023-07-28 11:02:31,1344.1,2399726,5,1351.83,373711,524707,-0.6688098141373965,0
2023-07-28 11:02:31,1344.05,2399726,2,1351.83,373711,524707,-0.6725048959834561,0
2023-07-28 11:02:33,1344.05,2399751,2,1351.83,373802,524590,-0.6725048959834561,0
2023-07-28 11:02:33,1344.05,2399751,2,1351.83,373662,524618,-0.6725048959834561,0
2023-07-28 11:02:36,1344.05,2399779,3,1351.83,373948,524700,-0.6725048959834561,0
2023-07-28 11:02:36,1343.6,2399779,2,1351.83,373948,524700,-0.7057606325980255,0
2023-07-28 11:02:36,1343.6,2399805,2,1351.83,374030,524760,-0.7057606325980255,0
2023-07-28 11:02:38,1344.0,2399809,1,1351.83,373232,524525,-0.6761999778295156,0
2023-07-28 11:02:38,1344.0,2399809,1,1351.83,373232,524525,-0.6761999778295156,0
2023-07-28 11:02:39,1344.0,2399810,1,1351.83,373238,524543,-0.6761999778295156,0
2023-07-28 11:02:39,1343.7,2399810,33,1351.83,373238,524543,-0.6983704689058896,0
2023-07-28 11:02:40,1344.0,2399888,1,1351.83,373855,524574,-0.6761999778295156,0
2023-07-28 11:02:41,1344.0,2399892,1,1351.83,373852,524552,-0.6761999778295156,0
2023-07-28 11:02:42,1344.0,2399960,1,1351.83,373982,524068,-0.6761999778295156,0
2023-07-28 11:02:42,1344.0,2399960,1,1351.83,373982,524068,-0.6761999778295156,0
2023-07-28 11:02:44,1343.7,2399963,1,1351.83,373902,524388,-0.6983704689058896,0
2023-07-28 11:02:44,1343.7,2399963,1,1351.83,373902,524388,-0.6983704689058896,0
2023-07-28 11:02:45,1344.05,2399965,47,1351.83,373855,523861,-0.6725048959834561,0
2023-07-28 11:02:46,1344.15,2400547,20,1351.83,373780,524885,-0.6651147322913202,0
2023-07-28 11:02:47,1343.7,2400623,1,1351.83,373822,524646,-0.6983704689058896,0
2023-07-28 11:02:47,1344.15,2400623,1,1351.83,373822,524646,-0.6651147322913202,0
2023-07-28 11:02:48,1344.15,2400631,1,1351.83,373617,525522,-0.6651147322913202,0
2023-07-28 11:02:48,1344.15,2400631,1,1351.83,373617,525522,-0.6651147322913202,0
2023-07-28 11:02:49,1344.15,2400697,5,1351.83,374406,524575,-0.6651147322913202,0
2023-07-28 11:02:51,1344.05,2400701,1,1351.83,374307,524272,-0.6725048959834561,0
2023-07-28 11:02:51,1344.05,2400701,1,1351.83,374307,524272,-0.6725048959834561,0
2023-07-28 11:02:51,1344.15,2400701,2,1351.83,373224,525072,-0.6651147322913202,0
2023-07-28 11:02:53,1344.15,2400706,1,1351.83,374167,519362,-0.6651147322913202,0
2023-07-28 11:02:54,1344.15,2400708,1,1351.83,373821,523762,-0.6651147322913202,0
2023-07-28 11:02:54,1344.15,2400708,1,1351.83,373821,523762,-0.6651147322913202,0
2023-07-28 11:02:55,1344.45,2404527,145,1351.82,375433,522047,-0.6429442412149462,0
2023-07-28 11:02:55,1344.45,2404527,1,1351.82,375433,522047,-0.6429442412149462,0
2023-07-28 11:02:56,1344.45,2404548,1,1351.82,375580,522832,-0.6429442412149462,0
2023-07-28 11:02:57,1344.45,2406425,1,1351.81,370664,523006,-0.6429442412149462,0
2023-07-28 11:02:59,1344.45,2406492,1,1351.81,370662,522986,-0.6429442412149462,0
2023-07-28 11:02:59,1344.45,2406510,1,1351.81,374003,522980,-0.6429442412149462,0
2023-07-28 11:03:01,1344.45,2406524,1,1351.81,374018,522969,-0.6429442412149462,0
2023-07-28 11:03:02,1344.45,2406534,1,1351.81,370817,541505,-0.6429442412149462,0
2023-07-28 11:03:03,1344.45,2406940,1,1351.81,374936,542044,-0.6429442412149462,0
2023-07-28 11:03:04,1344.5,2407391,11,1351.81,374127,541691,-0.6392491593688867,0
2023-07-28 11:03:04,1344.5,2407391,10,1351.81,374127,541691,-0.6392491593688867,0
2023-07-28 11:03:04,1344.5,2407404,10,1351.81,374124,541631,-0.6392491593688867,0
2023-07-28 11:03:06,1344.5,2407415,1,1351.81,374174,541621,-0.6392491593688867,0
2023-07-28 11:03:07,1344.45,2407427,2,1351.81,374880,541621,-0.6429442412149462,0
2023-07-28 11:03:09,1344.5,2407923,5,1351.81,374873,541178,-0.6392491593688867,0
2023-07-28 11:03:10,1344.45,2408090,100,1351.81,374049,541285,-0.6429442412149462,0
2023-07-28 11:03:10,1344.5,2408090,52,1351.81,374049,541285,-0.6392491593688867,0
2023-07-28 11:03:11,1344.5,2408204,10,1351.81,374034,541268,-0.6392491593688867,0
2023-07-28 11:03:11,1344.5,2408204,10,1351.81,374034,541268,-0.6392491593688867,0
2023-07-28 11:03:12,1344.5,2408268,7,1351.81,374116,541936,-0.6392491593688867,0
2023-07-28 11:03:13,1344.45,2408400,64,1351.81,374193,540874,-0.6429442412149462,0
2023-07-28 11:03:14,1344.7,2408870,52,1351.81,374824,541990,-0.6244688319846318,0
2023-07-28 11:03:15,1344.7,2408886,2,1351.81,374906,541982,-0.6244688319846318,0
2023-07-28 11:03:16,1344.7,2408910,2,1351.81,374906,541988,-0.6244688319846318,0
2023-07-28 11:03:17,1344.45,2409013,1,1351.81,371546,541991,-0.6429442412149462,0
2023-07-28 11:03:19,1344.45,2409425,383,1351.8,371173,542128,-0.6429442412149462,0
2023-07-28 11:03:19,1344.45,2409437,1,1351.8,374076,541990,-0.6429442412149462,0
2023-07-28 11:03:19,1344.7,2409437,1,1351.8,374076,541990,-0.6244688319846318,0
2023-07-28 11:03:20,1344.7,2409438,1,1351.8,371326,542117,-0.6244688319846318,0
2023-07-28 11:03:22,1344.7,2409447,5,1351.8,375328,542081,-0.6244688319846318,0
2023-07-28 11:03:22,1344.7,2409447,5,1351.8,375334,542101,-0.6244688319846318,0
2023-07-28 11:03:22,1344.45,2409447,1,1351.8,375334,542101,-0.6429442412149462,0
2023-07-28 11:03:23,1344.45,2409458,1,1351.8,375336,542093,-0.6429442412149462,0
2023-07-28 11:03:25,1344.7,2409660,2,1351.8,375352,541887,-0.6244688319846318,0
2023-07-28 11:03:25,1344.7,2409660,2,1351.8,375352,541887,-0.6244688319846318,0
2023-07-28 11:03:26,1344.7,2409681,222,1351.8,375727,542313,-0.6244688319846318,0
2023-07-28 11:03:27,1344.75,2410412,20,1351.8,375518,542527,-0.6207737501385723,0
2023-07-28 11:03:28,1344.7,2410436,2,1351.8,374693,542103,-0.6244688319846318,0
2023-07-28 11:03:28,1344.55,2410436,2,1351.8,375758,542123,-0.6355540775228272,0
2023-07-28 11:03:30,1344.55,2410438,2,1351.8,375691,542163,-0.6355540775228272,0
2023-07-28 11:03:30,1344.55,2410438,21,1351.8,375691,542163,-0.6355540775228272,0
2023-07-28 11:03:31,1344.6,2410475,6,1351.8,375628,542157,-0.6318589956767676,0
2023-07-28 11:03:33,1344.6,2411030,1,1351.8,376974,539716,-0.6318589956767676,0
2023-07-28 11:03:34,1344.55,2411076,4,1351.8,376949,539588,-0.6355540775228272,0
2023-07-28 11:03:34,1344.55,2411078,1,1351.8,376927,539592,-0.6355540775228272,0
2023-07-28 11:03:34,1344.55,2411078,1,1351.8,376927,539592,-0.6355540775228272,0
2023-07-28 11:03:35,1344.55,2411080,1,1351.8,376776,539584,-0.6355540775228272,0
2023-07-28 11:03:36,1344.55,2411085,1,1351.8,376621,539643,-0.6355540775228272,0
2023-07-28 11:03:37,1344.55,2411103,1,1351.8,376623,539915,-0.6355540775228272,0
2023-07-28 11:03:37,1344.6,2411103,2,1351.8,376623,539915,-0.6318589956767676,0
2023-07-28 11:03:39,1344.55,2411234,1,1351.8,376674,539719,-0.6355540775228272,0
2023-07-28 11:03:40,1344.55,2411252,1,1351.8,376895,540295,-0.6355540775228272,0
2023-07-28 11:03:40,1344.6,2411252,1,1351.8,376895,540295,-0.6318589956767676,0
2023-07-28 11:03:40,1344.6,2411253,1,1351.8,376897,539738,-0.6318589956767676,0
2023-07-28 11:03:42,1344.6,2411258,5,1351.8,376990,536585,-0.6318589956767676,0
2023-07-28 11:03:43,1344.55,2411286,2,1351.8,377050,539809,-0.6355540775228272,0
2023-07-28 11:03:44,1344.55,2411290,2,1351.8,377054,539805,-0.6355540775228272,0
2023-07-28 11:03:45,1344.55,2411292,2,1351.8,377050,539805,-0.6355540775228272,0
2023-07-28 11:03:46,1344.6,2411294,2,1351.8,377550,540643,-0.6318589956767676,0
2023-07-28 11:03:47,1344.6,2411315,10,1351.8,377575,540637,-0.6318589956767676,0
2023-07-28 11:03:49,1344.6,2411322,2,1351.8,377577,540630,-0.6318589956767676,0
2023-07-28 11:03:49,1344.6,2411322,5,1351.8,377577,540630,-0.6318589956767676,0
2023-07-28 11:03:49,1344.55,2411327,2,1351.8,377581,540575,-0.6355540775228272,0
2023-07-28 11:03:51,1344.55,2411329,2,1351.8,377643,540575,-0.6355540775228272,0
2023-07-28 11:03:51,1344.55,2411329,1,1351.8,377643,540575,-0.6355540775228272,0
2023-07-28 11:03:52,1344.55,2411336,1,1351.8,377204,539775,-0.6355540775228272,0
2023-07-28 11:03:52,1344.6,2411336,3,1351.8,377204,539775,-0.6318589956767676,0
2023-07-28 11:03:55,1344.55,2411388,1,1351.8,377681,536695,-0.6355540775228272,0
2023-07-28 11:03:55,1344.55,2411389,1,1351.8,377685,536695,-0.6355540775228272,0
2023-07-28 11:03:57,1344.6,2411469,19,1351.8,377742,536735,-0.6318589956767676,0
2023-07-28 11:03:58,1344.55,2411476,1,1351.8,377763,540833,-0.6355540775228272,0
2023-07-28 11:03:58,1344.55,2411476,1,1351.8,377763,540833,-0.6355540775228272,0
2023-07-28 11:03:59,1344.55,2411478,1,1351.8,378022,540876,-0.6355540775228272,0
2023-07-28 11:03:59,1344.55,2411479,1,1351.8,379273,540872,-0.6355540775228272,0
2023-07-28 11:03:59,1344.6,2411479,51,1351.8,379273,540872,-0.6318589956767676,0
2023-07-28 11:04:01,1344.55,2411604,1,1351.8,379211,540757,-0.6355540775228272,0
2023-07-28 11:04:01,1344.55,2411604,1,1351.8,379211,540757,-0.6355540775228272,0
2023-07-28 11:04:02,1344.5,2411645,25,1351.8,379037,540747,-0.6392491593688867,0
2023-07-28 11:04:03,1344.6,2411650,1,1351.8,378476,540742,-0.6318589956767676,0
2023-07-28 11:04:03,1344.5,2411729,1,1351.8,379159,540700,-0.6392491593688867,0
2023-07-28 11:04:03,1344.5,2411729,1,1351.8,379159,540700,-0.6392491593688867,0
2023-07-28 11:04:05,1344.5,2411766,1,1351.8,379254,540761,-0.6392491593688867,0
2023-07-28 11:04:05,1344.5,2411766,1,1351.8,379254,540761,-0.6392491593688867,0
2023-07-28 11:04:07,1344.5,2411794,1,1351.8,379212,540825,-0.6392491593688867,0
2023-07-28 11:04:07,1344.6,2411794,3,1351.8,379212,540825,-0.6318589956767676,0
2023-07-28 11:04:07,1344.5,2411794,1,1351.8,379212,540825,-0.6392491593688867,0
2023-07-28 11:04:07,1344.6,2411794,28,1351.8,379212,540825,-0.6318589956767676,0
2023-07-28 11:04:11,1344.6,2411878,10,1351.8,375317,541049,-0.6318589956767676,0
2023-07-28 11:04:11,1344.55,2411878,1,1351.8,375317,541049,-0.6355540775228272,0
2023-07-28 11:04:11,1344.5,2411878,319,1351.8,375317,541049,-0.6392491593688867,0
2023-07-28 11:04:11,1344.6,2411878,2,1351.8,375317,541049,-0.6318589956767676,0
2023-07-28 11:04:14,1344.6,2412293,31,1351.8,379116,541901,-0.6318589956767676,0
2023-07-28 11:04:14,1344.6,2412293,2,1351.8,379116,541901,-0.6318589956767676,0
2023-07-28 11:04:14,1344.6,2412293,3,1351.8,379116,541901,-0.6318589956767676,0
2023-07-28 11:04:14,1344.5,2412293,36,1351.8,379116,541901,-0.6392491593688867,0
2023-07-28 11:04:19,1344.5,2413173,50,1351.79,379220,542591,-0.6392491593688867,0
2023-07-28 11:04:19,1344.6,2413173,2,1351.79,379220,542591,-0.6318589956767676,0
2023-07-28 11:04:19,1344.5,2413173,2,1351.79,379220,542591,-0.6392491593688867,0
2023-07-28 11:04:19,1344.6,2413173,2,1351.79,379220,542591,-0.6318589956767676,0
2023-07-28 11:04:23,1344.6,2413285,2,1351.79,379224,542514,-0.6318589956767676,0
2023-07-28 11:04:23,1344.45,2413285,400,1351.79,379224,542514,-0.6429442412149462,0
2023-07-28 11:04:23,1344.4,2413285,1,1351.79,379224,542514,-0.6466393230610058,0
2023-07-28 11:04:23,1344.4,2413285,10,1351.79,379224,542514,-0.6466393230610058,0
2023-07-28 11:04:28,1344.55,2433809,302,1351.73,376075,544571,-0.6355540775228272,0
2023-07-28 11:04:28,1344.5,2433809,25,1351.73,376075,544571,-0.6392491593688867,0
2023-07-28 11:04:28,1344.55,2433809,40,1351.73,376075,544571,-0.6355540775228272,0
2023-07-28 11:04:28,1344.55,2433809,2,1351.73,376075,544571,-0.6355540775228272,0
2023-07-28 11:04:31,1344.6,2434425,9,1351.73,376680,542101,-0.6318589956767676,0
2023-07-28 11:04:31,1344.55,2434425,3,1351.73,376680,542101,-0.6355540775228272,0
2023-07-28 11:04:31,1344.55,2434425,5,1351.73,376680,542101,-0.6355540775228272,0
2023-07-28 11:04:35,1344.6,2434445,1,1351.73,373256,540503,-0.6318589956767676,0
2023-07-28 11:04:35,1344.6,2434445,1,1351.73,373256,540503,-0.6318589956767676,0
2023-07-28 11:04:35,1344.5,2434445,1,1351.73,373256,540503,-0.6392491593688867,0
2023-07-28 11:04:35,1344.6,2434445,2,1351.73,373256,540503,-0.6318589956767676,0
2023-07-28 11:04:35,1344.55,2434445,1,1351.73,373256,540503,-0.6355540775228272,0
2023-07-28 11:04:39,1344.6,2434885,5,1351.73,377603,541866,-0.6318589956767676,0
2023-07-28 11:04:39,1344.6,2434885,2,1351.73,377603,541866,-0.6318589956767676,0
2023-07-28 11:04:42,1344.5,2434934,2,1351.73,378110,542906,-0.6392491593688867,0
2023-07-28 11:04:42,1344.6,2434934,2,1351.73,378110,542906,-0.6318589956767676,0
2023-07-28 11:04:48,1344.6,2434990,50,1351.73,372525,539679,-0.6318589956767676,0
2023-07-28 11:04:48,1344.6,2434990,50,1351.73,372525,539679,-0.6318589956767676,0
2023-07-28 11:04:48,1344.5,2434990,1,1351.73,372525,539679,-0.6392491593688867,0
2023-07-28 11:04:48,1344.6,2434990,5,1351.73,372525,539679,-0.6318589956767676,0
2023-07-28 11:04:48,1344.5,2434990,2,1351.73,372525,539679,-0.6392491593688867,0
2023-07-28 11:04:48,1344.6,2434990,11,1351.73,372525,539679,-0.6318589956767676,0
2023-07-28 11:04:48,1344.6,2434990,1,1351.73,372525,539679,-0.6318589956767676,0
2023-07-28 11:04:48,1344.6,2434990,2,1351.73,372525,539679,-0.6318589956767676,0
2023-07-28 11:04:48,1344.6,2434990,1,1351.73,372525,539679,-0.6318589956767676,0
2023-07-28 11:04:56,1344.6,2435162,1,1351.73,378013,543122,-0.6318589956767676,0
2023-07-28 11:04:56,1344.6,2435162,19,1351.73,378013,543122,-0.6318589956767676,0
2023-07-28 11:04:56,1344.6,2435162,25,1351.73,378013,543122,-0.6318589956767676,0
2023-07-28 11:04:56,1344.6,2435162,2,1351.73,378013,543122,-0.6318589956767676,0
2023-07-28 11:05:00,1344.7,2435387,4,1351.73,377981,542930,-0.6244688319846318,0
2023-07-28 11:05:00,1344.7,2435387,1,1351.73,377981,542930,-0.6244688319846318,0
2023-07-28 11:05:00,1344.6,2435387,2,1351.73,377981,542930,-0.6318589956767676,0
2023-07-28 11:05:00,1344.7,2435387,5,1351.73,377981,542930,-0.6244688319846318,0
2023-07-28 11:05:00,1344.7,2435387,9,1351.73,377981,542930,-0.6244688319846318,0
2023-07-28 11:05:04,1344.7,2435425,9,1351.73,373546,543038,-0.6244688319846318,0
2023-07-28 11:05:04,1344.5,2435425,1,1351.73,373546,543038,-0.6392491593688867,0
2023-07-28 11:05:05,1344.7,2435427,1,1351.73,377947,543037,-0.6244688319846318,0
2023-07-28 11:05:06,1344.7,2435442,15,1351.73,377962,543023,-0.6244688319846318,0
2023-07-28 11:05:06,1344.5,2435442,7,1351.73,377962,543023,-0.6392491593688867,0
2023-07-28 11:05:08,1344.65,2435455,1,1351.73,377961,543541,-0.6281639138306913,0
2023-07-28 11:05:09,1344.5,2435856,123,1351.72,377704,543977,-0.6392491593688867,0
2023-07-28 11:05:09,1344.5,2435856,2,1351.72,377704,543977,-0.6392491593688867,0
2023-07-28 11:05:10,1344.5,2435911,1,1351.72,378960,543970,-0.6392491593688867,0
2023-07-28 11:05:10,1344.5,2435911,1,1351.72,378960,543970,-0.6392491593688867,0
2023-07-28 11:05:11,1344.5,2435912,1,1351.72,378960,543996,-0.6392491593688867,0
2023-07-28 11:05:12,1344.65,2435937,5,1351.72,374964,543645,-0.6281639138306913,0
2023-07-28 11:05:12,1344.65,2435937,5,1351.72,374964,543645,-0.6281639138306913,0
2023-07-28 11:05:12,1344.65,2435937,5,1351.72,378964,543645,-0.6281639138306913,0
2023-07-28 11:05:12,1344.65,2435937,2,1351.72,378964,543645,-0.6281639138306913,0
2023-07-28 11:05:14,1344.65,2435939,2,1351.72,379052,543643,-0.6281639138306913,0
2023-07-28 11:05:14,1344.55,2435939,10,1351.72,379185,542865,-0.6355540775228272,0
2023-07-28 11:05:16,1344.65,2435959,5,1351.72,379044,539661,-0.6281639138306913,0
2023-07-28 11:05:16,1344.65,2435959,5,1351.72,379044,539661,-0.6281639138306913,0
2023-07-28 11:05:17,1344.5,2435962,2,1351.72,379043,543660,-0.6392491593688867,0
2023-07-28 11:05:17,1344.65,2435962,1,1351.72,379043,543660,-0.6281639138306913,0
2023-07-28 11:05:19,1344.65,2436023,50,1351.72,378984,539603,-0.6281639138306913,0
2023-07-28 11:05:19,1344.65,2436023,50,1351.72,378617,539203,-0.6281639138306913,0
2023-07-28 11:05:20,1344.65,2436024,1,1351.72,379073,543815,-0.6281639138306913,0
2023-07-28 11:05:22,1344.65,2436025,9,1351.72,379273,543854,-0.6281639138306913,0
2023-07-28 11:05:22,1344.65,2436025,9,1351.72,379273,543854,-0.6281639138306913,0
2023-07-28 11:05:23,1344.65,2436051,1,1351.72,379395,543428,-0.6281639138306913,0
2023-07-28 11:05:23,1344.65,2436051,1,1351.72,379395,543428,-0.6281639138306913,0
2023-07-28 11:05:23,1344.65,2436052,50,1351.72,379240,544019,-0.6281639138306913,0
2023-07-28 11:05:25,1344.65,2436102,50,1351.72,379350,543969,-0.6281639138306913,0
2023-07-28 11:05:25,1344.65,2436102,1,1351.72,379350,543969,-0.6281639138306913,0
2023-07-28 11:05:26,1344.65,2436555,1,1351.72,379674,543161,-0.6281639138306913,0
2023-07-28 11:05:26,1344.65,2436555,1,1351.72,379674,543161,-0.6281639138306913,0
2023-07-28 11:05:26,1344.65,2436555,1,1351.72,379674,543961,-0.6281639138306913,0
2023-07-28 11:05:26,1344.65,2436555,1,1351.72,379674,543961,-0.6281639138306913,0
2023-07-28 11:05:29,1344.65,2436556,1,1351.72,384676,543420,-0.6281639138306913,0
2023-07-28 11:05:30,1344.65,2436642,15,1351.72,383457,543860,-0.6281639138306913,0
2023-07-28 11:05:30,1344.65,2436642,20,1351.72,383457,543860,-0.6281639138306913,0
2023-07-28 11:05:31,1344.5,2436670,8,1351.72,384628,543739,-0.6392491593688867,0
2023-07-28 11:05:31,1344.5,2436670,8,1351.72,384608,543739,-0.6392491593688867,0
2023-07-28 11:05:31,1344.65,2436670,10,1351.72,384608,543739,-0.6281639138306913,0
2023-07-28 11:05:32,1344.65,2436680,10,1351.72,384644,543736,-0.6281639138306913,0
2023-07-28 11:05:34,1344.65,2437574,51,1351.72,384838,543049,-0.6281639138306913,0
2023-07-28 11:05:34,1344.65,2437574,51,1351.72,384838,543128,-0.6281639138306913,0
2023-07-28 11:05:34,1344.65,2437574,51,1351.72,380457,543048,-0.6281639138306913,0
2023-07-28 11:05:37,1344.65,2437576,2,1351.72,380324,543201,-0.6281639138306913,0
2023-07-28 11:05:37,1344.65,2437576,2,1351.72,380324,543201,-0.6281639138306913,0
2023-07-28 11:05:38,1344.6,2437579,1,1351.72,380118,543127,-0.6318589956767676,0
2023-07-28 11:05:38,1344.6,2437579,1,1351.72,380118,543127,-0.6318589956767676,0
2023-07-28 11:05:39,1344.65,2437582,3,1351.72,380238,543124,-0.6281639138306913,0
2023-07-28 11:05:41,1344.6,2437584,1,1351.72,380247,543224,-0.6318589956767676,0
2023-07-28 11:05:41,1344.6,2437584,1,1351.72,379970,543224,-0.6318589956767676,0
2023-07-28 11:05:41,1344.65,2437584,2,1351.72,379970,543224,-0.6281639138306913,0
2023-07-28 11:05:42,1344.65,2437594,8,1351.72,380354,543227,-0.6281639138306913,0
2023-07-28 11:05:43,1344.65,2437644,16,1351.72,380354,543228,-0.6281639138306913,0
2023-07-28 11:05:44,1344.65,2437647,1,1351.72,380355,543225,-0.6281639138306913,0
2023-07-28 11:05:44,1344.65,2437647,1,1351.72,380417,543415,-0.6281639138306913,0
2023-07-28 11:05:44,1344.65,2437647,1,1351.72,380417,543139,-0.6281639138306913,0
2023-07-28 11:05:48,1344.6,2437650,2,1351.72,380578,543679,-0.6318589956767676,0
2023-07-28 11:05:48,1344.65,2437801,49,1351.72,380999,543569,-0.6281639138306913,0
2023-07-28 11:05:49,1344.65,2437802,1,1351.72,381108,543577,-0.6281639138306913,0
2023-07-28 11:05:51,1344.65,2437804,2,1351.72,381105,544795,-0.6281639138306913,0
2023-07-28 11:05:52,1344.65,2437824,20,1351.72,380399,544523,-0.6281639138306913,0
2023-07-28 11:05:52,1344.5,2438244,60,1351.72,379600,544373,-0.6392491593688867,0
2023-07-28 11:05:54,1344.65,2439830,3,1351.71,379830,542352,-0.6281639138306913,0
2023-07-28 11:05:54,1344.65,2439830,3,1351.71,379836,542872,-0.6281639138306913,0
2023-07-28 11:05:54,1344.6,2439830,2,1351.71,379836,542872,-0.6318589956767676,0
2023-07-28 11:05:56,1344.6,2439854,19,1351.71,380754,541272,-0.6318589956767676,0
2023-07-28 11:05:57,1344.6,2439865,11,1351.71,380755,542427,-0.6318589956767676,0
2023-07-28 11:05:57,1344.5,2439865,40,1351.71,380755,542427,-0.6392491593688867,0
2023-07-28 11:05:59,1344.55,2440331,25,1351.71,380006,542880,-0.6355540775228272,0
2023-07-28 11:06:00,1344.55,2440364,5,1351.71,380152,542885,-0.6355540775228272,0
2023-07-28 11:06:00,1344.55,2440364,19,1351.71,380152,542885,-0.6355540775228272,0
2023-07-28 11:06:01,1344.55,2440387,19,1351.71,376953,543131,-0.6355540775228272,0
2023-07-28 11:06:01,1344.55,2440387,9,1351.71,376953,543131,-0.6355540775228272,0
2023-07-28 11:06:02,1344.5,2440898,400,1351.71,376554,543126,-0.6392491593688867,0
2023-07-28 11:06:03,1344.55,2440899,1,1351.71,379766,543121,-0.6355540775228272,0
2023-07-28 11:06:04,1344.5,2441304,282,1351.71,376493,543116,-0.6392491593688867,0
2023-07-28 11:06:04,1344.5,2441426,10,1351.71,380022,542492,-0.6392491593688867,0
2023-07-28 11:06:06,1344.55,2441456,5,1351.71,380736,542073,-0.6355540775228272,0
