2023-07-28 10:49:29,96.55,7458808,2,95.95,2764031,2902656,0.993723849372388,0
2023-07-28 10:49:26,96.5,7458176,20,95.95,2770202,2887896,0.9414225941422654,0
2023-07-28 10:49:29,96.55,7458808,507,95.95,2764031,2902656,0.993723849372388,0
2023-07-28 10:49:29,96.55,7458808,10,95.95,2764031,2902656,0.993723849372388,0
2023-07-28 10:49:29,96.5,7458808,9,95.95,2764031,2902656,0.9414225941422654,0
2023-07-28 10:49:34,96.5,7459902,1,95.95,2771495,2900272,0.9414225941422654,0
2023-07-28 10:49:34,96.5,7459902,4,95.95,2771495,2900272,0.9414225941422654,0
2023-07-28 10:49:34,96.55,7459902,60,95.95,2771495,2900272,0.993723849372388,0
2023-07-28 10:49:34,96.55,7459902,7,95.95,2771495,2900272,0.993723849372388,0
2023-07-28 10:49:37,96.55,7460067,7,95.95,2773500,2912427,0.993723849372388,0
2023-07-28 10:49:37,96.55,7460067,100,95.95,2773500,2912427,0.993723849372388,0
2023-07-28 10:49:37,96.5,7460067,25,95.95,2773500,2912427,0.9414225941422654,0
2023-07-28 10:49:41,96.5,7460272,25,95.95,2772629,2913195,0.9414225941422654,0
2023-07-28 10:49:41,96.55,7460272,30,95.95,2772629,2913195,0.993723849372388,0
2023-07-28 10:49:41,96.55,7460272,5,95.95,2772629,2913195,0.993723849372388,0
2023-07-28 10:49:44,96.55,7460359,5,95.95,2776945,2914221,0.993723849372388,0
2023-07-28 10:49:44,96.55,7460359,150,95.95,2776945,2914221,0.993723849372388,0
2023-07-28 10:49:44,96.5,7460359,25,95.95,2776945,2914221,0.9414225941422654,0
2023-07-28 10:49:44,96.55,7460359,1,95.95,2776945,2914221,0.993723849372388,0
2023-07-28 10:49:50,96.55,7465689,1,95.95,2778377,2911946,0.993723849372388,0
2023-07-28 10:49:50,96.55,7465689,10,95.95,2778377,2911946,0.993723849372388,0
2023-07-28 10:49:50,96.55,7465689,45,95.95,2778377,2911946,0.993723849372388,0
2023-07-28 10:49:50,96.55,7465689,1,95.95,2778377,2911946,0.993723849372388,0
2023-07-28 10:49:54,96.5,7467354,20,95.95,2776561,2911517,0.9414225941422654,0
2023-07-28 10:49:54,96.55,7467354,1,95.95,2776561,2911517,0.993723849372388,0
2023-07-28 10:49:54,96.55,7467354,1,95.95,2776561,2911517,0.993723849372388,0
2023-07-28 10:49:54,96.55,7467354,100,95.95,2776561,2911517,0.993723849372388,0
2023-07-28 10:49:58,96.55,7467708,1,95.95,2777594,2909761,0.993723849372388,0
2023-07-28 10:49:58,96.5,7467708,5,95.95,2777594,2909761,0.9414225941422654,0
2023-07-28 10:49:58,96.55,7467708,100,95.95,2777594,2909761,0.993723849372388,0
2023-07-28 10:49:58,96.55,7467708,20,95.95,2777594,2909761,0.993723849372388,0
2023-07-28 10:50:02,96.5,7467978,39,95.95,2778478,2910921,0.9414225941422654,0
2023-07-28 10:50:02,96.55,7467978,5,95.95,2778478,2910921,0.993723849372388,0
2023-07-28 10:50:02,96.5,7467978,105,95.95,2778478,2910921,0.9414225941422654,0
2023-07-28 10:50:02,96.55,7467978,45,95.95,2778478,2910921,0.993723849372388,0
2023-07-28 10:50:07,96.55,7475755,6,95.95,2779877,2913089,0.993723849372388,0
2023-07-28 10:50:07,96.5,7475755,50,95.95,2779877,2913089,0.9414225941422654,0
2023-07-28 10:50:07,96.55,7475755,25,95.95,2779877,2913089,0.993723849372388,0
2023-07-28 10:50:07,96.5,7475755,1,95.95,2779877,2913089,0.9414225941422654,0
2023-07-28 10:50:10,96.5,7476074,1,95.95,2782143,2911574,0.9414225941422654,0
2023-07-28 10:50:10,96.55,7476074,1000,95.95,2782143,2911574,0.993723849372388,0
2023-07-28 10:50:10,96.5,7476074,202,95.95,2782143,2911574,0.9414225941422654,0
2023-07-28 10:50:10,96.5,7476074,13,95.95,2782143,2911574,0.9414225941422654,0
2023-07-28 10:50:16,96.55,7477723,50,95.95,2781995,2912475,0.993723849372388,0
2023-07-28 10:50:16,96.55,7477723,1,95.95,2781995,2912475,0.993723849372388,0
2023-07-28 10:50:16,96.5,7477723,100,95.95,2781995,2912475,0.9414225941422654,0
2023-07-28 10:50:16,96.55,7477723,20,95.95,2781995,2912475,0.993723849372388,0
2023-07-28 10:50:20,96.5,7478005,115,95.95,2784138,2909584,0.9414225941422654,0
2023-07-28 10:50:20,96.55,7478005,8,95.95,2784138,2909584,0.993723849372388,0
2023-07-28 10:50:20,96.55,7478005,8,95.95,2784138,2909584,0.993723849372388,0
2023-07-28 10:50:20,96.55,7478005,2,95.95,2784138,2909584,0.993723849372388,0
2023-07-28 10:50:20,96.55,7478005,2,95.95,2784138,2909584,0.993723849372388,0
2023-07-28 10:50:20,96.55,7478005,2,95.95,2784138,2909584,0.993723849372388,0
2023-07-28 10:50:23,96.5,7482530,52,95.95,2783938,2902185,0.9414225941422654,0
2023-07-28 10:50:23,96.5,7482530,52,95.95,2783938,2902185,0.9414225941422654,0
2023-07-28 10:50:23,96.5,7482530,52,95.95,2783938,2902185,0.9414225941422654,0
2023-07-28 10:50:23,96.55,7482530,1,95.95,2783938,2902185,0.993723849372388,0
2023-07-28 10:50:23,96.5,7482530,150,95.95,2783938,2902185,0.9414225941422654,0
2023-07-28 10:50:23,96.5,7482530,300,95.95,2783938,2902185,0.9414225941422654,0
2023-07-28 10:50:28,96.55,7492984,3,95.95,2772581,2908625,0.993723849372388,0
2023-07-28 10:50:28,96.55,7492984,7,95.95,2772581,2908625,0.993723849372388,0
2023-07-28 10:50:28,96.5,7492984,2,95.95,2772581,2908625,0.9414225941422654,0
2023-07-28 10:50:28,96.5,7492984,27,95.95,2772581,2908625,0.9414225941422654,0
2023-07-28 10:50:28,96.55,7492984,4,95.95,2772581,2908625,0.993723849372388,0
2023-07-28 10:50:28,96.5,7492984,200,95.95,2772581,2908625,0.9414225941422654,0
2023-07-28 10:50:28,96.5,7492984,5,95.95,2772581,2908625,0.9414225941422654,0
2023-07-28 10:50:28,96.55,7492984,8,95.95,2772581,2908625,0.993723849372388,0
2023-07-28 10:50:37,96.55,7493878,1,95.95,2764844,2913676,0.993723849372388,0
2023-07-28 10:50:37,96.55,7493878,209,95.95,2764844,2913676,0.993723849372388,0
2023-07-28 10:50:37,96.5,7493878,938,95.95,2764844,2913676,0.9414225941422654,0
2023-07-28 10:50:37,96.55,7493878,1,95.95,2764844,2913676,0.993723849372388,0
2023-07-28 10:50:41,96.55,7505198,1,95.95,2757342,2916786,0.993723849372388,0
2023-07-28 10:50:41,96.55,7505198,1,95.95,2757342,2916786,0.993723849372388,0
2023-07-28 10:50:41,96.5,7505198,1785,95.95,2757342,2916786,0.9414225941422654,0
2023-07-28 10:50:41,96.5,7505198,100,95.95,2757342,2916786,0.9414225941422654,0
2023-07-28 10:50:41,96.5,7505198,86,95.95,2757342,2916786,0.9414225941422654,0
2023-07-28 10:50:46,96.5,7518753,1201,95.95,2748354,2927085,0.9414225941422654,0
2023-07-28 10:50:46,96.55,7518753,55,95.95,2748354,2927085,0.993723849372388,0
2023-07-28 10:50:46,96.5,7518753,48,95.95,2748354,2927085,0.9414225941422654,0
2023-07-28 10:50:46,96.55,7518753,100,95.95,2748354,2927085,0.993723849372388,0
2023-07-28 10:50:50,96.55,7520177,100,95.95,2748267,2917508,0.993723849372388,0
2023-07-28 10:50:50,96.5,7520177,100,95.95,2748267,2917508,0.9414225941422654,0
2023-07-28 10:50:50,96.5,7520177,110,95.95,2748267,2917508,0.9414225941422654,0
2023-07-28 10:50:55,96.5,7533145,200,95.95,2733596,2921869,0.9414225941422654,0
2023-07-28 10:50:55,96.5,7533145,200,95.95,2733596,2921869,0.9414225941422654,0
2023-07-28 10:50:55,96.5,7533145,1,95.95,2733596,2921869,0.9414225941422654,0
2023-07-28 10:50:55,96.5,7533145,300,95.95,2733596,2921869,0.9414225941422654,0
2023-07-28 10:50:55,96.5,7533145,20,95.95,2733596,2921869,0.9414225941422654,0
2023-07-28 10:50:59,96.5,7534803,5,95.95,2733660,2897386,0.9414225941422654,0
2023-07-28 10:50:59,96.5,7534803,5,95.95,2733660,2897386,0.9414225941422654,0
2023-07-28 10:50:59,96.5,7534803,1018,95.95,2733660,2897386,0.9414225941422654,0
2023-07-28 10:51:03,96.5,7537510,4,95.95,2740698,2892530,0.9414225941422654,0
2023-07-28 10:51:03,96.45,7537510,40,95.95,2740698,2892530,0.8891213389121428,0
2023-07-28 10:51:03,96.45,7537510,100,95.95,2740698,2892530,0.8891213389121428,0
2023-07-28 10:51:03,96.5,7537510,100,95.95,2740698,2892530,0.9414225941422654,0
2023-07-28 10:51:07,96.5,7537765,100,95.95,2739649,2891262,0.9414225941422654,0
2023-07-28 10:51:07,96.5,7537765,50,95.95,2739649,2891262,0.9414225941422654,0
2023-07-28 10:51:07,96.45,7537765,231,95.95,2739649,2891262,0.8891213389121428,0
2023-07-28 10:51:07,96.5,7537765,171,95.95,2739649,2891262,0.9414225941422654,0
2023-07-28 10:51:07,96.5,7537765,12,95.95,2739649,2891262,0.9414225941422654,0
2023-07-28 10:51:12,96.5,7542673,292,95.95,2744021,2885586,0.9414225941422654,0
2023-07-28 10:51:12,96.45,7542673,3,95.95,2744021,2885586,0.8891213389121428,0
2023-07-28 10:51:12,96.5,7542673,202,95.95,2744021,2885586,0.9414225941422654,0
2023-07-28 10:51:12,96.5,7542673,87,95.95,2744021,2885586,0.9414225941422654,0
2023-07-28 10:51:16,96.5,7543483,87,95.95,2753643,2899715,0.9414225941422654,0
2023-07-28 10:51:16,96.5,7543483,100,95.95,2753643,2899715,0.9414225941422654,0
2023-07-28 10:51:16,96.5,7543483,5,95.95,2753643,2899715,0.9414225941422654,0
2023-07-28 10:51:16,96.45,7543483,50,95.95,2753643,2899715,0.8891213389121428,0
2023-07-28 10:51:16,96.5,7543483,2,95.95,2753643,2899715,0.9414225941422654,0
2023-07-28 10:51:22,96.5,7543791,10,95.95,2749250,2906463,0.9414225941422654,0
2023-07-28 10:51:22,96.5,7543791,685,95.95,2749250,2906463,0.9414225941422654,0
2023-07-28 10:51:22,96.5,7543791,150,95.95,2749250,2906463,0.9414225941422654,0
2023-07-28 10:51:22,96.45,7543791,9,95.95,2749250,2906463,0.8891213389121428,0
2023-07-28 10:51:24,96.5,7545955,200,95.95,2746608,2906385,0.9414225941422654,0
2023-07-28 10:51:24,96.45,7545955,50,95.95,2746608,2906385,0.8891213389121428,0
2023-07-28 10:51:24,96.5,7545955,1,95.95,2746608,2906385,0.9414225941422654,0
2023-07-28 10:51:24,96.5,7545955,1,95.95,2746608,2906385,0.9414225941422654,0
2023-07-28 10:51:24,96.45,7545955,12,95.95,2746608,2906385,0.8891213389121428,0
2023-07-28 10:51:29,96.45,7547232,12,95.95,2754501,2895420,0.8891213389121428,0
2023-07-28 10:51:29,96.5,7547232,1,95.95,2754501,2895420,0.9414225941422654,0
2023-07-28 10:51:29,96.5,7547232,30,95.95,2754501,2895420,0.9414225941422654,0
2023-07-28 10:51:29,96.5,7547232,36,95.95,2754501,2895420,0.9414225941422654,0
2023-07-28 10:51:32,96.5,7548113,36,95.95,2753645,2900043,0.9414225941422654,0
2023-07-28 10:51:32,96.45,7548113,50,95.95,2753645,2900043,0.8891213389121428,0
2023-07-28 10:51:32,96.5,7548113,50,95.95,2753645,2900043,0.9414225941422654,0
2023-07-28 10:51:32,96.5,7548113,2,95.95,2753645,2900043,0.9414225941422654,0
2023-07-28 10:51:38,96.45,7548477,2,95.95,2753903,2902012,0.8891213389121428,0
2023-07-28 10:51:38,96.45,7548477,2,95.95,2753903,2902012,0.8891213389121428,0
2023-07-28 10:51:38,96.5,7548477,100,95.95,2753903,2902012,0.9414225941422654,0
2023-07-28 10:51:38,96.5,7548477,37,95.95,2753903,2902012,0.9414225941422654,0
2023-07-28 10:51:38,96.5,7548477,36,95.95,2753903,2902012,0.9414225941422654,0
2023-07-28 10:51:41,96.5,7557164,36,95.95,2751265,2903946,0.9414225941422654,0
2023-07-28 10:51:41,96.5,7557164,1,95.95,2751265,2903946,0.9414225941422654,0
2023-07-28 10:51:41,96.5,7557164,10,95.95,2751265,2903946,0.9414225941422654,0
2023-07-28 10:51:41,96.5,7557164,44,95.95,2751265,2903946,0.9414225941422654,0
2023-07-28 10:51:41,96.5,7557164,1,95.95,2751265,2903946,0.9414225941422654,0
2023-07-28 10:51:47,96.5,7557251,6,95.95,2747513,2908500,0.9414225941422654,0
2023-07-28 10:51:47,96.5,7557251,7,95.95,2747513,2908500,0.9414225941422654,0
2023-07-28 10:51:47,96.45,7557251,1,95.95,2747513,2908500,0.8891213389121428,0
2023-07-28 10:51:47,96.5,7557251,100,95.95,2747513,2908500,0.9414225941422654,0
2023-07-28 10:51:51,96.5,7557619,100,95.95,2692634,2908477,0.9414225941422654,0
2023-07-28 10:51:51,96.5,7557619,1,95.95,2692634,2908477,0.9414225941422654,0
2023-07-28 10:51:51,96.5,7557619,1,95.95,2692634,2908477,0.9414225941422654,0
2023-07-28 10:51:51,96.45,7557619,1,95.95,2692634,2908477,0.8891213389121428,0
2023-07-28 10:51:56,96.5,7557991,10,95.95,2757796,2907873,0.9414225941422654,0
2023-07-28 10:51:56,96.5,7557991,2,95.95,2757796,2907873,0.9414225941422654,0
2023-07-28 10:51:56,96.5,7557996,2,95.95,2758303,2907868,0.9414225941422654,0
2023-07-28 10:51:56,96.5,7557996,178,95.95,2758303,2907868,0.9414225941422654,0
2023-07-28 10:51:56,96.45,7557996,4,95.95,2758303,2907868,0.8891213389121428,0
2023-07-28 10:51:56,96.5,7557996,1,95.95,2758303,2907868,0.9414225941422654,0
2023-07-28 10:51:56,96.45,7557996,100,95.95,2758303,2907868,0.8891213389121428,0
2023-07-28 10:52:04,96.5,7558305,3,95.95,2756221,2908689,0.9414225941422654,0
2023-07-28 10:52:04,96.5,7558305,3,95.95,2756221,2908689,0.9414225941422654,0
2023-07-28 10:52:04,96.45,7558305,5,95.95,2756221,2908689,0.8891213389121428,0
2023-07-28 10:52:04,96.5,7558305,10,95.95,2756221,2908689,0.9414225941422654,0
2023-07-28 10:52:04,96.5,7558305,10,95.95,2756221,2908689,0.9414225941422654,0
2023-07-28 10:52:08,96.5,7562060,5,95.95,2757382,2909176,0.9414225941422654,0
2023-07-28 10:52:08,96.5,7562060,50,95.95,2757382,2909176,0.9414225941422654,0
2023-07-28 10:52:08,96.5,7562060,5,95.95,2757382,2909176,0.9414225941422654,0
2023-07-28 10:52:08,96.5,7562060,200,95.95,2757382,2909176,0.9414225941422654,0
2023-07-28 10:52:12,96.5,7562336,3,95.95,2755257,2920786,0.9414225941422654,0
2023-07-28 10:52:12,96.5,7562336,17,95.95,2755257,2920786,0.9414225941422654,0
2023-07-28 10:52:12,96.5,7562336,1,95.95,2755257,2920786,0.9414225941422654,0
2023-07-28 10:52:12,96.5,7562336,99,95.95,2755257,2920786,0.9414225941422654,0
2023-07-28 10:52:12,96.5,7562336,5,95.95,2755257,2920786,0.9414225941422654,0
2023-07-28 10:52:17,96.45,7562998,31,95.95,2754847,2922961,0.8891213389121428,0
2023-07-28 10:52:17,96.5,7562998,5,95.95,2754847,2922961,0.9414225941422654,0
2023-07-28 10:52:17,96.5,7562998,100,95.95,2754847,2922961,0.9414225941422654,0
2023-07-28 10:52:17,96.5,7562998,1,95.95,2754847,2922961,0.9414225941422654,0
2023-07-28 10:52:21,96.45,7564072,1,95.95,2753119,2923220,0.8891213389121428,0
2023-07-28 10:52:21,96.5,7564072,10,95.95,2753119,2923220,0.9414225941422654,0
2023-07-28 10:52:21,96.5,7564072,10,95.95,2753119,2923220,0.9414225941422654,0
2023-07-28 10:52:24,96.5,7564102,10,95.95,2751903,2923707,0.9414225941422654,0
2023-07-28 10:52:24,96.5,7564102,28,95.95,2751903,2923707,0.9414225941422654,0
2023-07-28 10:52:24,96.45,7564102,55,95.95,2751903,2923707,0.8891213389121428,0
2023-07-28 10:52:24,96.5,7564102,5,95.95,2751903,2923707,0.9414225941422654,0
2023-07-28 10:52:24,96.5,7564102,10,95.95,2751903,2923707,0.9414225941422654,0
2023-07-28 10:52:29,96.5,7564387,1,95.95,2757075,2910765,0.9414225941422654,0
2023-07-28 10:52:29,96.5,7564387,1,95.95,2757075,2910765,0.9414225941422654,0
2023-07-28 10:52:29,96.45,7564387,1,95.95,2757075,2910765,0.8891213389121428,0
2023-07-28 10:52:29,96.5,7564387,13,95.95,2757075,2910765,0.9414225941422654,0
2023-07-28 10:52:32,96.5,7567059,13,95.95,2762005,2909475,0.9414225941422654,0
2023-07-28 10:52:32,96.45,7567059,50,95.95,2762005,2909475,0.8891213389121428,0
2023-07-28 10:52:32,96.5,7567059,1,95.95,2762005,2909475,0.9414225941422654,0
2023-07-28 10:52:32,96.5,7567059,2,95.95,2762005,2909475,0.9414225941422654,0
2023-07-28 10:52:32,96.45,7567059,12,95.95,2762005,2909475,0.8891213389121428,0
2023-07-28 10:52:38,96.45,7577343,1,95.95,2753984,2924937,0.8891213389121428,0
2023-07-28 10:52:38,96.5,7577343,5,95.95,2753984,2924937,0.9414225941422654,0
2023-07-28 10:52:38,96.5,7577343,3,95.95,2753984,2924937,0.9414225941422654,0
2023-07-28 10:52:38,96.45,7577343,10,95.95,2753984,2924937,0.8891213389121428,0
2023-07-28 10:52:38,96.5,7577343,25,95.95,2753984,2924937,0.9414225941422654,0
2023-07-28 10:52:43,96.5,7577992,100,95.95,2751875,2926189,0.9414225941422654,0
2023-07-28 10:52:43,96.45,7577992,1,95.95,2751875,2926189,0.8891213389121428,0
2023-07-28 10:52:43,96.45,7577992,3,95.95,2751875,2926189,0.8891213389121428,0
2023-07-28 10:52:46,96.5,7578731,16,95.95,2751485,2925527,0.9414225941422654,0
2023-07-28 10:52:46,96.5,7578731,1,95.95,2751485,2925527,0.9414225941422654,0
2023-07-28 10:52:46,96.45,7578731,1,95.95,2751485,2925527,0.8891213389121428,0
2023-07-28 10:52:46,96.5,7578731,20,95.95,2751485,2925527,0.9414225941422654,0
2023-07-28 10:52:51,96.5,7579030,1,95.95,2754562,2923946,0.9414225941422654,0
2023-07-28 10:52:51,96.5,7579030,1,95.95,2754562,2923946,0.9414225941422654,0
2023-07-28 10:52:51,96.45,7579030,5,95.95,2754562,2923946,0.8891213389121428,0
2023-07-28 10:52:51,96.45,7579030,5,95.95,2754562,2923946,0.8891213389121428,0
2023-07-28 10:52:51,96.5,7579030,5,95.95,2754562,2923946,0.9414225941422654,0
2023-07-28 10:52:55,96.5,7580345,300,95.95,2756148,2923101,0.9414225941422654,0
2023-07-28 10:52:55,96.45,7580345,31,95.95,2756148,2923101,0.8891213389121428,0
2023-07-28 10:52:55,96.5,7580345,20,95.95,2756148,2923101,0.9414225941422654,0
2023-07-28 10:52:55,96.5,7580345,1,95.95,2756148,2923101,0.9414225941422654,0
2023-07-28 10:52:59,96.45,7597657,420,95.96,2758314,2909405,0.8891213389121428,0
2023-07-28 10:52:59,96.45,7597657,420,95.96,2758314,2909405,0.8891213389121428,0
2023-07-28 10:52:59,96.45,7597657,4,95.96,2758314,2909405,0.8891213389121428,0
2023-07-28 10:52:59,96.5,7597657,25,95.96,2758314,2909405,0.9414225941422654,0
2023-07-28 10:53:03,96.45,7597806,19,95.96,2758225,2910163,0.8891213389121428,0
2023-07-28 10:53:03,96.5,7597806,35,95.96,2758225,2910163,0.9414225941422654,0
2023-07-28 10:53:06,96.5,7597860,35,95.96,2758299,2910928,0.9414225941422654,0
2023-07-28 10:53:06,96.5,7597860,5,95.96,2758299,2910928,0.9414225941422654,0
2023-07-28 10:53:06,96.5,7597860,1,95.96,2758299,2910928,0.9414225941422654,0
2023-07-28 10:53:10,96.45,7598017,9,95.96,2759162,2917918,0.8891213389121428,0
2023-07-28 10:53:10,96.45,7598017,944,95.96,2759162,2917918,0.8891213389121428,0
2023-07-28 10:53:10,96.5,7598017,12,95.96,2759162,2917918,0.9414225941422654,0
2023-07-28 10:53:10,96.5,7598017,7,95.96,2759162,2917918,0.9414225941422654,0
2023-07-28 10:53:10,96.5,7598017,22,95.96,2759162,2917918,0.9414225941422654,0
2023-07-28 10:53:15,96.5,7599350,22,95.96,2756237,2917860,0.9414225941422654,0
2023-07-28 10:53:21,96.5,7600157,2,95.96,2758134,2922353,0.9414225941422654,0
2023-07-28 10:53:21,96.5,7600157,78,95.96,2758134,2922353,0.9414225941422654,0
2023-07-28 10:53:21,96.5,7600157,78,95.96,2758134,2922353,0.9414225941422654,0
2023-07-28 10:53:21,96.45,7600157,20,95.96,2758134,2922353,0.8891213389121428,0
2023-07-28 10:53:21,96.45,7600157,1,95.96,2758134,2922353,0.8891213389121428,0
2023-07-28 10:53:21,96.45,7600157,1,95.96,2758134,2922353,0.8891213389121428,0
2023-07-28 10:53:21,96.45,7600157,1,95.96,2758134,2922353,0.8891213389121428,0
2023-07-28 10:53:24,96.5,7605890,1,95.96,2759177,2922648,0.9414225941422654,0
2023-07-28 10:53:24,96.5,7605890,4,95.96,2759177,2922648,0.9414225941422654,0
2023-07-28 10:53:24,96.45,7605890,15,95.96,2759177,2922648,0.8891213389121428,0
2023-07-28 10:53:24,96.45,7605890,230,95.96,2759177,2922648,0.8891213389121428,0
2023-07-28 10:53:24,96.5,7605890,5,95.96,2759177,2922648,0.9414225941422654,0
2023-07-28 10:53:29,96.45,7606494,250,95.96,2758229,2928518,0.8891213389121428,0
2023-07-28 10:53:29,96.5,7606494,1,95.96,2758229,2928518,0.9414225941422654,0
2023-07-28 10:53:29,96.45,7606494,1,95.96,2758229,2928518,0.8891213389121428,0
2023-07-28 10:53:34,96.5,7607959,48,95.96,2758825,2929121,0.9414225941422654,0
2023-07-28 10:53:34,96.5,7607959,261,95.96,2758825,2929121,0.9414225941422654,0
2023-07-28 10:53:34,96.45,7607959,1,95.96,2758825,2929121,0.8891213389121428,0
2023-07-28 10:53:34,96.5,7607959,100,95.96,2758825,2929121,0.9414225941422654,0
2023-07-28 10:53:38,96.45,7608326,4,95.96,2755083,2932540,0.8891213389121428,0
2023-07-28 10:53:38,96.45,7608326,166,95.96,2755083,2932540,0.8891213389121428,0
2023-07-28 10:53:38,96.45,7608326,332,95.96,2755083,2932540,0.8891213389121428,0
2023-07-28 10:53:38,96.5,7608326,5,95.96,2755083,2932540,0.9414225941422654,0
2023-07-28 10:53:38,96.5,7608326,1,95.96,2755083,2932540,0.9414225941422654,0
2023-07-28 10:53:42,96.5,7608835,5,95.96,2755020,2932819,0.9414225941422654,0
2023-07-28 10:53:42,96.5,7608835,2,95.96,2755020,2932819,0.9414225941422654,0
2023-07-28 10:53:42,96.5,7608835,74,95.96,2755020,2932819,0.9414225941422654,0
2023-07-28 10:53:42,96.55,7608835,725,95.96,2755020,2932819,0.993723849372388,0
2023-07-28 10:53:47,96.5,7638921,100,95.96,2746458,2922661,0.9414225941422654,0
2023-07-28 10:53:47,96.5,7638921,250,95.96,2746458,2922661,0.9414225941422654,0
2023-07-28 10:53:47,96.5,7638921,48,95.96,2746458,2922661,0.9414225941422654,0
2023-07-28 10:53:47,96.45,7638921,162,95.96,2746458,2922661,0.8891213389121428,0
2023-07-28 10:53:47,96.5,7638921,10,95.96,2746458,2922661,0.9414225941422654,0
2023-07-28 10:53:51,96.5,7640399,2,95.96,2748652,2933621,0.9414225941422654,0
2023-07-28 10:53:51,96.55,7640399,8,95.96,2748652,2933621,0.993723849372388,0
2023-07-28 10:53:51,96.5,7640399,500,95.96,2748652,2933621,0.9414225941422654,0
2023-07-28 10:53:53,96.5,7641109,500,95.96,2750260,2941748,0.9414225941422654,0
2023-07-28 10:53:53,96.5,7641109,100,95.96,2750260,2941748,0.9414225941422654,0
2023-07-28 10:53:53,96.55,7641109,1,95.96,2750260,2941748,0.993723849372388,0
2023-07-28 10:53:53,96.55,7641109,20,95.96,2750260,2941748,0.993723849372388,0
2023-07-28 10:53:53,96.55,7641109,10,95.96,2750260,2941748,0.993723849372388,0
2023-07-28 10:53:53,96.55,7641109,1,95.96,2750260,2941748,0.993723849372388,0
2023-07-28 10:53:53,96.5,7641109,2000,95.96,2750260,2941748,0.9414225941422654,0
2023-07-28 10:53:53,96.55,7641109,5,95.96,2750260,2941748,0.993723849372388,0
2023-07-28 10:53:53,96.55,7641109,12,95.96,2750260,2941748,0.993723849372388,0
2023-07-28 10:54:04,96.55,7643361,12,95.96,2749796,2942614,0.993723849372388,0
2023-07-28 10:54:04,96.5,7643361,1,95.96,2749796,2942614,0.9414225941422654,0
2023-07-28 10:54:04,96.55,7643361,1,95.96,2749796,2942614,0.993723849372388,0
2023-07-28 10:54:04,96.5,7643361,1,95.96,2749796,2942614,0.9414225941422654,0
2023-07-28 10:54:04,96.55,7643361,100,95.96,2749796,2942614,0.993723849372388,0
2023-07-28 10:54:04,96.5,7643361,100,95.96,2749796,2942614,0.9414225941422654,0
2023-07-28 10:54:10,96.5,7643605,1,95.96,2749954,2942782,0.9414225941422654,0
2023-07-28 10:54:10,96.55,7643605,20,95.96,2749954,2942782,0.993723849372388,0
2023-07-28 10:54:10,96.55,7643605,300,95.96,2749954,2942782,0.993723849372388,0
2023-07-28 10:54:10,96.55,7643605,10,95.96,2749954,2942782,0.993723849372388,0
2023-07-28 10:54:14,96.55,7644201,10,95.96,2750714,2941678,0.993723849372388,0
2023-07-28 10:54:14,96.55,7644201,10,95.96,2750714,2941678,0.993723849372388,0
2023-07-28 10:54:14,96.5,7644201,5,95.96,2750714,2941678,0.9414225941422654,0
2023-07-28 10:54:14,96.55,7644201,1,95.96,2750714,2941678,0.993723849372388,0
2023-07-28 10:54:19,96.5,7651237,979,95.96,2749811,2936115,0.9414225941422654,0
2023-07-28 10:54:19,96.45,7651237,25,95.96,2749811,2936115,0.8891213389121428,0
2023-07-28 10:54:19,96.55,7651237,60,95.96,2749811,2936115,0.993723849372388,0
2023-07-28 10:54:19,96.55,7651237,14,95.96,2749811,2936115,0.993723849372388,0
2023-07-28 10:54:19,96.55,7651237,2,95.96,2749811,2936115,0.993723849372388,0
2023-07-28 10:54:24,96.55,7654580,100,95.96,2754146,2937007,0.993723849372388,0
2023-07-28 10:54:24,96.55,7654580,199,95.96,2754146,2937007,0.993723849372388,0
2023-07-28 10:54:24,96.55,7654580,49,95.96,2754146,2937007,0.993723849372388,0
2023-07-28 10:54:24,96.55,7654580,1,95.96,2754146,2937007,0.993723849372388,0
2023-07-28 10:54:24,96.55,7654580,4,95.96,2754146,2937007,0.993723849372388,0
2023-07-28 10:54:28,96.55,7655493,4,95.96,2756470,2936994,0.993723849372388,0
2023-07-28 10:54:28,96.55,7655493,1,95.96,2756470,2936994,0.993723849372388,0
2023-07-28 10:54:28,96.5,7655493,1,95.96,2756470,2936994,0.9414225941422654,0
2023-07-28 10:54:28,96.55,7655493,2,95.96,2756470,2936994,0.993723849372388,0
2023-07-28 10:54:28,96.55,7655493,1,95.96,2756470,2936994,0.993723849372388,0
2023-07-28 10:54:28,96.5,7655493,50,95.96,2756470,2936994,0.9414225941422654,0
2023-07-28 10:54:28,96.55,7655493,70,95.96,2756470,2936994,0.993723849372388,0
2023-07-28 10:54:35,96.55,7656954,1000,95.96,2757518,2938833,0.993723849372388,0
2023-07-28 10:54:35,96.55,7656954,3,95.96,2757518,2938833,0.993723849372388,0
2023-07-28 10:54:35,96.5,7656954,150,95.96,2757518,2938833,0.9414225941422654,0
2023-07-28 10:54:40,96.55,7657118,11,95.96,2746051,2940986,0.993723849372388,0
2023-07-28 10:54:44,96.55,7657137,13,95.96,2745726,2940973,0.993723849372388,0
2023-07-28 10:54:44,96.55,7657137,15,95.96,2745726,2940973,0.993723849372388,0
2023-07-28 10:54:44,96.5,7657137,1,95.96,2745726,2940973,0.9414225941422654,0
2023-07-28 10:54:44,96.55,7657137,40,95.96,2745726,2940973,0.993723849372388,0
2023-07-28 10:54:46,96.55,7657253,40,95.96,2745084,2943019,0.993723849372388,0
2023-07-28 10:54:46,96.5,7657253,220,95.96,2745084,2943019,0.9414225941422654,0
2023-07-28 10:54:46,96.55,7657253,450,95.96,2745084,2943019,0.993723849372388,0
2023-07-28 10:54:46,96.55,7657253,3,95.96,2745084,2943019,0.993723849372388,0
2023-07-28 10:54:46,96.55,7657253,5,95.96,2745084,2943019,0.993723849372388,0
2023-07-28 10:54:52,96.55,7658202,15,95.96,2745551,2941310,0.993723849372388,0
2023-07-28 10:54:52,96.55,7658202,15,95.96,2745551,2941310,0.993723849372388,0
2023-07-28 10:54:52,96.5,7658202,230,95.96,2745551,2941310,0.9414225941422654,0
2023-07-28 10:54:52,96.5,7658202,4,95.96,2745551,2941310,0.9414225941422654,0
2023-07-28 10:54:55,96.55,7661938,10,95.96,2742770,2929574,0.993723849372388,0
2023-07-28 10:54:55,96.5,7661938,457,95.96,2742770,2929574,0.9414225941422654,0
2023-07-28 10:54:55,96.55,7661938,90,95.96,2742770,2929574,0.993723849372388,0
2023-07-28 10:55:00,96.55,7663224,500,95.96,2746753,2919530,0.993723849372388,0
2023-07-28 10:55:00,96.55,7663224,2,95.96,2746753,2919530,0.993723849372388,0
2023-07-28 10:55:00,96.55,7663224,15,95.96,2746753,2919530,0.993723849372388,0
2023-07-28 10:55:00,96.55,7663224,5,95.96,2746753,2919530,0.993723849372388,0
2023-07-28 10:55:00,96.55,7663224,200,95.96,2746753,2919530,0.993723849372388,0
2023-07-28 10:55:04,96.55,7663447,200,95.96,2748240,2918080,0.993723849372388,0
2023-07-28 10:55:04,96.5,7663447,5,95.96,2748240,2918080,0.9414225941422654,0
2023-07-28 10:55:04,96.55,7663447,22,95.96,2748240,2918080,0.993723849372388,0
2023-07-28 10:55:08,96.55,7663481,1,95.96,2748582,2918984,0.993723849372388,0
2023-07-28 10:55:08,96.55,7663481,50,95.96,2748582,2918984,0.993723849372388,0
2023-07-28 10:55:08,96.55,7663481,500,95.96,2748582,2918984,0.993723849372388,0
2023-07-28 10:55:10,96.55,7664232,500,95.96,2751178,2919760,0.993723849372388,0
2023-07-28 10:55:10,96.55,7664232,3,95.96,2751178,2919760,0.993723849372388,0
2023-07-28 10:55:10,96.55,7664232,1,95.96,2751178,2919760,0.993723849372388,0
2023-07-28 10:55:10,96.5,7664232,1,95.96,2751178,2919760,0.9414225941422654,0
2023-07-28 10:55:17,96.55,7664243,1,95.96,2750524,2918450,0.993723849372388,0
2023-07-28 10:55:17,96.55,7664243,10,95.96,2750524,2918450,0.993723849372388,0
2023-07-28 10:55:17,96.55,7664243,494,95.96,2750524,2918450,0.993723849372388,0
2023-07-28 10:55:17,96.5,7664243,3,95.96,2750524,2918450,0.9414225941422654,0
2023-07-28 10:55:21,96.55,7667288,20,95.96,2750078,2918938,0.993723849372388,0
2023-07-28 10:55:21,96.5,7667288,1,95.96,2750078,2918938,0.9414225941422654,0
2023-07-28 10:55:21,96.5,7667288,1,95.96,2750078,2918938,0.9414225941422654,0
2023-07-28 10:55:21,96.5,7667288,449,95.96,2750078,2918938,0.9414225941422654,0
2023-07-28 10:55:21,96.5,7667288,12,95.96,2750078,2918938,0.9414225941422654,0
2023-07-28 10:55:26,96.5,7674425,40,95.96,2742760,2928500,0.9414225941422654,0
2023-07-28 10:55:26,96.5,7674425,12,95.96,2742760,2928500,0.9414225941422654,0
2023-07-28 10:55:26,96.45,7674425,1065,95.96,2742760,2928500,0.8891213389121428,0
2023-07-28 10:55:26,96.5,7674425,312,95.96,2742760,2928500,0.9414225941422654,0
2023-07-28 10:55:26,96.5,7674425,101,95.96,2742760,2928500,0.9414225941422654,0
2023-07-28 10:55:26,96.5,7674425,15,95.96,2742760,2928500,0.9414225941422654,0
2023-07-28 10:55:26,96.5,7674425,1,95.96,2742760,2928500,0.9414225941422654,0
2023-07-28 10:55:26,96.5,7674425,1,95.96,2742760,2928500,0.9414225941422654,0
2023-07-28 10:55:36,96.5,7694663,9,95.96,2738424,2928186,0.9414225941422654,0
2023-07-28 10:55:36,96.45,7694663,50,95.96,2738424,2928186,0.8891213389121428,0
2023-07-28 10:55:36,96.5,7694663,4,95.96,2738424,2928186,0.9414225941422654,0
2023-07-28 10:55:36,96.5,7694663,5,95.96,2738424,2928186,0.9414225941422654,0
2023-07-28 10:55:40,96.5,7694793,30,95.96,2738499,2928122,0.9414225941422654,0
2023-07-28 10:55:40,96.45,7694793,227,95.96,2738499,2928122,0.8891213389121428,0
2023-07-28 10:55:40,96.5,7694793,1,95.96,2738499,2928122,0.9414225941422654,0
2023-07-28 10:55:40,96.45,7694793,4,95.96,2738499,2928122,0.8891213389121428,0
2023-07-28 10:55:40,96.45,7694793,30,95.96,2738499,2928122,0.8891213389121428,0
2023-07-28 10:55:44,96.5,7697062,1,95.96,2738426,2935399,0.9414225941422654,0
2023-07-28 10:55:44,96.45,7697062,2,95.96,2738426,2935399,0.8891213389121428,0
2023-07-28 10:55:44,96.45,7697062,138,95.96,2738426,2935399,0.8891213389121428,0
2023-07-28 10:55:44,96.5,7697062,10,95.96,2738426,2935399,0.9414225941422654,0
2023-07-28 10:55:44,96.5,7697062,2,95.96,2738426,2935399,0.9414225941422654,0
2023-07-28 10:55:49,96.5,7706202,7,95.96,2735837,2939786,0.9414225941422654,0
2023-07-28 10:55:49,96.5,7706202,29,95.96,2735837,2939786,0.9414225941422654,0
2023-07-28 10:55:53,96.5,7707724,29,95.96,2735139,2941298,0.9414225941422654,0
2023-07-28 10:55:53,96.5,7707724,100,95.96,2735139,2941298,0.9414225941422654,0
2023-07-28 10:55:53,96.5,7707724,4,95.96,2735139,2941298,0.9414225941422654,0
2023-07-28 10:55:58,96.45,7710801,194,95.96,2736507,2928541,0.8891213389121428,0
2023-07-28 10:55:58,96.45,7710801,194,95.96,2736507,2928541,0.8891213389121428,0
2023-07-28 10:55:58,96.45,7710801,11,95.96,2736507,2928541,0.8891213389121428,0
2023-07-28 10:55:58,96.5,7710801,5,95.96,2736507,2928541,0.9414225941422654,0
2023-07-28 10:56:00,96.5,7710823,5,95.96,2735018,2935053,0.9414225941422654,0
2023-07-28 10:56:00,96.5,7710823,1,95.96,2735018,2935053,0.9414225941422654,0
2023-07-28 10:56:00,96.5,7710823,5,95.96,2735018,2935053,0.9414225941422654,0
2023-07-28 10:56:06,96.5,7711847,2,95.96,2734418,2936926,0.9414225941422654,0
2023-07-28 10:56:06,96.5,7711847,2,95.96,2734418,2936926,0.9414225941422654,0
2023-07-28 10:56:06,96.5,7711847,7,95.96,2734418,2936926,0.9414225941422654,0
2023-07-28 10:56:06,96.5,7711847,428,95.96,2734418,2936926,0.9414225941422654,0
2023-07-28 10:56:10,96.45,7712436,65,95.96,2735099,2936113,0.8891213389121428,0
2023-07-28 10:56:10,96.5,7712436,5,95.96,2735099,2936113,0.9414225941422654,0
2023-07-28 10:56:10,96.5,7712436,1,95.96,2735099,2936113,0.9414225941422654,0
2023-07-28 10:56:10,96.5,7712436,100,95.96,2735099,2936113,0.9414225941422654,0
2023-07-28 10:56:15,96.5,7712620,1,95.96,2733830,2931849,0.9414225941422654,0
2023-07-28 10:56:15,96.5,7712620,1,95.96,2733830,2931849,0.9414225941422654,0
2023-07-28 10:56:15,96.5,7712620,50,95.96,2733830,2931849,0.9414225941422654,0
2023-07-28 10:56:18,96.5,7712680,50,95.96,2729940,2929626,0.9414225941422654,0
2023-07-28 10:56:18,96.5,7712680,50,95.96,2729940,2929626,0.9414225941422654,0
2023-07-28 10:56:18,96.45,7712680,70,95.96,2729940,2929626,0.8891213389121428,0
2023-07-28 10:56:18,96.45,7712680,70,95.96,2729940,2929626,0.8891213389121428,0
2023-07-28 10:56:18,96.45,7712680,70,95.96,2729940,2929626,0.8891213389121428,0
2023-07-28 10:56:18,96.5,7712680,50,95.96,2729940,2929626,0.9414225941422654,0
2023-07-28 10:56:18,96.5,7712680,50,95.96,2729940,2929626,0.9414225941422654,0
2023-07-28 10:56:23,96.5,7712861,1,95.96,2730223,2928935,0.9414225941422654,0
2023-07-28 10:56:23,96.45,7712861,5,95.96,2730223,2928935,0.8891213389121428,0
2023-07-28 10:56:23,96.45,7712861,5,95.96,2730223,2928935,0.8891213389121428,0
2023-07-28 10:56:23,96.45,7712861,5,95.96,2730223,2928935,0.8891213389121428,0
2023-07-28 10:56:23,96.5,7712861,80,95.96,2730223,2928935,0.9414225941422654,0
2023-07-28 10:56:28,96.5,7715386,1,95.96,2723855,2933770,0.9414225941422654,0
2023-07-28 10:56:28,96.5,7715386,4,95.96,2723855,2933770,0.9414225941422654,0
2023-07-28 10:56:28,96.5,7715386,1,95.96,2723855,2933770,0.9414225941422654,0
2023-07-28 10:56:28,96.5,7715386,1,95.96,2723855,2933770,0.9414225941422654,0
2023-07-28 10:56:28,96.4,7715386,150,95.96,2723855,2933770,0.8368200836820203,0
2023-07-28 10:56:32,96.4,7715847,1090,95.96,2724638,2934715,0.8368200836820203,0
2023-07-28 10:56:32,96.45,7715847,50,95.96,2724638,2934715,0.8891213389121428,0
2023-07-28 10:56:32,96.45,7715847,300,95.96,2724638,2934715,0.8891213389121428,0
2023-07-28 10:56:35,96.45,7717438,300,95.96,2721651,2934974,0.8891213389121428,0
2023-07-28 10:56:35,96.45,7717438,50,95.96,2721651,2934974,0.8891213389121428,0
2023-07-28 10:56:35,96.45,7717438,30,95.96,2721651,2934974,0.8891213389121428,0
2023-07-28 10:56:35,96.45,7717438,9,95.96,2721651,2934974,0.8891213389121428,0
2023-07-28 10:56:41,96.45,7718597,2,95.96,2721542,2934729,0.8891213389121428,0
2023-07-28 10:56:41,96.45,7718597,100,95.96,2721542,2934729,0.8891213389121428,0
2023-07-28 10:56:41,96.45,7718597,1,95.96,2721542,2934729,0.8891213389121428,0
2023-07-28 10:56:41,96.45,7718597,100,95.96,2721542,2934729,0.8891213389121428,0
2023-07-28 10:56:45,96.45,7718811,2,95.96,2722286,2934574,0.8891213389121428,0
2023-07-28 10:56:45,96.45,7718811,2,95.96,2722286,2934574,0.8891213389121428,0
2023-07-28 10:56:45,96.45,7718811,1,95.96,2722286,2934574,0.8891213389121428,0
2023-07-28 10:56:45,96.45,7718811,20,95.96,2722286,2934574,0.8891213389121428,0
2023-07-28 10:56:48,96.45,7718945,20,95.96,2723517,2934897,0.8891213389121428,0
2023-07-28 10:56:48,96.45,7718945,6,95.96,2723517,2934897,0.8891213389121428,0
2023-07-28 10:56:48,96.4,7718945,11,95.96,2723517,2934897,0.8368200836820203,0
2023-07-28 10:56:48,96.45,7718945,2009,95.96,2723517,2934897,0.8891213389121428,0
2023-07-28 10:56:52,96.4,7722424,3,95.96,2728529,2931237,0.8368200836820203,0
2023-07-28 10:56:52,96.45,7722424,14,95.96,2728529,2931237,0.8891213389121428,0
2023-07-28 10:56:52,96.4,7722424,19,95.96,2728529,2931237,0.8368200836820203,0
2023-07-28 10:56:56,96.45,7722604,5,95.96,2729181,2931276,0.8891213389121428,0
2023-07-28 10:56:56,96.4,7722604,1,95.96,2729181,2931276,0.8368200836820203,0
2023-07-28 10:56:56,96.45,7722604,2,95.96,2729181,2931276,0.8891213389121428,0
2023-07-28 10:56:56,96.45,7722604,37,95.96,2729181,2931276,0.8891213389121428,0
2023-07-28 10:56:56,96.4,7722604,1,95.96,2729181,2931276,0.8368200836820203,0
2023-07-28 10:57:01,96.45,7726670,10,95.96,2730597,2932917,0.8891213389121428,0
2023-07-28 10:57:01,96.45,7726670,5,95.96,2730597,2932917,0.8891213389121428,0
2023-07-28 10:57:01,96.45,7726670,153,95.96,2730597,2932917,0.8891213389121428,0
2023-07-28 10:57:01,96.45,7726670,10,95.96,2730597,2932917,0.8891213389121428,0
2023-07-28 10:57:01,96.45,7726670,278,95.96,2730597,2932917,0.8891213389121428,0
2023-07-28 10:57:05,96.45,7729829,1,95.96,2731794,2913112,0.8891213389121428,0
2023-07-28 10:57:05,96.4,7729829,230,95.96,2731794,2913112,0.8368200836820203,0
2023-07-28 10:57:05,96.4,7729829,1,95.96,2731794,2913112,0.8368200836820203,0
2023-07-28 10:57:05,96.45,7729829,7,95.96,2731794,2913112,0.8891213389121428,0
2023-07-28 10:57:09,96.45,7731941,10,95.96,2730965,2913703,0.8891213389121428,0
2023-07-28 10:57:09,96.45,7731941,10,95.96,2730965,2913703,0.8891213389121428,0
2023-07-28 10:57:09,96.45,7731941,30,95.96,2730965,2913703,0.8891213389121428,0
2023-07-28 10:57:09,96.4,7731941,3,95.96,2730965,2913703,0.8368200836820203,0
2023-07-28 10:57:12,96.45,7732175,1,95.97,2713775,2916673,0.8891213389121428,0
2023-07-28 10:57:12,96.45,7732175,1,95.97,2713775,2916673,0.8891213389121428,0
2023-07-28 10:57:12,96.4,7732175,2,95.97,2713775,2916673,0.8368200836820203,0
2023-07-28 10:57:12,96.4,7732175,200,95.97,2713775,2916673,0.8368200836820203,0
2023-07-28 10:57:12,96.4,7732175,1,95.97,2713775,2916673,0.8368200836820203,0
2023-07-28 10:57:16,96.4,7732709,1,95.97,2729584,2916653,0.8368200836820203,0
2023-07-28 10:57:16,96.45,7732709,10,95.97,2729584,2916653,0.8891213389121428,0
2023-07-28 10:57:16,96.45,7732709,2,95.97,2729584,2916653,0.8891213389121428,0
2023-07-28 10:57:16,96.45,7732709,3,95.97,2729584,2916653,0.8891213389121428,0
2023-07-28 10:57:20,96.45,7732924,3,95.97,2727356,2918725,0.8891213389121428,0
2023-07-28 10:57:20,96.4,7732924,300,95.97,2727356,2918725,0.8368200836820203,0
2023-07-28 10:57:20,96.4,7732924,108,95.97,2727356,2918725,0.8368200836820203,0
2023-07-28 10:57:20,96.45,7732924,18,95.97,2727356,2918725,0.8891213389121428,0
2023-07-28 10:57:25,96.45,7733641,1,95.97,2720929,2935866,0.8891213389121428,0
2023-07-28 10:57:25,96.45,7733641,1,95.97,2720929,2935866,0.8891213389121428,0
2023-07-28 10:57:25,96.4,7733641,100,95.97,2720929,2935866,0.8368200836820203,0
2023-07-28 10:57:25,96.45,7733641,30,95.97,2720929,2935866,0.8891213389121428,0
2023-07-28 10:57:25,96.45,7733641,50,95.97,2720929,2935866,0.8891213389121428,0
2023-07-28 10:57:28,96.45,7733840,50,95.97,2724347,2937052,0.8891213389121428,0
2023-07-28 10:57:28,96.45,7733840,50,95.97,2724347,2937052,0.8891213389121428,0
2023-07-28 10:57:28,96.45,7733840,1,95.97,2724347,2937052,0.8891213389121428,0
2023-07-28 10:57:28,96.4,7733840,192,95.97,2724347,2937052,0.8368200836820203,0
2023-07-28 10:57:34,96.4,7734251,2,95.97,2726285,2934462,0.8368200836820203,0
2023-07-28 10:57:34,96.45,7734251,3,95.97,2726285,2934462,0.8891213389121428,0
2023-07-28 10:57:34,96.45,7734251,1,95.97,2726285,2934462,0.8891213389121428,0
2023-07-28 10:57:34,96.45,7734251,300,95.97,2726285,2934462,0.8891213389121428,0
2023-07-28 10:57:38,96.45,7736241,31,95.97,2729205,2948306,0.8891213389121428,0
2023-07-28 10:57:38,96.4,7736241,33,95.97,2729205,2948306,0.8368200836820203,0
2023-07-28 10:57:38,96.45,7736241,15,95.97,2729205,2948306,0.8891213389121428,0
2023-07-28 10:57:38,96.45,7736241,1,95.97,2729205,2948306,0.8891213389121428,0
2023-07-28 10:57:38,96.4,7736241,1,95.97,2729205,2948306,0.8368200836820203,0
2023-07-28 10:57:41,96.4,7736541,1,95.97,2730614,2949340,0.8368200836820203,0
2023-07-28 10:57:41,96.45,7736541,40,95.97,2730614,2949340,0.8891213389121428,0
2023-07-28 10:57:41,96.45,7736541,10,95.97,2730614,2949340,0.8891213389121428,0
2023-07-28 10:57:41,96.4,7736541,10,95.97,2730614,2949340,0.8368200836820203,0
2023-07-28 10:57:46,96.45,7738922,20,95.97,2724328,2949294,0.8891213389121428,0
2023-07-28 10:57:46,96.45,7738922,20,95.97,2724328,2949294,0.8891213389121428,0
2023-07-28 10:57:46,96.45,7738922,1037,95.97,2724328,2949294,0.8891213389121428,0
2023-07-28 10:57:46,96.45,7738922,15,95.97,2724328,2949294,0.8891213389121428,0
2023-07-28 10:57:46,96.45,7738922,25,95.97,2724328,2949294,0.8891213389121428,0
2023-07-28 10:57:50,96.45,7740214,1,95.97,2724317,2950195,0.8891213389121428,0
2023-07-28 10:57:50,96.45,7740214,1,95.97,2724317,2950195,0.8891213389121428,0
2023-07-28 10:57:50,96.4,7740214,5,95.97,2724317,2950195,0.8368200836820203,0
2023-07-28 10:57:54,96.45,7740326,5,95.97,2723892,2950413,0.8891213389121428,0
2023-07-28 10:57:54,96.45,7740326,100,95.97,2723892,2950413,0.8891213389121428,0
2023-07-28 10:57:54,96.45,7740326,15,95.97,2723892,2950413,0.8891213389121428,0
2023-07-28 10:57:54,96.4,7740326,1,95.97,2723892,2950413,0.8368200836820203,0
2023-07-28 10:57:58,96.4,7740475,1,95.97,2724719,2949616,0.8368200836820203,0
2023-07-28 10:57:58,96.45,7740475,1,95.97,2724719,2949616,0.8891213389121428,0
2023-07-28 10:57:58,96.45,7740475,50,95.97,2724719,2949616,0.8891213389121428,0
2023-07-28 10:58:02,96.45,7740991,333,95.97,2725842,2949997,0.8891213389121428,0
2023-07-28 10:58:02,96.45,7740991,1,95.97,2725842,2949997,0.8891213389121428,0
2023-07-28 10:58:02,96.4,7740991,1263,95.97,2725842,2949997,0.8368200836820203,0
2023-07-28 10:58:07,96.45,7745334,9,95.97,2719276,2949015,0.8891213389121428,0
2023-07-28 10:58:07,96.45,7745334,3,95.97,2719276,2949015,0.8891213389121428,0
2023-07-28 10:58:07,96.45,7745334,100,95.97,2719276,2949015,0.8891213389121428,0
2023-07-28 10:58:07,96.45,7745334,241,95.97,2719276,2949015,0.8891213389121428,0
2023-07-28 10:58:11,96.45,7747487,10,95.97,2720240,2948500,0.8891213389121428,0
2023-07-28 10:58:11,96.45,7747487,1,95.97,2720240,2948500,0.8891213389121428,0
2023-07-28 10:58:11,96.4,7747487,6,95.97,2720240,2948500,0.8368200836820203,0
2023-07-28 10:58:11,96.4,7747487,3,95.97,2720240,2948500,0.8368200836820203,0
2023-07-28 10:58:14,96.4,7747553,1,95.97,2720757,2949382,0.8368200836820203,0
2023-07-28 10:58:14,96.45,7747553,72,95.97,2720757,2949382,0.8891213389121428,0
2023-07-28 10:58:14,96.45,7747553,18,95.97,2720757,2949382,0.8891213389121428,0
2023-07-28 10:58:17,96.45,7748727,18,95.97,2719764,2949260,0.8891213389121428,0
2023-07-28 10:58:17,96.45,7748727,7,95.97,2719764,2949260,0.8891213389121428,0
2023-07-28 10:58:17,96.45,7748727,1,95.97,2719764,2949260,0.8891213389121428,0
2023-07-28 10:58:22,96.4,7748953,3,95.97,2721557,2947963,0.8368200836820203,0
2023-07-28 10:58:22,96.45,7748953,20,95.97,2721557,2947963,0.8891213389121428,0
2023-07-28 10:58:22,96.45,7748953,2,95.97,2721557,2947963,0.8891213389121428,0
2023-07-28 10:58:27,96.45,7749010,35,95.97,2720969,2948106,0.8891213389121428,0
2023-07-28 10:58:27,96.45,7749010,48,95.97,2720969,2948106,0.8891213389121428,0
2023-07-28 10:58:31,96.4,7749140,3,95.97,2724267,2948333,0.8368200836820203,0
2023-07-28 10:58:31,96.45,7749140,2,95.97,2724267,2948333,0.8891213389121428,0
2023-07-28 10:58:31,96.45,7749140,137,95.97,2724267,2948333,0.8891213389121428,0
2023-07-28 10:58:31,96.4,7749140,34,95.97,2724267,2948333,0.8368200836820203,0
2023-07-28 10:58:31,96.45,7749140,4,95.97,2724267,2948333,0.8891213389121428,0
2023-07-28 10:58:31,96.45,7749140,1,95.97,2724267,2948333,0.8891213389121428,0
2023-07-28 10:58:31,96.4,7749140,90,95.97,2724267,2948333,0.8368200836820203,0
2023-07-28 10:58:39,96.45,7749487,10,95.97,2727723,2948783,0.8891213389121428,0
2023-07-28 10:58:39,96.4,7749487,1,95.97,2727723,2948783,0.8368200836820203,0
2023-07-28 10:58:39,96.45,7749487,81,95.97,2727723,2948783,0.8891213389121428,0
2023-07-28 10:58:43,96.45,7749629,5,95.97,2726900,2949339,0.8891213389121428,0
2023-07-28 10:58:43,96.45,7749629,1,95.97,2726900,2949339,0.8891213389121428,0
2023-07-28 10:58:43,96.45,7749629,60,95.97,2726900,2949339,0.8891213389121428,0
2023-07-28 10:58:45,96.45,7750695,60,95.97,2727714,2948629,0.8891213389121428,0
2023-07-28 10:58:45,96.4,7750695,5,95.97,2727714,2948629,0.8368200836820203,0
2023-07-28 10:58:49,96.4,7750793,1,95.97,2725819,2948626,0.8368200836820203,0
2023-07-28 10:58:49,96.45,7750793,50,95.97,2725819,2948626,0.8891213389121428,0
2023-07-28 10:58:55,96.45,7751104,50,95.97,2727921,2947596,0.8891213389121428,0
2023-07-28 10:58:55,96.45,7751104,50,95.97,2727921,2947596,0.8891213389121428,0
2023-07-28 10:58:55,96.45,7751104,5,95.97,2727921,2947596,0.8891213389121428,0
2023-07-28 10:58:59,96.4,7751120,1,95.97,2726334,2963408,0.8368200836820203,0
2023-07-28 10:58:59,96.45,7751120,100,95.97,2726334,2963408,0.8891213389121428,0
2023-07-28 10:58:59,96.45,7751120,10,95.97,2726334,2963408,0.8891213389121428,0
2023-07-28 10:59:03,96.45,7751433,1,95.97,2732117,2961524,0.8891213389121428,0
2023-07-28 10:59:03,96.45,7751433,2,95.97,2732117,2961524,0.8891213389121428,0
2023-07-28 10:59:03,96.45,7751433,46,95.97,2732117,2961524,0.8891213389121428,0
2023-07-28 10:59:06,96.4,7753071,22,95.97,2734622,2947371,0.8368200836820203,0
2023-07-28 10:59:06,96.45,7753071,8,95.97,2734622,2947371,0.8891213389121428,0
2023-07-28 10:59:06,96.4,7753071,1,95.97,2734622,2947371,0.8368200836820203,0
2023-07-28 10:59:06,96.4,7753071,40,95.97,2734622,2947371,0.8368200836820203,0
2023-07-28 10:59:06,96.45,7753071,5,95.97,2734622,2947371,0.8891213389121428,0
2023-07-28 10:59:11,96.4,7753146,10,95.97,2734620,2949244,0.8368200836820203,0
2023-07-28 10:59:11,96.45,7753146,1500,95.97,2734620,2949244,0.8891213389121428,0
2023-07-28 10:59:11,96.45,7753146,10,95.97,2734620,2949244,0.8891213389121428,0
2023-07-28 10:59:11,96.45,7753146,11,95.97,2734620,2949244,0.8891213389121428,0
2023-07-28 10:59:14,96.45,7754667,12,95.97,2734716,2948190,0.8891213389121428,0
2023-07-28 10:59:14,96.4,7754667,10,95.97,2734716,2948190,0.8368200836820203,0
2023-07-28 10:59:14,96.45,7754667,5,95.97,2734716,2948190,0.8891213389121428,0
2023-07-28 10:59:19,96.4,7754710,1,95.97,2735706,2946772,0.8368200836820203,0
2023-07-28 10:59:19,96.45,7754710,11,95.97,2735706,2946772,0.8891213389121428,0
2023-07-28 10:59:19,96.45,7754710,50,95.97,2735706,2946772,0.8891213389121428,0
2023-07-28 10:59:19,96.45,7754710,50,95.97,2735706,2946772,0.8891213389121428,0
2023-07-28 10:59:19,96.45,7754710,4,95.97,2735706,2946772,0.8891213389121428,0
2023-07-28 10:59:19,96.45,7754710,10,95.97,2735706,2946772,0.8891213389121428,0
2023-07-28 10:59:19,96.4,7754710,1,95.97,2735706,2946772,0.8368200836820203,0
2023-07-28 10:59:19,96.4,7754710,1,95.97,2735706,2946772,0.8368200836820203,0
2023-07-28 10:59:19,96.45,7754710,1,95.97,2735706,2946772,0.8891213389121428,0
2023-07-28 10:59:19,96.45,7754710,1,95.97,2735706,2946772,0.8891213389121428,0
2023-07-28 10:59:19,96.45,7754710,150,95.97,2735706,2946772,0.8891213389121428,0
2023-07-28 10:59:19,96.45,7754710,150,95.97,2735706,2946772,0.8891213389121428,0
2023-07-28 10:59:19,96.4,7754710,548,95.97,2735706,2946772,0.8368200836820203,0
2023-07-28 10:59:27,96.45,7757637,10,95.97,2734000,2948963,0.8891213389121428,0
2023-07-28 10:59:27,96.45,7757637,1,95.97,2734000,2948963,0.8891213389121428,0
2023-07-28 10:59:27,96.45,7757637,50,95.97,2734000,2948963,0.8891213389121428,0
2023-07-28 10:59:32,96.45,7757799,100,95.97,2735592,2951245,0.8891213389121428,0
2023-07-28 10:59:32,96.45,7757799,10,95.97,2735592,2951245,0.8891213389121428,0
2023-07-28 10:59:32,96.4,7757799,18,95.97,2735592,2951245,0.8368200836820203,0
2023-07-28 10:59:32,96.4,7757799,16,95.97,2735592,2951245,0.8368200836820203,0
2023-07-28 10:59:34,96.45,7758777,10,95.97,2735593,2951723,0.8891213389121428,0
2023-07-28 10:59:34,96.45,7758777,50,95.97,2735593,2951723,0.8891213389121428,0
2023-07-28 10:59:34,96.45,7758777,100,95.97,2735593,2951723,0.8891213389121428,0
2023-07-28 10:59:40,96.45,7759506,50,95.97,2733613,2951737,0.8891213389121428,0
2023-07-28 10:59:40,96.45,7759506,150,95.97,2733613,2951737,0.8891213389121428,0
2023-07-28 10:59:40,96.45,7759506,1,95.97,2733613,2951737,0.8891213389121428,0
2023-07-28 10:59:40,96.45,7759506,70,95.97,2733613,2951737,0.8891213389121428,0
2023-07-28 10:59:40,96.45,7759506,1,95.97,2733613,2951737,0.8891213389121428,0
2023-07-28 10:59:40,96.5,7759506,580,95.97,2733613,2951737,0.9414225941422654,0
2023-07-28 10:59:40,96.45,7759506,25,95.97,2733613,2951737,0.8891213389121428,0
2023-07-28 10:59:40,96.45,7759506,6,95.97,2733613,2951737,0.8891213389121428,0
2023-07-28 10:59:40,96.45,7759506,10,95.97,2733613,2951737,0.8891213389121428,0
2023-07-28 10:59:40,96.4,7759506,5,95.97,2733613,2951737,0.8368200836820203,0
2023-07-28 10:59:40,96.45,7759506,15,95.97,2733613,2951737,0.8891213389121428,0
2023-07-28 10:59:50,96.45,7763690,15,95.97,2737613,2949676,0.8891213389121428,0
2023-07-28 10:59:50,96.45,7763690,3,95.97,2737613,2949676,0.8891213389121428,0
2023-07-28 10:59:50,96.45,7763690,1,95.97,2737613,2949676,0.8891213389121428,0
2023-07-28 10:59:50,96.45,7763690,200,95.97,2737613,2949676,0.8891213389121428,0
2023-07-28 10:59:50,96.45,7763690,11,95.97,2737613,2949676,0.8891213389121428,0
2023-07-28 10:59:54,96.45,7763906,11,95.97,2737904,2949860,0.8891213389121428,0
2023-07-28 10:59:54,96.45,7763906,1,95.97,2737904,2949860,0.8891213389121428,0
2023-07-28 10:59:54,96.45,7763906,4,95.97,2737904,2949860,0.8891213389121428,0
2023-07-28 10:59:54,96.45,7763906,1,95.97,2737904,2949860,0.8891213389121428,0
2023-07-28 10:59:54,96.45,7763906,1,95.97,2737904,2949860,0.8891213389121428,0
2023-07-28 10:59:59,96.45,7768915,2,95.97,2737657,2950533,0.8891213389121428,0
2023-07-28 10:59:59,96.45,7768915,1,95.97,2737657,2950533,0.8891213389121428,0
2023-07-28 10:59:59,96.45,7768915,1,95.97,2737657,2950533,0.8891213389121428,0
2023-07-28 10:59:59,96.45,7768915,2,95.97,2737657,2950533,0.8891213389121428,0
2023-07-28 11:00:04,96.45,7769317,2,95.97,2737740,2949161,0.8891213389121428,0
2023-07-28 11:00:04,96.45,7769317,2,95.97,2737740,2949161,0.8891213389121428,0
2023-07-28 11:00:04,96.45,7769317,297,95.97,2737740,2949161,0.8891213389121428,0
2023-07-28 11:00:04,96.4,7769317,10,95.97,2737740,2949161,0.8368200836820203,0
2023-07-28 11:00:06,96.4,7769742,10,95.97,2735419,2951479,0.8368200836820203,0
2023-07-28 11:00:06,96.45,7769742,20,95.97,2735419,2951479,0.8891213389121428,0
2023-07-28 11:00:06,96.45,7769742,30,95.97,2735419,2951479,0.8891213389121428,0
2023-07-28 11:00:12,96.45,7769996,41,95.97,2733585,2953797,0.8891213389121428,0
2023-07-28 11:00:12,96.45,7769996,5,95.97,2733585,2953797,0.8891213389121428,0
2023-07-28 11:00:12,96.45,7769996,3,95.97,2733585,2953797,0.8891213389121428,0
2023-07-28 11:00:17,96.4,7770016,10,95.97,2735192,2951833,0.8368200836820203,0
2023-07-28 11:00:17,96.4,7770016,10,95.97,2735192,2951833,0.8368200836820203,0
2023-07-28 11:00:17,96.45,7770016,209,95.97,2735192,2951833,0.8891213389121428,0
2023-07-28 11:00:17,96.4,7770016,60,95.97,2735192,2951833,0.8368200836820203,0
2023-07-28 11:00:21,96.4,7771106,30,95.97,2736781,2953280,0.8368200836820203,0
2023-07-28 11:00:21,96.45,7771106,18,95.97,2736781,2953280,0.8891213389121428,0
2023-07-28 11:00:21,96.45,7771106,5,95.97,2736781,2953280,0.8891213389121428,0
2023-07-28 11:00:24,96.45,7773639,5,95.97,2739380,2952244,0.8891213389121428,0
2023-07-28 11:00:24,96.45,7773639,200,95.97,2739380,2952244,0.8891213389121428,0
2023-07-28 11:00:24,96.45,7773639,5,95.97,2739380,2952244,0.8891213389121428,0
2023-07-28 11:00:24,96.45,7773639,5,95.97,2739380,2952244,0.8891213389121428,0
2023-07-28 11:00:29,96.45,7779125,1,95.97,2729016,2954046,0.8891213389121428,0
2023-07-28 11:00:29,96.4,7779125,3,95.97,2729016,2954046,0.8368200836820203,0
2023-07-28 11:00:29,96.45,7779125,9,95.97,2729016,2954046,0.8891213389121428,0
2023-07-28 11:00:29,96.45,7779125,1,95.97,2729016,2954046,0.8891213389121428,0
2023-07-28 11:00:29,96.4,7779125,55,95.97,2729016,2954046,0.8368200836820203,0
2023-07-28 11:00:33,96.45,7779200,5,95.97,2729058,2954029,0.8891213389121428,0
2023-07-28 11:00:33,96.45,7779200,5,95.97,2729058,2954029,0.8891213389121428,0
2023-07-28 11:00:33,96.4,7779200,10,95.97,2729058,2954029,0.8368200836820203,0
2023-07-28 11:00:33,96.45,7779200,2,95.97,2729058,2954029,0.8891213389121428,0
2023-07-28 11:00:33,96.4,7779200,1,95.97,2729058,2954029,0.8368200836820203,0
2023-07-28 11:00:37,96.4,7779287,1,95.97,2739090,2950378,0.8368200836820203,0
2023-07-28 11:00:37,96.4,7779287,15,95.97,2739090,2950378,0.8368200836820203,0
2023-07-28 11:00:37,96.45,7779287,2,95.97,2739090,2950378,0.8891213389121428,0
2023-07-28 11:00:37,96.45,7779287,1,95.97,2739090,2950378,0.8891213389121428,0
2023-07-28 11:00:40,96.45,7779307,50,95.97,2738785,2949679,0.8891213389121428,0
2023-07-28 11:00:40,96.4,7779307,11,95.97,2738785,2949679,0.8368200836820203,0
2023-07-28 11:00:40,96.45,7779307,7,95.97,2738785,2949679,0.8891213389121428,0
2023-07-28 11:00:40,96.45,7779307,4,95.97,2738785,2949679,0.8891213389121428,0
2023-07-28 11:00:45,96.45,7779890,4,95.97,2738905,2949806,0.8891213389121428,0
2023-07-28 11:00:45,96.45,7779890,50,95.97,2738905,2949806,0.8891213389121428,0
2023-07-28 11:00:45,96.45,7779890,1,95.97,2738905,2949806,0.8891213389121428,0
2023-07-28 11:00:45,96.45,7779890,10,95.97,2738905,2949806,0.8891213389121428,0
2023-07-28 11:00:49,96.4,7780741,7,95.97,2738149,2951417,0.8368200836820203,0
2023-07-28 11:00:49,96.45,7780741,25,95.97,2738149,2951417,0.8891213389121428,0
2023-07-28 11:00:49,96.45,7780741,5,95.97,2738149,2951417,0.8891213389121428,0
2023-07-28 11:00:49,96.45,7780741,227,95.97,2738149,2951417,0.8891213389121428,0
2023-07-28 11:00:53,96.45,7781274,3,95.97,2738324,2951409,0.8891213389121428,0
2023-07-28 11:00:53,96.4,7781274,35,95.97,2738324,2951409,0.8368200836820203,0
2023-07-28 11:00:53,96.4,7781274,100,95.97,2738324,2951409,0.8368200836820203,0
2023-07-28 11:00:57,96.4,7782082,187,95.97,2737665,2952516,0.8368200836820203,0
2023-07-28 11:00:57,96.4,7782082,187,95.97,2737665,2952516,0.8368200836820203,0
2023-07-28 11:00:57,96.45,7782082,1,95.97,2737665,2952516,0.8891213389121428,0
2023-07-28 11:00:57,96.45,7782082,2,95.97,2737665,2952516,0.8891213389121428,0
2023-07-28 11:01:00,96.45,7782100,2,95.97,2738166,2952498,0.8891213389121428,0
2023-07-28 11:01:00,96.45,7782100,15,95.97,2738166,2952498,0.8891213389121428,0
2023-07-28 11:01:00,96.45,7782100,90,95.97,2738166,2952498,0.8891213389121428,0
2023-07-28 11:01:00,96.45,7782100,5,95.97,2738166,2952498,0.8891213389121428,0
2023-07-28 11:01:05,96.45,7782464,5,95.97,2738285,2950848,0.8891213389121428,0
2023-07-28 11:01:05,96.45,7782464,5,95.97,2738285,2950848,0.8891213389121428,0
2023-07-28 11:01:05,96.45,7782464,20,95.97,2738285,2950848,0.8891213389121428,0
2023-07-28 11:01:05,96.4,7782464,10,95.97,2738285,2950848,0.8368200836820203,0
2023-07-28 11:01:10,96.45,7783099,50,95.97,2737262,2951085,0.8891213389121428,0
2023-07-28 11:01:10,96.45,7783099,3,95.97,2737262,2951085,0.8891213389121428,0
2023-07-28 11:01:10,96.45,7783099,500,95.97,2737262,2951085,0.8891213389121428,0
2023-07-28 11:01:13,96.45,7783652,500,95.97,2737994,2951738,0.8891213389121428,0
2023-07-28 11:01:13,96.4,7783652,1,95.97,2737994,2951738,0.8368200836820203,0
2023-07-28 11:01:13,96.45,7783652,5,95.97,2737994,2951738,0.8891213389121428,0
2023-07-28 11:01:13,96.45,7783652,5,95.97,2737994,2951738,0.8891213389121428,0
2023-07-28 11:01:13,96.45,7783652,200,95.97,2737994,2951738,0.8891213389121428,0
2023-07-28 11:01:18,96.45,7784019,150,95.97,2736350,2953431,0.8891213389121428,0
2023-07-28 11:01:18,96.4,7784019,50,95.97,2736350,2953431,0.8368200836820203,0
2023-07-28 11:01:18,96.45,7784019,1,95.97,2736350,2953431,0.8891213389121428,0
2023-07-28 11:01:18,96.4,7784019,17,95.97,2736350,2953431,0.8368200836820203,0
2023-07-28 11:01:18,96.45,7784019,2,95.97,2736350,2953431,0.8891213389121428,0
2023-07-28 11:01:22,96.4,7784093,1,95.97,2733308,2953474,0.8368200836820203,0
2023-07-28 11:01:22,96.45,7784093,100,95.97,2733308,2953474,0.8891213389121428,0
2023-07-28 11:01:24,96.45,7784244,100,95.97,2732531,2954421,0.8891213389121428,0
2023-07-28 11:01:24,96.4,7784244,26,95.97,2732531,2954421,0.8368200836820203,0
2023-07-28 11:01:24,96.4,7784244,25,95.97,2732531,2954421,0.8368200836820203,0
2023-07-28 11:01:30,96.45,7784699,230,95.97,2739496,2950906,0.8891213389121428,0
2023-07-28 11:01:30,96.45,7784699,100,95.97,2739496,2950906,0.8891213389121428,0
2023-07-28 11:01:30,96.45,7784699,5,95.97,2739496,2950906,0.8891213389121428,0
2023-07-28 11:01:30,96.45,7784699,2,95.97,2739496,2950906,0.8891213389121428,0
2023-07-28 11:01:30,96.45,7784699,60,95.97,2739496,2950906,0.8891213389121428,0
2023-07-28 11:01:34,96.45,7785664,500,95.97,2740316,2953063,0.8891213389121428,0
2023-07-28 11:01:34,96.45,7785664,1,95.97,2740316,2953063,0.8891213389121428,0
2023-07-28 11:01:34,96.45,7785664,2,95.97,2740316,2953063,0.8891213389121428,0
2023-07-28 11:01:37,96.45,7785667,2,95.97,2742256,2953116,0.8891213389121428,0
2023-07-28 11:01:37,96.4,7785667,10,95.97,2742256,2953116,0.8368200836820203,0
2023-07-28 11:01:37,96.45,7785667,95,95.97,2742256,2953116,0.8891213389121428,0
2023-07-28 11:01:37,96.45,7785667,4,95.97,2742256,2953116,0.8891213389121428,0
2023-07-28 11:01:43,96.45,7785891,14,95.97,2742063,2953238,0.8891213389121428,0
2023-07-28 11:01:43,96.45,7785891,10,95.97,2742063,2953238,0.8891213389121428,0
2023-07-28 11:01:43,96.45,7785891,1,95.97,2742063,2953238,0.8891213389121428,0
2023-07-28 11:01:46,96.45,7785934,32,95.97,2745148,2952892,0.8891213389121428,0
2023-07-28 11:01:46,96.45,7785934,55,95.97,2745148,2952892,0.8891213389121428,0
2023-07-28 11:01:46,96.4,7785934,5,95.97,2745148,2952892,0.8368200836820203,0
2023-07-28 11:01:46,96.45,7785934,1,95.97,2745148,2952892,0.8891213389121428,0
2023-07-28 11:01:49,96.45,7787941,1,95.97,2743769,2952315,0.8891213389121428,0
2023-07-28 11:01:49,96.4,7787941,1,95.97,2743769,2952315,0.8368200836820203,0
2023-07-28 11:01:49,96.45,7787941,100,95.97,2743769,2952315,0.8891213389121428,0
2023-07-28 11:01:55,96.45,7790595,360,95.97,2740452,2951765,0.8891213389121428,0
2023-07-28 11:01:55,96.45,7790595,50,95.97,2740452,2951765,0.8891213389121428,0
2023-07-28 11:01:55,96.45,7790595,1,95.97,2740452,2951765,0.8891213389121428,0
2023-07-28 11:01:55,96.4,7790595,3,95.97,2740452,2951765,0.8368200836820203,0
2023-07-28 11:01:55,96.45,7790595,14,95.97,2740452,2951765,0.8891213389121428,0
2023-07-28 11:01:59,96.4,7793700,1,95.97,2743148,2946854,0.8368200836820203,0
2023-07-28 11:01:59,96.4,7793700,500,95.97,2743148,2946854,0.8368200836820203,0
2023-07-28 11:01:59,96.45,7793700,100,95.97,2743148,2946854,0.8891213389121428,0
2023-07-28 11:01:59,96.45,7793700,2,95.97,2743148,2946854,0.8891213389121428,0
2023-07-28 11:02:03,96.4,7794403,1,95.97,2743056,2947984,0.8368200836820203,0
2023-07-28 11:02:03,96.45,7794403,2,95.97,2743056,2947984,0.8891213389121428,0
2023-07-28 11:02:03,96.45,7794403,5,95.97,2743056,2947984,0.8891213389121428,0
2023-07-28 11:02:08,96.45,7794610,41,95.97,2743063,2952434,0.8891213389121428,0
2023-07-28 11:02:08,96.45,7794610,4,95.97,2743063,2952434,0.8891213389121428,0
2023-07-28 11:02:08,96.45,7794610,1,95.97,2743063,2952434,0.8891213389121428,0
2023-07-28 11:02:12,96.45,7794615,1,95.97,2746531,2952112,0.8891213389121428,0
2023-07-28 11:02:12,96.45,7794615,15,95.97,2746531,2952112,0.8891213389121428,0
2023-07-28 11:02:12,96.45,7794615,1,95.97,2746531,2952112,0.8891213389121428,0
2023-07-28 11:02:12,96.45,7794615,2,95.97,2746531,2952112,0.8891213389121428,0
2023-07-28 11:02:15,96.45,7794633,2,95.97,2746566,2951294,0.8891213389121428,0
2023-07-28 11:02:15,96.45,7794633,1,95.97,2746566,2951294,0.8891213389121428,0
2023-07-28 11:02:15,96.45,7794633,500,95.97,2746566,2951294,0.8891213389121428,0
2023-07-28 11:02:15,96.45,7794633,1,95.97,2746566,2951294,0.8891213389121428,0
2023-07-28 11:02:20,96.45,7796167,1,95.97,2761144,2935668,0.8891213389121428,0
2023-07-28 11:02:20,96.45,7796167,1,95.97,2761144,2935668,0.8891213389121428,0
2023-07-28 11:02:20,96.45,7796167,1,95.97,2761144,2935668,0.8891213389121428,0
2023-07-28 11:02:20,96.45,7796167,1,95.97,2761144,2935668,0.8891213389121428,0
2023-07-28 11:02:20,96.45,7796167,1,95.97,2761144,2935668,0.8891213389121428,0
2023-07-28 11:02:20,96.45,7796167,1,95.97,2761144,2935668,0.8891213389121428,0
2023-07-28 11:02:25,96.45,7796351,180,95.97,2761162,2935486,0.8891213389121428,0
2023-07-28 11:02:25,96.4,7796351,500,95.97,2761162,2935486,0.8368200836820203,0
2023-07-28 11:02:25,96.45,7796351,1,95.97,2761162,2935486,0.8891213389121428,0
2023-07-28 11:02:25,96.45,7796351,1,95.97,2761162,2935486,0.8891213389121428,0
2023-07-28 11:02:25,96.45,7796351,45,95.97,2761162,2935486,0.8891213389121428,0
2023-07-28 11:02:25,96.45,7796351,65,95.97,2761162,2935486,0.8891213389121428,0
2023-07-28 11:02:30,96.4,7797322,360,95.97,2759411,2938042,0.8368200836820203,0
2023-07-28 11:02:30,96.45,7797322,1,95.97,2759411,2938042,0.8891213389121428,0
2023-07-28 11:02:30,96.45,7797322,100,95.97,2759411,2938042,0.8891213389121428,0
2023-07-28 11:02:32,96.45,7797434,2,95.97,2759880,2937942,0.8891213389121428,0
2023-07-28 11:02:32,96.45,7797434,5,95.97,2759880,2937942,0.8891213389121428,0
2023-07-28 11:02:32,96.45,7797434,32,95.97,2759880,2937942,0.8891213389121428,0
2023-07-28 11:02:38,96.4,7797753,15,95.97,2759992,2938138,0.8368200836820203,0
2023-07-28 11:02:38,96.4,7797753,15,95.97,2759992,2938138,0.8368200836820203,0
2023-07-28 11:02:38,96.45,7797753,6,95.97,2759992,2938138,0.8891213389121428,0
2023-07-28 11:02:38,96.45,7797753,30,95.97,2759992,2938138,0.8891213389121428,0
2023-07-28 11:02:38,96.45,7797753,10,95.97,2759992,2938138,0.8891213389121428,0
2023-07-28 11:02:42,96.4,7797957,1,95.97,2760090,2938045,0.8368200836820203,0
2023-07-28 11:02:42,96.45,7797957,1,95.97,2760090,2938045,0.8891213389121428,0
2023-07-28 11:02:46,96.45,7797999,1,95.97,2758076,2937219,0.8891213389121428,0
2023-07-28 11:02:46,96.45,7797999,1009,95.97,2758076,2937219,0.8891213389121428,0
2023-07-28 11:02:46,96.45,7797999,3,95.97,2758076,2937219,0.8891213389121428,0
2023-07-28 11:02:46,96.45,7797999,100,95.97,2758076,2937219,0.8891213389121428,0
2023-07-28 11:02:46,96.45,7797999,37,95.97,2758076,2937219,0.8891213389121428,0
2023-07-28 11:02:49,96.45,7799175,37,95.97,2758678,2935893,0.8891213389121428,0
2023-07-28 11:02:49,96.45,7799175,3,95.97,2758678,2935893,0.8891213389121428,0
2023-07-28 11:02:49,96.45,7799175,100,95.97,2758678,2935893,0.8891213389121428,0
2023-07-28 11:02:49,96.45,7799175,343,95.97,2758678,2935893,0.8891213389121428,0
2023-07-28 11:02:53,96.45,7800112,343,95.97,2759238,2934956,0.8891213389121428,0
2023-07-28 11:02:53,96.45,7800112,5,95.97,2759238,2934956,0.8891213389121428,0
2023-07-28 11:02:53,96.45,7800112,1,95.97,2759238,2934956,0.8891213389121428,0
2023-07-28 11:02:53,96.45,7800112,400,95.97,2759238,2934956,0.8891213389121428,0
2023-07-28 11:02:53,96.45,7800112,10,95.97,2759238,2934956,0.8891213389121428,0
2023-07-28 11:02:58,96.45,7800599,1,95.97,2760384,2934535,0.8891213389121428,0
2023-07-28 11:02:58,96.45,7800599,1,95.97,2760384,2934535,0.8891213389121428,0
2023-07-28 11:02:58,96.4,7800599,5,95.97,2760384,2934535,0.8368200836820203,0
2023-07-28 11:02:58,96.45,7800599,1,95.97,2760384,2934535,0.8891213389121428,0
2023-07-28 11:03:02,96.4,7800613,6,95.97,2760569,2935614,0.8368200836820203,0
2023-07-28 11:03:02,96.45,7800613,5,95.97,2760569,2935614,0.8891213389121428,0
2023-07-28 11:03:02,96.45,7800613,1326,95.97,2760569,2935614,0.8891213389121428,0
2023-07-28 11:03:02,96.45,7800613,1,95.97,2760569,2935614,0.8891213389121428,0
2023-07-28 11:03:06,96.45,7802734,1,95.97,2760571,2933536,0.8891213389121428,0
2023-07-28 11:03:06,96.45,7802734,44,95.97,2760571,2933536,0.8891213389121428,0
2023-07-28 11:03:06,96.45,7802734,10,95.97,2760571,2933536,0.8891213389121428,0
2023-07-28 11:03:06,96.4,7802734,20,95.97,2760571,2933536,0.8368200836820203,0
2023-07-28 11:03:11,96.45,7802902,2,95.97,2761084,2933613,0.8891213389121428,0
2023-07-28 11:03:11,96.45,7802902,2,95.97,2761084,2933613,0.8891213389121428,0
2023-07-28 11:03:11,96.45,7802902,302,95.97,2761084,2933613,0.8891213389121428,0
2023-07-28 11:03:11,96.45,7802902,5,95.97,2761084,2933613,0.8891213389121428,0
2023-07-28 11:03:11,96.4,7802902,500,95.97,2761084,2933613,0.8368200836820203,0
2023-07-28 11:03:15,96.4,7811304,45,95.97,2759561,2965823,0.8368200836820203,0
2023-07-28 11:03:15,96.45,7811304,3,95.97,2759561,2965823,0.8891213389121428,0
2023-07-28 11:03:15,96.45,7811304,1,95.97,2759561,2965823,0.8891213389121428,0
2023-07-28 11:03:19,96.45,7811575,250,95.97,2759891,2966752,0.8891213389121428,0
2023-07-28 11:03:19,96.45,7811575,70,95.97,2759891,2966752,0.8891213389121428,0
2023-07-28 11:03:19,96.45,7811575,1,95.97,2759891,2966752,0.8891213389121428,0
2023-07-28 11:03:19,96.45,7811575,5,95.97,2759891,2966752,0.8891213389121428,0
2023-07-28 11:03:24,96.45,7816720,5,95.97,2754764,2968752,0.8891213389121428,0
2023-07-28 11:03:24,96.45,7816720,50,95.97,2754764,2968752,0.8891213389121428,0
2023-07-28 11:03:24,96.5,7816720,10,95.97,2754764,2968752,0.9414225941422654,0
2023-07-28 11:03:27,96.5,7822538,10,95.97,2703698,2978610,0.9414225941422654,0
2023-07-28 11:03:32,96.5,7822901,163,95.97,2708638,2974637,0.9414225941422654,0
2023-07-28 11:03:32,96.5,7822901,35,95.97,2708638,2974637,0.9414225941422654,0
2023-07-28 11:03:32,96.45,7822901,100,95.97,2708638,2974637,0.8891213389121428,0
2023-07-28 11:03:32,96.5,7822901,253,95.97,2708638,2974637,0.9414225941422654,0
2023-07-28 11:03:35,96.5,7842351,253,95.97,2719772,2940237,0.9414225941422654,0
2023-07-28 11:03:35,96.55,7842351,635,95.97,2719772,2940237,0.993723849372388,0
2023-07-28 11:03:35,96.45,7842351,4,95.97,2719772,2940237,0.8891213389121428,0
2023-07-28 11:03:35,96.5,7842351,1,95.97,2719772,2940237,0.9414225941422654,0
2023-07-28 11:03:39,96.5,7852366,10,95.97,2718564,2948882,0.9414225941422654,0
2023-07-28 11:03:39,96.5,7852366,5,95.97,2718564,2948882,0.9414225941422654,0
2023-07-28 11:03:43,96.5,7853054,7,95.97,2720496,2947796,0.9414225941422654,0
2023-07-28 11:03:43,96.5,7853054,100,95.97,2720496,2947796,0.9414225941422654,0
2023-07-28 11:03:43,96.5,7853054,500,95.97,2720496,2947796,0.9414225941422654,0
2023-07-28 11:03:47,96.5,7854028,1,95.97,2722185,2935865,0.9414225941422654,0
2023-07-28 11:03:47,96.5,7854028,2,95.97,2722185,2935865,0.9414225941422654,0
2023-07-28 11:03:49,96.45,7854275,1,95.97,2723078,2935718,0.8891213389121428,0
2023-07-28 11:03:49,96.5,7854275,10,95.97,2723078,2935718,0.9414225941422654,0
2023-07-28 11:03:49,96.5,7854275,4,95.97,2723078,2935718,0.9414225941422654,0
2023-07-28 11:03:49,96.5,7854275,133,95.97,2723078,2935718,0.9414225941422654,0
2023-07-28 11:03:54,96.5,7854490,100,95.97,2723438,2935604,0.9414225941422654,0
2023-07-28 11:03:54,96.5,7854490,5,95.97,2723438,2935604,0.9414225941422654,0
2023-07-28 11:03:54,96.45,7854490,2,95.97,2723438,2935604,0.8891213389121428,0
2023-07-28 11:03:54,96.5,7854490,152,95.97,2723438,2935604,0.9414225941422654,0
2023-07-28 11:03:59,96.5,7854771,152,95.97,2723468,2935481,0.9414225941422654,0
2023-07-28 11:03:59,96.5,7854771,37,95.97,2723468,2935481,0.9414225941422654,0
2023-07-28 11:03:59,96.45,7854771,25,95.97,2723468,2935481,0.8891213389121428,0
2023-07-28 11:03:59,96.5,7854771,3,95.97,2723468,2935481,0.9414225941422654,0
2023-07-28 11:04:02,96.5,7854849,3,95.97,2722264,2948471,0.9414225941422654,0
2023-07-28 11:04:02,96.5,7854849,2,95.97,2722264,2948471,0.9414225941422654,0
2023-07-28 11:04:02,96.5,7854849,1,95.97,2722264,2948471,0.9414225941422654,0
2023-07-28 11:04:07,96.5,7855187,5,95.97,2722538,2949018,0.9414225941422654,0
2023-07-28 11:04:07,96.5,7855187,5,95.97,2722538,2949018,0.9414225941422654,0
2023-07-28 11:04:07,96.45,7855187,4,95.97,2722538,2949018,0.8891213389121428,0
2023-07-28 11:04:09,96.5,7855209,18,95.97,2722597,2949000,0.9414225941422654,0
2023-07-28 11:04:09,96.5,7855209,25,95.97,2722597,2949000,0.9414225941422654,0
2023-07-28 11:04:09,96.5,7855209,10,95.97,2722597,2949000,0.9414225941422654,0
2023-07-28 11:04:09,96.5,7855209,34,95.97,2722597,2949000,0.9414225941422654,0
2023-07-28 11:04:15,96.5,7855470,34,95.97,2723364,2947090,0.9414225941422654,0
2023-07-28 11:04:15,96.5,7855470,34,95.97,2723364,2947090,0.9414225941422654,0
2023-07-28 11:04:15,96.5,7855470,10,95.97,2723364,2947090,0.9414225941422654,0
2023-07-28 11:04:15,96.45,7855470,10,95.97,2723364,2947090,0.8891213389121428,0
2023-07-28 11:04:15,96.5,7855470,222,95.97,2723364,2947090,0.9414225941422654,0
2023-07-28 11:04:19,96.45,7856526,1,95.97,2723411,2947621,0.8891213389121428,0
2023-07-28 11:04:19,96.5,7856526,100,95.97,2723411,2947621,0.9414225941422654,0
2023-07-28 11:04:22,96.5,7856630,100,95.97,2721852,2950234,0.9414225941422654,0
2023-07-28 11:04:22,96.5,7856630,10,95.97,2721852,2950234,0.9414225941422654,0
2023-07-28 11:04:22,96.5,7856630,1,95.97,2721852,2950234,0.9414225941422654,0
2023-07-28 11:04:22,96.45,7856630,25,95.97,2721852,2950234,0.8891213389121428,0
2023-07-28 11:04:27,96.45,7856769,2,95.97,2724068,2954918,0.8891213389121428,0
2023-07-28 11:04:27,96.5,7856769,10,95.97,2724068,2954918,0.9414225941422654,0
2023-07-28 11:04:27,96.5,7856769,5,95.97,2724068,2954918,0.9414225941422654,0
2023-07-28 11:04:27,96.45,7856769,100,95.97,2724068,2954918,0.8891213389121428,0
2023-07-28 11:04:31,96.45,7857566,1,95.97,2724640,2953822,0.8891213389121428,0
2023-07-28 11:04:31,96.5,7857566,343,95.97,2724640,2953822,0.9414225941422654,0
2023-07-28 11:04:31,96.5,7857566,4,95.97,2724640,2953822,0.9414225941422654,0
2023-07-28 11:04:31,96.5,7857566,20,95.97,2724640,2953822,0.9414225941422654,0
2023-07-28 11:04:35,96.5,7857993,60,95.97,2723053,2955475,0.9414225941422654,0
2023-07-28 11:04:35,96.5,7857993,60,95.97,2723053,2955475,0.9414225941422654,0
2023-07-28 11:04:35,96.5,7857993,20,95.97,2723053,2955475,0.9414225941422654,0
2023-07-28 11:04:37,96.5,7858013,1,95.97,2719892,2956424,0.9414225941422654,0
2023-07-28 11:04:37,96.45,7858013,10,95.97,2719892,2956424,0.8891213389121428,0
2023-07-28 11:04:37,96.5,7858013,40,95.97,2719892,2956424,0.9414225941422654,0
2023-07-28 11:04:43,96.5,7858114,50,95.97,2719518,2956333,0.9414225941422654,0
2023-07-28 11:04:43,96.5,7858114,50,95.97,2719518,2956333,0.9414225941422654,0
2023-07-28 11:04:46,96.5,7858164,50,95.97,2720383,2955531,0.9414225941422654,0
2023-07-28 11:04:46,96.45,7858164,200,95.97,2720383,2955531,0.8891213389121428,0
2023-07-28 11:04:46,96.45,7858164,1,95.97,2720383,2955531,0.8891213389121428,0
2023-07-28 11:04:46,96.5,7858164,20,95.97,2720383,2955531,0.9414225941422654,0
2023-07-28 11:04:46,96.5,7858164,1,95.97,2720383,2955531,0.9414225941422654,0
2023-07-28 11:04:46,96.5,7858164,400,95.97,2720383,2955531,0.9414225941422654,0
2023-07-28 11:04:46,96.5,7858164,25,95.97,2720383,2955531,0.9414225941422654,0
2023-07-28 11:04:55,96.5,7859011,25,95.97,2719046,2955321,0.9414225941422654,0
2023-07-28 11:04:55,96.5,7859011,20,95.97,2719046,2955321,0.9414225941422654,0
2023-07-28 11:04:55,96.45,7859011,4,95.97,2719046,2955321,0.8891213389121428,0
2023-07-28 11:04:55,96.5,7859011,10,95.97,2719046,2955321,0.9414225941422654,0
2023-07-28 11:04:55,96.5,7859011,500,95.97,2719046,2955321,0.9414225941422654,0
2023-07-28 11:04:55,96.5,7859011,110,95.97,2719046,2955321,0.9414225941422654,0
2023-07-28 11:05:04,96.5,7862875,500,95.97,2721426,2950164,0.9414225941422654,0
2023-07-28 11:05:04,96.5,7862875,25,95.97,2721426,2950164,0.9414225941422654,0
2023-07-28 11:05:04,96.5,7862875,250,95.97,2721426,2950164,0.9414225941422654,0
2023-07-28 11:05:04,96.5,7862875,5,95.97,2721426,2950164,0.9414225941422654,0
2023-07-28 11:05:04,96.5,7862875,10,95.97,2721426,2950164,0.9414225941422654,0
2023-07-28 11:05:08,96.5,7863165,10,95.97,2721932,2949874,0.9414225941422654,0
2023-07-28 11:05:08,96.5,7863165,10,95.97,2721932,2949874,0.9414225941422654,0
2023-07-28 11:05:08,96.5,7863165,25,95.97,2721932,2949874,0.9414225941422654,0
2023-07-28 11:05:12,96.45,7863787,1,95.97,2718918,2961867,0.8891213389121428,0
2023-07-28 11:05:12,96.5,7863787,15,95.97,2718918,2961867,0.9414225941422654,0
2023-07-28 11:05:12,96.5,7863787,1,95.97,2718918,2961867,0.9414225941422654,0
2023-07-28 11:05:12,96.45,7863787,31,95.97,2718918,2961867,0.8891213389121428,0
2023-07-28 11:05:15,96.45,7863859,31,95.97,2722736,2949866,0.8891213389121428,0
2023-07-28 11:05:15,96.5,7863859,200,95.97,2722736,2949866,0.9414225941422654,0
2023-07-28 11:05:15,96.5,7863859,10,95.97,2722736,2949866,0.9414225941422654,0
2023-07-28 11:05:15,96.5,7863859,80,95.97,2722736,2949866,0.9414225941422654,0
2023-07-28 11:05:20,96.5,7864151,1,95.97,2723217,2952574,0.9414225941422654,0
2023-07-28 11:05:20,96.5,7864151,20,95.97,2723217,2952574,0.9414225941422654,0
2023-07-28 11:05:20,96.45,7864151,14,95.97,2723217,2952574,0.8891213389121428,0
2023-07-28 11:05:20,96.45,7864151,3,95.97,2723217,2952574,0.8891213389121428,0
2023-07-28 11:05:20,96.5,7864151,4,95.97,2723217,2952574,0.9414225941422654,0
2023-07-28 11:05:23,96.5,7864265,4,95.97,2723334,2953346,0.9414225941422654,0
2023-07-28 11:05:23,96.5,7864265,8,95.97,2723334,2953346,0.9414225941422654,0
2023-07-28 11:05:23,96.5,7864265,8,95.97,2723334,2953346,0.9414225941422654,0
2023-07-28 11:05:23,96.45,7864265,40,95.97,2723334,2953346,0.8891213389121428,0
2023-07-28 11:05:23,96.5,7864265,5,95.97,2723334,2953346,0.9414225941422654,0
2023-07-28 11:05:23,96.5,7864265,5,95.97,2723334,2953346,0.9414225941422654,0
2023-07-28 11:05:23,96.5,7864265,40,95.97,2723334,2953346,0.9414225941422654,0
2023-07-28 11:05:28,96.45,7866847,20,95.97,2720505,2966225,0.8891213389121428,0
2023-07-28 11:05:28,96.45,7866847,20,95.97,2720505,2966225,0.8891213389121428,0
2023-07-28 11:05:28,96.5,7866847,26,95.97,2720505,2966225,0.9414225941422654,0
2023-07-28 11:05:28,96.5,7866847,1,95.97,2720505,2966225,0.9414225941422654,0
2023-07-28 11:05:32,96.5,7866879,88,95.97,2722171,2964990,0.9414225941422654,0
2023-07-28 11:05:32,96.5,7866879,2,95.97,2722171,2964990,0.9414225941422654,0
2023-07-28 11:05:32,96.5,7866879,20,95.97,2722171,2964990,0.9414225941422654,0
2023-07-28 11:05:36,96.5,7866994,20,95.97,2722843,2963584,0.9414225941422654,0
2023-07-28 11:05:36,96.45,7866994,50,95.97,2722843,2963584,0.8891213389121428,0
2023-07-28 11:05:36,96.45,7866994,500,95.97,2722843,2963584,0.8891213389121428,0
2023-07-28 11:05:41,96.5,7867653,9,95.97,2721006,2966266,0.9414225941422654,0
2023-07-28 11:05:41,96.5,7867653,9,95.97,2721006,2966266,0.9414225941422654,0
2023-07-28 11:05:41,96.5,7867653,4,95.97,2721006,2966266,0.9414225941422654,0
2023-07-28 11:05:41,96.45,7867653,2,95.97,2721006,2966266,0.8891213389121428,0
2023-07-28 11:05:41,96.5,7867653,1,95.97,2721006,2966266,0.9414225941422654,0
2023-07-28 11:05:45,96.45,7867663,3,95.97,2720698,2966361,0.8891213389121428,0
2023-07-28 11:05:45,96.5,7867663,2,95.97,2720698,2966361,0.9414225941422654,0
2023-07-28 11:05:45,96.5,7867663,51,95.97,2720698,2966361,0.9414225941422654,0
2023-07-28 11:05:45,96.5,7867663,2,95.97,2720698,2966361,0.9414225941422654,0
2023-07-28 11:05:49,96.5,7867719,1,95.97,2720671,2966870,0.9414225941422654,0
2023-07-28 11:05:49,96.5,7867719,125,95.97,2720671,2966870,0.9414225941422654,0
2023-07-28 11:05:49,96.5,7867719,2,95.97,2720671,2966870,0.9414225941422654,0
2023-07-28 11:05:49,96.5,7867719,50,95.97,2720671,2966870,0.9414225941422654,0
2023-07-28 11:05:49,96.5,7867719,3,95.97,2720671,2966870,0.9414225941422654,0
2023-07-28 11:05:53,96.5,7868069,3,95.97,2721888,2965453,0.9414225941422654,0
2023-07-28 11:05:53,96.5,7868069,1,95.97,2721888,2965453,0.9414225941422654,0
2023-07-28 11:05:53,96.45,7868069,1,95.97,2721888,2965453,0.8891213389121428,0
2023-07-28 11:05:53,96.5,7868069,39,95.97,2721888,2965453,0.9414225941422654,0
2023-07-28 11:05:53,96.5,7868069,25,95.97,2721888,2965453,0.9414225941422654,0
2023-07-28 11:05:57,96.45,7868230,25,95.97,2721420,2965838,0.8891213389121428,0
2023-07-28 11:05:57,96.45,7868230,1,95.97,2721420,2965838,0.8891213389121428,0
2023-07-28 11:05:57,96.45,7868230,10,95.97,2721420,2965838,0.8891213389121428,0
2023-07-28 11:05:57,96.5,7868230,20,95.97,2721420,2965838,0.9414225941422654,0
2023-07-28 11:06:02,96.5,7868303,2,95.97,2720760,2965775,0.9414225941422654,0
2023-07-28 11:06:02,96.5,7868303,2,95.97,2720760,2965775,0.9414225941422654,0
2023-07-28 11:06:02,96.5,7868303,10,95.97,2720760,2965775,0.9414225941422654,0
2023-07-28 11:06:05,96.5,7868360,15,95.97,2720816,2965843,0.9414225941422654,0
2023-07-28 11:06:05,96.5,7868360,15,95.97,2720816,2965843,0.9414225941422654,0
2023-07-28 11:06:05,96.45,7868360,1,95.97,2720816,2965843,0.8891213389121428,0
2023-07-28 11:06:05,96.45,7868360,100,95.97,2720816,2965843,0.8891213389121428,0
2023-07-28 11:06:05,96.5,7868360,5,95.97,2720816,2965843,0.9414225941422654,0
2023-07-28 11:06:09,96.45,7868587,5,95.97,2721425,2966649,0.8891213389121428,0
2023-07-28 11:06:09,96.45,7868587,1,95.97,2721425,2966649,0.8891213389121428,0
2023-07-28 11:06:09,96.45,7868587,5,95.97,2721425,2966649,0.8891213389121428,0
2023-07-28 11:06:09,96.5,7868587,6,95.97,2721425,2966649,0.9414225941422654,0
2023-07-28 11:06:09,96.5,7868587,5,95.97,2721425,2966649,0.9414225941422654,0
2023-07-28 11:06:09,96.45,7868587,1,95.97,2721425,2966649,0.8891213389121428,0
2023-07-28 11:06:09,96.5,7868587,10,95.97,2721425,2966649,0.9414225941422654,0
2023-07-28 11:06:09,96.45,7868587,500,95.97,2721425,2966649,0.8891213389121428,0
2023-07-28 11:06:18,96.45,7874495,500,95.97,2709384,2984262,0.8891213389121428,0
2023-07-28 11:06:18,96.5,7874495,75,95.97,2709384,2984262,0.9414225941422654,0
2023-07-28 11:06:18,96.5,7874495,15,95.97,2709384,2984262,0.9414225941422654,0
2023-07-28 11:06:18,96.5,7874495,10,95.97,2709384,2984262,0.9414225941422654,0
2023-07-28 11:06:18,96.45,7874495,2,95.97,2709384,2984262,0.8891213389121428,0
2023-07-28 11:06:22,96.5,7874606,9,95.97,2711401,2984211,0.9414225941422654,0
2023-07-28 11:06:22,96.5,7874606,39,95.97,2711401,2984211,0.9414225941422654,0
2023-07-28 11:06:22,96.5,7874606,2,95.97,2711401,2984211,0.9414225941422654,0
2023-07-28 11:06:26,96.5,7874855,50,95.97,2711465,2982821,0.9414225941422654,0
2023-07-28 11:06:26,96.5,7874855,60,95.97,2711465,2982821,0.9414225941422654,0
2023-07-28 11:06:26,96.5,7874855,166,95.97,2711465,2982821,0.9414225941422654,0
2023-07-28 11:06:26,96.5,7874855,4,95.97,2711465,2982821,0.9414225941422654,0
2023-07-28 11:06:31,96.45,7875627,5,95.97,2717933,2964126,0.8891213389121428,0
2023-07-28 11:06:31,96.5,7875627,5,95.97,2717933,2964126,0.9414225941422654,0
2023-07-28 11:06:31,96.45,7875627,50,95.97,2717933,2964126,0.8891213389121428,0
2023-07-28 11:06:31,96.5,7875627,100,95.97,2717933,2964126,0.9414225941422654,0
2023-07-28 11:06:34,96.45,7875826,21,95.97,2713389,2979435,0.8891213389121428,0
2023-07-28 11:06:34,96.5,7875826,40,95.97,2713389,2979435,0.9414225941422654,0
2023-07-28 11:06:34,96.5,7875826,6,95.97,2713389,2979435,0.9414225941422654,0
2023-07-28 11:06:34,96.5,7875826,10,95.97,2713389,2979435,0.9414225941422654,0
2023-07-28 11:06:38,96.45,7875910,1,95.97,2716816,2976999,0.8891213389121428,0
2023-07-28 11:06:38,96.5,7875910,172,95.97,2716816,2976999,0.9414225941422654,0
2023-07-28 11:06:38,96.5,7875910,1,95.97,2716816,2976999,0.9414225941422654,0
2023-07-28 11:06:38,96.45,7875910,1173,95.97,2716816,2976999,0.8891213389121428,0
2023-07-28 11:06:41,96.45,7877665,4,95.97,2721253,2978400,0.8891213389121428,0
2023-07-28 11:06:41,96.5,7877665,80,95.97,2721253,2978400,0.9414225941422654,0
2023-07-28 11:06:41,96.45,7877665,12,95.97,2721253,2978400,0.8891213389121428,0
2023-07-28 11:06:41,96.45,7877665,100,95.97,2721253,2978400,0.8891213389121428,0
2023-07-28 11:06:41,96.5,7877665,1,95.97,2721253,2978400,0.9414225941422654,0
2023-07-28 11:06:46,96.5,7877859,1,95.97,2716162,2978368,0.9414225941422654,0
2023-07-28 11:06:46,96.5,7877859,4,95.97,2716162,2978368,0.9414225941422654,0
2023-07-28 11:06:46,96.5,7877859,21,95.97,2716162,2978368,0.9414225941422654,0
2023-07-28 11:06:46,96.45,7877859,7,95.97,2716162,2978368,0.8891213389121428,0
2023-07-28 11:06:50,96.45,7900230,7,95.98,2710663,2980506,0.8891213389121428,0
2023-07-28 11:06:50,96.5,7900230,1,95.98,2710663,2980506,0.9414225941422654,0
2023-07-28 11:06:50,96.45,7900230,39,95.98,2710663,2980506,0.8891213389121428,0
2023-07-28 11:06:50,96.45,7900230,3,95.98,2710663,2980506,0.8891213389121428,0
2023-07-28 11:06:52,96.45,7914049,50,95.98,2705183,2984200,0.8891213389121428,0
2023-07-28 11:06:52,96.4,7914049,5,95.98,2705183,2984200,0.8368200836820203,0
2023-07-28 11:06:52,96.45,7914049,1,95.98,2705183,2984200,0.8891213389121428,0
2023-07-28 11:06:58,96.45,7917284,227,95.98,2707496,2981373,0.8891213389121428,0
2023-07-28 11:06:58,96.45,7917284,227,95.98,2707496,2981373,0.8891213389121428,0
2023-07-28 11:06:58,96.45,7917284,50,95.98,2707496,2981373,0.8891213389121428,0
2023-07-28 11:06:58,96.45,7917284,2,95.98,2707496,2981373,0.8891213389121428,0
2023-07-28 11:07:00,96.45,7917338,2,95.98,2706641,2982335,0.8891213389121428,0
2023-07-28 11:07:00,96.45,7917338,1,95.98,2706641,2982335,0.8891213389121428,0
2023-07-28 11:07:06,96.45,7917639,200,95.98,2706303,2980341,0.8891213389121428,0
2023-07-28 11:07:06,96.45,7917639,35,95.98,2706303,2980341,0.8891213389121428,0
2023-07-28 11:07:06,96.4,7917639,1,95.98,2706303,2980341,0.8368200836820203,0
2023-07-28 11:07:06,96.45,7917639,20,95.98,2706303,2980341,0.8891213389121428,0
2023-07-28 11:07:09,96.45,7917956,20,95.98,2708021,2970555,0.8891213389121428,0
2023-07-28 11:07:09,96.4,7917956,1,95.98,2708021,2970555,0.8368200836820203,0
2023-07-28 11:07:09,96.4,7917956,2,95.98,2708021,2970555,0.8368200836820203,0
2023-07-28 11:07:09,96.4,7917956,1,95.98,2708021,2970555,0.8368200836820203,0
2023-07-28 11:07:09,96.45,7917956,10,95.98,2708021,2970555,0.8891213389121428,0
2023-07-28 11:07:09,96.4,7917956,20,95.98,2708021,2970555,0.8368200836820203,0
2023-07-28 11:07:18,96.45,7919089,2,95.98,2707844,2971543,0.8891213389121428,0
2023-07-28 11:07:18,96.45,7919089,1,95.98,2707844,2971543,0.8891213389121428,0
2023-07-28 11:07:18,96.45,7919089,1,95.98,2707844,2971543,0.8891213389121428,0
2023-07-28 11:07:22,96.45,7919177,1,95.98,2718914,2971520,0.8891213389121428,0
2023-07-28 11:07:22,96.45,7919177,100,95.98,2718914,2971520,0.8891213389121428,0
2023-07-28 11:07:22,96.45,7919177,2,95.98,2718914,2971520,0.8891213389121428,0
2023-07-28 11:07:22,96.4,7919177,73,95.98,2718914,2971520,0.8368200836820203,0
2023-07-28 11:07:22,96.45,7919177,10,95.98,2718914,2971520,0.8891213389121428,0
2023-07-28 11:07:22,96.4,7919177,430,95.98,2718914,2971520,0.8368200836820203,0
2023-07-28 11:07:22,96.4,7919177,5,95.98,2718914,2971520,0.8368200836820203,0
2023-07-28 11:07:30,96.45,7921246,81,95.98,2720414,2968235,0.8891213389121428,0
2023-07-28 11:07:30,96.4,7921246,3,95.98,2720414,2968235,0.8368200836820203,0
2023-07-28 11:07:30,96.45,7921246,103,95.98,2720414,2968235,0.8891213389121428,0
2023-07-28 11:07:30,96.4,7921246,1,95.98,2720414,2968235,0.8368200836820203,0
2023-07-28 11:07:35,96.45,7921370,1,95.98,2722193,2966988,0.8891213389121428,0
2023-07-28 11:07:35,96.45,7921370,1,95.98,2722193,2966988,0.8891213389121428,0
2023-07-28 11:07:35,96.45,7921370,20,95.98,2722193,2966988,0.8891213389121428,0
2023-07-28 11:07:35,96.45,7921370,103,95.98,2722193,2966988,0.8891213389121428,0
2023-07-28 11:07:39,96.45,7921536,1,95.98,2722756,2967824,0.8891213389121428,0
2023-07-28 11:07:39,96.45,7921536,45,95.98,2722756,2967824,0.8891213389121428,0
2023-07-28 11:07:39,96.45,7921536,5,95.98,2722756,2967824,0.8891213389121428,0
2023-07-28 11:07:43,96.45,7924019,2433,95.98,2723229,2965483,0.8891213389121428,0
2023-07-28 11:07:43,96.4,7924019,5,95.98,2723229,2965483,0.8368200836820203,0
2023-07-28 11:07:43,96.45,7924019,50,95.98,2723229,2965483,0.8891213389121428,0
2023-07-28 11:07:46,96.45,7924074,50,95.98,2722995,2965433,0.8891213389121428,0
2023-07-28 11:07:46,96.45,7924074,10,95.98,2722995,2965433,0.8891213389121428,0
2023-07-28 11:07:46,96.4,7924074,1,95.98,2722995,2965433,0.8368200836820203,0
2023-07-28 11:07:46,96.45,7924074,3,95.98,2722995,2965433,0.8891213389121428,0
2023-07-28 11:07:46,96.45,7924074,10,95.98,2722995,2965433,0.8891213389121428,0
2023-07-28 11:07:46,96.45,7924074,2,95.98,2722995,2965433,0.8891213389121428,0
2023-07-28 11:07:54,96.45,7924136,2,95.98,2727396,2956664,0.8891213389121428,0
2023-07-28 11:07:54,96.4,7924136,1,95.98,2727396,2956664,0.8368200836820203,0
2023-07-28 11:07:54,96.45,7924136,1,95.98,2727396,2956664,0.8891213389121428,0
2023-07-28 11:07:58,96.45,7924138,3,95.98,2727568,2956663,0.8891213389121428,0
2023-07-28 11:07:58,96.45,7924138,2,95.98,2727568,2956663,0.8891213389121428,0
2023-07-28 11:07:58,96.45,7924138,1,95.98,2727568,2956663,0.8891213389121428,0
2023-07-28 11:07:58,96.45,7924138,5,95.98,2727568,2956663,0.8891213389121428,0
2023-07-28 11:08:03,96.4,7924162,6,95.98,2728459,2955435,0.8368200836820203,0
2023-07-28 11:08:03,96.45,7924162,1,95.98,2728459,2955435,0.8891213389121428,0
2023-07-28 11:08:03,96.45,7924162,200,95.98,2728459,2955435,0.8891213389121428,0
2023-07-28 11:08:03,96.4,7924162,1,95.98,2728459,2955435,0.8368200836820203,0
2023-07-28 11:08:03,96.45,7924162,10,95.98,2728459,2955435,0.8891213389121428,0
2023-07-28 11:08:08,96.4,7924389,3,95.98,2741770,2955512,0.8368200836820203,0
2023-07-28 11:08:08,96.4,7924389,3,95.98,2741770,2955512,0.8368200836820203,0
2023-07-28 11:08:08,96.45,7924389,5,95.98,2741770,2955512,0.8891213389121428,0
2023-07-28 11:08:08,96.4,7924389,14,95.98,2741770,2955512,0.8368200836820203,0
2023-07-28 11:08:08,96.45,7924389,4,95.98,2741770,2955512,0.8891213389121428,0
2023-07-28 11:08:11,96.45,7925514,4,95.98,2741886,2954545,0.8891213389121428,0
2023-07-28 11:08:11,96.4,7925514,739,95.98,2741886,2954545,0.8368200836820203,0
2023-07-28 11:08:11,96.45,7925514,239,95.98,2741886,2954545,0.8891213389121428,0
2023-07-28 11:08:11,96.45,7925514,2,95.98,2741886,2954545,0.8891213389121428,0
2023-07-28 11:08:11,96.4,7925514,1,95.98,2741886,2954545,0.8368200836820203,0
2023-07-28 11:08:17,96.45,7935869,300,95.98,2727366,2956395,0.8891213389121428,0
2023-07-28 11:08:17,96.4,7935869,5,95.98,2727366,2956395,0.8368200836820203,0
2023-07-28 11:08:17,96.4,7935869,486,95.98,2727366,2956395,0.8368200836820203,0
2023-07-28 11:08:22,96.45,7936911,10,95.98,2725859,2964150,0.8891213389121428,0
2023-07-28 11:08:22,96.45,7936911,10,95.98,2725859,2964150,0.8891213389121428,0
2023-07-28 11:08:22,96.45,7936911,10,95.98,2725859,2964150,0.8891213389121428,0
2023-07-28 11:08:22,96.45,7936911,134,95.98,2725859,2964150,0.8891213389121428,0
2023-07-28 11:08:22,96.45,7936911,134,95.98,2725859,2964150,0.8891213389121428,0
2023-07-28 11:08:26,96.45,7939202,50,95.98,2722014,2977647,0.8891213389121428,0
2023-07-28 11:08:26,96.45,7939202,50,95.98,2722014,2977647,0.8891213389121428,0
2023-07-28 11:08:26,96.4,7939202,925,95.98,2722014,2977647,0.8368200836820203,0
2023-07-28 11:08:26,96.4,7939202,925,95.98,2722014,2977647,0.8368200836820203,0
2023-07-28 11:08:26,96.45,7939202,1,95.98,2722014,2977647,0.8891213389121428,0
2023-07-28 11:08:26,96.45,7939202,17,95.98,2722014,2977647,0.8891213389121428,0
2023-07-28 11:08:29,96.45,7947288,2,95.98,2721252,2973620,0.8891213389121428,0
2023-07-28 11:08:29,96.4,7947288,5,95.98,2721252,2973620,0.8368200836820203,0
2023-07-28 11:08:34,96.4,7947304,5,95.98,2723986,2966357,0.8368200836820203,0
2023-07-28 11:08:34,96.45,7947304,11,95.98,2723986,2966357,0.8891213389121428,0
2023-07-28 11:08:34,96.45,7947304,121,95.98,2723986,2966357,0.8891213389121428,0
2023-07-28 11:08:34,96.45,7947304,2,95.98,2723986,2966357,0.8891213389121428,0
2023-07-28 11:08:34,96.4,7947304,15,95.98,2723986,2966357,0.8368200836820203,0
2023-07-28 11:08:38,96.4,7948594,4,95.98,2716271,2973694,0.8368200836820203,0
2023-07-28 11:08:38,96.45,7948594,5,95.98,2716271,2973694,0.8891213389121428,0
2023-07-28 11:08:38,96.45,7948594,2,95.98,2716271,2973694,0.8891213389121428,0
2023-07-28 11:08:38,96.4,7948594,5,95.98,2716271,2973694,0.8368200836820203,0
2023-07-28 11:08:38,96.45,7948594,25,95.98,2716271,2973694,0.8891213389121428,0
2023-07-28 11:08:42,96.45,7948716,25,95.98,2727366,2968346,0.8891213389121428,0
2023-07-28 11:08:42,96.4,7948716,1,95.98,2727366,2968346,0.8368200836820203,0
2023-07-28 11:08:42,96.45,7948716,10,95.98,2727366,2968346,0.8891213389121428,0
2023-07-28 11:08:42,96.45,7948716,3,95.98,2727366,2968346,0.8891213389121428,0
2023-07-28 11:08:46,96.45,7948742,10,95.98,2726433,2968321,0.8891213389121428,0
2023-07-28 11:08:46,96.45,7948742,3,95.98,2726433,2968321,0.8891213389121428,0
2023-07-28 11:08:46,96.4,7948742,2,95.98,2726433,2968321,0.8368200836820203,0
2023-07-28 11:08:46,96.45,7948742,1,95.98,2726433,2968321,0.8891213389121428,0
2023-07-28 11:08:50,96.45,7949255,1,95.98,2733524,2966299,0.8891213389121428,0
2023-07-28 11:08:50,96.45,7949255,26,95.98,2733524,2966299,0.8891213389121428,0
2023-07-28 11:08:50,96.45,7949255,663,95.98,2733524,2966299,0.8891213389121428,0
2023-07-28 11:08:50,96.45,7949255,811,95.98,2733524,2966299,0.8891213389121428,0
2023-07-28 11:08:50,96.45,7949255,1,95.98,2733524,2966299,0.8891213389121428,0
2023-07-28 11:08:50,96.45,7949255,89,95.98,2733524,2966299,0.8891213389121428,0
2023-07-28 11:08:50,96.45,7949255,50,95.98,2733524,2966299,0.8891213389121428,0
2023-07-28 11:08:58,96.45,7963196,50,95.98,2735847,2971772,0.8891213389121428,0
2023-07-28 11:08:58,96.45,7963196,200,95.98,2735847,2971772,0.8891213389121428,0
2023-07-28 11:08:58,96.4,7963196,801,95.98,2735847,2971772,0.8368200836820203,0
2023-07-28 11:09:01,96.4,7964202,801,95.98,2733958,2972232,0.8368200836820203,0
2023-07-28 11:09:01,96.45,7964202,1,95.98,2733958,2972232,0.8891213389121428,0
2023-07-28 11:09:01,96.45,7964202,6,95.98,2733958,2972232,0.8891213389121428,0
2023-07-28 11:09:01,96.45,7964202,1,95.98,2733958,2972232,0.8891213389121428,0
2023-07-28 11:09:01,96.4,7964202,10,95.98,2733958,2972232,0.8368200836820203,0
2023-07-28 11:09:01,96.45,7964202,1,95.98,2733958,2972232,0.8891213389121428,0
2023-07-28 11:09:07,96.45,7964733,1,95.98,2732361,2973864,0.8891213389121428,0
2023-07-28 11:09:07,96.45,7964733,2,95.98,2732361,2973864,0.8891213389121428,0
2023-07-28 11:09:07,96.45,7964733,1,95.98,2732361,2973864,0.8891213389121428,0
2023-07-28 11:09:07,96.45,7964733,23,95.98,2732361,2973864,0.8891213389121428,0
2023-07-28 11:09:14,96.45,7964768,1,95.98,2733730,2975918,0.8891213389121428,0
2023-07-28 11:09:14,96.45,7964768,80,95.98,2733730,2975918,0.8891213389121428,0
2023-07-28 11:09:14,96.45,7964768,2,95.98,2733730,2975918,0.8891213389121428,0
2023-07-28 11:09:14,96.45,7964768,50,95.98,2733730,2975918,0.8891213389121428,0
2023-07-28 11:09:18,96.4,7965083,10,95.98,2733009,2976104,0.8368200836820203,0
2023-07-28 11:09:18,96.45,7965083,298,95.98,2733009,2976104,0.8891213389121428,0
2023-07-28 11:09:18,96.45,7965083,5,95.98,2733009,2976104,0.8891213389121428,0
2023-07-28 11:09:22,96.4,7970223,10,95.98,2734032,2991867,0.8368200836820203,0
2023-07-28 11:09:22,96.4,7970223,10,95.98,2734032,2991867,0.8368200836820203,0
2023-07-28 11:09:22,96.45,7970223,1,95.98,2734032,2991867,0.8891213389121428,0
2023-07-28 11:09:22,96.45,7970223,65,95.98,2734032,2991867,0.8891213389121428,0
2023-07-28 11:09:22,96.45,7970223,1,95.98,2734032,2991867,0.8891213389121428,0
2023-07-28 11:09:25,96.45,7970293,1,95.98,2732606,3003786,0.8891213389121428,0
2023-07-28 11:09:25,96.45,7970293,10,95.98,2732606,3003786,0.8891213389121428,0
2023-07-28 11:09:30,96.45,7970402,3,95.98,2733314,3003677,0.8891213389121428,0
2023-07-28 11:09:30,96.45,7970402,41,95.98,2733314,3003677,0.8891213389121428,0
2023-07-28 11:09:30,96.4,7970402,2,95.98,2733314,3003677,0.8368200836820203,0
2023-07-28 11:09:30,96.45,7970402,40,95.98,2733314,3003677,0.8891213389121428,0
2023-07-28 11:09:30,96.45,7970402,10,95.98,2733314,3003677,0.8891213389121428,0
2023-07-28 11:09:33,96.45,7970637,10,95.98,2735561,3001581,0.8891213389121428,0
2023-07-28 11:09:33,96.45,7970637,20,95.98,2735561,3001581,0.8891213389121428,0
2023-07-28 11:09:38,96.45,7970757,100,95.98,2735690,3002125,0.8891213389121428,0
2023-07-28 11:09:38,96.4,7970757,100,95.98,2735690,3002125,0.8368200836820203,0
2023-07-28 11:09:38,96.45,7970757,1,95.98,2735690,3002125,0.8891213389121428,0
2023-07-28 11:09:38,96.4,7970757,15,95.98,2735690,3002125,0.8368200836820203,0
2023-07-28 11:09:42,96.45,7971085,2,95.98,2736019,3003505,0.8891213389121428,0
2023-07-28 11:09:42,96.45,7971085,1,95.98,2736019,3003505,0.8891213389121428,0
2023-07-28 11:09:42,96.45,7971085,12,95.98,2736019,3003505,0.8891213389121428,0
2023-07-28 11:09:42,96.45,7971085,5,95.98,2736019,3003505,0.8891213389121428,0
2023-07-28 11:09:42,96.45,7971085,210,95.98,2736019,3003505,0.8891213389121428,0
2023-07-28 11:09:50,96.45,7971680,210,95.98,2735731,3006813,0.8891213389121428,0
2023-07-28 11:09:50,96.45,7971680,10,95.98,2735731,3006813,0.8891213389121428,0
2023-07-28 11:09:50,96.45,7971680,50,95.98,2735731,3006813,0.8891213389121428,0
2023-07-28 11:09:50,96.45,7971680,50,95.98,2735731,3006813,0.8891213389121428,0
2023-07-28 11:09:53,96.45,7971790,1,95.98,2739227,3003630,0.8891213389121428,0
2023-07-28 11:09:53,96.45,7971790,3,95.98,2739227,3003630,0.8891213389121428,0
2023-07-28 11:09:53,96.4,7971790,180,95.98,2739227,3003630,0.8368200836820203,0
2023-07-28 11:09:53,96.45,7971790,100,95.98,2739227,3003630,0.8891213389121428,0
2023-07-28 11:09:53,96.45,7971790,1,95.98,2739227,3003630,0.8891213389121428,0
2023-07-28 11:09:53,96.45,7971790,2,95.98,2739227,3003630,0.8891213389121428,0
2023-07-28 11:09:53,96.4,7971790,500,95.98,2739227,3003630,0.8368200836820203,0
2023-07-28 11:10:02,96.4,7972898,300,95.98,2732763,3006060,0.8368200836820203,0
2023-07-28 11:10:02,96.45,7972898,100,95.98,2732763,3006060,0.8891213389121428,0
2023-07-28 11:10:06,96.4,7973411,400,95.98,2730052,3007242,0.8368200836820203,0
2023-07-28 11:10:06,96.4,7973411,25,95.98,2730052,3007242,0.8368200836820203,0
2023-07-28 11:10:06,96.45,7973411,3,95.98,2730052,3007242,0.8891213389121428,0
2023-07-28 11:10:06,96.45,7973411,1,95.98,2730052,3007242,0.8891213389121428,0
2023-07-28 11:10:10,96.45,7973497,10,95.98,2731309,3007316,0.8891213389121428,0
2023-07-28 11:10:10,96.45,7973497,10,95.98,2731309,3007316,0.8891213389121428,0
2023-07-28 11:10:10,96.45,7973497,21,95.98,2731309,3007316,0.8891213389121428,0
2023-07-28 11:10:10,96.45,7973497,10,95.98,2731309,3007316,0.8891213389121428,0
2023-07-28 11:10:13,96.45,7973528,10,95.98,2733877,3005589,0.8891213389121428,0
2023-07-28 11:10:13,96.45,7973528,5,95.98,2733877,3005589,0.8891213389121428,0
2023-07-28 11:10:13,96.45,7973528,2,95.98,2733877,3005589,0.8891213389121428,0
2023-07-28 11:10:13,96.45,7973528,1,95.98,2733877,3005589,0.8891213389121428,0
2023-07-28 11:10:13,96.45,7973528,1,95.98,2733877,3005589,0.8891213389121428,0
2023-07-28 11:10:19,96.4,7973591,3,95.98,2733111,3006039,0.8368200836820203,0
2023-07-28 11:10:19,96.45,7973591,2,95.98,2733111,3006039,0.8891213389121428,0
2023-07-28 11:10:19,96.45,7973591,5000,95.98,2733111,3006039,0.8891213389121428,0
2023-07-28 11:10:22,96.45,7978593,15,95.98,2735964,2999835,0.8891213389121428,0
2023-07-28 11:10:22,96.45,7978593,10,95.98,2735964,2999835,0.8891213389121428,0
2023-07-28 11:10:25,96.45,7978618,10,95.98,2735562,3000560,0.8891213389121428,0
2023-07-28 11:10:25,96.45,7978618,10,95.98,2735562,3000560,0.8891213389121428,0
2023-07-28 11:10:25,96.45,7978618,130,95.98,2735562,3000560,0.8891213389121428,0
2023-07-28 11:10:25,96.45,7978618,11,95.98,2735562,3000560,0.8891213389121428,0
2023-07-28 11:10:25,96.4,7978618,141,95.98,2735562,3000560,0.8368200836820203,0
2023-07-28 11:10:30,96.4,7983022,15,95.98,2728652,3002422,0.8368200836820203,0
2023-07-28 11:10:30,96.45,7983022,17,95.98,2728652,3002422,0.8891213389121428,0
2023-07-28 11:10:30,96.45,7983022,17,95.98,2728652,3002422,0.8891213389121428,0
2023-07-28 11:10:30,96.4,7983022,1,95.98,2728652,3002422,0.8368200836820203,0
2023-07-28 11:10:30,96.45,7983022,1,95.98,2728652,3002422,0.8891213389121428,0
2023-07-28 11:10:30,96.45,7983022,10,95.98,2728652,3002422,0.8891213389121428,0
2023-07-28 11:10:30,96.4,7983022,100,95.98,2728652,3002422,0.8368200836820203,0
2023-07-28 11:10:30,96.45,7983022,267,95.98,2728652,3002422,0.8891213389121428,0
2023-07-28 11:10:38,96.45,7989704,83,95.98,2729814,2997268,0.8891213389121428,0
2023-07-28 11:10:38,96.45,7989704,100,95.98,2729814,2997268,0.8891213389121428,0
2023-07-28 11:10:38,96.45,7989704,51,95.98,2729814,2997268,0.8891213389121428,0
2023-07-28 11:10:38,96.45,7989704,10,95.98,2729814,2997268,0.8891213389121428,0
2023-07-28 11:10:41,96.45,7989866,10,95.98,2731445,2997519,0.8891213389121428,0
2023-07-28 11:10:41,96.45,7989866,10,95.98,2731445,2997519,0.8891213389121428,0
2023-07-28 11:10:41,96.45,7989866,21,95.98,2731445,2997519,0.8891213389121428,0
2023-07-28 11:10:41,96.45,7989866,5,95.98,2731445,2997519,0.8891213389121428,0
2023-07-28 11:10:46,96.45,7989906,5,95.98,2731268,2998304,0.8891213389121428,0
2023-07-28 11:10:46,96.4,7989906,75,95.98,2731268,2998304,0.8368200836820203,0
2023-07-28 11:10:46,96.4,7989906,742,95.98,2731268,2998304,0.8368200836820203,0
2023-07-28 11:10:46,96.45,7989906,1,95.98,2731268,2998304,0.8891213389121428,0
2023-07-28 11:10:50,96.45,7991988,1,95.98,2724880,2998696,0.8891213389121428,0
2023-07-28 11:10:50,96.4,7991988,2,95.98,2724880,2998696,0.8368200836820203,0
2023-07-28 11:10:50,96.45,7991988,15,95.98,2724880,2998696,0.8891213389121428,0
2023-07-28 11:10:50,96.45,7991988,1,95.98,2724880,2998696,0.8891213389121428,0
2023-07-28 11:10:55,96.45,7992018,5,95.98,2724950,2996125,0.8891213389121428,0
2023-07-28 11:10:55,96.4,7992018,6,95.98,2724950,2996125,0.8368200836820203,0
2023-07-28 11:10:55,96.45,7992018,3,95.98,2724950,2996125,0.8891213389121428,0
2023-07-28 11:10:58,96.45,7992345,3,95.98,2716994,2995555,0.8891213389121428,0
2023-07-28 11:10:58,96.45,7992345,100,95.98,2716994,2995555,0.8891213389121428,0
2023-07-28 11:11:02,96.45,7992466,15,95.98,2717133,2992326,0.8891213389121428,0
2023-07-28 11:11:02,96.45,7992466,39,95.98,2717133,2992326,0.8891213389121428,0
2023-07-28 11:11:02,96.45,7992466,300,95.98,2717133,2992326,0.8891213389121428,0
2023-07-28 11:11:07,96.45,7995908,300,95.98,2718811,2990040,0.8891213389121428,0
2023-07-28 11:11:07,96.4,7995908,2,95.98,2718811,2990040,0.8368200836820203,0
2023-07-28 11:11:07,96.45,7995908,25,95.98,2718811,2990040,0.8891213389121428,0
2023-07-28 11:11:07,96.45,7995908,25,95.98,2718811,2990040,0.8891213389121428,0
2023-07-28 11:11:07,96.45,7995908,1,95.98,2718811,2990040,0.8891213389121428,0
2023-07-28 11:11:11,96.45,7995988,1,95.98,2718487,2990464,0.8891213389121428,0
2023-07-28 11:11:11,96.45,7995988,30,95.98,2718487,2990464,0.8891213389121428,0
2023-07-28 11:11:11,96.45,7995988,45,95.98,2718487,2990464,0.8891213389121428,0
2023-07-28 11:11:11,96.45,7995988,8,95.98,2718487,2990464,0.8891213389121428,0
2023-07-28 11:11:11,96.45,7995988,5,95.98,2718487,2990464,0.8891213389121428,0
2023-07-28 11:11:16,96.45,7996087,1,95.98,2718324,2993266,0.8891213389121428,0
2023-07-28 11:11:16,96.45,7996087,100,95.98,2718324,2993266,0.8891213389121428,0
2023-07-28 11:11:16,96.45,7996087,11,95.98,2718324,2993266,0.8891213389121428,0
2023-07-28 11:11:16,96.45,7996087,5,95.98,2718324,2993266,0.8891213389121428,0
2023-07-28 11:11:20,96.45,7996944,5,95.98,2717676,2993880,0.8891213389121428,0
2023-07-28 11:11:20,96.45,7996944,5,95.98,2717676,2993880,0.8891213389121428,0
2023-07-28 11:11:20,96.45,7996944,5,95.98,2717676,2993880,0.8891213389121428,0
2023-07-28 11:11:24,96.45,7997132,19,95.98,2717600,2998480,0.8891213389121428,0
2023-07-28 11:11:24,96.45,7997132,19,95.98,2717600,2998480,0.8891213389121428,0
2023-07-28 11:11:24,96.45,7997132,19,95.98,2717600,2998480,0.8891213389121428,0
2023-07-28 11:11:24,96.4,7997132,17,95.98,2717600,2998480,0.8368200836820203,0
2023-07-28 11:11:24,96.45,7997132,1,95.98,2717600,2998480,0.8891213389121428,0
2023-07-28 11:11:24,96.4,7997132,1000,95.98,2717600,2998480,0.8368200836820203,0
2023-07-28 11:11:28,96.45,7999721,339,95.98,2716855,2997835,0.8891213389121428,0
2023-07-28 11:11:28,96.45,7999721,339,95.98,2716855,2997835,0.8891213389121428,0
2023-07-28 11:11:28,96.45,7999721,10,95.98,2716855,2997835,0.8891213389121428,0
2023-07-28 11:11:28,96.4,7999721,100,95.98,2716855,2997835,0.8368200836820203,0
2023-07-28 11:11:28,96.45,7999721,2,95.98,2716855,2997835,0.8891213389121428,0
2023-07-28 11:11:32,96.4,8000039,5,95.98,2718569,2997196,0.8368200836820203,0
2023-07-28 11:11:32,96.4,8000039,249,95.98,2718569,2997196,0.8368200836820203,0
2023-07-28 11:11:32,96.5,8000039,286,95.98,2718569,2997196,0.9414225941422654,0
2023-07-28 11:11:32,96.45,8000039,10,95.98,2718569,2997196,0.8891213389121428,0
2023-07-28 11:11:36,96.45,8002874,27,95.98,2723156,2996461,0.8891213389121428,0
2023-07-28 11:11:36,96.45,8002874,27,95.98,2723156,2996461,0.8891213389121428,0
2023-07-28 11:11:36,96.4,8002874,2,95.98,2723156,2996461,0.8368200836820203,0
2023-07-28 11:11:36,96.45,8002874,120,95.98,2723156,2996461,0.8891213389121428,0
2023-07-28 11:11:36,96.4,8002874,200,95.98,2723156,2996461,0.8368200836820203,0
2023-07-28 11:11:36,96.45,8002874,42,95.98,2723156,2996461,0.8891213389121428,0
