2023-07-28 10:49:28,622.7,234679,3,620.77,208831,309859,0.5165456012913714,0
2023-07-28 10:49:28,622.75,234679,10,620.77,208831,309859,0.5246166263115416,0
2023-07-28 10:49:31,622.7,234692,1,620.77,209418,309876,0.5165456012913714,0
2023-07-28 10:49:31,622.75,234692,50,620.77,209418,309876,0.5246166263115416,0
2023-07-28 10:49:31,622.7,234692,50,620.77,209418,309876,0.5165456012913714,0
2023-07-28 10:49:31,622.6,234692,567,620.77,209418,309876,0.5004035512510125,0
2023-07-28 10:49:35,622.6,236208,567,620.79,206645,311113,0.5004035512510125,0
2023-07-28 10:49:35,622.6,236208,567,620.79,206730,311307,0.5004035512510125,0
2023-07-28 10:49:35,622.6,236208,567,620.79,206801,311487,0.5004035512510125,0
2023-07-28 10:49:35,622.6,236208,567,620.79,207006,310554,0.5004035512510125,0
2023-07-28 10:49:35,622.25,236208,3,620.79,207006,310554,0.44390637610976597,0
2023-07-28 10:49:52,622.55,236241,37,620.79,207202,310522,0.49233252623082396,0
2023-07-28 10:49:52,622.55,236241,10,620.79,207202,310522,0.49233252623082396,0
2023-07-28 10:49:56,622.55,237099,80,620.79,209339,310176,0.49233252623082396,0
2023-07-28 10:49:56,622.55,237099,5,620.79,209339,310176,0.49233252623082396,0
2023-07-28 10:49:58,622.4,237204,43,620.79,209565,310225,0.46811945117029496,0
2023-07-28 10:49:58,622.35,237204,1,620.79,209565,310225,0.46004842615012476,0
2023-07-28 10:49:58,622.25,237204,36,620.79,209565,310225,0.44390637610976597,0
2023-07-28 10:50:04,622.3,237618,1,620.8,208931,311002,0.4519774011299362,0
2023-07-28 10:50:04,622.25,237618,36,620.8,208931,311022,0.44390637610976597,0
2023-07-28 10:50:06,622.25,237667,36,620.8,208882,311047,0.44390637610976597,0
2023-07-28 10:50:06,622.25,237667,36,620.8,208927,311149,0.44390637610976597,0
2023-07-28 10:50:06,622.25,237667,36,620.8,208927,311174,0.44390637610976597,0
2023-07-28 10:50:06,622.25,237667,11,620.8,208927,311174,0.44390637610976597,0
2023-07-28 10:50:11,622.25,237728,24,620.8,208865,310992,0.44390637610976597,0
2023-07-28 10:50:11,622.25,237728,24,620.8,208865,311022,0.44390637610976597,0
2023-07-28 10:50:11,622.25,237728,24,620.8,208866,311066,0.44390637610976597,0
2023-07-28 10:50:11,622.25,237728,24,620.8,208698,311042,0.44390637610976597,0
2023-07-28 10:50:11,622.25,237728,24,620.8,208792,311152,0.44390637610976597,0
2023-07-28 10:50:11,622.25,237728,24,620.8,208842,311107,0.44390637610976597,0
2023-07-28 10:50:11,622.25,237728,10,620.8,208842,311107,0.44390637610976597,0
2023-07-28 10:50:18,622.25,237739,1,620.8,209044,311140,0.44390637610976597,0
2023-07-28 10:50:19,622.25,237749,10,620.8,209034,311140,0.44390637610976597,0
2023-07-28 10:50:19,622.25,237749,10,620.8,209083,311034,0.44390637610976597,0
2023-07-28 10:50:19,622.25,237749,10,620.8,209083,311034,0.44390637610976597,0
2023-07-28 10:50:19,622.25,237749,10,620.8,209083,311035,0.44390637610976597,0
2023-07-28 10:50:19,622.25,237749,10,620.8,209083,311035,0.44390637610976597,0
2023-07-28 10:50:19,622.25,237749,10,620.8,209083,311035,0.44390637610976597,0
2023-07-28 10:50:19,622.25,237749,10,620.8,209083,311035,0.44390637610976597,0
2023-07-28 10:50:19,622.25,237749,25,620.8,209083,311035,0.44390637610976597,0
2023-07-28 10:50:24,622.25,237804,30,620.8,209384,311016,0.44390637610976597,0
2023-07-28 10:50:24,622.25,237804,81,620.8,209384,311016,0.44390637610976597,0
2023-07-28 10:50:24,622.25,238004,81,620.8,209354,310628,0.44390637610976597,0
2023-07-28 10:50:24,622.25,238004,81,620.8,209383,310830,0.44390637610976597,0
2023-07-28 10:50:27,622.45,238032,1,620.8,210296,310321,0.47619047619048355,0
2023-07-28 10:50:27,622.35,238032,6,620.8,210142,310735,0.46004842615012476,0
2023-07-28 10:50:29,622.35,238043,5,620.8,209669,310890,0.46004842615012476,0
2023-07-28 10:50:30,622.7,238634,16,620.8,206358,310935,0.5165456012913714,0
2023-07-28 10:50:30,622.7,238634,16,620.8,206418,311109,0.5165456012913714,0
2023-07-28 10:50:30,622.7,238634,16,620.8,206447,311163,0.5165456012913714,0
2023-07-28 10:50:30,622.7,238634,15,620.8,206447,311163,0.5165456012913714,0
2023-07-28 10:50:33,622.7,238660,15,620.8,206459,311140,0.5165456012913714,0
2023-07-28 10:50:33,622.7,238660,5,620.8,206459,311140,0.5165456012913714,0
2023-07-28 10:50:34,622.7,238665,5,620.8,206408,311216,0.5165456012913714,0
2023-07-28 10:50:36,622.7,238680,10,620.8,206281,311755,0.5165456012913714,0
2023-07-28 10:50:37,622.7,238780,100,620.8,206181,311730,0.5165456012913714,0
2023-07-28 10:50:37,622.7,238780,100,620.8,206281,311740,0.5165456012913714,0
2023-07-28 10:50:37,622.7,238780,100,620.8,206281,311830,0.5165456012913714,0
2023-07-28 10:50:37,622.7,238780,100,620.8,206289,311830,0.5165456012913714,0
2023-07-28 10:50:42,622.7,238785,5,620.8,204277,311820,0.5165456012913714,0
2023-07-28 10:50:42,622.7,238785,46,620.8,204277,311820,0.5165456012913714,0
2023-07-28 10:50:43,622.75,238847,1,620.8,206371,311772,0.5246166263115416,0
2023-07-28 10:50:43,622.75,238847,1,620.8,206371,311772,0.5246166263115416,0
2023-07-28 10:50:43,622.75,238847,1,620.8,206379,311597,0.5246166263115416,0
2023-07-28 10:50:43,622.75,238847,1,620.8,206379,311602,0.5246166263115416,0
2023-07-28 10:50:43,622.4,238847,1,620.8,206379,311602,0.46811945117029496,0
2023-07-28 10:50:48,622.4,239053,1,620.81,206343,311744,0.46811945117029496,0
2023-07-28 10:50:49,622.4,239054,1,620.81,206342,311744,0.46811945117029496,0
2023-07-28 10:50:49,622.4,239054,1,620.81,206340,311744,0.46811945117029496,0
2023-07-28 10:50:49,622.4,239054,1,620.81,206355,311498,0.46811945117029496,0
2023-07-28 10:50:49,622.4,239054,1,620.81,206355,311523,0.46811945117029496,0
2023-07-28 10:50:53,622.55,239055,1,620.81,206355,311441,0.49233252623082396,0
2023-07-28 10:50:53,622.55,239055,1,620.81,206360,311367,0.49233252623082396,0
2023-07-28 10:50:53,622.7,239055,23,620.81,206360,311367,0.5165456012913714,0
2023-07-28 10:50:54,622.7,239555,23,620.81,206464,311116,0.5165456012913714,0
2023-07-28 10:50:54,622.7,239555,23,620.81,206550,311014,0.5165456012913714,0
2023-07-28 10:50:54,622.7,239555,23,620.81,206550,311014,0.5165456012913714,0
2023-07-28 10:50:54,622.7,239555,23,620.81,206613,311027,0.5165456012913714,0
2023-07-28 10:50:54,622.7,239555,23,620.81,206663,311027,0.5165456012913714,0
2023-07-28 10:50:54,622.7,239555,23,620.81,206628,311027,0.5165456012913714,0
2023-07-28 10:50:54,622.4,239555,13,620.81,206627,311099,0.46811945117029496,0
2023-07-28 10:51:02,622.4,239578,10,620.81,206557,311394,0.46811945117029496,0
2023-07-28 10:51:02,622.4,239578,10,620.81,206557,311394,0.46811945117029496,0
2023-07-28 10:51:02,622.4,239578,10,620.81,206557,311399,0.46811945117029496,0
2023-07-28 10:51:05,622.55,239588,5,620.81,206557,311412,0.49233252623082396,0
2023-07-28 10:51:05,622.55,239588,10,620.81,206557,311412,0.49233252623082396,0
2023-07-28 10:51:05,622.55,239588,1,620.81,206557,311412,0.49233252623082396,0
2023-07-28 10:51:06,622.55,239599,1,620.81,206728,311582,0.49233252623082396,0
2023-07-28 10:51:06,622.55,239599,5,620.81,206728,311582,0.49233252623082396,0
2023-07-28 10:51:06,622.55,239599,1,620.81,206728,311582,0.49233252623082396,0
2023-07-28 10:51:14,622.55,239605,1,620.81,206839,311282,0.49233252623082396,0
2023-07-28 10:51:14,622.7,239605,49,620.81,206839,311282,0.5165456012913714,0
2023-07-28 10:51:14,622.55,239605,5,620.81,206839,311282,0.49233252623082396,0
2023-07-28 10:51:19,622.7,240038,128,620.81,207880,310865,0.5165456012913714,0
2023-07-28 10:51:19,622.75,240038,14,620.81,207880,310865,0.5246166263115416,0
2023-07-28 10:51:22,622.75,240673,14,620.82,208198,310863,0.5246166263115416,0
2023-07-28 10:51:22,622.75,240673,40,620.82,208198,310863,0.5246166263115416,0
2023-07-28 10:51:22,622.75,240673,79,620.82,208198,310863,0.5246166263115416,0
2023-07-28 10:51:22,622.75,240673,9,620.82,208198,310863,0.5246166263115416,0
2023-07-28 10:51:27,622.75,240801,9,620.82,208537,310983,0.5246166263115416,0
2023-07-28 10:51:27,622.75,240801,26,620.82,208537,310983,0.5246166263115416,0
2023-07-28 10:51:31,622.75,240837,5,620.82,208551,311173,0.5246166263115416,0
2023-07-28 10:51:31,622.8,240837,12,620.82,208551,311173,0.5326876513317118,0
2023-07-28 10:51:31,622.45,240837,34,620.82,208551,311173,0.47619047619048355,0
2023-07-28 10:51:31,622.45,240837,100,620.82,208551,311173,0.47619047619048355,0
2023-07-28 10:51:34,622.45,241551,100,620.83,207217,310675,0.47619047619048355,0
2023-07-28 10:51:34,622.7,241551,10,620.83,207217,310675,0.5165456012913714,0
2023-07-28 10:51:34,622.45,241551,5,620.83,207217,310675,0.47619047619048355,0
2023-07-28 10:51:38,622.45,241566,5,620.83,207259,310680,0.47619047619048355,0
2023-07-28 10:51:38,622.75,241566,80,620.83,207259,310680,0.5246166263115416,0
2023-07-28 10:51:38,622.75,241566,100,620.83,207259,310680,0.5246166263115416,0
2023-07-28 10:51:38,622.75,241566,2,620.83,207259,310680,0.5246166263115416,0
2023-07-28 10:51:45,622.85,242094,1,620.83,208008,310124,0.5407586763519003,0
2023-07-28 10:51:45,622.75,242094,5,620.83,208008,310124,0.5246166263115416,0
2023-07-28 10:51:45,622.75,242094,13,620.83,208008,310124,0.5246166263115416,0
2023-07-28 10:51:45,622.75,242094,71,620.83,208008,310124,0.5246166263115416,0
2023-07-28 10:51:49,622.75,242193,10,620.83,208272,310525,0.5246166263115416,0
2023-07-28 10:51:49,622.75,242193,10,620.83,208272,310525,0.5246166263115416,0
2023-07-28 10:51:49,622.7,242193,100,620.83,208272,310525,0.5165456012913714,0
2023-07-28 10:51:49,622.65,242193,48,620.83,208272,310525,0.5084745762711828,0
2023-07-28 10:51:52,622.35,243143,34,620.84,206966,311921,0.46004842615012476,0
2023-07-28 10:51:52,622.3,243143,10,620.84,206966,311921,0.4519774011299362,0
2023-07-28 10:51:52,622.3,243143,2,620.84,206966,311921,0.4519774011299362,0
2023-07-28 10:51:58,622.3,243276,4,620.84,207072,312030,0.4519774011299362,0
2023-07-28 10:51:58,622.3,243276,11,620.84,207072,312030,0.4519774011299362,0
2023-07-28 10:51:58,622.65,243276,16,620.84,207072,312030,0.5084745762711828,0
2023-07-28 10:51:58,622.35,243276,24,620.84,207072,312030,0.46004842615012476,0
2023-07-28 10:52:00,622.35,243427,24,620.84,207079,312257,0.46004842615012476,0
2023-07-28 10:52:00,622.35,243427,5,620.84,207079,312257,0.46004842615012476,0
2023-07-28 10:52:03,622.35,243432,5,620.84,207185,311898,0.46004842615012476,0
2023-07-28 10:52:03,622.75,243432,31,620.84,207190,311985,0.5246166263115416,0
2023-07-28 10:52:03,622.4,243432,5,620.84,207190,311985,0.46811945117029496,0
2023-07-28 10:52:03,622.35,243432,18,620.84,207190,311985,0.46004842615012476,0
2023-07-28 10:52:03,622.35,243432,34,620.84,207190,311985,0.46004842615012476,0
2023-07-28 10:52:03,622.7,243432,59,620.84,207190,311985,0.5165456012913714,0
2023-07-28 10:52:17,622.7,244181,59,620.84,206963,312369,0.5165456012913714,0
2023-07-28 10:52:17,622.4,244181,5,620.84,206963,312369,0.46811945117029496,0
2023-07-28 10:52:17,622.4,244181,5,620.84,206963,312369,0.46811945117029496,0
2023-07-28 10:52:26,622.4,244191,5,620.85,205723,313109,0.46811945117029496,0
2023-07-28 10:52:26,622.55,244191,25,620.85,205723,313109,0.49233252623082396,0
2023-07-28 10:52:31,622.6,244225,6,620.85,205666,312125,0.5004035512510125,0
2023-07-28 10:52:31,622.6,244225,6,620.85,205646,312181,0.5004035512510125,0
2023-07-28 10:52:31,622.25,244225,2,620.85,205646,312181,0.44390637610976597,0
2023-07-28 10:52:31,622.5,244225,1,620.85,205646,312181,0.48426150121065376,0
2023-07-28 10:52:31,622.5,244225,1,620.85,205646,312181,0.48426150121065376,0
2023-07-28 10:52:31,622.25,244225,4,620.85,205646,312181,0.44390637610976597,0
2023-07-28 10:52:31,622.5,244225,2,620.85,205646,312181,0.48426150121065376,0
2023-07-28 10:52:43,622.5,244451,2,620.85,205638,312388,0.48426150121065376,0
2023-07-28 10:52:43,622.5,244451,2,620.85,205687,312189,0.48426150121065376,0
2023-07-28 10:52:43,622.5,244451,1,620.85,205687,312189,0.48426150121065376,0
2023-07-28 10:52:43,622.25,244451,1,620.85,205687,312189,0.44390637610976597,0
2023-07-28 10:52:43,622.5,244451,2,620.85,205687,312189,0.48426150121065376,0
2023-07-28 10:52:43,622.5,244451,2,620.85,205687,312189,0.48426150121065376,0
2023-07-28 10:52:52,622.5,244458,2,620.85,205690,312175,0.48426150121065376,0
2023-07-28 10:52:52,622.55,244458,2,620.85,205690,312175,0.49233252623082396,0
2023-07-28 10:52:52,622.55,244458,1,620.85,205690,312175,0.49233252623082396,0
2023-07-28 10:52:52,622.55,244458,4,620.85,205690,312175,0.49233252623082396,0
2023-07-28 10:52:55,622.55,244465,4,620.85,205743,312205,0.49233252623082396,0
2023-07-28 10:52:55,622.45,244465,8,620.85,205743,312205,0.47619047619048355,0
2023-07-28 10:52:55,622.5,244465,50,620.85,205743,312205,0.48426150121065376,0
2023-07-28 10:52:55,622.5,244465,14,620.85,205743,312205,0.48426150121065376,0
2023-07-28 10:53:08,622.5,244554,14,620.85,206293,312922,0.48426150121065376,0
2023-07-28 10:53:08,622.2,244554,2,620.85,206293,312922,0.4358353510895957,0
2023-07-28 10:53:08,622.2,244554,7,620.85,206293,312922,0.4358353510895957,0
2023-07-28 10:53:13,622.2,244563,7,620.85,205552,314213,0.4358353510895957,0
2023-07-28 10:53:13,622.2,244563,10,620.85,205552,314213,0.4358353510895957,0
2023-07-28 10:53:18,622.0,244626,38,620.85,205505,313832,0.4035512510088781,0
2023-07-28 10:53:18,622.0,244626,38,620.85,205505,313832,0.4035512510088781,0
2023-07-28 10:53:18,622.0,244626,38,620.85,205505,313832,0.4035512510088781,0
2023-07-28 10:53:18,622.0,244626,38,620.85,205505,313832,0.4035512510088781,0
2023-07-28 10:53:18,622.0,244626,38,620.85,205515,315893,0.4035512510088781,0
2023-07-28 10:53:18,622.0,244626,38,620.85,205515,315893,0.4035512510088781,0
2023-07-28 10:53:18,622.0,244626,38,620.85,205515,315893,0.4035512510088781,0
2023-07-28 10:53:18,622.25,244626,44,620.85,205515,315893,0.44390637610976597,0
2023-07-28 10:53:18,622.25,244626,44,620.85,205515,315893,0.44390637610976597,0
2023-07-28 10:53:18,622.25,244626,44,620.85,205515,315893,0.44390637610976597,0
2023-07-28 10:53:25,622.25,244701,44,620.85,206051,314976,0.44390637610976597,0
2023-07-28 10:53:25,622.2,244701,2,620.85,206051,314976,0.4358353510895957,0
2023-07-28 10:53:29,622.2,244703,2,620.85,205873,315196,0.4358353510895957,0
2023-07-28 10:53:29,622.0,244703,66,620.85,205873,315196,0.4035512510088781,0
2023-07-28 10:53:34,622.0,244769,66,620.85,206675,315270,0.4035512510088781,0
2023-07-28 10:53:34,622.0,244769,10,620.85,206675,315270,0.4035512510088781,0
2023-07-28 10:53:34,622.0,244769,33,620.85,206675,315270,0.4035512510088781,0
2023-07-28 10:53:37,622.0,244879,33,620.85,206617,315404,0.4035512510088781,0
2023-07-28 10:53:37,622.0,244879,4,620.85,206617,315404,0.4035512510088781,0
2023-07-28 10:53:37,622.2,244879,10,620.85,206617,315404,0.4358353510895957,0
2023-07-28 10:53:47,622.2,244914,10,620.85,207291,314994,0.4358353510895957,0
2023-07-28 10:53:47,622.2,244914,10,620.85,207195,315452,0.4358353510895957,0
2023-07-28 10:53:47,622.2,244914,65,620.85,207195,315452,0.4358353510895957,0
2023-07-28 10:53:57,622.2,244979,65,620.85,207063,315446,0.4358353510895957,0
2023-07-28 10:53:57,622.05,244979,1,620.85,207063,315446,0.41162227602904833,0
2023-07-28 10:54:03,622.05,244989,1,620.85,207363,315296,0.41162227602904833,0
2023-07-28 10:54:03,622.05,244989,9,620.85,207363,315296,0.41162227602904833,0
2023-07-28 10:54:03,622.05,244989,20,620.85,207363,315296,0.41162227602904833,0
2023-07-28 10:54:07,622.05,245027,20,620.85,207457,315403,0.41162227602904833,0
2023-07-28 10:54:12,622.2,245028,1,620.85,207258,316158,0.4358353510895957,0
2023-07-28 10:54:12,622.0,245028,81,620.85,207258,316158,0.4035512510088781,0
2023-07-28 10:54:12,622.05,245028,1,620.85,207258,316158,0.41162227602904833,0
2023-07-28 10:54:15,622.05,245129,1,620.85,206934,316417,0.41162227602904833,0
2023-07-28 10:54:15,622.25,245129,5,620.85,206934,316417,0.44390637610976597,0
2023-07-28 10:54:17,622.25,245158,5,620.85,207028,316339,0.44390637610976597,0
2023-07-28 10:54:17,622.35,245158,26,620.85,207028,316339,0.46004842615012476,0
2023-07-28 10:54:17,622.35,245158,100,620.85,207028,316339,0.46004842615012476,0
2023-07-28 10:54:24,622.35,245483,100,620.85,208102,314860,0.46004842615012476,0
2023-07-28 10:54:24,622.35,245483,80,620.85,208102,314860,0.46004842615012476,0
2023-07-28 10:54:29,622.35,246033,80,620.86,206689,315478,0.46004842615012476,0
2023-07-28 10:54:34,622.05,246053,4,620.86,206693,315559,0.41162227602904833,0
2023-07-28 10:54:34,622.05,246053,4,620.86,206892,315545,0.41162227602904833,0
2023-07-28 10:54:34,622.15,246053,14,620.86,206892,315545,0.4277643260694071,0
2023-07-28 10:54:34,622.15,246053,1,620.86,206892,315545,0.4277643260694071,0
2023-07-28 10:54:41,622.15,246069,1,620.86,208176,315359,0.4277643260694071,0
2023-07-28 10:54:41,622.15,246069,1,620.86,208202,315375,0.4277643260694071,0
2023-07-28 10:54:41,622.3,246069,5,620.86,208202,315375,0.4519774011299362,0
2023-07-28 10:54:49,622.3,246076,2,620.86,208082,315457,0.4519774011299362,0
2023-07-28 10:54:49,622.3,246076,2,620.86,208082,315457,0.4519774011299362,0
2023-07-28 10:54:49,622.35,246076,4,620.86,208082,315457,0.46004842615012476,0
2023-07-28 10:54:49,622.15,246076,15,620.86,208082,315457,0.4277643260694071,0
2023-07-28 10:54:57,622.25,246103,44,620.86,207854,317157,0.44390637610976597,0
2023-07-28 10:54:57,622.15,246103,20,620.86,207854,317157,0.4277643260694071,0
2023-07-28 10:54:57,622.3,246103,1,620.86,207854,317157,0.4519774011299362,0
2023-07-28 10:55:01,622.3,246184,1,620.86,207976,317761,0.4519774011299362,0
2023-07-28 10:55:06,622.3,246194,10,620.86,207934,317751,0.4519774011299362,0
2023-07-28 10:55:06,622.3,246194,96,620.86,208003,317851,0.4519774011299362,0
2023-07-28 10:55:06,622.15,246194,7,620.86,208003,317851,0.4277643260694071,0
2023-07-28 10:55:15,622.0,246390,1,620.86,208156,318187,0.4035512510088781,0
2023-07-28 10:55:15,622.2,246390,1,620.86,208156,318187,0.4358353510895957,0
2023-07-28 10:55:15,622.0,246390,10,620.86,208156,318187,0.4035512510088781,0
2023-07-28 10:55:15,622.2,246390,3,620.86,208156,318187,0.4358353510895957,0
2023-07-28 10:55:15,622.2,246390,1,620.86,208156,318187,0.4358353510895957,0
2023-07-28 10:55:24,622.2,246438,1,620.86,208411,318229,0.4358353510895957,0
2023-07-28 10:55:24,622.2,246438,1,620.86,208411,318229,0.4358353510895957,0
2023-07-28 10:55:29,621.85,247039,9,620.86,206742,317846,0.3793381759483491,0
2023-07-28 10:55:29,622.0,247039,1,620.86,206742,317846,0.4035512510088781,0
2023-07-28 10:55:31,621.8,247040,4,620.86,207027,317254,0.37126715092816054,0
2023-07-28 10:55:33,621.8,247060,4,620.86,207003,317538,0.37126715092816054,0
2023-07-28 10:55:33,622.1,247060,2,620.86,207003,317538,0.4196933010492369,0
2023-07-28 10:55:33,622.1,247060,5,620.86,207003,317538,0.4196933010492369,0
2023-07-28 10:55:40,622.05,247067,21,620.86,206738,317683,0.41162227602904833,0
2023-07-28 10:55:47,622.0,247167,50,620.86,207824,317744,0.4035512510088781,0
2023-07-28 10:55:47,622.0,247167,5,620.86,207824,317744,0.4035512510088781,0
2023-07-28 10:55:47,622.0,247172,5,620.86,207928,317545,0.4035512510088781,0
2023-07-28 10:55:47,621.75,247172,13,620.86,207928,317545,0.36319612590799033,0
2023-07-28 10:55:47,622.0,247172,100,620.86,207928,317545,0.4035512510088781,0
2023-07-28 10:55:54,622.15,247402,10,620.86,210328,317424,0.4277643260694071,0
2023-07-28 10:55:54,622.15,247402,1,620.86,210328,317424,0.4277643260694071,0
2023-07-28 10:55:54,622.0,247402,3,620.86,210328,317424,0.4035512510088781,0
2023-07-28 10:55:58,622.0,247416,3,620.86,210486,317176,0.4035512510088781,0
2023-07-28 10:55:58,622.25,247416,81,620.86,210821,317032,0.44390637610976597,0
2023-07-28 10:56:04,622.25,247539,81,620.86,212549,317251,0.44390637610976597,0
2023-07-28 10:56:04,622.3,247539,17,620.86,212728,317095,0.4519774011299362,0
2023-07-28 10:56:04,622.3,247539,9,620.86,212728,317095,0.4519774011299362,0
2023-07-28 10:56:04,622.25,247539,1,620.86,212728,317095,0.44390637610976597,0
2023-07-28 10:56:04,622.3,247539,2,620.86,212728,317095,0.4519774011299362,0
2023-07-28 10:56:04,622.25,247539,20,620.86,212728,317095,0.44390637610976597,0
2023-07-28 10:56:04,622.45,247539,6,620.86,212728,317095,0.47619047619048355,0
2023-07-28 10:56:20,622.45,247701,6,620.86,212532,315957,0.47619047619048355,0
2023-07-28 10:56:20,622.45,247701,6,620.86,212532,315957,0.47619047619048355,0
2023-07-28 10:56:20,622.45,247701,6,620.86,212532,315957,0.47619047619048355,0
2023-07-28 10:56:20,622.45,247701,6,620.86,212532,315957,0.47619047619048355,0
2023-07-28 10:56:20,622.45,247701,16,620.86,212532,315957,0.47619047619048355,0
2023-07-28 10:56:20,622.45,247701,16,620.86,212532,315957,0.47619047619048355,0
2023-07-28 10:56:20,622.45,247701,16,620.86,212532,315957,0.47619047619048355,0
2023-07-28 10:56:20,622.45,247701,16,620.86,212532,315957,0.47619047619048355,0
2023-07-28 10:56:25,622.4,248447,1,620.87,211452,317521,0.46811945117029496,0
2023-07-28 10:56:25,622.3,248447,300,620.87,211452,317521,0.4519774011299362,0
2023-07-28 10:56:26,622.3,248747,300,620.87,212562,316090,0.4519774011299362,0
2023-07-28 10:56:26,622.3,248747,300,620.87,212706,317914,0.4519774011299362,0
2023-07-28 10:56:26,622.5,248747,5,620.87,212706,317914,0.48426150121065376,0
2023-07-28 10:56:36,622.5,248872,5,620.87,212772,317790,0.48426150121065376,0
2023-07-28 10:56:36,622.3,248872,60,620.87,212772,317790,0.4519774011299362,0
2023-07-28 10:56:36,622.3,248872,5,620.87,212772,317790,0.4519774011299362,0
2023-07-28 10:56:41,622.3,248937,5,620.87,212521,320385,0.4519774011299362,0
2023-07-28 10:56:41,622.3,248937,1,620.87,212521,320385,0.4519774011299362,0
2023-07-28 10:56:43,622.3,248938,1,620.87,212412,317986,0.4519774011299362,0
2023-07-28 10:56:43,622.5,248938,215,620.87,212412,317986,0.48426150121065376,0
2023-07-28 10:56:48,622.5,249397,215,620.87,212190,317545,0.48426150121065376,0
2023-07-28 10:56:48,622.5,249397,1,620.87,212190,317545,0.48426150121065376,0
2023-07-28 10:56:48,622.5,249397,20,620.87,212190,317545,0.48426150121065376,0
2023-07-28 10:56:52,622.5,249418,20,620.87,212288,317869,0.48426150121065376,0
2023-07-28 10:56:52,622.5,249418,20,620.87,213043,318348,0.48426150121065376,0
2023-07-28 10:56:52,622.3,249418,2,620.87,213043,318348,0.4519774011299362,0
2023-07-28 10:56:52,622.45,249418,15,620.87,213043,318348,0.47619047619048355,0
2023-07-28 10:57:01,622.45,249566,15,620.88,214601,318408,0.47619047619048355,0
2023-07-28 10:57:01,622.5,249566,6,620.88,214601,318408,0.48426150121065376,0
2023-07-28 10:57:05,622.5,249606,6,620.88,214732,318322,0.48426150121065376,0
2023-07-28 10:57:05,622.5,249606,6,620.88,214655,318256,0.48426150121065376,0
2023-07-28 10:57:05,622.45,249606,15,620.88,214655,318256,0.47619047619048355,0
2023-07-28 10:57:11,622.45,249621,15,620.88,214569,318197,0.47619047619048355,0
2023-07-28 10:57:11,622.45,249621,627,620.88,214569,318197,0.47619047619048355,0
2023-07-28 10:57:18,622.45,250348,627,620.88,213808,319271,0.47619047619048355,0
2023-07-28 10:57:18,622.45,250348,627,620.88,213874,319499,0.47619047619048355,0
2023-07-28 10:57:18,622.4,250348,9,620.88,213874,319499,0.46811945117029496,0
2023-07-28 10:57:18,622.35,250348,10,620.88,213874,319499,0.46004842615012476,0
2023-07-28 10:57:27,622.35,250368,10,620.88,214009,319998,0.46004842615012476,0
2023-07-28 10:57:27,622.35,250368,5,620.88,214009,319998,0.46004842615012476,0
2023-07-28 10:57:29,622.35,250373,5,620.88,214053,319947,0.46004842615012476,0
2023-07-28 10:57:29,622.35,250373,5,620.88,214198,319890,0.46004842615012476,0
2023-07-28 10:57:29,622.35,250373,5,620.88,214198,319885,0.46004842615012476,0
2023-07-28 10:57:29,622.35,250373,5,620.88,214200,319893,0.46004842615012476,0
2023-07-28 10:57:29,622.35,250373,5,620.88,214062,321036,0.46004842615012476,0
2023-07-28 10:57:29,622.35,250373,50,620.88,214062,321036,0.46004842615012476,0
2023-07-28 10:57:51,622.35,250423,50,620.88,214162,320986,0.46004842615012476,0
2023-07-28 10:57:51,622.1,250423,32,620.88,214162,320986,0.4196933010492369,0
2023-07-28 10:57:54,622.1,250492,32,620.88,214122,320997,0.4196933010492369,0
2023-07-28 10:57:54,622.25,250492,3,620.88,214122,320997,0.44390637610976597,0
2023-07-28 10:57:59,622.25,251372,3,620.89,211738,321158,0.44390637610976597,0
2023-07-28 10:57:59,622.25,251372,2,620.89,211738,321158,0.44390637610976597,0
2023-07-28 10:58:02,622.25,251374,2,620.89,213122,320027,0.44390637610976597,0
2023-07-28 10:58:02,622.25,251374,5,620.89,213122,320027,0.44390637610976597,0
2023-07-28 10:58:06,622.25,251391,5,620.89,212924,320084,0.44390637610976597,0
2023-07-28 10:58:06,622.25,251391,10,620.89,212924,320084,0.44390637610976597,0
2023-07-28 10:58:11,622.25,251401,10,620.89,212582,320393,0.44390637610976597,0
2023-07-28 10:58:11,622.25,251401,12,620.89,212582,320393,0.44390637610976597,0
2023-07-28 10:58:16,622.25,251413,12,620.89,212605,320486,0.44390637610976597,0
2023-07-28 10:58:16,622.45,251413,5,620.89,212605,320486,0.47619047619048355,0
2023-07-28 10:58:19,622.45,253200,5,620.9,213261,318463,0.47619047619048355,0
2023-07-28 10:58:24,622.25,253205,5,620.9,213093,318881,0.44390637610976597,0
2023-07-28 10:58:24,622.45,253205,1,620.9,213093,318881,0.47619047619048355,0
2023-07-28 10:58:29,622.5,253496,136,620.9,213113,318419,0.48426150121065376,0
2023-07-28 10:58:29,622.5,253496,46,620.9,213113,318419,0.48426150121065376,0
2023-07-28 10:58:33,622.5,253592,45,620.9,213175,318253,0.48426150121065376,0
2023-07-28 10:58:33,622.25,253592,19,620.9,213175,318253,0.44390637610976597,0
2023-07-28 10:58:33,622.25,253612,19,620.9,213464,318739,0.44390637610976597,0
2023-07-28 10:58:33,622.5,253612,15,620.9,213464,318739,0.48426150121065376,0
2023-07-28 10:58:33,622.45,253612,20,620.9,213464,318739,0.47619047619048355,0
2023-07-28 10:58:40,622.45,253647,20,620.9,212965,318786,0.47619047619048355,0
2023-07-28 10:58:40,622.5,253647,1,620.9,212965,318786,0.48426150121065376,0
2023-07-28 10:58:40,622.25,253647,16,620.9,212965,318786,0.44390637610976597,0
2023-07-28 10:58:44,622.25,253664,16,620.9,213080,319080,0.44390637610976597,0
2023-07-28 10:58:44,622.25,253664,16,620.9,213072,319063,0.44390637610976597,0
2023-07-28 10:58:44,622.5,253664,64,620.9,213072,319063,0.48426150121065376,0
2023-07-28 10:58:50,622.5,253739,64,620.9,213075,319149,0.48426150121065376,0
2023-07-28 10:58:50,622.5,253739,2,620.9,213075,319149,0.48426150121065376,0
2023-07-28 10:58:55,622.5,253743,2,620.9,213661,318909,0.48426150121065376,0
2023-07-28 10:58:55,622.25,253743,1,620.9,213661,318909,0.44390637610976597,0
2023-07-28 10:59:01,622.3,253749,5,620.9,212802,319564,0.4519774011299362,0
2023-07-28 10:59:01,622.25,253749,38,620.9,212802,319564,0.44390637610976597,0
2023-07-28 10:59:01,622.25,253749,11,620.9,212802,319564,0.44390637610976597,0
2023-07-28 10:59:01,622.3,253749,147,620.9,212802,319564,0.4519774011299362,0
2023-07-28 10:59:08,622.3,253945,147,620.9,212516,319329,0.4519774011299362,0
2023-07-28 10:59:08,622.3,253945,147,620.9,212817,320252,0.4519774011299362,0
2023-07-28 10:59:08,622.0,253945,64,620.9,212817,320252,0.4035512510088781,0
2023-07-28 10:59:13,622.0,254445,64,620.9,212303,320088,0.4035512510088781,0
2023-07-28 10:59:13,622.1,254445,14,620.9,212303,320088,0.4196933010492369,0
2023-07-28 10:59:19,622.1,254543,14,620.9,212561,320137,0.4196933010492369,0
2023-07-28 10:59:19,622.1,254543,14,620.9,212561,320137,0.4196933010492369,0
2023-07-28 10:59:19,622.1,254543,14,620.9,212561,320137,0.4196933010492369,0
2023-07-28 10:59:19,622.1,254543,14,620.9,212561,320137,0.4196933010492369,0
2023-07-28 10:59:19,622.1,254543,14,620.9,212561,320137,0.4196933010492369,0
2023-07-28 10:59:19,622.1,254543,14,620.9,212561,320137,0.4196933010492369,0
2023-07-28 10:59:19,622.1,254543,14,620.9,212561,320137,0.4196933010492369,0
2023-07-28 10:59:19,622.1,254543,14,620.9,212442,320345,0.4196933010492369,0
2023-07-28 10:59:19,622.1,254543,14,620.9,212442,320345,0.4196933010492369,0
2023-07-28 10:59:19,622.1,254543,14,620.9,212442,320345,0.4196933010492369,0
2023-07-28 10:59:19,622.1,254543,14,620.9,212317,320471,0.4196933010492369,0
2023-07-28 10:59:19,622.25,254543,4,620.9,212317,320471,0.44390637610976597,0
2023-07-28 10:59:32,622.25,254548,4,620.9,212348,320427,0.44390637610976597,0
2023-07-28 10:59:32,622.25,254548,10,620.9,212348,320427,0.44390637610976597,0
2023-07-28 10:59:37,622.25,254558,10,620.9,212396,320417,0.44390637610976597,0
2023-07-28 10:59:37,622.25,254558,50,620.9,212396,320417,0.44390637610976597,0
2023-07-28 10:59:37,622.3,254558,1,620.9,212396,320417,0.4519774011299362,0
2023-07-28 10:59:40,622.3,255495,1,620.91,212797,318591,0.4519774011299362,0
2023-07-28 10:59:40,622.45,255495,16,620.91,212797,318591,0.47619047619048355,0
2023-07-28 10:59:40,622.3,255495,2,620.91,212797,318591,0.4519774011299362,0
2023-07-28 10:59:45,622.6,258233,18,620.93,215940,314152,0.5004035512510125,0
2023-07-28 10:59:45,622.55,258233,619,620.93,215940,314152,0.49233252623082396,0
2023-07-28 10:59:47,622.55,258965,619,620.93,214513,315185,0.49233252623082396,0
2023-07-28 10:59:47,622.55,258965,619,620.93,214558,315187,0.49233252623082396,0
2023-07-28 10:59:47,622.55,258965,1,620.93,214558,315187,0.49233252623082396,0
2023-07-28 10:59:57,622.55,258966,1,620.93,214668,315643,0.49233252623082396,0
2023-07-28 10:59:57,622.55,258966,90,620.93,214668,315643,0.49233252623082396,0
2023-07-28 10:59:57,622.75,258966,2,620.93,214668,315643,0.5246166263115416,0
2023-07-28 11:00:02,622.55,259065,5,620.93,214928,315320,0.49233252623082396,0
2023-07-28 11:00:02,622.7,259065,124,620.93,214928,315320,0.5165456012913714,0
2023-07-28 11:00:02,622.75,259065,1,620.93,214928,315320,0.5246166263115416,0
2023-07-28 11:00:05,622.75,259226,1,620.93,214692,316008,0.5246166263115416,0
2023-07-28 11:00:05,622.7,259226,1,620.93,214692,316008,0.5165456012913714,0
2023-07-28 11:00:05,622.55,259226,3,620.93,214692,316008,0.49233252623082396,0
2023-07-28 11:00:08,622.55,259230,3,620.93,214580,316589,0.49233252623082396,0
2023-07-28 11:00:08,622.75,259230,93,620.93,214580,316589,0.5246166263115416,0
2023-07-28 11:00:13,622.75,259630,93,620.94,214357,315349,0.5246166263115416,0
2023-07-28 11:00:13,622.5,259630,6,620.94,214357,315349,0.48426150121065376,0
2023-07-28 11:00:13,622.5,259630,1,620.94,214357,315349,0.48426150121065376,0
2023-07-28 11:00:13,622.85,259630,32,620.94,214357,315349,0.5407586763519003,0
2023-07-28 11:00:18,622.85,260202,40,620.94,214698,314956,0.5407586763519003,0
2023-07-28 11:00:18,622.55,260202,12,620.94,214698,314956,0.49233252623082396,0
2023-07-28 11:00:21,622.55,260214,12,620.94,214474,314865,0.49233252623082396,0
2023-07-28 11:00:21,622.8,260214,149,620.94,214474,314865,0.5326876513317118,0
2023-07-28 11:00:26,622.8,260364,149,620.94,214658,314965,0.5326876513317118,0
2023-07-28 11:00:26,622.8,260364,32,620.94,214658,314965,0.5326876513317118,0
2023-07-28 11:00:26,622.6,260364,3,620.94,214658,314965,0.5004035512510125,0
2023-07-28 11:00:26,622.85,260364,1,620.94,214658,314965,0.5407586763519003,0
2023-07-28 11:00:26,623.3,260364,20,620.94,214658,314965,0.6133979015334874,0
2023-07-28 11:00:31,623.35,279975,1,621.09,217269,290599,0.621468926553676,0
2023-07-28 11:00:31,623.35,279975,5,621.09,217269,290599,0.621468926553676,0
2023-07-28 11:00:31,623.35,279975,1,621.09,217269,290599,0.621468926553676,0
2023-07-28 11:00:31,623.1,279975,7,621.09,217269,290599,0.5811138014527881,0
2023-07-28 11:00:34,623.35,280239,50,621.09,217012,293775,0.621468926553676,0
2023-07-28 11:00:34,622.95,280239,22,621.09,217012,293775,0.5569007263922592,0
2023-07-28 11:00:34,623.35,280239,10,621.09,217012,293775,0.621468926553676,0
2023-07-28 11:00:37,623.35,282265,10,621.1,216808,294482,0.621468926553676,0
2023-07-28 11:00:37,623.1,282265,1,621.1,216808,294482,0.5811138014527881,0
2023-07-28 11:00:42,623.35,282320,11,621.1,216813,294499,0.621468926553676,0
2023-07-28 11:00:42,623.3,282320,10,621.1,216813,294499,0.6133979015334874,0
2023-07-28 11:00:42,623.35,282320,2,621.1,216813,294499,0.621468926553676,0
2023-07-28 11:00:51,623.35,282333,1,621.1,216686,294825,0.621468926553676,0
2023-07-28 11:00:51,623.4,282333,200,621.1,216686,294825,0.6295399515738462,0
2023-07-28 11:00:51,623.5,282333,4,621.1,216686,294825,0.645682001614205,0
2023-07-28 11:00:51,623.4,282333,10,621.1,216686,294825,0.6295399515738462,0
2023-07-28 11:00:54,623.4,282856,10,621.11,218171,293507,0.6295399515738462,0
2023-07-28 11:00:54,623.5,282856,29,621.11,218171,293507,0.645682001614205,0
2023-07-28 11:00:54,623.4,282856,5,621.11,218171,293507,0.6295399515738462,0
2023-07-28 11:00:59,623.4,282921,5,621.11,218072,293649,0.6295399515738462,0
2023-07-28 11:00:59,623.5,282921,1,621.11,218072,293649,0.645682001614205,0
2023-07-28 11:01:04,623.4,282979,5,621.11,217875,294868,0.6295399515738462,0
2023-07-28 11:01:04,623.4,282979,10,621.11,217875,294868,0.6295399515738462,0
2023-07-28 11:01:07,623.5,283089,81,621.11,216998,294317,0.645682001614205,0
2023-07-28 11:01:07,623.5,283089,1,621.11,216998,294317,0.645682001614205,0
2023-07-28 11:01:07,623.4,283089,20,621.11,216998,294317,0.6295399515738462,0
2023-07-28 11:01:12,623.4,283112,2,621.11,216839,294273,0.6295399515738462,0
2023-07-28 11:01:12,623.5,283112,96,621.11,216839,294273,0.645682001614205,0
2023-07-28 11:01:16,623.5,283366,1,621.11,216485,293936,0.645682001614205,0
2023-07-28 11:01:16,623.5,283366,223,621.11,216485,293936,0.645682001614205,0
2023-07-28 11:01:16,623.4,283366,15,621.11,216485,293936,0.6295399515738462,0
2023-07-28 11:01:17,623.4,283742,15,621.11,216435,294080,0.6295399515738462,0
2023-07-28 11:01:17,623.5,283742,43,621.11,216435,294080,0.645682001614205,0
2023-07-28 11:01:17,623.5,283742,20,621.11,216435,294080,0.645682001614205,0
2023-07-28 11:01:24,623.7,286978,210,621.14,218410,291748,0.6779661016949226,0
2023-07-28 11:01:24,623.7,286978,64,621.14,218410,291748,0.6779661016949226,0
2023-07-28 11:01:24,623.7,286978,50,621.14,218410,291748,0.6779661016949226,0
2023-07-28 11:01:26,623.7,287099,50,621.14,217115,292404,0.6779661016949226,0
2023-07-28 11:01:26,623.65,287099,10,621.14,217115,292404,0.669895076674734,0
2023-07-28 11:01:32,623.65,287162,47,621.14,217225,291313,0.669895076674734,0
2023-07-28 11:01:32,623.6,287162,200,621.14,217225,291313,0.6618240516545638,0
2023-07-28 11:01:35,623.6,287362,200,621.14,216348,293421,0.6618240516545638,0
2023-07-28 11:01:35,623.4,287362,64,621.14,216348,293421,0.6295399515738462,0
2023-07-28 11:01:35,623.1,287362,50,621.14,216348,293421,0.5811138014527881,0
2023-07-28 11:01:39,623.1,288999,50,621.16,215013,293467,0.5811138014527881,0
2023-07-28 11:01:44,623.4,289049,50,621.16,215052,293403,0.6295399515738462,0
2023-07-28 11:01:44,623.4,289049,3,621.16,215052,293403,0.6295399515738462,0
2023-07-28 11:01:44,623.55,289049,17,621.16,215052,293403,0.6537530266343752,0
2023-07-28 11:01:49,623.55,290052,17,621.17,215556,293236,0.6537530266343752,0
2023-07-28 11:01:49,623.4,290052,2,621.17,215556,293236,0.6295399515738462,0
2023-07-28 11:01:56,623.4,290056,2,621.17,214930,293791,0.6295399515738462,0
2023-07-28 11:01:56,623.4,290056,1,621.17,214930,293791,0.6295399515738462,0
2023-07-28 11:01:57,623.4,290845,1,621.17,215414,293166,0.6295399515738462,0
2023-07-28 11:01:57,623.4,290845,86,621.17,215414,293166,0.6295399515738462,0
2023-07-28 11:01:57,623.4,290845,1,621.17,215414,293166,0.6295399515738462,0
2023-07-28 11:02:05,623.4,290932,2,621.17,215257,293997,0.6295399515738462,0
2023-07-28 11:02:05,623.4,290932,6,621.17,215257,293997,0.6295399515738462,0
2023-07-28 11:02:10,623.4,291100,5,621.17,216152,292587,0.6295399515738462,0
2023-07-28 11:02:10,623.5,291100,3,621.17,216152,292587,0.645682001614205,0
2023-07-28 11:02:10,623.55,291100,1,621.17,216152,292587,0.6537530266343752,0
2023-07-28 11:02:10,623.4,291100,50,621.17,216152,292587,0.6295399515738462,0
2023-07-28 11:02:12,623.4,292155,50,621.18,216062,291630,0.6295399515738462,0
2023-07-28 11:02:12,623.4,292155,13,621.18,216062,291630,0.6295399515738462,0
2023-07-28 11:02:12,623.4,292155,5,621.18,216062,291630,0.6295399515738462,0
2023-07-28 11:02:12,623.4,292155,27,621.18,216062,291630,0.6295399515738462,0
2023-07-28 11:02:12,623.55,292155,5,621.18,216062,291630,0.6537530266343752,0
2023-07-28 11:02:17,623.55,292225,5,621.18,215833,291941,0.6537530266343752,0
2023-07-28 11:02:17,623.4,292225,5,621.18,215833,291941,0.6295399515738462,0
2023-07-28 11:02:17,623.5,292225,3,621.18,215833,291941,0.645682001614205,0
2023-07-28 11:02:22,623.5,292233,3,621.18,215729,292061,0.645682001614205,0
2023-07-28 11:02:22,623.5,292233,3,621.18,215729,292061,0.645682001614205,0
2023-07-28 11:02:22,623.5,292233,3,621.18,215729,292061,0.645682001614205,0
2023-07-28 11:02:22,623.4,292233,8,621.18,215729,292061,0.6295399515738462,0
2023-07-28 11:02:22,623.4,292233,1,621.18,215729,292061,0.6295399515738462,0
2023-07-28 11:02:22,623.4,292233,1,621.18,215729,292061,0.6295399515738462,0
2023-07-28 11:02:27,623.5,292264,5,621.18,215543,292302,0.645682001614205,0
2023-07-28 11:02:31,623.65,292490,5,621.19,215787,293462,0.669895076674734,0
2023-07-28 11:02:31,623.65,292490,5,621.19,215787,293462,0.669895076674734,0
2023-07-28 11:02:31,623.65,292490,10,621.19,215787,293462,0.669895076674734,0
2023-07-28 11:02:31,623.7,292490,18,621.19,215787,293462,0.6779661016949226,0
2023-07-28 11:02:31,623.7,292490,6,621.19,215787,293462,0.6779661016949226,0
2023-07-28 11:02:35,623.7,292544,6,621.19,215597,293519,0.6779661016949226,0
2023-07-28 11:02:35,623.7,292544,25,621.19,215597,293519,0.6779661016949226,0
2023-07-28 11:02:35,623.65,292544,1,621.19,215597,293519,0.669895076674734,0
2023-07-28 11:02:37,623.65,292570,1,621.19,215455,293608,0.669895076674734,0
2023-07-28 11:02:37,623.75,292570,3,621.19,215455,293608,0.6860371267150929,0
2023-07-28 11:02:44,623.75,293463,1,621.19,217600,290481,0.6860371267150929,0
2023-07-28 11:02:44,623.65,293463,60,621.19,217600,290481,0.669895076674734,0
2023-07-28 11:02:44,623.7,293463,20,621.19,217600,290481,0.6779661016949226,0
2023-07-28 11:02:47,623.7,293699,20,621.2,217419,291563,0.6779661016949226,0
2023-07-28 11:02:47,623.85,293699,406,621.2,217419,291563,0.7021791767554516,0
2023-07-28 11:02:47,623.65,293699,39,621.2,217419,291563,0.669895076674734,0
2023-07-28 11:02:51,623.65,294335,39,621.2,216667,291406,0.669895076674734,0
2023-07-28 11:02:51,623.65,294335,39,621.2,216732,290969,0.669895076674734,0
2023-07-28 11:02:51,623.65,294335,50,621.2,216732,290969,0.669895076674734,0
2023-07-28 11:03:00,623.7,294387,2,621.2,216754,291173,0.6779661016949226,0
2023-07-28 11:03:00,623.65,294387,1,621.2,216754,291173,0.669895076674734,0
2023-07-28 11:03:04,623.65,295400,10,621.21,217391,290097,0.669895076674734,0
2023-07-28 11:03:04,624.0,295400,15,621.21,217391,290097,0.7263922518159807,0
2023-07-28 11:03:04,623.65,295400,50,621.21,217391,290097,0.669895076674734,0
2023-07-28 11:03:04,623.75,295400,65,621.21,217391,290097,0.6860371267150929,0
2023-07-28 11:03:04,623.75,295400,354,621.21,217391,290097,0.6860371267150929,0
2023-07-28 11:03:07,623.75,296884,354,621.22,217491,290089,0.6860371267150929,0
2023-07-28 11:03:07,623.75,296884,354,621.22,217379,290150,0.6860371267150929,0
2023-07-28 11:03:07,623.75,296884,2,621.22,217379,290150,0.6860371267150929,0
2023-07-28 11:03:16,623.75,296886,2,621.22,217447,290286,0.6860371267150929,0
2023-07-28 11:03:16,623.7,296886,25,621.22,217447,290286,0.6779661016949226,0
2023-07-28 11:03:16,623.75,296886,31,621.22,217447,290286,0.6860371267150929,0
2023-07-28 11:03:21,623.6,297046,21,621.22,217008,290592,0.6618240516545638,0
2023-07-28 11:03:21,623.6,297046,21,621.22,216044,290602,0.6618240516545638,0
2023-07-28 11:03:21,623.6,297046,21,621.22,215939,290958,0.6618240516545638,0
2023-07-28 11:03:21,623.75,297046,150,621.22,215939,290958,0.6860371267150929,0
2023-07-28 11:03:32,623.75,297295,150,621.23,216773,290486,0.6860371267150929,0
2023-07-28 11:03:32,623.8,297295,2,621.23,216773,290486,0.6941081517352631,0
2023-07-28 11:03:38,623.8,297305,2,621.23,216646,291498,0.6941081517352631,0
2023-07-28 11:03:38,623.75,297305,5,621.23,216646,291498,0.6860371267150929,0
2023-07-28 11:03:43,623.75,297335,5,621.23,216843,291693,0.6860371267150929,0
2023-07-28 11:03:43,623.8,297335,5,621.23,216843,291693,0.6941081517352631,0
2023-07-28 11:03:43,623.75,297335,2,621.23,216843,291693,0.6860371267150929,0
2023-07-28 11:03:49,623.75,297375,2,621.23,216978,291654,0.6860371267150929,0
2023-07-28 11:03:49,623.85,297375,10,621.23,216978,291654,0.7021791767554516,0
2023-07-28 11:03:49,623.85,297375,1,621.23,216978,291654,0.7021791767554516,0
2023-07-28 11:03:53,623.85,297386,1,621.23,217155,291549,0.7021791767554516,0
2023-07-28 11:03:53,623.5,297386,20,621.23,217155,291549,0.645682001614205,0
2023-07-28 11:03:53,623.6,297386,10,621.23,217155,291549,0.6618240516545638,0
2023-07-28 11:03:53,623.65,297386,7,621.23,217155,291549,0.669895076674734,0
2023-07-28 11:03:56,623.65,298326,7,621.24,215730,292570,0.669895076674734,0
2023-07-28 11:03:56,623.4,298326,1,621.24,215730,292570,0.6295399515738462,0
2023-07-28 11:04:00,623.65,298345,18,621.24,215392,292974,0.669895076674734,0
2023-07-28 11:04:00,623.05,298345,7,621.24,215392,292974,0.5730427764325996,0
2023-07-28 11:04:00,623.5,298345,1,621.24,215392,292974,0.645682001614205,0
2023-07-28 11:04:05,623.55,300868,14,621.25,215149,290258,0.6537530266343752,0
2023-07-28 11:04:05,623.2,300868,2,621.25,215149,290258,0.597255851493147,0
2023-07-28 11:04:05,623.25,300868,1,621.25,215149,290258,0.6053268765133172,0
2023-07-28 11:04:08,623.25,301201,1,621.25,215143,290195,0.6053268765133172,0
2023-07-28 11:04:08,623.55,301201,34,621.25,215195,290196,0.6537530266343752,0
2023-07-28 11:04:13,623.55,301351,34,621.26,215750,290073,0.6537530266343752,0
2023-07-28 11:04:13,623.3,301351,5,621.26,215750,290073,0.6133979015334874,0
2023-07-28 11:04:18,623.3,301356,5,621.26,215746,290355,0.6133979015334874,0
2023-07-28 11:04:18,623.3,301356,5,621.26,215457,290430,0.6133979015334874,0
2023-07-28 11:04:18,623.3,301356,4,621.26,215457,290430,0.6133979015334874,0
2023-07-28 11:04:28,623.3,301361,4,621.26,215602,290692,0.6133979015334874,0
2023-07-28 11:04:28,623.3,301361,4,621.26,215685,290836,0.6133979015334874,0
2023-07-28 11:04:28,623.25,301361,15,621.26,215685,290836,0.6053268765133172,0
2023-07-28 11:04:34,623.25,301376,15,621.26,215333,291154,0.6053268765133172,0
2023-07-28 11:04:34,623.25,301376,85,621.26,215333,291154,0.6053268765133172,0
2023-07-28 11:04:39,623.25,301469,85,621.26,214182,290994,0.6053268765133172,0
2023-07-28 11:04:39,623.45,301469,6,621.26,214182,290994,0.6376109765940348,0
2023-07-28 11:04:44,623.45,302304,6,621.26,215138,290456,0.6376109765940348,0
2023-07-28 11:04:44,623.45,302304,6,621.26,210534,290782,0.6376109765940348,0
2023-07-28 11:04:44,623.45,302304,6,621.26,214473,290920,0.6376109765940348,0
2023-07-28 11:04:44,623.45,302304,6,621.26,214483,291213,0.6376109765940348,0
2023-07-28 11:04:44,623.3,302304,1,621.26,214483,291213,0.6133979015334874,0
2023-07-28 11:04:44,623.15,302304,10,621.26,214483,291213,0.5891848264729584,0
2023-07-28 11:04:44,623.3,302304,22,621.26,214483,291213,0.6133979015334874,0
2023-07-28 11:05:01,623.3,302340,22,621.26,214508,290979,0.6133979015334874,0
2023-07-28 11:05:01,623.45,302340,2,621.26,214508,290979,0.6376109765940348,0
2023-07-28 11:05:04,623.45,302342,2,621.26,212067,288437,0.6376109765940348,0
2023-07-28 11:05:04,623.3,302342,50,621.26,212067,288437,0.6133979015334874,0
2023-07-28 11:05:04,623.45,302342,35,621.26,212067,288437,0.6376109765940348,0
2023-07-28 11:05:04,623.3,302342,5,621.26,212067,288437,0.6133979015334874,0
2023-07-28 11:05:08,623.3,302447,5,621.26,214557,291274,0.6133979015334874,0
2023-07-28 11:05:08,623.3,302447,5,621.26,214658,291495,0.6133979015334874,0
2023-07-28 11:05:08,623.3,302447,5,621.26,214658,291495,0.6133979015334874,0
2023-07-28 11:05:08,623.45,302447,200,621.26,214658,291495,0.6376109765940348,0
2023-07-28 11:05:08,623.45,302447,5,621.26,214658,291495,0.6376109765940348,0
2023-07-28 11:05:16,623.45,303157,5,621.27,214982,291047,0.6376109765940348,0
2023-07-28 11:05:16,623.3,303157,5,621.27,214982,291047,0.6133979015334874,0
2023-07-28 11:05:21,623.3,303482,5,621.27,214193,291607,0.6133979015334874,0
2023-07-28 11:05:21,623.3,303482,5,621.27,214193,291607,0.6133979015334874,0
2023-07-28 11:05:21,623.25,303482,2,621.27,214193,291607,0.6053268765133172,0
2023-07-28 11:05:21,623.25,303482,2,621.27,214193,291607,0.6053268765133172,0
2023-07-28 11:05:21,623.25,303482,2,621.27,214193,291607,0.6053268765133172,0
2023-07-28 11:05:21,623.25,303482,2,621.27,214193,291607,0.6053268765133172,0
2023-07-28 11:05:21,623.25,303482,2,621.27,214193,291607,0.6053268765133172,0
2023-07-28 11:05:23,623.25,303497,2,621.27,214359,291749,0.6053268765133172,0
2023-07-28 11:05:23,623.25,303497,2,621.27,214359,291749,0.6053268765133172,0
2023-07-28 11:05:23,623.25,303497,2,621.27,214359,291749,0.6053268765133172,0
2023-07-28 11:05:23,623.25,303497,2,621.27,214348,291709,0.6053268765133172,0
2023-07-28 11:05:23,623.25,303497,2,621.27,214361,291494,0.6053268765133172,0
2023-07-28 11:05:23,623.25,303497,30,621.27,214361,291494,0.6053268765133172,0
2023-07-28 11:05:37,623.25,303528,30,621.27,214402,291658,0.6053268765133172,0
2023-07-28 11:05:37,623.25,303528,30,621.27,214359,292171,0.6053268765133172,0
2023-07-28 11:05:37,623.25,303528,30,621.27,214288,292196,0.6053268765133172,0
2023-07-28 11:05:37,623.25,303528,1,621.27,214288,292196,0.6053268765133172,0
2023-07-28 11:05:37,623.25,303528,2,621.27,214288,292196,0.6053268765133172,0
2023-07-28 11:05:49,623.25,303751,25,621.27,215064,291784,0.6053268765133172,0
2023-07-28 11:05:49,623.25,303751,3,621.27,215064,291784,0.6053268765133172,0
2023-07-28 11:05:54,623.25,303779,3,621.27,215215,291779,0.6053268765133172,0
2023-07-28 11:05:54,623.25,303779,2,621.27,215215,291779,0.6053268765133172,0
2023-07-28 11:05:57,623.25,304405,2,621.28,214300,292573,0.6053268765133172,0
2023-07-28 11:05:57,623.2,304405,10,621.28,214300,292573,0.597255851493147,0
2023-07-28 11:05:57,622.85,304405,24,621.28,214300,292573,0.5407586763519003,0
2023-07-28 11:06:03,623.2,304935,1,621.28,212830,292618,0.597255851493147,0
2023-07-28 11:06:03,623.2,304935,2,621.28,212830,292618,0.597255851493147,0
2023-07-28 11:06:04,623.2,304937,2,621.28,212951,292900,0.597255851493147,0
2023-07-28 11:06:04,622.85,304937,35,621.28,212951,292900,0.5407586763519003,0
2023-07-28 11:06:10,622.85,304972,35,621.28,210213,292988,0.5407586763519003,0
2023-07-28 11:06:10,622.65,304972,5,621.28,210213,292988,0.5084745762711828,0
2023-07-28 11:06:10,622.95,304972,10,621.28,210213,292988,0.5569007263922592,0
2023-07-28 11:06:14,622.95,305027,10,621.28,210380,292884,0.5569007263922592,0
2023-07-28 11:06:14,622.65,305027,1,621.28,210380,292884,0.5084745762711828,0
2023-07-28 11:06:14,622.95,305027,1,621.28,210380,292884,0.5569007263922592,0
2023-07-28 11:06:17,622.95,305029,1,621.28,210174,294608,0.5569007263922592,0
2023-07-28 11:06:17,622.65,305029,5,621.28,210174,294608,0.5084745762711828,0
2023-07-28 11:06:17,622.65,305029,25,621.28,210174,294608,0.5084745762711828,0
2023-07-28 11:06:22,622.65,305059,25,621.28,210210,294470,0.5084745762711828,0
2023-07-28 11:06:25,622.65,305079,20,621.28,210340,294770,0.5084745762711828,0
2023-07-28 11:06:25,622.65,305079,20,621.28,210740,294724,0.5084745762711828,0
2023-07-28 11:06:25,622.65,305079,6,621.28,210740,294724,0.5084745762711828,0
2023-07-28 11:06:25,622.65,305079,8,621.28,210740,294724,0.5084745762711828,0
2023-07-28 11:06:36,622.65,305113,8,621.28,210748,294798,0.5084745762711828,0
2023-07-28 11:06:36,622.65,305113,8,621.28,210709,294798,0.5084745762711828,0
2023-07-28 11:06:36,622.95,305113,5,621.28,210709,294798,0.5569007263922592,0
2023-07-28 11:06:44,622.9,305486,1,621.28,210509,295114,0.5488297013720705,0
2023-07-28 11:06:48,622.65,305491,5,621.28,210559,294946,0.5084745762711828,0
2023-07-28 11:06:52,622.65,305506,15,621.28,210569,294975,0.5084745762711828,0
2023-07-28 11:06:52,622.5,305506,6,621.28,210569,294975,0.48426150121065376,0
2023-07-28 11:06:52,622.5,305506,14,621.28,210569,294975,0.48426150121065376,0
2023-07-28 11:06:55,622.5,305908,14,621.28,206095,292295,0.48426150121065376,0
2023-07-28 11:06:55,622.5,305908,4,621.28,206095,292295,0.48426150121065376,0
2023-07-28 11:06:55,622.65,305908,1,621.28,206095,292295,0.5084745762711828,0
2023-07-28 11:06:59,622.65,305914,1,621.28,208280,294612,0.5084745762711828,0
2023-07-28 11:06:59,622.6,305914,8,621.28,208280,294612,0.5004035512510125,0
2023-07-28 11:06:59,622.6,305914,6,621.28,208280,294612,0.5004035512510125,0
2023-07-28 11:07:04,622.6,305928,6,621.28,208359,294662,0.5004035512510125,0
2023-07-28 11:07:04,622.4,305928,192,621.28,208359,294662,0.46811945117029496,0
2023-07-28 11:07:06,622.4,306228,192,621.28,209674,294293,0.46811945117029496,0
2023-07-28 11:07:06,622.6,306228,86,621.28,209674,294293,0.5004035512510125,0
2023-07-28 11:07:10,622.6,306314,86,621.29,210174,293887,0.5004035512510125,0
2023-07-28 11:07:10,622.7,306314,5,621.29,210174,293887,0.5165456012913714,0
2023-07-28 11:07:15,622.7,306367,5,621.29,210080,296361,0.5165456012913714,0
2023-07-28 11:07:20,622.7,306368,1,621.29,210036,296191,0.5165456012913714,0
2023-07-28 11:07:20,622.7,306368,1,621.29,210036,296191,0.5165456012913714,0
2023-07-28 11:07:22,622.7,306369,1,621.29,210029,296215,0.5165456012913714,0
2023-07-28 11:07:22,622.7,306369,647,621.29,210029,296215,0.5165456012913714,0
2023-07-28 11:07:22,622.5,306369,50,621.29,210029,296215,0.48426150121065376,0
2023-07-28 11:07:28,622.45,307122,10,621.29,209768,298832,0.47619047619048355,0
2023-07-28 11:07:28,622.5,307122,6,621.29,209768,298832,0.48426150121065376,0
2023-07-28 11:07:29,622.5,307128,6,621.29,209712,297744,0.48426150121065376,0
2023-07-28 11:07:29,622.6,307128,36,621.29,209712,297744,0.5004035512510125,0
2023-07-28 11:07:29,622.6,307128,20,621.29,209712,297744,0.5004035512510125,0
2023-07-28 11:07:29,622.65,307128,80,621.29,209712,297744,0.5084745762711828,0
2023-07-28 11:07:40,622.65,307328,80,621.29,211007,298797,0.5084745762711828,0
2023-07-28 11:07:40,622.45,307328,15,621.29,211007,298797,0.47619047619048355,0
2023-07-28 11:07:40,622.7,307328,42,621.29,211007,298797,0.5165456012913714,0
2023-07-28 11:07:45,622.75,307501,3,621.29,211174,298669,0.5246166263115416,0
2023-07-28 11:07:45,622.4,307501,11,621.29,211174,298669,0.46811945117029496,0
2023-07-28 11:07:45,622.7,307501,5,621.29,211174,298669,0.5165456012913714,0
2023-07-28 11:07:49,622.5,307638,16,621.29,210598,298736,0.48426150121065376,0
2023-07-28 11:07:49,622.5,307638,25,621.29,210598,298736,0.48426150121065376,0
2023-07-28 11:07:52,622.5,307663,25,621.29,210580,298563,0.48426150121065376,0
2023-07-28 11:07:52,622.5,307663,28,621.29,210580,298563,0.48426150121065376,0
2023-07-28 11:07:52,622.5,307663,127,621.29,210580,298563,0.48426150121065376,0
2023-07-28 11:07:52,622.5,307663,226,621.29,210580,298563,0.48426150121065376,0
2023-07-28 11:07:52,622.75,307663,1,621.29,210580,298563,0.5246166263115416,0
2023-07-28 11:07:52,622.5,307663,120,621.29,210580,298563,0.48426150121065376,0
2023-07-28 11:07:52,622.75,307663,16,621.29,210580,298563,0.5246166263115416,0
2023-07-28 11:08:01,622.5,308434,1,621.29,212802,298393,0.48426150121065376,0
2023-07-28 11:08:01,622.5,308434,140,621.29,212802,298393,0.48426150121065376,0
2023-07-28 11:08:01,622.75,308434,11,621.29,212802,298393,0.5246166263115416,0
2023-07-28 11:08:01,622.5,308434,5,621.29,212802,298393,0.48426150121065376,0
2023-07-28 11:08:05,622.5,308595,5,621.29,212041,299362,0.48426150121065376,0
2023-07-28 11:08:05,622.5,308595,5,621.29,212041,299362,0.48426150121065376,0
2023-07-28 11:08:05,622.5,308595,5,621.29,212041,299362,0.48426150121065376,0
2023-07-28 11:08:05,622.75,308595,3,621.29,212041,299387,0.5246166263115416,0
2023-07-28 11:08:10,622.75,308598,3,621.3,211988,299434,0.5246166263115416,0
2023-07-28 11:08:10,622.75,308598,3,621.3,211988,299434,0.5246166263115416,0
2023-07-28 11:08:10,622.75,308598,3,621.3,211988,299434,0.5246166263115416,0
2023-07-28 11:08:10,622.75,308598,3,621.3,211988,299434,0.5246166263115416,0
2023-07-28 11:08:10,622.75,308598,3,621.3,212032,299434,0.5246166263115416,0
2023-07-28 11:08:10,622.75,308598,3,621.3,212037,299436,0.5246166263115416,0
2023-07-28 11:08:10,622.75,308598,406,621.3,212037,299436,0.5246166263115416,0
2023-07-28 11:08:17,622.75,309207,406,621.3,211283,299856,0.5246166263115416,0
2023-07-28 11:08:19,622.75,309222,12,621.3,211281,299761,0.5246166263115416,0
2023-07-28 11:08:19,622.75,309222,12,621.3,211281,299761,0.5246166263115416,0
2023-07-28 11:08:19,622.75,309222,12,621.3,211281,299791,0.5246166263115416,0
2023-07-28 11:08:19,622.75,309222,10,621.3,211281,299791,0.5246166263115416,0
2023-07-28 11:08:22,622.75,309252,10,621.3,211281,299727,0.5246166263115416,0
2023-07-28 11:08:22,622.75,309252,10,621.3,211279,299727,0.5246166263115416,0
2023-07-28 11:08:22,622.75,309252,10,621.3,211279,299727,0.5246166263115416,0
2023-07-28 11:08:22,622.75,309252,10,621.3,211238,299727,0.5246166263115416,0
2023-07-28 11:08:22,622.75,309252,10,621.3,211238,299778,0.5246166263115416,0
2023-07-28 11:08:22,622.75,309252,10,621.3,211238,299778,0.5246166263115416,0
2023-07-28 11:08:22,622.75,309252,10,621.3,211238,299778,0.5246166263115416,0
2023-07-28 11:08:27,622.75,309352,93,621.3,210765,300787,0.5246166263115416,0
2023-07-28 11:08:27,622.75,309352,93,621.3,211030,300753,0.5246166263115416,0
2023-07-28 11:08:27,622.75,309352,93,621.3,211030,300753,0.5246166263115416,0
2023-07-28 11:08:29,622.65,309367,15,621.3,211093,300998,0.5084745762711828,0
2023-07-28 11:08:29,622.65,309367,15,621.3,212046,299373,0.5084745762711828,0
2023-07-28 11:08:29,622.65,309367,15,621.3,212046,299373,0.5084745762711828,0
2023-07-28 11:08:29,622.65,309367,15,621.3,212098,299600,0.5084745762711828,0
2023-07-28 11:08:33,622.65,309377,10,621.3,212122,299599,0.5084745762711828,0
2023-07-28 11:08:33,622.4,309411,2,621.3,211513,299673,0.46811945117029496,0
2023-07-28 11:08:33,622.4,309411,2,621.3,211566,299724,0.46811945117029496,0
2023-07-28 11:08:33,622.4,309411,2,621.3,211566,299754,0.46811945117029496,0
2023-07-28 11:08:36,622.75,309661,69,621.3,211546,299580,0.5246166263115416,0
2023-07-28 11:08:36,622.75,309661,1,621.3,211546,299580,0.5246166263115416,0
2023-07-28 11:08:37,622.75,309662,1,621.3,211502,299630,0.5246166263115416,0
2023-07-28 11:08:37,622.75,309662,1,621.3,211502,299630,0.5246166263115416,0
2023-07-28 11:08:37,622.75,309662,1,621.3,211487,299838,0.5246166263115416,0
2023-07-28 11:08:37,622.75,309662,1,621.3,211487,299900,0.5246166263115416,0
2023-07-28 11:08:37,622.5,309662,5,621.3,211487,300000,0.48426150121065376,0
2023-07-28 11:08:43,622.5,309687,5,621.3,211376,299964,0.48426150121065376,0
2023-07-28 11:08:43,622.5,309687,5,621.3,211339,299989,0.48426150121065376,0
2023-07-28 11:08:43,622.5,309687,5,621.3,211293,299990,0.48426150121065376,0
2023-07-28 11:08:43,622.5,309687,5,621.3,211293,299940,0.48426150121065376,0
2023-07-28 11:08:43,622.75,309687,28,621.3,211293,299940,0.5246166263115416,0
2023-07-28 11:08:47,622.75,309747,1,621.3,211218,299989,0.5246166263115416,0
2023-07-28 11:08:47,622.75,309747,1,621.3,211129,299989,0.5246166263115416,0
2023-07-28 11:08:47,622.75,309747,1,621.3,211129,299989,0.5246166263115416,0
2023-07-28 11:08:47,622.75,309747,1,621.3,211208,300234,0.5246166263115416,0
2023-07-28 11:08:47,622.75,309747,1,621.3,211208,300246,0.5246166263115416,0
2023-07-28 11:08:47,622.75,309747,1,621.3,211208,300316,0.5246166263115416,0
2023-07-28 11:08:47,622.75,309747,1,621.3,211208,300317,0.5246166263115416,0
2023-07-28 11:08:47,622.75,309747,1,621.3,211208,300318,0.5246166263115416,0
2023-07-28 11:08:55,622.4,309787,23,621.3,211143,300170,0.46811945117029496,0
2023-07-28 11:08:55,622.4,309787,23,621.3,211143,300170,0.46811945117029496,0
2023-07-28 11:08:55,622.4,309787,23,621.3,211143,300385,0.46811945117029496,0
2023-07-28 11:08:55,622.4,309787,23,621.3,211143,300385,0.46811945117029496,0
2023-07-28 11:08:55,622.4,309787,23,621.3,211292,300385,0.46811945117029496,0
2023-07-28 11:09:02,622.7,310074,14,621.3,211372,303178,0.5165456012913714,0
2023-07-28 11:09:02,622.75,310074,1,621.3,211364,303178,0.5246166263115416,0
2023-07-28 11:09:03,622.75,310075,1,621.3,212275,303146,0.5246166263115416,0
2023-07-28 11:09:03,622.75,310075,1,621.3,212226,303346,0.5246166263115416,0
2023-07-28 11:09:03,622.75,310075,1,621.3,212218,303338,0.5246166263115416,0
2023-07-28 11:09:03,622.9,310075,4,621.3,212218,303338,0.5488297013720705,0
2023-07-28 11:09:03,622.9,310075,7,621.3,212218,303338,0.5488297013720705,0
2023-07-28 11:09:10,622.9,310087,7,621.3,212214,303326,0.5488297013720705,0
2023-07-28 11:09:10,622.9,310087,1,621.3,212214,303326,0.5488297013720705,0
2023-07-28 11:09:10,622.9,310087,10,621.3,212214,303326,0.5488297013720705,0
2023-07-28 11:09:16,622.9,310098,10,621.3,211933,303568,0.5488297013720705,0
2023-07-28 11:09:16,622.9,310098,3,621.3,211933,303568,0.5488297013720705,0
2023-07-28 11:09:18,622.9,310101,3,621.3,212249,303587,0.5488297013720705,0
2023-07-28 11:09:18,622.9,310101,4,621.3,212249,303587,0.5488297013720705,0
2023-07-28 11:09:18,622.9,310101,60,621.3,212249,303587,0.5488297013720705,0
2023-07-28 11:09:21,622.9,310166,60,621.3,212133,303439,0.5488297013720705,0
2023-07-28 11:09:21,622.75,310166,1,621.3,212133,303439,0.5246166263115416,0
2023-07-28 11:09:25,622.75,310169,1,621.3,212197,303439,0.5246166263115416,0
2023-07-28 11:09:25,622.75,310169,1,621.3,212296,303940,0.5246166263115416,0
2023-07-28 11:09:36,622.9,310191,22,621.3,212012,304004,0.5488297013720705,0
2023-07-28 11:09:36,622.9,310191,50,621.3,212012,304004,0.5488297013720705,0
2023-07-28 11:09:38,622.9,310242,50,621.3,212150,303850,0.5488297013720705,0
2023-07-28 11:09:38,622.9,310242,1,621.3,212150,303850,0.5488297013720705,0
2023-07-28 11:09:48,622.95,310389,3,621.3,212714,304079,0.5569007263922592,0
2023-07-28 11:09:48,622.95,310389,3,621.3,212714,304079,0.5569007263922592,0
2023-07-28 11:09:48,622.9,310389,113,621.3,212714,304079,0.5488297013720705,0
2023-07-28 11:09:51,622.9,310502,113,621.3,212594,304066,0.5488297013720705,0
2023-07-28 11:09:51,622.9,310502,10,621.3,212594,304066,0.5488297013720705,0
2023-07-28 11:09:51,622.75,310502,12,621.3,212594,304066,0.5246166263115416,0
2023-07-28 11:09:51,622.75,310502,1,621.3,212594,304066,0.5246166263115416,0
2023-07-28 11:09:51,622.9,310502,3,621.3,212594,304066,0.5488297013720705,0
2023-07-28 11:09:56,622.9,310543,3,621.3,212639,303836,0.5488297013720705,0
2023-07-28 11:09:56,622.9,310543,248,621.3,212639,303836,0.5488297013720705,0
2023-07-28 11:09:56,622.9,310543,2,621.3,212639,303836,0.5488297013720705,0
2023-07-28 11:09:58,622.9,310795,2,621.31,212639,303704,0.5488297013720705,0
2023-07-28 11:09:58,622.75,310795,4,621.31,212639,303704,0.5246166263115416,0
2023-07-28 11:10:02,622.75,310799,4,621.31,212540,304559,0.5246166263115416,0
2023-07-28 11:10:02,622.85,310799,10,621.31,212540,304559,0.5407586763519003,0
2023-07-28 11:10:04,622.85,310814,10,621.31,212483,304058,0.5407586763519003,0
2023-07-28 11:10:04,622.75,310814,1,621.31,212483,304058,0.5246166263115416,0
2023-07-28 11:10:04,622.8,310814,5,621.31,212483,304058,0.5326876513317118,0
2023-07-28 11:10:11,622.8,310870,5,621.31,215101,301548,0.5326876513317118,0
2023-07-28 11:10:11,622.75,310870,1,621.31,215101,301548,0.5246166263115416,0
2023-07-28 11:10:13,622.75,310871,1,621.31,215226,301020,0.5246166263115416,0
2023-07-28 11:10:20,622.95,310891,18,621.31,215179,301165,0.5569007263922592,0
2023-07-28 11:10:20,623.05,310891,8,621.31,215179,301165,0.5730427764325996,0
2023-07-28 11:10:21,623.05,311267,8,621.31,215836,301233,0.5730427764325996,0
2023-07-28 11:10:28,623.15,311283,16,621.31,215863,301296,0.5891848264729584,0
2023-07-28 11:10:28,623.15,311283,5,621.31,215863,301296,0.5891848264729584,0
2023-07-28 11:10:32,623.15,311293,5,621.31,215424,301240,0.5891848264729584,0
2023-07-28 11:10:32,623.15,311293,5,621.31,215583,301401,0.5891848264729584,0
2023-07-28 11:10:32,622.8,311293,4,621.31,215583,301401,0.5326876513317118,0
2023-07-28 11:10:37,622.8,311593,4,621.31,215239,301337,0.5326876513317118,0
2023-07-28 11:10:37,622.8,311593,4,621.31,215224,301456,0.5326876513317118,0
2023-07-28 11:10:37,623.1,311593,6,621.31,215224,301456,0.5811138014527881,0
2023-07-28 11:10:46,623.1,311599,6,621.31,215172,301019,0.5811138014527881,0
2023-07-28 11:10:46,623.1,311599,6,621.31,215150,301769,0.5811138014527881,0
2023-07-28 11:10:46,623.1,311599,6,621.31,215150,301818,0.5811138014527881,0
2023-07-28 11:10:46,623.15,311599,41,621.31,215150,301818,0.5891848264729584,0
2023-07-28 11:10:58,623.15,311779,41,621.31,215125,302004,0.5891848264729584,0
2023-07-28 11:10:58,623.0,311779,10,621.31,215125,302004,0.5649717514124294,0
2023-07-28 11:11:05,622.9,312090,1,621.31,212697,302284,0.5488297013720705,0
2023-07-28 11:11:05,622.9,312090,1,621.31,213727,301815,0.5488297013720705,0
2023-07-28 11:11:05,622.9,312090,1,621.31,213492,302220,0.5488297013720705,0
2023-07-28 11:11:08,622.8,312100,10,621.31,213522,302274,0.5326876513317118,0
2023-07-28 11:11:08,622.8,312100,10,621.31,213604,302202,0.5326876513317118,0
2023-07-28 11:11:10,622.8,312105,2,621.31,213676,302128,0.5326876513317118,0
2023-07-28 11:11:10,622.8,312105,2,621.31,213776,302104,0.5326876513317118,0
2023-07-28 11:11:10,622.8,312105,2,621.31,213776,302104,0.5326876513317118,0
2023-07-28 11:11:10,622.8,312105,2,621.31,213776,302104,0.5326876513317118,0
2023-07-28 11:11:10,622.8,312105,2,621.31,213888,302169,0.5326876513317118,0
2023-07-28 11:11:10,622.8,312105,2,621.31,213888,302169,0.5326876513317118,0
2023-07-28 11:11:10,622.8,312105,2,621.31,213888,302169,0.5326876513317118,0
2023-07-28 11:11:10,622.8,312105,2,621.31,213870,302091,0.5326876513317118,0
2023-07-28 11:11:19,622.85,312108,1,621.31,214197,301814,0.5407586763519003,0
2023-07-28 11:11:19,622.85,312108,1,621.31,214227,301814,0.5407586763519003,0
2023-07-28 11:11:19,622.85,312108,1,621.31,214327,301862,0.5407586763519003,0
2023-07-28 11:11:19,622.55,312108,29,621.31,214327,301862,0.49233252623082396,0
2023-07-28 11:11:21,622.55,312158,29,621.31,214279,301856,0.49233252623082396,0
2023-07-28 11:11:23,622.55,312173,15,621.31,214264,301856,0.49233252623082396,0
2023-07-28 11:11:23,622.55,312173,15,621.31,214264,301856,0.49233252623082396,0
2023-07-28 11:11:23,622.55,312173,15,621.31,214264,301856,0.49233252623082396,0
2023-07-28 11:11:23,622.55,312173,15,621.31,214284,301856,0.49233252623082396,0
2023-07-28 11:11:23,622.55,312173,15,621.31,214284,301856,0.49233252623082396,0
2023-07-28 11:11:23,622.55,312173,15,621.31,214284,301856,0.49233252623082396,0
2023-07-28 11:11:23,622.55,312173,15,621.31,214279,301856,0.49233252623082396,0
2023-07-28 11:11:23,622.55,312173,15,621.31,214279,301856,0.49233252623082396,0
2023-07-28 11:11:23,622.85,312173,3,621.31,214279,301856,0.5407586763519003,0
2023-07-28 11:11:28,622.85,312176,3,621.31,214202,302033,0.5407586763519003,0
2023-07-28 11:11:28,622.85,312176,3,621.31,214202,302033,0.5407586763519003,0
2023-07-28 11:11:28,622.85,312176,3,621.31,214203,302183,0.5407586763519003,0
2023-07-28 11:11:28,622.85,312176,1,621.31,214203,302183,0.5407586763519003,0
2023-07-28 11:11:31,622.85,312177,1,621.31,214203,302182,0.5407586763519003,0
2023-07-28 11:11:31,622.85,312177,42,621.31,214078,301744,0.5407586763519003,0
2023-07-28 11:11:34,622.85,312404,42,621.31,213364,302206,0.5407586763519003,0
2023-07-28 11:11:34,622.85,312404,42,621.31,213521,302091,0.5407586763519003,0
2023-07-28 11:11:34,622.85,312404,42,621.31,213521,302014,0.5407586763519003,0
2023-07-28 11:11:34,622.85,312404,42,621.31,215048,302307,0.5407586763519003,0
2023-07-28 11:11:34,622.85,312404,42,621.31,214989,302264,0.5407586763519003,0
2023-07-28 11:11:34,622.85,312404,25,621.31,215573,302183,0.5407586763519003,0
2023-07-28 11:11:34,622.85,312404,40,621.31,215573,302183,0.5407586763519003,0
2023-07-28 11:11:41,622.85,312534,40,621.31,215131,302506,0.5407586763519003,0
2023-07-28 11:11:41,622.85,312534,40,621.31,215212,302277,0.5407586763519003,0
2023-07-28 11:11:41,622.85,312534,40,621.31,215284,302226,0.5407586763519003,0
2023-07-28 11:11:44,623.1,312634,63,621.31,215383,302047,0.5811138014527881,0
2023-07-28 11:11:44,623.1,312634,63,621.31,215383,302047,0.5811138014527881,0
2023-07-28 11:11:44,623.1,312634,63,621.31,215383,302047,0.5811138014527881,0
2023-07-28 11:11:44,623.1,312634,1,621.31,215383,302047,0.5811138014527881,0
2023-07-28 11:11:47,623.1,312635,1,621.31,215408,302046,0.5811138014527881,0
2023-07-28 11:11:47,623.15,312635,27,621.31,215408,302046,0.5891848264729584,0
2023-07-28 11:11:48,623.15,312735,27,621.32,215316,302147,0.5891848264729584,0
2023-07-28 11:11:48,623.15,312735,27,621.32,215316,302147,0.5891848264729584,0
2023-07-28 11:11:48,623.15,312735,27,621.32,215316,302147,0.5891848264729584,0
2023-07-28 11:11:48,623.15,312735,27,621.32,215316,302233,0.5891848264729584,0
2023-07-28 11:11:48,623.15,312735,27,621.32,215316,302328,0.5891848264729584,0
2023-07-28 11:11:48,623.15,312735,27,621.32,215504,302275,0.5891848264729584,0
2023-07-28 11:11:48,623.15,312735,27,621.32,215512,302275,0.5891848264729584,0
2023-07-28 11:11:56,623.1,312738,3,621.32,215237,302447,0.5811138014527881,0
2023-07-28 11:11:56,623.1,312738,3,621.32,214872,302750,0.5811138014527881,0
2023-07-28 11:11:56,623.1,312738,3,621.32,215203,302477,0.5811138014527881,0
2023-07-28 11:11:56,623.1,312738,3,621.32,215293,302501,0.5811138014527881,0
2023-07-28 11:11:56,623.1,312738,3,621.32,215293,302439,0.5811138014527881,0
2023-07-28 11:12:01,623.1,312739,1,621.32,215294,302438,0.5811138014527881,0
2023-07-28 11:12:01,623.1,312739,1,621.32,215294,302421,0.5811138014527881,0
2023-07-28 11:12:01,623.1,312739,1,621.32,215259,302421,0.5811138014527881,0
2023-07-28 11:12:01,623.1,312739,1,621.32,215259,302421,0.5811138014527881,0
2023-07-28 11:12:01,623.1,312739,1,621.32,215259,302421,0.5811138014527881,0
2023-07-28 11:12:08,623.1,312939,3,621.32,215291,302634,0.5811138014527881,0
2023-07-28 11:12:08,622.85,312939,11,621.32,215291,302634,0.5407586763519003,0
2023-07-28 11:12:11,622.85,312964,11,621.32,215118,303014,0.5407586763519003,0
2023-07-28 11:12:11,622.85,312964,11,621.32,215177,302910,0.5407586763519003,0
2023-07-28 11:12:11,622.85,312964,11,621.32,215304,304190,0.5407586763519003,0
2023-07-28 11:12:11,622.85,312964,11,621.32,215326,304121,0.5407586763519003,0
2023-07-28 11:12:29,622.85,313067,19,621.32,215300,302801,0.5407586763519003,0
2023-07-28 11:12:29,623.0,313067,8,621.32,215300,302801,0.5649717514124294,0
2023-07-28 11:12:30,623.0,313092,8,621.32,213930,303499,0.5649717514124294,0
2023-07-28 11:12:30,622.85,313092,5,621.32,213930,303499,0.5407586763519003,0
2023-07-28 11:12:30,622.95,313092,28,621.32,213930,303499,0.5569007263922592,0
2023-07-28 11:12:37,622.95,313398,28,621.32,213398,303240,0.5569007263922592,0
2023-07-28 11:12:37,622.85,313398,3,621.32,213398,303240,0.5407586763519003,0
2023-07-28 11:12:37,622.95,313398,2,621.32,213398,303240,0.5569007263922592,0
2023-07-28 11:12:41,622.95,313403,2,621.32,213784,303723,0.5569007263922592,0
2023-07-28 11:12:41,622.95,313403,2,621.32,213784,304263,0.5569007263922592,0
2023-07-28 11:12:41,622.95,313403,266,621.32,213784,304263,0.5569007263922592,0
2023-07-28 11:12:41,622.95,313403,15,621.32,213784,304263,0.5569007263922592,0
2023-07-28 11:12:53,622.95,313745,15,621.32,213928,303191,0.5569007263922592,0
2023-07-28 11:12:53,622.5,313745,42,621.32,213928,303191,0.48426150121065376,0
2023-07-28 11:12:56,622.5,314352,42,621.32,213749,303451,0.48426150121065376,0
2023-07-28 11:12:56,622.95,314352,5,621.32,213749,303451,0.5569007263922592,0
2023-07-28 11:13:03,622.6,314367,10,621.32,213793,303133,0.5004035512510125,0
2023-07-28 11:13:03,622.95,314367,16,621.32,213793,303133,0.5569007263922592,0
2023-07-28 11:13:07,622.95,314399,16,621.32,213813,303044,0.5569007263922592,0
2023-07-28 11:13:07,622.95,314399,16,621.32,213970,302926,0.5569007263922592,0
2023-07-28 11:13:07,622.95,314399,1,621.32,213970,302926,0.5569007263922592,0
2023-07-28 11:13:14,622.95,314404,1,621.32,213919,303065,0.5569007263922592,0
2023-07-28 11:13:14,622.95,314404,1,621.32,213907,303082,0.5569007263922592,0
2023-07-28 11:13:14,622.95,314404,1,621.32,213923,302837,0.5569007263922592,0
2023-07-28 11:13:14,622.55,314404,32,621.32,213923,302837,0.49233252623082396,0
2023-07-28 11:13:27,622.55,314504,32,621.32,213750,303054,0.49233252623082396,0
2023-07-28 11:13:27,622.9,314504,5,621.32,213750,303054,0.5488297013720705,0
2023-07-28 11:13:27,622.9,314504,4,621.32,213750,303054,0.5488297013720705,0
2023-07-28 11:13:27,622.9,314504,30,621.32,213750,303054,0.5488297013720705,0
2023-07-28 11:13:36,622.9,314543,30,621.32,213745,303038,0.5488297013720705,0
2023-07-28 11:13:36,622.9,314543,1,621.32,213745,303038,0.5488297013720705,0
2023-07-28 11:13:40,622.9,314544,1,621.32,213745,303166,0.5488297013720705,0
2023-07-28 11:13:40,622.8,314544,2,621.32,213295,303450,0.5326876513317118,0
2023-07-28 11:13:40,622.8,314544,20,621.32,213295,303450,0.5326876513317118,0
2023-07-28 11:13:40,622.8,314544,13,621.32,213295,303450,0.5326876513317118,0
2023-07-28 11:13:49,622.6,314581,2,621.32,213146,303608,0.5004035512510125,0
2023-07-28 11:13:54,622.6,314629,48,621.32,213390,304863,0.5004035512510125,0
2023-07-28 11:13:54,622.5,314629,1,621.32,213390,304863,0.48426150121065376,0
2023-07-28 11:13:54,622.75,314629,8,621.32,213390,304863,0.5246166263115416,0
2023-07-28 11:13:56,622.8,314690,9,621.32,214100,304305,0.5326876513317118,0
2023-07-28 11:13:57,622.8,314703,9,621.32,214145,304126,0.5326876513317118,0
2023-07-28 11:13:57,622.8,314703,90,621.32,214145,304126,0.5326876513317118,0
2023-07-28 11:13:57,622.8,314703,300,621.32,214145,304126,0.5326876513317118,0
2023-07-28 11:13:57,622.8,314703,7,621.32,214145,304126,0.5326876513317118,0
2023-07-28 11:14:06,622.8,315113,7,621.33,213966,304015,0.5326876513317118,0
2023-07-28 11:14:06,622.55,315113,3,621.33,213966,304015,0.49233252623082396,0
2023-07-28 11:14:10,622.55,315126,3,621.33,214333,304007,0.49233252623082396,0
2023-07-28 11:14:10,622.55,315126,3,621.33,214456,304020,0.49233252623082396,0
2023-07-28 11:14:10,622.7,315126,50,621.33,214456,304020,0.5165456012913714,0
2023-07-28 11:14:22,622.7,315176,50,621.33,214270,305725,0.5165456012913714,0
2023-07-28 11:14:22,622.7,315176,50,621.33,214270,305725,0.5165456012913714,0
2023-07-28 11:14:22,622.75,315176,2,621.33,214270,305725,0.5246166263115416,0
2023-07-28 11:14:22,622.75,315176,2,621.33,214270,305725,0.5246166263115416,0
2023-07-28 11:14:22,622.75,315176,2,621.33,214270,305725,0.5246166263115416,0
2023-07-28 11:14:22,622.75,315176,2,621.33,214270,305725,0.5246166263115416,0
2023-07-28 11:14:22,622.75,315176,20,621.33,214270,305725,0.5246166263115416,0
2023-07-28 11:14:22,622.75,315176,20,621.33,214270,305725,0.5246166263115416,0
2023-07-28 11:14:27,622.75,315198,20,621.33,214235,305703,0.5246166263115416,0
2023-07-28 11:14:27,622.75,315198,20,621.33,214235,305703,0.5246166263115416,0
2023-07-28 11:14:27,622.75,315198,20,621.33,214235,305703,0.5246166263115416,0
2023-07-28 11:14:27,622.75,315198,41,621.33,214235,305703,0.5246166263115416,0
2023-07-28 11:14:31,622.75,315335,41,621.33,214354,302773,0.5246166263115416,0
2023-07-28 11:14:31,622.75,315335,300,621.33,214354,302773,0.5246166263115416,0
2023-07-28 11:14:34,622.75,315635,300,621.33,214521,302574,0.5246166263115416,0
2023-07-28 11:14:34,622.8,315635,1,621.33,214521,302574,0.5326876513317118,0
2023-07-28 11:14:34,622.8,315635,1,621.33,214521,302574,0.5326876513317118,0
2023-07-28 11:14:34,622.5,315635,20,621.33,214521,302574,0.48426150121065376,0
2023-07-28 11:14:38,622.5,315657,20,621.33,214168,303002,0.48426150121065376,0
2023-07-28 11:14:38,622.8,315657,1,621.33,214168,303002,0.5326876513317118,0
2023-07-28 11:14:42,622.8,315663,1,621.33,214496,302806,0.5326876513317118,0
2023-07-28 11:14:42,622.8,315663,10,621.33,214496,302806,0.5326876513317118,0
2023-07-28 11:14:46,622.8,315673,10,621.33,214534,302956,0.5326876513317118,0
2023-07-28 11:14:46,622.8,315673,1,621.33,214534,302956,0.5326876513317118,0
2023-07-28 11:14:46,622.8,315673,11,621.33,214534,302956,0.5326876513317118,0
2023-07-28 11:14:46,622.8,315673,4,621.33,214534,302956,0.5326876513317118,0
2023-07-28 11:14:51,622.8,315703,4,621.33,214431,302926,0.5326876513317118,0
2023-07-28 11:14:51,622.8,315703,1,621.33,214431,302926,0.5326876513317118,0
2023-07-28 11:14:53,622.8,315704,1,621.33,214429,302881,0.5326876513317118,0
2023-07-28 11:14:53,622.8,315704,30,621.33,214429,302881,0.5326876513317118,0
2023-07-28 11:14:53,622.8,315704,13,621.33,214429,302881,0.5326876513317118,0
2023-07-28 11:14:53,622.8,315704,2,621.33,214429,302881,0.5326876513317118,0
2023-07-28 11:14:53,622.8,315704,9,621.33,214429,302881,0.5326876513317118,0
2023-07-28 11:15:00,622.8,315758,32,621.33,214337,300379,0.5326876513317118,0
2023-07-28 11:15:00,622.8,315758,2,621.33,214337,300379,0.5326876513317118,0
2023-07-28 11:15:00,622.8,315758,10,621.33,214337,300379,0.5326876513317118,0
2023-07-28 11:15:00,622.8,315758,1,621.33,214337,300379,0.5326876513317118,0
2023-07-28 11:15:12,622.65,315804,1,621.33,216083,302886,0.5084745762711828,0
2023-07-28 11:15:12,622.65,315804,25,621.33,216083,302886,0.5084745762711828,0
2023-07-28 11:15:12,622.5,315804,500,621.33,216083,302886,0.48426150121065376,0
2023-07-28 11:15:15,622.5,318244,150,621.34,213162,301554,0.48426150121065376,0
2023-07-28 11:15:15,622.5,318244,29,621.34,213162,301554,0.48426150121065376,0
2023-07-28 11:15:17,622.5,318273,29,621.34,213321,302319,0.48426150121065376,0
2023-07-28 11:15:17,622.5,318273,29,621.34,213321,302351,0.48426150121065376,0
2023-07-28 11:15:17,622.2,318273,14,621.34,213321,302351,0.4358353510895957,0
2023-07-28 11:15:17,622.5,318273,1,621.34,213321,302351,0.48426150121065376,0
2023-07-28 11:15:28,622.5,319274,1,621.34,212314,301843,0.48426150121065376,0
2023-07-28 11:15:28,622.5,319274,1,621.34,212314,301843,0.48426150121065376,0
2023-07-28 11:15:32,622.5,319596,1,621.34,214335,300879,0.48426150121065376,0
2023-07-28 11:15:32,622.5,319596,164,621.34,214335,300879,0.48426150121065376,0
2023-07-28 11:15:36,622.5,319835,164,621.34,225777,301161,0.48426150121065376,0
2023-07-28 11:15:36,622.55,319835,9,621.34,225777,301161,0.49233252623082396,0
2023-07-28 11:15:36,622.75,319835,3,621.34,225777,301161,0.5246166263115416,0
2023-07-28 11:15:39,622.75,319847,3,621.34,225811,302003,0.5246166263115416,0
2023-07-28 11:15:39,622.75,319847,3,621.34,225731,301775,0.5246166263115416,0
2023-07-28 11:15:53,622.75,319850,3,621.34,225737,301807,0.5246166263115416,0
2023-07-28 11:15:53,622.75,319850,1,621.34,225737,301807,0.5246166263115416,0
2023-07-28 11:15:56,622.75,319851,1,621.34,225608,301679,0.5246166263115416,0
2023-07-28 11:15:56,622.75,319851,1,621.34,225608,301723,0.5246166263115416,0
2023-07-28 11:15:56,622.55,319851,10,621.34,225608,301723,0.49233252623082396,0
2023-07-28 11:16:02,622.55,319861,10,621.34,225382,301713,0.49233252623082396,0
2023-07-28 11:16:02,622.6,319861,8,621.34,225382,301713,0.5004035512510125,0
2023-07-28 11:16:08,622.6,319869,8,621.34,225719,301995,0.5004035512510125,0
2023-07-28 11:16:08,622.6,319869,35,621.34,225719,301995,0.5004035512510125,0
2023-07-28 11:16:12,622.6,319904,35,621.34,225631,302089,0.5004035512510125,0
2023-07-28 11:16:12,622.6,319904,35,621.34,225752,302051,0.5004035512510125,0
2023-07-28 11:16:21,622.5,319946,19,621.34,225744,301392,0.48426150121065376,0
2023-07-28 11:16:21,622.6,319946,10,621.34,225744,301392,0.5004035512510125,0
2023-07-28 11:16:21,622.5,319946,10,621.34,225744,301392,0.48426150121065376,0
2023-07-28 11:16:21,622.5,319946,100,621.34,225744,301392,0.48426150121065376,0
2023-07-28 11:16:25,622.5,320076,100,621.35,225590,301326,0.48426150121065376,0
2023-07-28 11:16:29,622.5,320258,182,621.35,224113,303294,0.48426150121065376,0
2023-07-28 11:16:29,622.6,320258,2,621.35,224113,303294,0.5004035512510125,0
2023-07-28 11:16:29,622.5,320258,125,621.35,224113,303294,0.48426150121065376,0
2023-07-28 11:16:29,622.6,320258,20,621.35,224113,303294,0.5004035512510125,0
2023-07-28 11:16:32,622.6,320405,20,621.35,223990,304066,0.5004035512510125,0
2023-07-28 11:16:32,622.6,320405,5,621.35,223990,304066,0.5004035512510125,0
2023-07-28 11:16:32,622.5,320405,2,621.35,223990,304066,0.48426150121065376,0
2023-07-28 11:16:32,622.6,320405,5,621.35,223990,304066,0.5004035512510125,0
2023-07-28 11:16:35,622.6,320417,5,621.35,223955,304064,0.5004035512510125,0
2023-07-28 11:16:35,622.5,320417,14,621.35,223955,304064,0.48426150121065376,0
2023-07-28 11:16:41,622.5,320531,100,621.35,224130,303743,0.48426150121065376,0
2023-07-28 11:16:41,622.5,320531,24,621.35,224130,303743,0.48426150121065376,0
2023-07-28 11:16:46,622.5,320556,1,621.35,224008,304772,0.48426150121065376,0
2023-07-28 11:16:46,622.6,320556,25,621.35,224008,304772,0.5004035512510125,0
2023-07-28 11:16:46,622.6,320556,2,621.35,224008,304772,0.5004035512510125,0
2023-07-28 11:16:49,622.6,320583,2,621.35,224095,302024,0.5004035512510125,0
2023-07-28 11:16:49,622.6,320583,2,621.35,224095,302024,0.5004035512510125,0
2023-07-28 11:16:51,622.6,320585,2,621.35,224006,302220,0.5004035512510125,0
2023-07-28 11:16:51,622.6,320585,1,621.35,224006,302220,0.5004035512510125,0
2023-07-28 11:16:51,622.5,320585,60,621.35,224006,302220,0.48426150121065376,0
2023-07-28 11:17:01,622.5,320646,60,621.35,224117,302105,0.48426150121065376,0
2023-07-28 11:17:01,622.5,320646,10,621.35,224117,302105,0.48426150121065376,0
2023-07-28 11:17:01,622.5,320646,1,621.35,224117,302105,0.48426150121065376,0
2023-07-28 11:17:06,622.5,320657,1,621.35,223901,302288,0.48426150121065376,0
2023-07-28 11:17:06,622.5,320657,5,621.35,223901,302288,0.48426150121065376,0
2023-07-28 11:17:08,622.5,320662,5,621.35,224005,304800,0.48426150121065376,0
2023-07-28 11:17:08,622.6,320662,25,621.35,224005,304800,0.5004035512510125,0
2023-07-28 11:17:08,622.5,320662,60,621.35,224005,304800,0.48426150121065376,0
2023-07-28 11:17:14,622.5,320747,60,621.35,223935,302735,0.48426150121065376,0
2023-07-28 11:17:14,622.5,320747,5,621.35,223935,302735,0.48426150121065376,0
2023-07-28 11:17:14,622.6,320747,5,621.35,223935,302735,0.5004035512510125,0
2023-07-28 11:17:18,622.6,320757,5,621.35,224065,302777,0.5004035512510125,0
2023-07-28 11:17:18,622.5,320757,5,621.35,224065,302777,0.48426150121065376,0
2023-07-28 11:17:22,622.6,320804,20,621.35,224064,302814,0.5004035512510125,0
2023-07-28 11:17:22,622.6,320804,20,621.35,224064,302814,0.5004035512510125,0
2023-07-28 11:17:22,622.6,320804,20,621.35,224064,302814,0.5004035512510125,0
2023-07-28 11:17:22,622.5,320804,572,621.35,224064,302814,0.48426150121065376,0
2023-07-28 11:17:22,622.5,320804,572,621.35,224064,302814,0.48426150121065376,0
2023-07-28 11:17:22,622.5,320804,572,621.35,224064,302814,0.48426150121065376,0
2023-07-28 11:17:22,622.5,320804,572,621.35,224064,302814,0.48426150121065376,0
2023-07-28 11:17:26,622.5,325094,572,621.36,219687,306272,0.48426150121065376,0
2023-07-28 11:17:26,622.5,325094,572,621.36,219687,306272,0.48426150121065376,0
2023-07-28 11:17:26,622.5,325094,572,621.36,219687,306272,0.48426150121065376,0
2023-07-28 11:17:26,622.5,325094,572,621.36,219640,307252,0.48426150121065376,0
2023-07-28 11:17:26,622.6,325094,8,621.36,219640,307252,0.5004035512510125,0
2023-07-28 11:17:26,622.5,325094,200,621.36,219640,307252,0.48426150121065376,0
2023-07-28 11:17:26,622.5,325094,15,621.36,219640,307252,0.48426150121065376,0
2023-07-28 11:17:26,622.5,325094,103,621.36,219640,307252,0.48426150121065376,0
2023-07-28 11:17:37,622.5,332610,100,621.39,205650,304368,0.48426150121065376,0
2023-07-28 11:17:37,622.5,332610,100,621.39,205650,304368,0.48426150121065376,0
2023-07-28 11:17:37,622.15,332610,2,621.39,205650,304368,0.4277643260694071,0
2023-07-28 11:17:39,622.15,335183,2,621.39,209567,304425,0.4277643260694071,0
2023-07-28 11:17:39,622.15,335183,2,621.39,210225,303821,0.4277643260694071,0
2023-07-28 11:17:39,622.0,335183,5,621.39,210225,303821,0.4035512510088781,0
2023-07-28 11:17:54,622.0,335188,5,621.39,209335,303357,0.4035512510088781,0
2023-07-28 11:17:59,622.0,335189,1,621.39,208438,303218,0.4035512510088781,0
2023-07-28 11:17:59,622.0,335189,4,621.39,208438,303218,0.4035512510088781,0
2023-07-28 11:17:59,622.0,335189,1,621.39,208438,303218,0.4035512510088781,0
2023-07-28 11:18:03,622.0,335196,2,621.39,208687,302587,0.4035512510088781,0
2023-07-28 11:18:03,622.05,335196,2,621.39,208687,302587,0.41162227602904833,0
2023-07-28 11:18:03,622.35,335196,3,621.39,208687,302587,0.46004842615012476,0
2023-07-28 11:18:03,622.05,335196,1,621.39,208687,302587,0.41162227602904833,0
2023-07-28 11:18:06,622.05,335211,1,621.39,209093,302975,0.41162227602904833,0
2023-07-28 11:18:06,622.05,335211,1,621.39,209009,303089,0.41162227602904833,0
2023-07-28 11:18:06,622.15,335211,10,621.39,209009,303089,0.4277643260694071,0
2023-07-28 11:18:16,622.15,335221,10,621.39,209164,302794,0.4277643260694071,0
2023-07-28 11:18:16,622.15,335221,10,621.39,209161,303793,0.4277643260694071,0
2023-07-28 11:18:16,622.15,335221,10,621.39,209161,303793,0.4277643260694071,0
2023-07-28 11:18:23,622.15,335231,10,621.39,209051,303156,0.4277643260694071,0
2023-07-28 11:18:23,622.15,335231,1,621.39,209051,303156,0.4277643260694071,0
2023-07-28 11:18:30,622.05,335242,10,621.39,209167,302806,0.41162227602904833,0
2023-07-28 11:18:30,622.05,335242,10,621.39,209167,302806,0.41162227602904833,0
2023-07-28 11:18:30,622.05,335242,19,621.39,209167,302806,0.41162227602904833,0
2023-07-28 11:18:32,622.05,335281,10,621.39,209044,302856,0.41162227602904833,0
2023-07-28 11:18:32,621.95,335281,21,621.39,209044,302856,0.3954802259887079,0
2023-07-28 11:18:32,621.9,335281,5,621.39,209044,302856,0.38740920096851933,0
2023-07-28 11:18:40,621.9,335320,5,621.39,203575,304384,0.38740920096851933,0
2023-07-28 11:18:40,621.65,335320,14,621.39,203575,304384,0.34705407586763154,0
2023-07-28 11:18:45,621.65,335410,14,621.39,208484,303123,0.34705407586763154,0
2023-07-28 11:18:45,621.65,335410,2,621.39,208484,303123,0.34705407586763154,0
2023-07-28 11:18:45,621.65,335410,35,621.39,208484,303123,0.34705407586763154,0
2023-07-28 11:18:50,621.65,335450,35,621.39,208782,303217,0.34705407586763154,0
2023-07-28 11:18:56,621.8,335459,8,621.39,208847,300962,0.37126715092816054,0
2023-07-28 11:18:56,621.6,335459,1,621.39,208847,300962,0.3389830508474613,0
2023-07-28 11:18:59,621.6,335460,1,621.39,209264,303451,0.3389830508474613,0
2023-07-28 11:18:59,622.0,335460,84,621.39,209264,303451,0.4035512510088781,0
2023-07-28 11:19:04,622.0,335660,84,621.39,210180,303243,0.4035512510088781,0
2023-07-28 11:19:04,622.05,335660,1,621.39,210180,303243,0.41162227602904833,0
2023-07-28 11:19:08,622.05,335693,1,621.39,209994,303320,0.41162227602904833,0
2023-07-28 11:19:08,622.05,335693,1,621.39,209994,303320,0.41162227602904833,0
2023-07-28 11:19:10,622.05,335694,1,621.39,209562,303347,0.41162227602904833,0
2023-07-28 11:19:10,621.8,335694,2,621.39,209562,303347,0.37126715092816054,0
2023-07-28 11:19:10,621.7,335694,8,621.39,209562,303347,0.35512510088782007,0
2023-07-28 11:19:10,621.7,335694,1,621.39,209562,303347,0.35512510088782007,0
2023-07-28 11:19:16,621.7,335712,1,621.39,209239,303641,0.35512510088782007,0
2023-07-28 11:19:16,621.7,335712,10,621.39,209239,303641,0.35512510088782007,0
2023-07-28 11:19:16,621.95,335712,2,621.39,209239,303641,0.3954802259887079,0
2023-07-28 11:19:16,621.6,335712,5,621.39,209239,303641,0.3389830508474613,0
2023-07-28 11:19:20,621.6,335789,5,621.39,206902,304056,0.3389830508474613,0
2023-07-28 11:19:20,621.85,335789,4,621.39,206902,304056,0.3793381759483491,0
2023-07-28 11:19:20,621.85,335789,4,621.39,206902,304056,0.3793381759483491,0
2023-07-28 11:19:24,621.85,335798,4,621.39,206830,304307,0.3793381759483491,0
2023-07-28 11:19:24,621.85,335798,4,621.39,207314,304182,0.3793381759483491,0
2023-07-28 11:19:24,621.6,335798,145,621.39,207314,304182,0.3389830508474613,0
2023-07-28 11:19:32,621.6,336007,145,621.39,204957,306504,0.3389830508474613,0
2023-07-28 11:19:32,621.6,336007,145,621.39,205197,305908,0.3389830508474613,0
2023-07-28 11:19:32,621.5,336007,9,621.39,205197,305908,0.3228410008071025,0
2023-07-28 11:19:32,621.5,336007,5,621.39,205197,305908,0.3228410008071025,0
2023-07-28 11:19:42,621.75,336176,5,621.39,205172,305862,0.36319612590799033,0
2023-07-28 11:19:42,621.75,336176,5,621.39,205172,305862,0.36319612590799033,0
2023-07-28 11:19:42,621.75,336176,3,621.39,205172,305862,0.36319612590799033,0
2023-07-28 11:19:42,621.6,336176,1,621.39,205172,305862,0.3389830508474613,0
2023-07-28 11:19:46,621.6,336184,4,621.39,205348,304236,0.3389830508474613,0
2023-07-28 11:19:46,621.45,336184,2,621.39,205348,304236,0.3147699757869323,0
2023-07-28 11:19:46,622.05,336184,1,621.39,205348,304236,0.41162227602904833,0
2023-07-28 11:19:48,622.05,336929,1,621.39,208529,304981,0.41162227602904833,0
2023-07-28 11:19:48,622.05,336929,1,621.39,208583,305025,0.41162227602904833,0
2023-07-28 11:19:48,621.95,336929,5,621.39,208575,304783,0.3954802259887079,0
2023-07-28 11:19:48,621.95,336929,1,621.39,208575,304783,0.3954802259887079,0
2023-07-28 11:19:48,621.85,336929,1,621.39,208575,304783,0.3793381759483491,0
2023-07-28 11:20:01,621.85,336936,1,621.39,208063,304086,0.3793381759483491,0
2023-07-28 11:20:01,621.85,336936,1,621.39,208120,303127,0.3793381759483491,0
2023-07-28 11:20:01,621.85,336936,1,621.39,208120,303179,0.3793381759483491,0
2023-07-28 11:20:01,621.85,336936,1,621.39,208010,303173,0.3793381759483491,0
2023-07-28 11:20:01,621.85,336936,1,621.39,207961,303173,0.3793381759483491,0
2023-07-28 11:20:01,621.6,336936,20,621.39,207961,303173,0.3389830508474613,0
2023-07-28 11:20:09,621.6,337026,20,621.39,207921,304597,0.3389830508474613,0
2023-07-28 11:20:09,621.6,337026,20,621.39,207923,304597,0.3389830508474613,0
2023-07-28 11:20:09,621.6,337026,20,621.39,207988,304539,0.3389830508474613,0
2023-07-28 11:20:09,621.6,337026,20,621.39,207909,303279,0.3389830508474613,0
2023-07-28 11:20:09,621.6,337026,20,621.39,207921,303288,0.3389830508474613,0
2023-07-28 11:20:09,621.6,337026,20,621.39,207934,303248,0.3389830508474613,0
2023-07-28 11:20:09,621.6,337026,20,621.39,207934,303248,0.3389830508474613,0
2023-07-28 11:20:09,621.6,337026,20,621.39,208134,303240,0.3389830508474613,0
2023-07-28 11:20:09,621.6,337026,20,621.39,208206,303089,0.3389830508474613,0
2023-07-28 11:20:09,621.6,337026,20,621.39,208206,303089,0.3389830508474613,0
2023-07-28 11:20:19,621.9,337096,66,621.39,208206,303015,0.38740920096851933,0
2023-07-28 11:20:20,621.6,337161,200,621.39,208833,303193,0.3389830508474613,0
2023-07-28 11:20:21,621.6,337361,200,621.39,208824,303152,0.3389830508474613,0
2023-07-28 11:20:21,621.9,337361,1,621.39,208824,303152,0.38740920096851933,0
2023-07-28 11:20:23,621.6,337612,78,621.39,208852,302932,0.3389830508474613,0
2023-07-28 11:20:23,621.6,337612,78,621.39,208872,303182,0.3389830508474613,0
2023-07-28 11:20:23,621.6,337612,78,621.39,208737,303221,0.3389830508474613,0
2023-07-28 11:20:23,621.6,337612,78,621.39,208737,303221,0.3389830508474613,0
2023-07-28 11:20:23,621.6,337612,78,621.39,208737,303221,0.3389830508474613,0
2023-07-28 11:20:23,621.6,337612,78,621.39,208737,303221,0.3389830508474613,0
2023-07-28 11:20:23,621.6,337612,78,621.39,208828,303235,0.3389830508474613,0
2023-07-28 11:20:23,621.6,337612,78,621.39,208828,303235,0.3389830508474613,0
2023-07-28 11:20:23,621.9,337612,1,621.39,208966,303220,0.38740920096851933,0
2023-07-28 11:20:28,621.9,337613,1,621.39,209042,303123,0.38740920096851933,0
2023-07-28 11:20:28,621.9,337613,1,621.39,209042,303123,0.38740920096851933,0
2023-07-28 11:20:28,621.9,337613,1,621.39,209042,303174,0.38740920096851933,0
2023-07-28 11:20:28,621.9,337613,1,621.39,209042,303176,0.38740920096851933,0
2023-07-28 11:20:28,621.9,337613,1,621.39,209042,303168,0.38740920096851933,0
2023-07-28 11:20:32,621.6,337616,3,621.39,209010,303982,0.3389830508474613,0
2023-07-28 11:20:32,621.6,337616,30,621.39,209010,303982,0.3389830508474613,0
2023-07-28 11:20:33,621.6,337691,30,621.39,208933,304089,0.3389830508474613,0
2023-07-28 11:20:35,621.85,337693,2,621.39,208944,304011,0.3793381759483491,0
2023-07-28 11:20:35,621.85,337693,2,621.39,208892,303360,0.3793381759483491,0
2023-07-28 11:20:35,621.85,337693,2,621.39,208892,303360,0.3793381759483491,0
2023-07-28 11:20:35,621.85,337693,2,621.39,208892,303360,0.3793381759483491,0
2023-07-28 11:20:35,621.6,337693,3,621.39,208847,303408,0.3389830508474613,0
2023-07-28 11:20:39,621.6,337696,3,621.39,208812,303451,0.3389830508474613,0
2023-07-28 11:20:39,621.6,337696,3,621.39,208771,303451,0.3389830508474613,0
2023-07-28 11:20:39,621.6,337696,3,621.39,208815,303451,0.3389830508474613,0
2023-07-28 11:20:39,621.6,337696,3,621.39,208835,303453,0.3389830508474613,0
2023-07-28 11:20:44,621.9,337747,50,621.4,210778,302533,0.38740920096851933,0
2023-07-28 11:20:44,621.9,337747,50,621.4,210778,302533,0.38740920096851933,0
2023-07-28 11:20:44,621.9,337747,50,621.4,210909,302534,0.38740920096851933,0
2023-07-28 11:20:44,621.9,337747,5,621.4,210814,302637,0.38740920096851933,0
2023-07-28 11:20:47,621.9,337753,1,621.4,210814,302621,0.38740920096851933,0
2023-07-28 11:20:47,621.9,337754,1,621.4,210814,302620,0.38740920096851933,0
2023-07-28 11:20:48,621.75,337774,20,621.4,210794,302620,0.36319612590799033,0
2023-07-28 11:20:48,621.75,337774,20,621.4,210794,302620,0.36319612590799033,0
2023-07-28 11:20:48,621.75,337774,20,621.4,210286,302696,0.36319612590799033,0
2023-07-28 11:20:48,621.9,337774,1,621.4,210296,302696,0.38740920096851933,0
2023-07-28 11:20:51,621.9,337775,1,621.4,210299,302695,0.38740920096851933,0
2023-07-28 11:20:51,621.9,337775,1,621.4,210297,302695,0.38740920096851933,0
2023-07-28 11:20:51,621.9,337775,1,621.4,210344,302651,0.38740920096851933,0
2023-07-28 11:20:51,621.9,337775,1,621.4,210344,302651,0.38740920096851933,0
2023-07-28 11:20:51,621.9,337775,1,621.4,210394,302561,0.38740920096851933,0
2023-07-28 11:20:57,622.2,339159,12,621.4,214388,297055,0.4358353510895957,0
2023-07-28 11:20:57,622.2,339159,12,621.4,214433,297366,0.4358353510895957,0
2023-07-28 11:20:57,622.2,339159,12,621.4,212892,295729,0.4358353510895957,0
2023-07-28 11:20:57,622.2,339159,12,621.4,214208,299038,0.4358353510895957,0
2023-07-28 11:20:57,622.25,339159,5,621.4,213941,299113,0.44390637610976597,0
2023-07-28 11:21:01,622.5,339165,1,621.4,213344,299464,0.48426150121065376,0
2023-07-28 11:21:01,622.5,339165,1,621.4,213428,299400,0.48426150121065376,0
2023-07-28 11:21:01,622.2,339165,23,621.4,213845,299230,0.4358353510895957,0
2023-07-28 11:21:04,622.2,339665,23,621.4,213638,299334,0.4358353510895957,0
2023-07-28 11:21:04,622.5,339665,1,621.4,213572,299219,0.48426150121065376,0
2023-07-28 11:21:04,622.25,339665,8,621.4,213572,299219,0.44390637610976597,0
2023-07-28 11:21:08,622.25,339706,8,621.4,213931,299478,0.44390637610976597,0
2023-07-28 11:21:08,622.25,339706,8,621.4,214277,299192,0.44390637610976597,0
2023-07-28 11:21:08,622.5,339706,48,621.4,214277,299192,0.48426150121065376,0
2023-07-28 11:21:08,622.6,339706,1,621.4,214277,299192,0.5004035512510125,0
2023-07-28 11:21:22,622.6,339755,1,621.4,214989,296262,0.5004035512510125,0
2023-07-28 11:21:22,622.6,339755,1,621.4,214989,296262,0.5004035512510125,0
2023-07-28 11:21:27,622.6,339756,1,621.4,215663,298687,0.5004035512510125,0
2023-07-28 11:21:27,622.5,339756,10,621.4,215663,298687,0.48426150121065376,0
2023-07-28 11:21:27,622.5,339756,20,621.4,215663,298687,0.48426150121065376,0
2023-07-28 11:21:27,622.5,339756,15,621.4,215663,298687,0.48426150121065376,0
2023-07-28 11:21:27,622.5,339756,32,621.4,215663,298687,0.48426150121065376,0
2023-07-28 11:21:27,622.5,339756,300,621.4,215663,298687,0.48426150121065376,0
2023-07-28 11:21:27,622.6,339756,50,621.4,215663,298687,0.5004035512510125,0
2023-07-28 11:21:34,622.5,340221,8,621.4,215203,298170,0.48426150121065376,0
2023-07-28 11:21:34,622.7,340221,162,621.4,215203,298170,0.5165456012913714,0
2023-07-28 11:21:37,622.7,340633,162,621.4,214612,299255,0.5165456012913714,0
2023-07-28 11:21:37,622.55,340633,10,621.4,214612,299255,0.49233252623082396,0
2023-07-28 11:21:37,622.5,340633,10,621.4,214612,299255,0.48426150121065376,0
2023-07-28 11:21:37,622.5,340633,12,621.4,214612,299255,0.48426150121065376,0
2023-07-28 11:21:43,622.5,340675,12,621.4,214516,300343,0.48426150121065376,0
2023-07-28 11:21:43,622.5,340675,12,621.4,214565,300386,0.48426150121065376,0
2023-07-28 11:21:43,622.5,340675,12,621.4,214382,300428,0.48426150121065376,0
2023-07-28 11:21:43,622.5,340675,12,621.4,214792,300366,0.48426150121065376,0
2023-07-28 11:21:43,622.5,340675,12,621.4,215058,300358,0.48426150121065376,0
2023-07-28 11:21:43,622.5,340675,12,621.4,215061,300309,0.48426150121065376,0
2023-07-28 11:21:43,622.75,340675,1,621.4,215061,300309,0.5246166263115416,0
2023-07-28 11:22:08,622.75,341406,10,621.4,216862,295124,0.5246166263115416,0
2023-07-28 11:22:08,622.75,341406,10,621.4,215831,298104,0.5246166263115416,0
2023-07-28 11:22:08,622.75,341406,1,621.4,215831,298104,0.5246166263115416,0
2023-07-28 11:22:13,622.75,341407,1,621.4,216551,297925,0.5246166263115416,0
2023-07-28 11:22:13,622.75,341407,10,621.4,216551,297925,0.5246166263115416,0
2023-07-28 11:22:21,622.8,341639,1,621.41,216796,297845,0.5326876513317118,0
2023-07-28 11:22:21,622.75,341639,25,621.41,216796,297845,0.5246166263115416,0
2023-07-28 11:22:24,622.75,341715,25,621.41,216313,298487,0.5246166263115416,0
2023-07-28 11:22:24,622.9,341715,50,621.41,216313,298487,0.5488297013720705,0
2023-07-28 11:22:24,622.9,341715,1,621.41,216313,298487,0.5488297013720705,0
2023-07-28 11:22:24,623.0,341715,2,621.41,216313,298487,0.5649717514124294,0
2023-07-28 11:22:24,623.0,341715,1,621.41,216313,298487,0.5649717514124294,0
2023-07-28 11:22:30,623.0,341823,1,621.41,215844,298385,0.5649717514124294,0
2023-07-28 11:22:30,623.0,341823,100,621.41,215844,298385,0.5649717514124294,0
2023-07-28 11:22:33,622.9,341923,70,621.41,216097,299011,0.5488297013720705,0
2023-07-28 11:22:33,623.0,341923,1,621.41,216097,299011,0.5649717514124294,0
2023-07-28 11:22:39,623.0,341994,1,621.41,216327,299454,0.5649717514124294,0
2023-07-28 11:22:39,623.0,341994,1,621.41,216327,299454,0.5649717514124294,0
2023-07-28 11:22:41,623.0,341995,1,621.41,216322,299446,0.5649717514124294,0
2023-07-28 11:22:41,622.9,341995,15,621.41,216322,299446,0.5488297013720705,0
2023-07-28 11:22:45,622.9,342010,15,621.41,215994,299448,0.5488297013720705,0
2023-07-28 11:22:45,623.0,342010,203,621.41,215994,299448,0.5649717514124294,0
2023-07-28 11:22:45,622.75,342010,4,621.41,215994,299448,0.5246166263115416,0
2023-07-28 11:22:51,622.75,342718,4,621.41,215539,298886,0.5246166263115416,0
2023-07-28 11:22:51,623.0,342718,100,621.41,215592,298887,0.5649717514124294,0
2023-07-28 11:22:56,623.0,342818,100,621.41,215554,298862,0.5649717514124294,0
2023-07-28 11:23:08,622.95,342820,2,621.41,215626,299390,0.5569007263922592,0
2023-07-28 11:23:08,622.95,342820,2,621.41,215635,299227,0.5569007263922592,0
2023-07-28 11:23:08,623.0,342820,1,621.41,215635,299227,0.5649717514124294,0
2023-07-28 11:23:14,623.0,342821,4,621.41,216107,299025,0.5649717514124294,0
2023-07-28 11:23:14,622.8,342821,50,621.41,216107,299025,0.5326876513317118,0
2023-07-28 11:23:21,623.0,342882,5,621.41,215940,299029,0.5649717514124294,0
2023-07-28 11:23:21,623.0,342882,5,621.41,217009,298537,0.5649717514124294,0
2023-07-28 11:23:21,623.0,342882,5,621.41,217009,298537,0.5649717514124294,0
2023-07-28 11:23:21,623.0,342882,5,621.41,217009,298537,0.5649717514124294,0
2023-07-28 11:23:21,623.1,342882,5,621.41,217009,298537,0.5811138014527881,0
2023-07-28 11:23:21,623.1,342882,5,621.41,217009,298537,0.5811138014527881,0
2023-07-28 11:23:21,623.1,342882,5,621.41,217009,298537,0.5811138014527881,0
2023-07-28 11:23:21,623.1,342882,5,621.41,217009,298537,0.5811138014527881,0
2023-07-28 11:23:27,623.1,344130,5,621.42,215830,297544,0.5811138014527881,0
2023-07-28 11:23:27,623.1,344130,5,621.42,215830,297544,0.5811138014527881,0
2023-07-28 11:23:27,623.1,344130,5,621.42,215830,297544,0.5811138014527881,0
2023-07-28 11:23:27,623.1,344130,5,621.42,216546,297561,0.5811138014527881,0
2023-07-28 11:23:27,623.0,344130,25,621.42,216546,297561,0.5649717514124294,0
2023-07-28 11:23:34,623.0,344240,25,621.42,216370,297623,0.5649717514124294,0
2023-07-28 11:23:34,623.0,344240,150,621.42,216370,297623,0.5649717514124294,0
2023-07-28 11:23:34,623.1,344240,1,621.42,216370,297623,0.5811138014527881,0
2023-07-28 11:23:41,623.1,344546,1,621.42,216609,296795,0.5811138014527881,0
2023-07-28 11:23:41,623.1,344546,1,621.42,216416,297303,0.5811138014527881,0
2023-07-28 11:23:41,623.1,344546,1,621.42,216416,297303,0.5811138014527881,0
2023-07-28 11:23:47,623.1,344547,1,621.42,216339,297318,0.5811138014527881,0
2023-07-28 11:23:47,623.15,344547,5,621.42,216339,297318,0.5891848264729584,0
2023-07-28 11:23:51,623.15,344557,5,621.42,216310,296859,0.5891848264729584,0
2023-07-28 11:23:51,623.2,344557,2,621.42,216310,296859,0.597255851493147,0
2023-07-28 11:23:51,623.25,344557,27,621.42,216310,296859,0.6053268765133172,0
2023-07-28 11:23:57,623.1,344664,5,621.42,216525,296318,0.5811138014527881,0
2023-07-28 11:24:00,623.1,344668,4,621.42,216470,296183,0.5811138014527881,0
2023-07-28 11:24:00,623.1,344668,4,621.42,216470,296225,0.5811138014527881,0
2023-07-28 11:24:00,623.3,344668,1,621.42,216470,296225,0.6133979015334874,0
2023-07-28 11:24:07,623.3,345273,1,621.42,217672,296863,0.6133979015334874,0
2023-07-28 11:24:07,623.1,345273,2,621.42,217672,296863,0.5811138014527881,0
2023-07-28 11:24:07,623.1,345273,3,621.42,217672,296863,0.5811138014527881,0
2023-07-28 11:24:07,623.1,345273,90,621.42,217672,296863,0.5811138014527881,0
2023-07-28 11:24:10,623.1,345392,90,621.42,217462,297984,0.5811138014527881,0
2023-07-28 11:24:10,623.1,345392,90,621.42,217491,298059,0.5811138014527881,0
2023-07-28 11:24:10,623.1,345392,40,621.42,217491,298059,0.5811138014527881,0
2023-07-28 11:24:16,623.1,345432,40,621.42,217401,298191,0.5811138014527881,0
2023-07-28 11:24:16,623.1,345432,2,621.42,217401,298191,0.5811138014527881,0
2023-07-28 11:24:22,623.25,345500,1,621.42,217324,299991,0.6053268765133172,0
2023-07-28 11:24:22,623.1,345500,1,621.42,217324,299991,0.5811138014527881,0
2023-07-28 11:24:24,623.25,345501,8,621.42,217356,297087,0.6053268765133172,0
2023-07-28 11:24:26,623.25,345509,8,621.42,217500,296989,0.6053268765133172,0
2023-07-28 11:24:26,623.25,345509,6,621.42,217500,296989,0.6053268765133172,0
2023-07-28 11:24:26,623.25,345509,1,621.42,217500,296989,0.6053268765133172,0
2023-07-28 11:24:32,623.25,345545,1,621.42,217597,297096,0.6053268765133172,0
2023-07-28 11:24:32,623.0,345545,7,621.42,217597,297096,0.5649717514124294,0
2023-07-28 11:24:32,623.2,345545,8,621.42,217597,297096,0.597255851493147,0
2023-07-28 11:24:37,623.2,345560,8,621.42,217178,301139,0.597255851493147,0
2023-07-28 11:24:40,623.0,345562,2,621.42,217509,297235,0.5649717514124294,0
