2023-07-28 10:49:30,464.75,3871842,1,466.55,955272,1354697,-0.06450919255994224,0
2023-07-28 10:49:26,464.7,3871676,2,466.55,956404,1354726,-0.07526072465326798,0
2023-07-28 10:49:30,464.75,3871842,1,466.55,955272,1354697,-0.06450919255994224,0
2023-07-28 10:49:30,464.7,3871842,5,466.55,955272,1354697,-0.07526072465326798,0
2023-07-28 10:49:30,464.75,3871842,1,466.55,955272,1354697,-0.06450919255994224,0
2023-07-28 10:49:30,464.6,3871842,14,466.55,955272,1354697,-0.09676378883990724,0
2023-07-28 10:49:33,464.6,3873128,14,466.55,955322,1354236,-0.09676378883990724,0
2023-07-28 10:49:33,464.7,3873128,1,466.55,955322,1354236,-0.07526072465326798,0
2023-07-28 10:49:33,464.6,3873128,296,466.55,955322,1354236,-0.09676378883990724,0
2023-07-28 10:49:33,464.6,3873128,18,466.55,955322,1354236,-0.09676378883990724,0
2023-07-28 10:49:38,464.85,3878170,50,466.55,955440,1354224,-0.04300612837329075,0
2023-07-28 10:49:38,464.85,3878170,50,466.55,955440,1354224,-0.04300612837329075,0
2023-07-28 10:49:38,464.85,3878170,750,466.55,955440,1354224,-0.04300612837329075,0
2023-07-28 10:49:38,464.85,3878170,10,466.55,955440,1354224,-0.04300612837329075,0
2023-07-28 10:49:38,464.75,3878170,10,466.55,955440,1354224,-0.06450919255994224,0
2023-07-28 10:49:42,464.75,3879000,1,466.55,953950,1352115,-0.06450919255994224,0
2023-07-28 10:49:42,464.85,3879000,1,466.55,953950,1352115,-0.04300612837329075,0
2023-07-28 10:49:45,464.75,3879039,10,466.55,953700,1351770,-0.06450919255994224,0
2023-07-28 10:49:45,464.85,3879039,30,466.55,953700,1351770,-0.04300612837329075,0
2023-07-28 10:49:45,464.85,3879039,4,466.55,953700,1351770,-0.04300612837329075,0
2023-07-28 10:49:45,464.85,3879039,1,466.55,953700,1351770,-0.04300612837329075,0
2023-07-28 10:49:50,464.85,3879266,27,466.55,955093,1354305,-0.04300612837329075,0
2023-07-28 10:49:50,464.85,3879266,50,466.55,955093,1354305,-0.04300612837329075,0
2023-07-28 10:49:50,464.85,3879266,20,466.55,955093,1354305,-0.04300612837329075,0
2023-07-28 10:49:50,464.75,3879266,15,466.55,955093,1354305,-0.06450919255994224,0
2023-07-28 10:49:55,464.85,3879598,100,466.55,956962,1354354,-0.04300612837329075,0
2023-07-28 10:49:55,464.85,3879598,1,466.55,956962,1354354,-0.04300612837329075,0
2023-07-28 10:49:55,464.85,3879598,4,466.55,956962,1354354,-0.04300612837329075,0
2023-07-28 10:49:55,464.85,3879598,12,466.55,956962,1354354,-0.04300612837329075,0
2023-07-28 10:49:58,464.75,3879669,5,466.55,956675,1353230,-0.06450919255994224,0
2023-07-28 10:49:58,464.85,3879669,10,466.55,956675,1353230,-0.04300612837329075,0
2023-07-28 10:49:58,464.85,3879669,43,466.55,956675,1353230,-0.04300612837329075,0
2023-07-28 10:49:58,464.85,3879669,1,466.55,956675,1353230,-0.04300612837329075,0
2023-07-28 10:49:58,464.85,3879669,100,466.55,956675,1353230,-0.04300612837329075,0
2023-07-28 10:50:03,464.8,3880824,1,466.55,957739,1358444,-0.053757660466616494,0
2023-07-28 10:50:03,464.75,3880824,27,466.55,957739,1358444,-0.06450919255994224,0
2023-07-28 10:50:03,464.85,3880824,20,466.55,957739,1358444,-0.04300612837329075,0
2023-07-28 10:50:03,464.75,3880824,113,466.55,957739,1358444,-0.06450919255994224,0
2023-07-28 10:50:07,464.7,3881712,3,466.55,955332,1357896,-0.07526072465326798,0
2023-07-28 10:50:07,464.7,3881712,1,466.55,955332,1357896,-0.07526072465326798,0
2023-07-28 10:50:07,464.7,3881712,2,466.55,955332,1357896,-0.07526072465326798,0
2023-07-28 10:50:07,464.7,3881712,5,466.55,955332,1357896,-0.07526072465326798,0
2023-07-28 10:50:10,464.7,3882652,5,466.55,953991,1357918,-0.07526072465326798,0
2023-07-28 10:50:10,464.7,3882652,1,466.55,953991,1357918,-0.07526072465326798,0
2023-07-28 10:50:10,464.7,3882652,2,466.55,953991,1357918,-0.07526072465326798,0
2023-07-28 10:50:10,464.7,3882652,1,466.55,953991,1357918,-0.07526072465326798,0
2023-07-28 10:50:15,464.7,3882823,5,466.55,953626,1358446,-0.07526072465326798,0
2023-07-28 10:50:15,464.7,3882823,5,466.55,953626,1358446,-0.07526072465326798,0
2023-07-28 10:50:15,464.7,3882823,6,466.55,953626,1358446,-0.07526072465326798,0
2023-07-28 10:50:15,464.7,3882823,2,466.55,953626,1358446,-0.07526072465326798,0
2023-07-28 10:50:19,464.7,3883441,3,466.54,953712,1357938,-0.07526072465326798,0
2023-07-28 10:50:19,464.65,3883441,1,466.54,953712,1357938,-0.08601225674659373,0
2023-07-28 10:50:19,464.65,3883441,1,466.54,953712,1357938,-0.08601225674659373,0
2023-07-28 10:50:19,464.55,3883441,32,466.54,953712,1357938,-0.10751532093323299,0
2023-07-28 10:50:19,464.55,3883441,32,466.54,953712,1357938,-0.10751532093323299,0
2023-07-28 10:50:19,464.55,3883441,32,466.54,953712,1357938,-0.10751532093323299,0
2023-07-28 10:50:23,464.6,3884392,5,466.54,953971,1359163,-0.09676378883990724,0
2023-07-28 10:50:23,464.6,3884392,100,466.54,953971,1359163,-0.09676378883990724,0
2023-07-28 10:50:23,464.6,3884392,25,466.54,953971,1359163,-0.09676378883990724,0
2023-07-28 10:50:23,464.5,3884392,45,466.54,953971,1359163,-0.11826685302655873,0
2023-07-28 10:50:23,464.6,3884392,1,466.54,953971,1359163,-0.09676378883990724,0
2023-07-28 10:50:28,464.6,3886010,1,466.54,953200,1360004,-0.09676378883990724,0
2023-07-28 10:50:28,464.5,3886010,27,466.54,953200,1360004,-0.11826685302655873,0
2023-07-28 10:50:28,464.6,3886010,143,466.54,953200,1360004,-0.09676378883990724,0
2023-07-28 10:50:28,464.6,3886010,24,466.54,953200,1360004,-0.09676378883990724,0
2023-07-28 10:50:28,464.7,3886010,97,466.54,953200,1360004,-0.07526072465326798,0
2023-07-28 10:50:31,464.7,3889576,97,466.54,951702,1359704,-0.07526072465326798,0
2023-07-28 10:50:31,464.5,3889576,14,466.54,951702,1359704,-0.11826685302655873,0
2023-07-28 10:50:31,464.7,3889576,122,466.54,951702,1359704,-0.07526072465326798,0
2023-07-28 10:50:31,464.7,3889576,10,466.54,951702,1359704,-0.07526072465326798,0
2023-07-28 10:50:31,464.7,3889576,25,466.54,951702,1359704,-0.07526072465326798,0
2023-07-28 10:50:31,464.55,3889576,22,466.54,951702,1359704,-0.10751532093323299,0
2023-07-28 10:50:37,464.7,3892827,1,466.54,951991,1353825,-0.07526072465326798,0
2023-07-28 10:50:37,464.75,3892827,17,466.54,951991,1353825,-0.06450919255994224,0
2023-07-28 10:50:37,464.6,3892827,23,466.54,951991,1353825,-0.09676378883990724,0
2023-07-28 10:50:40,464.6,3892910,23,466.54,951931,1349360,-0.09676378883990724,0
2023-07-28 10:50:40,464.75,3892910,10,466.54,951931,1349360,-0.06450919255994224,0
2023-07-28 10:50:40,464.55,3892910,120,466.54,951931,1349360,-0.10751532093323299,0
2023-07-28 10:50:40,464.7,3892910,5,466.54,951931,1349360,-0.07526072465326798,0
2023-07-28 10:50:40,464.7,3892910,2,466.54,951931,1349360,-0.07526072465326798,0
2023-07-28 10:50:46,464.55,3893502,9,466.54,952848,1354892,-0.10751532093323299,0
2023-07-28 10:50:46,464.7,3893502,1,466.54,952848,1354892,-0.07526072465326798,0
2023-07-28 10:50:46,464.55,3893502,68,466.54,952848,1354892,-0.10751532093323299,0
2023-07-28 10:50:46,464.55,3893502,5,466.54,952848,1354892,-0.10751532093323299,0
2023-07-28 10:50:50,464.55,3893579,1,466.54,953156,1356040,-0.10751532093323299,0
2023-07-28 10:50:50,464.55,3893579,30,466.54,953156,1356040,-0.10751532093323299,0
2023-07-28 10:50:50,464.65,3893579,1,466.54,953156,1356040,-0.08601225674659373,0
2023-07-28 10:50:50,464.55,3893579,15,466.54,953156,1356040,-0.10751532093323299,0
2023-07-28 10:50:50,464.65,3893579,63,466.54,953156,1356040,-0.08601225674659373,0
2023-07-28 10:50:55,464.55,3895269,1,466.54,953241,1354105,-0.10751532093323299,0
2023-07-28 10:50:55,464.65,3895269,1,466.54,953241,1354105,-0.08601225674659373,0
2023-07-28 10:50:55,464.7,3895269,25,466.54,953241,1354105,-0.07526072465326798,0
2023-07-28 10:50:55,464.6,3895269,200,466.54,953241,1354105,-0.09676378883990724,0
2023-07-28 10:50:59,464.5,3896806,5,466.54,952494,1354787,-0.11826685302655873,0
2023-07-28 10:50:59,464.7,3896806,10,466.54,952494,1354787,-0.07526072465326798,0
2023-07-28 10:50:59,464.6,3896806,1,466.54,952494,1354787,-0.09676378883990724,0
2023-07-28 10:50:59,464.65,3896806,2,466.54,952494,1354787,-0.08601225674659373,0
2023-07-28 10:50:59,464.5,3896806,14,466.54,952494,1354787,-0.11826685302655873,0
2023-07-28 10:51:03,464.5,3896834,14,466.54,952438,1353146,-0.11826685302655873,0
2023-07-28 10:51:03,464.5,3896834,15,466.54,952438,1353146,-0.11826685302655873,0
2023-07-28 10:51:03,464.5,3896834,7,466.54,952438,1353146,-0.11826685302655873,0
2023-07-28 10:51:03,464.5,3896834,1,466.54,952438,1353146,-0.11826685302655873,0
2023-07-28 10:51:08,464.6,3896988,20,466.54,951548,1353307,-0.09676378883990724,0
2023-07-28 10:51:08,464.6,3896988,32,466.54,951548,1353307,-0.09676378883990724,0
2023-07-28 10:51:08,464.6,3896988,3,466.54,951548,1353307,-0.09676378883990724,0
2023-07-28 10:51:08,464.5,3896988,1,466.54,951548,1353307,-0.11826685302655873,0
2023-07-28 10:51:13,464.6,3899557,6,466.54,950491,1349343,-0.09676378883990724,0
2023-07-28 10:51:13,464.5,3899557,1,466.54,950491,1349343,-0.11826685302655873,0
2023-07-28 10:51:13,464.4,3899557,126,466.54,950491,1349343,-0.13976991721321022,0
2023-07-28 10:51:13,464.55,3899557,5,466.54,950491,1349343,-0.10751532093323299,0
2023-07-28 10:51:17,464.6,3900029,85,466.54,950618,1349939,-0.09676378883990724,0
2023-07-28 10:51:17,464.55,3900029,1,466.54,950618,1349939,-0.10751532093323299,0
2023-07-28 10:51:17,464.55,3900029,1,466.54,950618,1349939,-0.10751532093323299,0
2023-07-28 10:51:17,464.45,3900029,1,466.54,950618,1349939,-0.12901838511988448,0
2023-07-28 10:51:17,464.55,3900029,2,466.54,950618,1349939,-0.10751532093323299,0
2023-07-28 10:51:22,464.55,3900230,1,466.54,948062,1349206,-0.10751532093323299,0
2023-07-28 10:51:22,464.6,3900230,19,466.54,948062,1349206,-0.09676378883990724,0
2023-07-28 10:51:22,464.5,3900230,15,466.54,948062,1349206,-0.11826685302655873,0
2023-07-28 10:51:22,464.6,3900230,4,466.54,948062,1349206,-0.09676378883990724,0
2023-07-28 10:51:26,464.4,3900382,1,466.54,949038,1350321,-0.13976991721321022,0
2023-07-28 10:51:26,464.4,3900382,1,466.54,949038,1350321,-0.13976991721321022,0
2023-07-28 10:51:26,464.5,3900382,1,466.54,949038,1350321,-0.11826685302655873,0
2023-07-28 10:51:26,464.5,3900382,27,466.54,949038,1350321,-0.11826685302655873,0
2023-07-28 10:51:29,464.5,3900687,27,466.54,948553,1348367,-0.11826685302655873,0
2023-07-28 10:51:29,464.5,3900687,6,466.54,948553,1348367,-0.11826685302655873,0
2023-07-28 10:51:29,464.5,3900687,25,466.54,948553,1348367,-0.11826685302655873,0
2023-07-28 10:51:34,464.5,3900739,2,466.54,948097,1349519,-0.11826685302655873,0
2023-07-28 10:51:34,464.5,3900739,10,466.54,948097,1349519,-0.11826685302655873,0
2023-07-28 10:51:34,464.4,3900739,13,466.54,948097,1349519,-0.13976991721321022,0
2023-07-28 10:51:34,464.45,3900739,1,466.54,948097,1349519,-0.12901838511988448,0
2023-07-28 10:51:37,464.45,3900771,1,466.54,948731,1348886,-0.12901838511988448,0
2023-07-28 10:51:37,464.45,3900771,8,466.54,948731,1348886,-0.12901838511988448,0
2023-07-28 10:51:37,464.4,3900771,6,466.54,948731,1348886,-0.13976991721321022,0
2023-07-28 10:51:37,464.4,3900771,23,466.54,948731,1348886,-0.13976991721321022,0
2023-07-28 10:51:37,464.45,3900771,1,466.54,948731,1348886,-0.12901838511988448,0
2023-07-28 10:51:37,464.45,3900771,1,466.54,948731,1348886,-0.12901838511988448,0
2023-07-28 10:51:42,464.45,3900828,1,466.54,948838,1349270,-0.12901838511988448,0
2023-07-28 10:51:42,464.4,3900828,5,466.54,948838,1349270,-0.13976991721321022,0
2023-07-28 10:51:42,464.5,3900828,13,466.54,948838,1349270,-0.11826685302655873,0
2023-07-28 10:51:42,464.5,3900828,1,466.54,948838,1349270,-0.11826685302655873,0
2023-07-28 10:51:42,464.5,3900828,34,466.54,948838,1349270,-0.11826685302655873,0
2023-07-28 10:51:47,464.5,3901496,1,466.54,947952,1349873,-0.11826685302655873,0
2023-07-28 10:51:47,464.5,3901496,5,466.54,947952,1349873,-0.11826685302655873,0
2023-07-28 10:51:47,464.4,3901496,20,466.54,947952,1349873,-0.13976991721321022,0
2023-07-28 10:51:47,464.4,3901496,1,466.54,947952,1349873,-0.13976991721321022,0
2023-07-28 10:51:47,464.5,3901496,21,466.54,947952,1349873,-0.11826685302655873,0
2023-07-28 10:51:51,464.5,3901725,21,466.54,944987,1349025,-0.11826685302655873,0
2023-07-28 10:51:51,464.4,3901725,12,466.54,944987,1349025,-0.13976991721321022,0
2023-07-28 10:51:51,464.5,3901725,2,466.54,944987,1349025,-0.11826685302655873,0
2023-07-28 10:51:51,464.4,3901725,22,466.54,944987,1349025,-0.13976991721321022,0
2023-07-28 10:51:51,464.5,3901725,1,466.54,944987,1349025,-0.11826685302655873,0
2023-07-28 10:51:51,464.55,3901725,93,466.54,944987,1349025,-0.10751532093323299,0
2023-07-28 10:51:51,464.5,3901725,10,466.54,944987,1349025,-0.11826685302655873,0
2023-07-28 10:51:51,464.5,3901725,35,466.54,944987,1349025,-0.11826685302655873,0
2023-07-28 10:52:00,464.5,3902630,300,466.54,949165,1350997,-0.11826685302655873,0
2023-07-28 10:52:00,464.5,3902630,50,466.54,949165,1350997,-0.11826685302655873,0
2023-07-28 10:52:00,464.5,3902630,9,466.54,949165,1350997,-0.11826685302655873,0
2023-07-28 10:52:00,464.45,3902630,12,466.54,949165,1350997,-0.12901838511988448,0
2023-07-28 10:52:00,464.5,3902630,100,466.54,949165,1350997,-0.11826685302655873,0
2023-07-28 10:52:04,464.5,3902841,5,466.54,948506,1351201,-0.11826685302655873,0
2023-07-28 10:52:04,464.5,3902841,10,466.54,948506,1351201,-0.11826685302655873,0
2023-07-28 10:52:04,464.45,3902841,10,466.54,948506,1351201,-0.12901838511988448,0
2023-07-28 10:52:04,464.5,3902841,2,466.54,948506,1351201,-0.11826685302655873,0
2023-07-28 10:52:04,464.5,3902841,476,466.54,948506,1351201,-0.11826685302655873,0
2023-07-28 10:52:08,464.5,3904018,3,466.53,949581,1352290,-0.11826685302655873,0
2023-07-28 10:52:08,464.5,3904018,1,466.53,949581,1352290,-0.11826685302655873,0
2023-07-28 10:52:08,464.55,3904018,1,466.53,949581,1352290,-0.10751532093323299,0
2023-07-28 10:52:08,464.5,3904018,1,466.53,949581,1352290,-0.11826685302655873,0
2023-07-28 10:52:13,464.55,3905051,1,466.53,949159,1352448,-0.10751532093323299,0
2023-07-28 10:52:13,464.5,3905051,14,466.53,949159,1352448,-0.11826685302655873,0
2023-07-28 10:52:13,464.5,3905051,5,466.53,949159,1352448,-0.11826685302655873,0
2023-07-28 10:52:13,464.6,3905051,200,466.53,949159,1352448,-0.09676378883990724,0
2023-07-28 10:52:13,464.7,3905051,1,466.53,949159,1352448,-0.07526072465326798,0
2023-07-28 10:52:17,464.7,3906966,25,466.53,946606,1348334,-0.07526072465326798,0
2023-07-28 10:52:17,464.55,3906966,45,466.53,946606,1348334,-0.10751532093323299,0
2023-07-28 10:52:17,464.7,3906966,5,466.53,946606,1348334,-0.07526072465326798,0
2023-07-28 10:52:17,464.75,3906966,1,466.53,946606,1348334,-0.06450919255994224,0
2023-07-28 10:52:21,464.8,3908242,3,466.53,947811,1355477,-0.053757660466616494,0
2023-07-28 10:52:21,464.65,3908242,100,466.53,947811,1355477,-0.08601225674659373,0
2023-07-28 10:52:21,464.8,3908242,10,466.53,947811,1355477,-0.053757660466616494,0
2023-07-28 10:52:21,464.65,3908242,1,466.53,947811,1355477,-0.08601225674659373,0
2023-07-28 10:52:25,464.8,3908674,5,466.53,947315,1354692,-0.053757660466616494,0
2023-07-28 10:52:25,464.8,3908674,22,466.53,947315,1354692,-0.053757660466616494,0
2023-07-28 10:52:25,464.6,3908674,57,466.53,947315,1354692,-0.09676378883990724,0
2023-07-28 10:52:25,464.75,3908674,100,466.53,947315,1354692,-0.06450919255994224,0
2023-07-28 10:52:29,464.8,3909184,5,466.53,949360,1355350,-0.053757660466616494,0
2023-07-28 10:52:29,464.75,3909184,250,466.53,949360,1355350,-0.06450919255994224,0
2023-07-28 10:52:29,464.75,3909184,1,466.53,949360,1355350,-0.06450919255994224,0
2023-07-28 10:52:29,464.75,3909184,10,466.53,949360,1355350,-0.06450919255994224,0
2023-07-28 10:52:29,464.75,3909184,4,466.53,949360,1355350,-0.06450919255994224,0
2023-07-28 10:52:34,464.6,3909778,25,466.53,948809,1355522,-0.09676378883990724,0
2023-07-28 10:52:34,464.6,3909778,5,466.53,948809,1355522,-0.09676378883990724,0
2023-07-28 10:52:34,464.7,3909778,25,466.53,948809,1355522,-0.07526072465326798,0
2023-07-28 10:52:34,464.6,3909778,30,466.53,948809,1355522,-0.09676378883990724,0
2023-07-28 10:52:38,464.6,3909851,30,466.53,950110,1354812,-0.09676378883990724,0
2023-07-28 10:52:38,464.7,3909851,2,466.53,950110,1354812,-0.07526072465326798,0
2023-07-28 10:52:38,464.7,3909851,50,466.53,950110,1354812,-0.07526072465326798,0
2023-07-28 10:52:38,464.7,3909851,4,466.53,950110,1354812,-0.07526072465326798,0
2023-07-28 10:52:38,464.7,3909851,1,466.53,950110,1354812,-0.07526072465326798,0
2023-07-28 10:52:42,464.7,3909973,30,466.53,948889,1355537,-0.07526072465326798,0
2023-07-28 10:52:42,464.75,3909973,1,466.53,948889,1355537,-0.06450919255994224,0
2023-07-28 10:52:42,464.8,3909973,1,466.53,948889,1355537,-0.053757660466616494,0
2023-07-28 10:52:47,464.7,3910095,10,466.53,949425,1353056,-0.07526072465326798,0
2023-07-28 10:52:47,464.7,3910095,10,466.53,949425,1353056,-0.07526072465326798,0
2023-07-28 10:52:47,464.6,3910095,1,466.53,949425,1353056,-0.09676378883990724,0
2023-07-28 10:52:47,464.7,3910095,1,466.53,949425,1353056,-0.07526072465326798,0
2023-07-28 10:52:47,464.7,3910095,1,466.53,949425,1353056,-0.07526072465326798,0
2023-07-28 10:52:50,464.7,3910628,1,466.53,948473,1355577,-0.07526072465326798,0
2023-07-28 10:52:50,464.75,3910628,7,466.53,948473,1355577,-0.06450919255994224,0
2023-07-28 10:52:50,464.6,3910628,11,466.53,948473,1355577,-0.09676378883990724,0
2023-07-28 10:52:50,464.6,3910628,15,466.53,948473,1355577,-0.09676378883990724,0
2023-07-28 10:52:50,464.6,3910628,1,466.53,948473,1355577,-0.09676378883990724,0
2023-07-28 10:52:55,464.6,3910680,2,466.53,949536,1357418,-0.09676378883990724,0
2023-07-28 10:52:55,464.6,3910680,2,466.53,949536,1357418,-0.09676378883990724,0
2023-07-28 10:52:55,464.7,3910680,289,466.53,949536,1357418,-0.07526072465326798,0
2023-07-28 10:52:55,464.7,3910680,2,466.53,949536,1357418,-0.07526072465326798,0
2023-07-28 10:52:55,464.7,3910680,1,466.53,949536,1357418,-0.07526072465326798,0
2023-07-28 10:52:59,464.7,3911269,1,466.53,950554,1357146,-0.07526072465326798,0
2023-07-28 10:52:59,464.6,3911269,16,466.53,950554,1357146,-0.09676378883990724,0
2023-07-28 10:52:59,464.5,3911269,15,466.53,950554,1357146,-0.11826685302655873,0
2023-07-28 10:52:59,464.55,3911269,1,466.53,950554,1357146,-0.10751532093323299,0
2023-07-28 10:53:03,464.5,3913323,23,466.53,951042,1360345,-0.11826685302655873,0
2023-07-28 10:53:03,464.4,3913323,380,466.53,951042,1360345,-0.13976991721321022,0
2023-07-28 10:53:06,464.55,3914761,5,466.53,947027,1357954,-0.10751532093323299,0
2023-07-28 10:53:07,464.55,3914769,1,466.53,947821,1358054,-0.10751532093323299,0
2023-07-28 10:53:07,464.55,3916396,120,466.53,948652,1356610,-0.10751532093323299,0
2023-07-28 10:53:07,464.55,3916396,120,466.53,948652,1356610,-0.10751532093323299,0
2023-07-28 10:53:08,464.55,3916418,2,466.53,948129,1357037,-0.10751532093323299,0
2023-07-28 10:53:09,464.6,3919714,19,466.53,947869,1356656,-0.09676378883990724,0
2023-07-28 10:53:10,464.4,3919734,20,466.53,947985,1359178,-0.13976991721321022,0
2023-07-28 10:53:11,464.4,3919779,40,466.53,948573,1358099,-0.13976991721321022,0
2023-07-28 10:53:11,464.4,3919779,40,466.53,948803,1357620,-0.13976991721321022,0
2023-07-28 10:53:13,464.5,3919804,100,466.53,947578,1357471,-0.11826685302655873,0
2023-07-28 10:53:13,464.5,3919918,100,466.53,947574,1357371,-0.11826685302655873,0
2023-07-28 10:53:13,464.5,3919918,109,466.53,947574,1357371,-0.11826685302655873,0
2023-07-28 10:53:15,464.4,3920034,7,466.53,947689,1357263,-0.13976991721321022,0
2023-07-28 10:53:16,464.5,3920117,8,466.53,946498,1357346,-0.11826685302655873,0
2023-07-28 10:53:17,464.5,3920129,2,466.53,947074,1357334,-0.11826685302655873,0
2023-07-28 10:53:18,464.5,3920134,5,466.53,947269,1357351,-0.11826685302655873,0
2023-07-28 10:53:19,464.5,3920158,10,466.53,947680,1358235,-0.11826685302655873,0
2023-07-28 10:53:19,464.45,3920158,2,466.53,947680,1358235,-0.12901838511988448,0
2023-07-28 10:53:20,464.45,3921382,2,466.53,948610,1356075,-0.12901838511988448,0
2023-07-28 10:53:20,464.5,3921382,20,466.53,948610,1356075,-0.11826685302655873,0
2023-07-28 10:53:20,464.5,3921382,91,466.53,948610,1356075,-0.11826685302655873,0
2023-07-28 10:53:22,464.5,3921704,91,466.53,949730,1357731,-0.11826685302655873,0
2023-07-28 10:53:23,464.5,3921719,15,466.53,949836,1357691,-0.11826685302655873,0
2023-07-28 10:53:23,464.5,3921719,15,466.53,949836,1357691,-0.11826685302655873,0
2023-07-28 10:53:24,464.55,3921720,1,466.53,949865,1357470,-0.10751532093323299,0
2023-07-28 10:53:24,464.55,3921720,1,466.53,949865,1357470,-0.10751532093323299,0
2023-07-28 10:53:25,464.6,3921949,1,466.53,950504,1357251,-0.09676378883990724,0
2023-07-28 10:53:25,464.6,3921949,1,466.53,950569,1357351,-0.09676378883990724,0
2023-07-28 10:53:28,464.6,3921950,1,466.53,950515,1357591,-0.09676378883990724,0
2023-07-28 10:53:30,464.5,3922070,20,466.53,950536,1358063,-0.11826685302655873,0
2023-07-28 10:53:31,464.6,3922078,5,466.53,950534,1358058,-0.09676378883990724,0
2023-07-28 10:53:32,464.6,3922084,3,466.53,949914,1358052,-0.09676378883990724,0
2023-07-28 10:53:33,464.5,3922099,12,466.53,950889,1359225,-0.11826685302655873,0
2023-07-28 10:53:33,464.5,3922099,12,466.53,950908,1359225,-0.11826685302655873,0
2023-07-28 10:53:33,464.55,3922099,3,466.53,950908,1359225,-0.10751532093323299,0
2023-07-28 10:53:35,464.55,3922112,2,466.53,951026,1359108,-0.10751532093323299,0
2023-07-28 10:53:36,464.45,3924461,1,466.52,949840,1357535,-0.12901838511988448,0
2023-07-28 10:53:36,464.55,3924461,1,466.52,949840,1357535,-0.10751532093323299,0
2023-07-28 10:53:38,464.45,3924512,10,466.52,949689,1359915,-0.12901838511988448,0
2023-07-28 10:53:39,464.4,3924526,12,466.52,949694,1359913,-0.13976991721321022,0
2023-07-28 10:53:39,464.5,3924526,1,466.52,949694,1359913,-0.11826685302655873,0
2023-07-28 10:53:40,464.5,3924558,25,466.52,949487,1359761,-0.11826685302655873,0
2023-07-28 10:53:41,464.4,3924603,5,466.52,950097,1358711,-0.13976991721321022,0
2023-07-28 10:53:41,464.4,3924603,35,466.52,950097,1358711,-0.13976991721321022,0
2023-07-28 10:53:42,464.3,3925671,1,466.52,949089,1355089,-0.16127298139984947,0
2023-07-28 10:53:43,464.3,3925711,14,466.52,951684,1357373,-0.16127298139984947,0
2023-07-28 10:53:43,464.3,3925711,1,466.52,951684,1357373,-0.16127298139984947,0
2023-07-28 10:53:44,464.3,3925725,2,466.52,952309,1359434,-0.16127298139984947,0
2023-07-28 10:53:45,464.4,3925730,1,466.52,952425,1358989,-0.13976991721321022,0
2023-07-28 10:53:47,464.4,3925737,5,466.52,952435,1359242,-0.13976991721321022,0
2023-07-28 10:53:47,464.4,3925740,2,466.52,952445,1359260,-0.13976991721321022,0
2023-07-28 10:53:48,464.45,3925876,100,466.52,952528,1359746,-0.12901838511988448,0
2023-07-28 10:53:50,464.5,3928803,1,466.52,953930,1356437,-0.11826685302655873,0
2023-07-28 10:53:50,464.5,3928814,7,466.52,953489,1357588,-0.11826685302655873,0
2023-07-28 10:53:51,464.5,3928827,1,466.52,953430,1357585,-0.11826685302655873,0
2023-07-28 10:53:51,464.5,3928827,1,466.52,953430,1357585,-0.11826685302655873,0
2023-07-28 10:53:52,464.4,3928834,1,466.52,953478,1357557,-0.13976991721321022,0
2023-07-28 10:53:54,464.5,3928862,6,466.52,953578,1358625,-0.11826685302655873,0
2023-07-28 10:53:54,464.5,3928862,6,466.52,953578,1358625,-0.11826685302655873,0
2023-07-28 10:53:55,464.5,3929055,183,466.52,954263,1359687,-0.11826685302655873,0
2023-07-28 10:53:55,464.55,3929055,102,466.52,954263,1359687,-0.10751532093323299,0
2023-07-28 10:53:56,464.55,3929678,102,466.52,950397,1356034,-0.10751532093323299,0
2023-07-28 10:53:56,464.6,3929678,1,466.52,950397,1356034,-0.09676378883990724,0
2023-07-28 10:53:58,464.5,3930715,519,466.52,950184,1360896,-0.11826685302655873,0
2023-07-28 10:53:59,464.45,3930740,20,466.52,950248,1361817,-0.12901838511988448,0
2023-07-28 10:54:00,464.65,3930752,4,466.52,950022,1362501,-0.08601225674659373,0
2023-07-28 10:54:00,464.65,3930752,4,466.52,950022,1362501,-0.08601225674659373,0
2023-07-28 10:54:00,464.7,3930752,1,466.52,950022,1362501,-0.07526072465326798,0
2023-07-28 10:54:02,464.7,3930779,1,466.52,951040,1360596,-0.07526072465326798,0
2023-07-28 10:54:03,464.55,3930793,12,466.52,950775,1362439,-0.10751532093323299,0
2023-07-28 10:54:03,464.55,3930793,12,466.52,950716,1361012,-0.10751532093323299,0
2023-07-28 10:54:03,464.7,3930793,19,466.52,950716,1361012,-0.07526072465326798,0
2023-07-28 10:54:05,464.7,3930824,1,466.52,950729,1361632,-0.07526072465326798,0
2023-07-28 10:54:05,464.55,3930824,3,466.52,950729,1361632,-0.10751532093323299,0
2023-07-28 10:54:07,464.65,3930843,1,466.52,952207,1360734,-0.08601225674659373,0
2023-07-28 10:54:07,464.65,3930864,20,466.52,952073,1360714,-0.08601225674659373,0
2023-07-28 10:54:07,464.65,3930864,20,466.52,952073,1360714,-0.08601225674659373,0
2023-07-28 10:54:08,464.65,3930871,7,466.52,951340,1361190,-0.08601225674659373,0
2023-07-28 10:54:08,464.7,3930871,1,466.52,951873,1361851,-0.07526072465326798,0
2023-07-28 10:54:10,464.5,3930895,23,466.52,951850,1361847,-0.11826685302655873,0
2023-07-28 10:54:10,464.5,3930895,23,466.52,951850,1361847,-0.11826685302655873,0
2023-07-28 10:54:11,464.7,3930996,1,466.52,951840,1361756,-0.07526072465326798,0
2023-07-28 10:54:12,464.7,3931031,1,466.52,951854,1361721,-0.07526072465326798,0
2023-07-28 10:54:13,464.7,3931051,3,466.52,951538,1362191,-0.07526072465326798,0
2023-07-28 10:54:13,464.7,3931051,3,466.52,951538,1362191,-0.07526072465326798,0
2023-07-28 10:54:15,464.7,3931605,328,466.52,952161,1361661,-0.07526072465326798,0
2023-07-28 10:54:15,464.6,3931605,58,466.52,952161,1361661,-0.09676378883990724,0
2023-07-28 10:54:16,464.7,3931827,1,466.52,950626,1361709,-0.07526072465326798,0
2023-07-28 10:54:17,464.7,3933347,20,466.52,942007,1362005,-0.07526072465326798,0
2023-07-28 10:54:18,464.7,3933604,6,466.52,950101,1361770,-0.07526072465326798,0
2023-07-28 10:54:19,464.75,3934855,6,466.52,951136,1362969,-0.06450919255994224,0
2023-07-28 10:54:20,464.55,3934883,1,466.52,954124,1362798,-0.10751532093323299,0
2023-07-28 10:54:21,464.7,3934915,2,466.52,954954,1362796,-0.07526072465326798,0
2023-07-28 10:54:22,464.7,3934951,28,466.52,946788,1360974,-0.07526072465326798,0
2023-07-28 10:54:23,464.5,3935073,7,466.52,954489,1360885,-0.11826685302655873,0
2023-07-28 10:54:24,464.7,3935074,1,466.52,955105,1362081,-0.07526072465326798,0
2023-07-28 10:54:25,464.65,3935117,1,466.52,955311,1363300,-0.08601225674659373,0
2023-07-28 10:54:25,464.65,3935117,1,466.52,955311,1363300,-0.08601225674659373,0
2023-07-28 10:54:26,464.5,3935616,5,466.52,955332,1362965,-0.11826685302655873,0
2023-07-28 10:54:27,464.5,3935626,5,466.52,954130,1361808,-0.11826685302655873,0
2023-07-28 10:54:27,464.45,3935626,9,466.52,954130,1361808,-0.12901838511988448,0
2023-07-28 10:54:28,464.5,3936783,5,466.52,953974,1362327,-0.11826685302655873,0
2023-07-28 10:54:28,464.5,3936783,10,466.52,953974,1362327,-0.11826685302655873,0
2023-07-28 10:54:29,464.4,3936798,1,466.52,954532,1362315,-0.13976991721321022,0
2023-07-28 10:54:29,464.4,3936798,1,466.52,954532,1362315,-0.13976991721321022,0
2023-07-28 10:54:30,464.5,3936799,39,466.52,954546,1361834,-0.11826685302655873,0
2023-07-28 10:54:31,464.5,3936910,42,466.52,955871,1363171,-0.11826685302655873,0
2023-07-28 10:54:31,464.5,3936910,42,466.52,955076,1363817,-0.11826685302655873,0
2023-07-28 10:54:31,464.5,3936910,15,466.52,955076,1363817,-0.11826685302655873,0
2023-07-28 10:54:33,464.5,3936942,14,466.52,954901,1363334,-0.11826685302655873,0
2023-07-28 10:54:34,464.5,3936943,1,466.52,954675,1363693,-0.11826685302655873,0
2023-07-28 10:54:34,464.5,3936943,1,466.52,954675,1363697,-0.11826685302655873,0
2023-07-28 10:54:34,464.5,3936943,20,466.52,954882,1365309,-0.11826685302655873,0
2023-07-28 10:54:37,464.65,3936966,3,466.52,955365,1367705,-0.08601225674659373,0
2023-07-28 10:54:37,464.65,3936966,3,466.52,955371,1367705,-0.08601225674659373,0
2023-07-28 10:54:37,464.7,3936966,7,466.52,955371,1367705,-0.07526072465326798,0
2023-07-28 10:54:39,464.7,3937023,5,466.52,954082,1367967,-0.07526072465326798,0
2023-07-28 10:54:40,464.6,3937272,99,466.52,953876,1366726,-0.09676378883990724,0
2023-07-28 10:54:41,464.7,3937275,2,466.52,953897,1366723,-0.07526072465326798,0
2023-07-28 10:54:42,464.7,3937301,1,466.52,954659,1367547,-0.07526072465326798,0
2023-07-28 10:54:42,464.7,3937301,1,466.52,954659,1367547,-0.07526072465326798,0
2023-07-28 10:54:43,464.55,3937325,14,466.52,954579,1369344,-0.10751532093323299,0
2023-07-28 10:54:43,464.7,3937325,1,466.52,954579,1369344,-0.07526072465326798,0
2023-07-28 10:54:44,464.55,3937828,500,466.52,954482,1369163,-0.10751532093323299,0
2023-07-28 10:54:45,464.55,3937830,1,466.52,954995,1369051,-0.10751532093323299,0
2023-07-28 10:54:46,464.7,3937846,10,466.52,953839,1369601,-0.07526072465326798,0
2023-07-28 10:54:46,464.5,3937846,1,466.52,953839,1369601,-0.11826685302655873,0
2023-07-28 10:54:46,464.5,3937847,1,466.52,953897,1369606,-0.11826685302655873,0
2023-07-28 10:54:48,464.7,3937857,2,466.52,953903,1369596,-0.07526072465326798,0
2023-07-28 10:54:48,464.7,3937859,10,466.52,953904,1369594,-0.07526072465326798,0
2023-07-28 10:54:48,464.7,3937859,5,466.52,953904,1369594,-0.07526072465326798,0
2023-07-28 10:54:51,464.7,3938044,150,466.52,954184,1370982,-0.07526072465326798,0
2023-07-28 10:54:51,464.7,3938044,150,466.52,954112,1374094,-0.07526072465326798,0
2023-07-28 10:54:53,464.5,3938059,10,466.52,954398,1374094,-0.11826685302655873,0
2023-07-28 10:54:54,464.65,3938184,89,466.52,954387,1375288,-0.08601225674659373,0
2023-07-28 10:54:54,464.65,3938184,1,466.52,954387,1375288,-0.08601225674659373,0
2023-07-28 10:54:55,464.65,3938210,1,466.52,954365,1375274,-0.08601225674659373,0
2023-07-28 10:54:55,464.65,3938210,1,466.52,954365,1375274,-0.08601225674659373,0
2023-07-28 10:54:55,464.65,3938210,1,466.52,954698,1382895,-0.08601225674659373,0
2023-07-28 10:54:57,464.65,3938312,1,466.52,955330,1382997,-0.08601225674659373,0
2023-07-28 10:54:57,464.65,3938312,1,466.52,955330,1382997,-0.08601225674659373,0
2023-07-28 10:54:58,464.65,3938434,10,466.52,955334,1382877,-0.08601225674659373,0
2023-07-28 10:54:58,464.65,3938434,10,466.52,955334,1382877,-0.08601225674659373,0
2023-07-28 10:54:59,464.65,3938460,15,466.52,955315,1383012,-0.08601225674659373,0
2023-07-28 10:55:00,464.65,3938472,1,466.52,954600,1383478,-0.08601225674659373,0
2023-07-28 10:55:01,464.7,3939324,3,466.52,956420,1384229,-0.07526072465326798,0
2023-07-28 10:55:01,464.7,3939324,3,466.52,956420,1384229,-0.07526072465326798,0
2023-07-28 10:55:02,464.7,3939401,2,466.52,956391,1384152,-0.07526072465326798,0
2023-07-28 10:55:02,464.65,3939401,1,466.52,956391,1384152,-0.08601225674659373,0
2023-07-28 10:55:04,464.7,3939756,10,466.52,948270,1387395,-0.07526072465326798,0
2023-07-28 10:55:04,464.7,3939766,5,466.52,955189,1389845,-0.07526072465326798,0
2023-07-28 10:55:04,464.5,3939766,1,466.52,955189,1389845,-0.11826685302655873,0
2023-07-28 10:55:04,464.65,3939766,1,466.52,955189,1389845,-0.08601225674659373,0
2023-07-28 10:55:07,464.65,3939779,1,466.52,956369,1394339,-0.08601225674659373,0
2023-07-28 10:55:07,464.65,3939779,10,466.52,956369,1394339,-0.08601225674659373,0
2023-07-28 10:55:07,464.5,3939779,24,466.52,956369,1394339,-0.11826685302655873,0
2023-07-28 10:55:07,464.65,3939779,100,466.52,956369,1394339,-0.08601225674659373,0
2023-07-28 10:55:07,464.65,3939779,1,466.52,956369,1394339,-0.08601225674659373,0
2023-07-28 10:55:07,464.65,3939779,1,466.52,956369,1394339,-0.08601225674659373,0
2023-07-28 10:55:13,464.65,3939928,1,466.52,956001,1394242,-0.08601225674659373,0
2023-07-28 10:55:13,464.65,3939928,50,466.52,956001,1394242,-0.08601225674659373,0
2023-07-28 10:55:13,464.65,3939928,29,466.52,956001,1394242,-0.08601225674659373,0
2023-07-28 10:55:13,464.65,3939928,2,466.52,956001,1394242,-0.08601225674659373,0
2023-07-28 10:55:15,464.5,3940229,28,466.52,958438,1394251,-0.11826685302655873,0
2023-07-28 10:55:15,464.65,3940229,25,466.52,958438,1394251,-0.08601225674659373,0
2023-07-28 10:55:15,464.65,3940229,1,466.52,958438,1394251,-0.08601225674659373,0
2023-07-28 10:55:15,464.65,3940229,2,466.52,958438,1394251,-0.08601225674659373,0
2023-07-28 10:55:15,464.5,3940229,250,466.52,958438,1394251,-0.11826685302655873,0
2023-07-28 10:55:15,464.65,3940229,2,466.52,958438,1394251,-0.08601225674659373,0
2023-07-28 10:55:15,464.5,3940229,15,466.52,958438,1394251,-0.11826685302655873,0
2023-07-28 10:55:15,464.65,3940229,1,466.52,958438,1394251,-0.08601225674659373,0
2023-07-28 10:55:15,464.5,3940229,22,466.52,958438,1394251,-0.11826685302655873,0
2023-07-28 10:55:26,464.65,3940636,10,466.52,961649,1394584,-0.08601225674659373,0
2023-07-28 10:55:26,464.65,3940636,2,466.52,961649,1394584,-0.08601225674659373,0
2023-07-28 10:55:26,464.65,3940636,5,466.52,961649,1394584,-0.08601225674659373,0
2023-07-28 10:55:26,464.65,3940636,1,466.52,961649,1394584,-0.08601225674659373,0
2023-07-28 10:55:31,464.65,3940832,30,466.52,948143,1393392,-0.08601225674659373,0
2023-07-28 10:55:31,464.65,3940832,40,466.52,948143,1393392,-0.08601225674659373,0
2023-07-28 10:55:31,464.55,3940832,14,466.52,948143,1393392,-0.10751532093323299,0
2023-07-28 10:55:31,464.65,3940832,36,466.52,948143,1393392,-0.08601225674659373,0
2023-07-28 10:55:36,464.65,3942000,9,466.52,948128,1390552,-0.08601225674659373,0
2023-07-28 10:55:36,464.65,3942000,4,466.52,948128,1390552,-0.08601225674659373,0
2023-07-28 10:55:36,464.65,3942000,1,466.52,948128,1390552,-0.08601225674659373,0
2023-07-28 10:55:36,464.65,3942000,112,466.52,948128,1390552,-0.08601225674659373,0
2023-07-28 10:55:36,464.6,3942000,1,466.52,948128,1390552,-0.09676378883990724,0
2023-07-28 10:55:40,464.6,3954299,456,466.51,964635,1382563,-0.09676378883990724,0
2023-07-28 10:55:40,464.8,3954299,1,466.51,964635,1382563,-0.053757660466616494,0
2023-07-28 10:55:40,464.6,3954299,50,466.51,964635,1382563,-0.09676378883990724,0
2023-07-28 10:55:40,464.65,3954299,1,466.51,964635,1382563,-0.08601225674659373,0
2023-07-28 10:55:40,464.55,3954299,14,466.51,964635,1382563,-0.10751532093323299,0
2023-07-28 10:55:45,464.55,3956976,7,466.51,960946,1390187,-0.10751532093323299,0
2023-07-28 10:55:45,464.55,3956976,50,466.51,960946,1390187,-0.10751532093323299,0
2023-07-28 10:55:45,464.7,3956976,170,466.51,960946,1390187,-0.07526072465326798,0
2023-07-28 10:55:45,464.6,3956976,5,466.51,960946,1390187,-0.09676378883990724,0
2023-07-28 10:55:45,464.5,3956976,12,466.51,960946,1390187,-0.11826685302655873,0
2023-07-28 10:55:49,464.65,3957275,5,466.51,960384,1391161,-0.08601225674659373,0
2023-07-28 10:55:49,464.5,3957275,30,466.51,960384,1391161,-0.11826685302655873,0
2023-07-28 10:55:49,464.55,3957275,200,466.51,960384,1391161,-0.10751532093323299,0
2023-07-28 10:55:49,464.6,3957275,7,466.51,960384,1391161,-0.09676378883990724,0
2023-07-28 10:55:49,464.6,3957275,4,466.51,960384,1391161,-0.09676378883990724,0
2023-07-28 10:55:49,464.55,3957275,75,466.51,960384,1391161,-0.10751532093323299,0
2023-07-28 10:55:49,464.6,3957275,750,466.51,960384,1391161,-0.09676378883990724,0
2023-07-28 10:55:58,464.65,3958686,7,466.51,959276,1391030,-0.08601225674659373,0
2023-07-28 10:55:58,464.65,3958686,1,466.51,959276,1391030,-0.08601225674659373,0
2023-07-28 10:55:58,464.4,3958686,13,466.51,959276,1391030,-0.13976991721321022,0
2023-07-28 10:55:58,464.35,3958686,7,466.51,959276,1391030,-0.15052144930652372,0
2023-07-28 10:55:58,464.4,3958686,21,466.51,959276,1391030,-0.13976991721321022,0
2023-07-28 10:56:02,464.35,3963495,20,466.5,960527,1392404,-0.15052144930652372,0
2023-07-28 10:56:02,464.35,3963495,40,466.5,960527,1392404,-0.15052144930652372,0
2023-07-28 10:56:02,464.4,3963495,1,466.5,960527,1392404,-0.13976991721321022,0
2023-07-28 10:56:02,464.4,3963495,140,466.5,960527,1392404,-0.13976991721321022,0
2023-07-28 10:56:06,464.4,3965421,10,466.5,958806,1389850,-0.13976991721321022,0
2023-07-28 10:56:06,464.3,3965421,1,466.5,958806,1389850,-0.16127298139984947,0
2023-07-28 10:56:06,464.25,3965421,23,466.5,958806,1389850,-0.1720245134931752,0
2023-07-28 10:56:10,464.3,3965616,1,466.5,957964,1391610,-0.16127298139984947,0
2023-07-28 10:56:10,464.4,3965616,5,466.5,957964,1391610,-0.13976991721321022,0
2023-07-28 10:56:10,464.45,3965616,290,466.5,957964,1391610,-0.12901838511988448,0
2023-07-28 10:56:10,464.25,3965616,13,466.5,957964,1391610,-0.1720245134931752,0
2023-07-28 10:56:15,464.25,3966948,80,466.5,958791,1391469,-0.1720245134931752,0
2023-07-28 10:56:15,464.25,3966948,80,466.5,958791,1391469,-0.1720245134931752,0
2023-07-28 10:56:15,464.4,3966948,32,466.5,958791,1391469,-0.13976991721321022,0
2023-07-28 10:56:15,464.4,3966948,9,466.5,958791,1391469,-0.13976991721321022,0
2023-07-28 10:56:15,464.4,3966948,3,466.5,958791,1391469,-0.13976991721321022,0
2023-07-28 10:56:19,464.4,3967251,3,466.5,959181,1391965,-0.13976991721321022,0
2023-07-28 10:56:19,464.4,3967251,5,466.5,959181,1391965,-0.13976991721321022,0
2023-07-28 10:56:19,464.4,3967251,150,466.5,959181,1391965,-0.13976991721321022,0
2023-07-28 10:56:19,464.4,3967251,150,466.5,959181,1391965,-0.13976991721321022,0
2023-07-28 10:56:19,464.3,3967251,227,466.5,959181,1391965,-0.16127298139984947,0
2023-07-28 10:56:19,464.3,3967251,227,466.5,959181,1391965,-0.16127298139984947,0
2023-07-28 10:56:24,464.25,3967710,5,466.5,959874,1390485,-0.1720245134931752,0
2023-07-28 10:56:24,464.25,3967710,5,466.5,959874,1390485,-0.1720245134931752,0
2023-07-28 10:56:24,464.25,3967710,5,466.5,959874,1390485,-0.1720245134931752,0
2023-07-28 10:56:24,464.25,3967710,22,466.5,959874,1390485,-0.1720245134931752,0
2023-07-28 10:56:24,464.3,3967710,5,466.5,959874,1390485,-0.16127298139984947,0
2023-07-28 10:56:24,464.3,3967710,1,466.5,959874,1390485,-0.16127298139984947,0
2023-07-28 10:56:28,464.3,3967739,1,466.5,960963,1390525,-0.16127298139984947,0
2023-07-28 10:56:28,464.3,3967739,50,466.5,960963,1390525,-0.16127298139984947,0
2023-07-28 10:56:28,464.3,3967739,200,466.5,960963,1390525,-0.16127298139984947,0
2023-07-28 10:56:32,464.3,3968016,5,466.5,960874,1390276,-0.16127298139984947,0
2023-07-28 10:56:32,464.25,3968016,303,466.5,960874,1390276,-0.1720245134931752,0
2023-07-28 10:56:32,464.3,3968016,1,466.5,960874,1390276,-0.16127298139984947,0
2023-07-28 10:56:32,464.4,3968016,5,466.5,960874,1390276,-0.13976991721321022,0
2023-07-28 10:56:32,464.3,3968016,9,466.5,960874,1390276,-0.16127298139984947,0
2023-07-28 10:56:36,464.3,3969035,1,466.5,960825,1388378,-0.16127298139984947,0
2023-07-28 10:56:36,464.35,3969035,14,466.5,960825,1388378,-0.15052144930652372,0
2023-07-28 10:56:36,464.25,3969035,10,466.5,960825,1388378,-0.1720245134931752,0
2023-07-28 10:56:36,464.35,3969035,1,466.5,960825,1388378,-0.15052144930652372,0
2023-07-28 10:56:40,464.25,3969246,3,466.5,961633,1387816,-0.1720245134931752,0
2023-07-28 10:56:40,464.4,3969246,25,466.5,961633,1387816,-0.13976991721321022,0
2023-07-28 10:56:40,464.45,3969246,1,466.5,961633,1387816,-0.12901838511988448,0
2023-07-28 10:56:40,464.25,3969246,14,466.5,961633,1387816,-0.1720245134931752,0
2023-07-28 10:56:45,464.25,3969406,4,466.5,962000,1389103,-0.1720245134931752,0
2023-07-28 10:56:45,464.25,3969406,3,466.5,962000,1389103,-0.1720245134931752,0
2023-07-28 10:56:45,464.45,3969406,20,466.5,962000,1389103,-0.12901838511988448,0
2023-07-28 10:56:45,464.4,3969406,50,466.5,962000,1389103,-0.13976991721321022,0
2023-07-28 10:56:49,464.25,3970212,1,466.5,960258,1390424,-0.1720245134931752,0
2023-07-28 10:56:49,464.25,3970212,1,466.5,960258,1390424,-0.1720245134931752,0
2023-07-28 10:56:49,464.25,3970212,79,466.5,960258,1390424,-0.1720245134931752,0
2023-07-28 10:56:49,464.25,3970212,10,466.5,960258,1390424,-0.1720245134931752,0
2023-07-28 10:56:49,464.45,3970212,64,466.5,960258,1390424,-0.12901838511988448,0
2023-07-28 10:56:53,464.25,3971730,16,466.5,962449,1390846,-0.1720245134931752,0
2023-07-28 10:56:53,464.25,3971730,1,466.5,962449,1390846,-0.1720245134931752,0
2023-07-28 10:56:53,464.4,3971730,1,466.5,962449,1390846,-0.13976991721321022,0
2023-07-28 10:56:53,464.3,3971730,1,466.5,962449,1390846,-0.16127298139984947,0
2023-07-28 10:56:57,464.3,3971840,29,466.5,960998,1389517,-0.16127298139984947,0
2023-07-28 10:56:57,464.4,3971840,4,466.5,960998,1389517,-0.13976991721321022,0
2023-07-28 10:56:57,464.4,3971840,3,466.5,960998,1389517,-0.13976991721321022,0
2023-07-28 10:56:57,464.4,3971840,50,466.5,960998,1389517,-0.13976991721321022,0
2023-07-28 10:57:01,464.4,3972024,3,466.5,960985,1389542,-0.13976991721321022,0
2023-07-28 10:57:01,464.3,3972024,80,466.5,960985,1389542,-0.16127298139984947,0
2023-07-28 10:57:01,464.35,3972024,19,466.5,960985,1389542,-0.15052144930652372,0
2023-07-28 10:57:01,464.25,3972024,14,466.5,960985,1389542,-0.1720245134931752,0
2023-07-28 10:57:01,464.3,3972024,243,466.5,960985,1389542,-0.16127298139984947,0
2023-07-28 10:57:05,464.4,3972610,1,466.5,960617,1390271,-0.13976991721321022,0
2023-07-28 10:57:05,464.4,3972610,6,466.5,960617,1390271,-0.13976991721321022,0
2023-07-28 10:57:05,464.4,3972610,4,466.5,960617,1390271,-0.13976991721321022,0
2023-07-28 10:57:05,464.3,3972610,3,466.5,960617,1390271,-0.16127298139984947,0
2023-07-28 10:57:09,464.3,3972737,3,466.5,960273,1390882,-0.16127298139984947,0
2023-07-28 10:57:09,464.3,3972737,10,466.5,960273,1390882,-0.16127298139984947,0
2023-07-28 10:57:09,464.3,3972737,21,466.5,960273,1390882,-0.16127298139984947,0
2023-07-28 10:57:09,464.3,3972737,212,466.5,960273,1390882,-0.16127298139984947,0
2023-07-28 10:57:12,464.3,3975024,212,466.5,960058,1391504,-0.16127298139984947,0
2023-07-28 10:57:12,464.35,3975024,25,466.5,960058,1391504,-0.15052144930652372,0
2023-07-28 10:57:12,464.35,3975024,30,466.5,960058,1391504,-0.15052144930652372,0
2023-07-28 10:57:12,464.3,3975024,1,466.5,960058,1391504,-0.16127298139984947,0
2023-07-28 10:57:12,464.3,3975024,1,466.5,960058,1391504,-0.16127298139984947,0
2023-07-28 10:57:16,464.4,3975315,8,466.5,959716,1391183,-0.13976991721321022,0
2023-07-28 10:57:16,464.35,3975315,1,466.5,959716,1391183,-0.15052144930652372,0
2023-07-28 10:57:16,464.2,3975315,180,466.5,959716,1391183,-0.18277604558650096,0
2023-07-28 10:57:16,464.2,3975315,3,466.5,959716,1391183,-0.18277604558650096,0
2023-07-28 10:57:21,464.2,3975562,79,466.5,947707,1391080,-0.18277604558650096,0
2023-07-28 10:57:21,464.3,3975562,1,466.5,947707,1391080,-0.16127298139984947,0
2023-07-28 10:57:21,464.3,3975562,10,466.5,947707,1391080,-0.16127298139984947,0
2023-07-28 10:57:21,464.35,3975562,1,466.5,947707,1391080,-0.15052144930652372,0
2023-07-28 10:57:25,464.25,3975730,10,466.5,947611,1391269,-0.1720245134931752,0
2023-07-28 10:57:25,464.3,3975730,15,466.5,947611,1391269,-0.16127298139984947,0
2023-07-28 10:57:25,464.35,3975730,6,466.5,947611,1391269,-0.15052144930652372,0
2023-07-28 10:57:25,464.35,3975730,2,466.5,947611,1391269,-0.15052144930652372,0
2023-07-28 10:57:25,464.35,3975730,2,466.5,947611,1391269,-0.15052144930652372,0
2023-07-28 10:57:29,464.35,3976091,10,466.5,959654,1391855,-0.15052144930652372,0
2023-07-28 10:57:29,464.35,3976091,1,466.5,959654,1391855,-0.15052144930652372,0
2023-07-28 10:57:29,464.3,3976091,250,466.5,959654,1391855,-0.16127298139984947,0
2023-07-28 10:57:34,464.35,3976762,12,466.5,958787,1393177,-0.15052144930652372,0
2023-07-28 10:57:34,464.35,3976762,12,466.5,958787,1393177,-0.15052144930652372,0
2023-07-28 10:57:34,464.35,3976762,1,466.5,958787,1393177,-0.15052144930652372,0
2023-07-28 10:57:34,464.3,3976762,100,466.5,958787,1393177,-0.16127298139984947,0
2023-07-28 10:57:38,464.3,3978853,1,466.5,933972,1392959,-0.16127298139984947,0
2023-07-28 10:57:38,464.3,3978853,1,466.5,933972,1392959,-0.16127298139984947,0
2023-07-28 10:57:38,464.0,3978853,500,466.5,933972,1392959,-0.22578217395979172,0
2023-07-28 10:57:38,464.0,3978853,100,466.5,933972,1392959,-0.22578217395979172,0
2023-07-28 10:57:38,464.0,3978853,1,466.5,933972,1392959,-0.22578217395979172,0
2023-07-28 10:57:42,464.0,3983927,1,466.49,951670,1396575,-0.22578217395979172,0
2023-07-28 10:57:42,464.2,3983927,21,466.49,951670,1396575,-0.18277604558650096,0
2023-07-28 10:57:42,464.0,3983927,3,466.49,951670,1396575,-0.22578217395979172,0
2023-07-28 10:57:42,464.0,3983927,1,466.49,951670,1396575,-0.22578217395979172,0
2023-07-28 10:57:42,464.2,3983927,4,466.49,951670,1396575,-0.18277604558650096,0
2023-07-28 10:57:46,464.2,3984097,25,466.49,952978,1400599,-0.18277604558650096,0
2023-07-28 10:57:46,464.2,3984097,25,466.49,952978,1400599,-0.18277604558650096,0
2023-07-28 10:57:46,464.2,3984097,1,466.49,952978,1400599,-0.18277604558650096,0
2023-07-28 10:57:46,464.2,3984097,10,466.49,952978,1400599,-0.18277604558650096,0
2023-07-28 10:57:46,464.0,3984097,10,466.49,952978,1400599,-0.22578217395979172,0
2023-07-28 10:57:50,464.2,3984498,30,466.49,953900,1400469,-0.18277604558650096,0
2023-07-28 10:57:50,464.2,3984498,17,466.49,953900,1400469,-0.18277604558650096,0
2023-07-28 10:57:50,464.2,3984498,40,466.49,953900,1400469,-0.18277604558650096,0
2023-07-28 10:57:54,464.2,3987221,5,466.49,956972,1400653,-0.18277604558650096,0
2023-07-28 10:57:54,464.05,3987221,7,466.49,956972,1400653,-0.21503064186646598,0
2023-07-28 10:57:54,464.2,3987221,1,466.49,956972,1400653,-0.18277604558650096,0
2023-07-28 10:57:54,464.1,3987221,100,466.49,956972,1400653,-0.20427910977314023,0
2023-07-28 10:57:58,464.1,3987461,1,466.49,954501,1400093,-0.20427910977314023,0
2023-07-28 10:57:58,464.1,3987461,10,466.49,954501,1400093,-0.20427910977314023,0
2023-07-28 10:57:58,464.15,3987461,3,466.49,954501,1400093,-0.1935275776798267,0
2023-07-28 10:58:02,464.25,3991772,1,466.49,953483,1400519,-0.1720245134931752,0
2023-07-28 10:58:02,464.25,3991772,2,466.49,953483,1400519,-0.1720245134931752,0
2023-07-28 10:58:02,464.05,3991772,5,466.49,953483,1400519,-0.21503064186646598,0
2023-07-28 10:58:02,464.2,3991772,1,466.49,953483,1400519,-0.18277604558650096,0
2023-07-28 10:58:07,464.2,3992194,35,466.49,953745,1402873,-0.18277604558650096,0
2023-07-28 10:58:07,464.1,3992194,3,466.49,953745,1402873,-0.20427910977314023,0
2023-07-28 10:58:07,464.2,3992194,10,466.49,953745,1402873,-0.18277604558650096,0
2023-07-28 10:58:07,464.2,3992194,10,466.49,953745,1402873,-0.18277604558650096,0
2023-07-28 10:58:10,464.1,3992667,35,466.49,953963,1401576,-0.20427910977314023,0
2023-07-28 10:58:10,464.2,3992667,19,466.49,953963,1401576,-0.18277604558650096,0
2023-07-28 10:58:10,464.2,3992667,1,466.49,953963,1401576,-0.18277604558650096,0
2023-07-28 10:58:10,464.2,3992667,15,466.49,953963,1401576,-0.18277604558650096,0
2023-07-28 10:58:14,464.2,3992779,3,466.49,954023,1401739,-0.18277604558650096,0
2023-07-28 10:58:14,464.2,3992779,5,466.49,954023,1401739,-0.18277604558650096,0
2023-07-28 10:58:14,464.1,3992779,10,466.49,954023,1401739,-0.20427910977314023,0
2023-07-28 10:58:14,464.2,3992779,2,466.49,954023,1401739,-0.18277604558650096,0
2023-07-28 10:58:18,464.2,3992825,2,466.49,954066,1402825,-0.18277604558650096,0
2023-07-28 10:58:18,464.2,3992825,20,466.49,954066,1402825,-0.18277604558650096,0
2023-07-28 10:58:18,464.2,3992825,30,466.49,954066,1402825,-0.18277604558650096,0
2023-07-28 10:58:18,464.1,3992825,3,466.49,954066,1402825,-0.20427910977314023,0
2023-07-28 10:58:23,464.2,3993490,3,466.49,954209,1399210,-0.18277604558650096,0
2023-07-28 10:58:23,464.1,3993490,15,466.49,954209,1399210,-0.20427910977314023,0
2023-07-28 10:58:23,464.1,3993490,10,466.49,954209,1399210,-0.20427910977314023,0
2023-07-28 10:58:23,464.2,3993490,50,466.49,954209,1399210,-0.18277604558650096,0
2023-07-28 10:58:23,464.2,3993490,33,466.49,954209,1399210,-0.18277604558650096,0
2023-07-28 10:58:27,464.25,3995080,1,466.49,952441,1395415,-0.1720245134931752,0
2023-07-28 10:58:27,464.25,3995080,5,466.49,952441,1395415,-0.1720245134931752,0
2023-07-28 10:58:27,464.1,3995080,45,466.49,952441,1395415,-0.20427910977314023,0
2023-07-28 10:58:27,464.1,3995080,1,466.49,952441,1395415,-0.20427910977314023,0
2023-07-28 10:58:27,464.1,3995080,3,466.49,952441,1395415,-0.20427910977314023,0
2023-07-28 10:58:31,464.1,3996078,1,466.49,954562,1394343,-0.20427910977314023,0
2023-07-28 10:58:31,464.25,3996078,10,466.49,954562,1394343,-0.1720245134931752,0
2023-07-28 10:58:31,464.25,3996078,1,466.49,954562,1394343,-0.1720245134931752,0
2023-07-28 10:58:31,464.25,3996078,1,466.49,954562,1394343,-0.1720245134931752,0
2023-07-28 10:58:31,464.25,3996078,1,466.49,954562,1394343,-0.1720245134931752,0
2023-07-28 10:58:35,464.1,3996110,4,466.49,954686,1394759,-0.20427910977314023,0
2023-07-28 10:58:35,464.25,3996110,300,466.49,954686,1394759,-0.1720245134931752,0
2023-07-28 10:58:35,464.25,3996110,1,466.49,954686,1394759,-0.1720245134931752,0
2023-07-28 10:58:35,464.25,3996110,43,466.49,954686,1394759,-0.1720245134931752,0
2023-07-28 10:58:35,464.25,3996110,1,466.49,954686,1394759,-0.1720245134931752,0
2023-07-28 10:58:39,464.1,3996570,8,466.49,955933,1394253,-0.20427910977314023,0
2023-07-28 10:58:39,464.2,3996570,25,466.49,955933,1394253,-0.18277604558650096,0
2023-07-28 10:58:39,464.2,3996570,1,466.49,955933,1394253,-0.18277604558650096,0
2023-07-28 10:58:39,464.2,3996570,2,466.49,955933,1394253,-0.18277604558650096,0
2023-07-28 10:58:43,464.2,3996844,9,466.49,955631,1394357,-0.18277604558650096,0
2023-07-28 10:58:43,464.1,3996844,1,466.49,955631,1394357,-0.20427910977314023,0
2023-07-28 10:58:43,464.2,3996844,25,466.49,955631,1394357,-0.18277604558650096,0
2023-07-28 10:58:43,464.2,3996844,40,466.49,955631,1394357,-0.18277604558650096,0
2023-07-28 10:58:47,464.1,3997073,4,466.49,955171,1394102,-0.20427910977314023,0
2023-07-28 10:58:47,464.2,3997073,10,466.49,955171,1394102,-0.18277604558650096,0
2023-07-28 10:58:47,464.1,3997073,15,466.49,955171,1394102,-0.20427910977314023,0
2023-07-28 10:58:51,464.2,3997377,12,466.49,955375,1396702,-0.18277604558650096,0
2023-07-28 10:58:51,464.2,3997377,25,466.49,955375,1396702,-0.18277604558650096,0
2023-07-28 10:58:51,464.15,3997377,15,466.49,955375,1396702,-0.1935275776798267,0
2023-07-28 10:58:55,464.1,3997458,2,466.49,956080,1396545,-0.20427910977314023,0
2023-07-28 10:58:55,464.2,3997458,1,466.49,956080,1396545,-0.18277604558650096,0
2023-07-28 10:58:55,464.2,3997458,42,466.49,956080,1396545,-0.18277604558650096,0
2023-07-28 10:58:55,464.15,3997458,3,466.49,956080,1396545,-0.1935275776798267,0
2023-07-28 10:58:58,464.2,3997511,5,466.49,955849,1396623,-0.18277604558650096,0
2023-07-28 10:58:58,464.15,3997511,27,466.49,955849,1396623,-0.1935275776798267,0
2023-07-28 10:58:58,464.2,3997511,8,466.49,955849,1396623,-0.18277604558650096,0
2023-07-28 10:58:58,464.2,3997511,4,466.49,955849,1396623,-0.18277604558650096,0
2023-07-28 10:58:58,464.2,3997511,46,466.49,955849,1396623,-0.18277604558650096,0
2023-07-28 10:59:03,464.2,3998258,46,466.49,957342,1395197,-0.18277604558650096,0
2023-07-28 10:59:03,464.35,3998258,158,466.49,957342,1395197,-0.15052144930652372,0
2023-07-28 10:59:03,464.2,3998258,2,466.49,957342,1395197,-0.18277604558650096,0
2023-07-28 10:59:06,464.3,3999388,6,466.48,957831,1401855,-0.16127298139984947,0
2023-07-28 10:59:06,464.25,3999388,6,466.48,957831,1401855,-0.1720245134931752,0
2023-07-28 10:59:06,464.3,3999388,2,466.48,957831,1401855,-0.16127298139984947,0
2023-07-28 10:59:06,464.3,3999388,10,466.48,957831,1401855,-0.16127298139984947,0
2023-07-28 10:59:06,464.3,3999388,10,466.48,957831,1401855,-0.16127298139984947,0
2023-07-28 10:59:11,464.3,3999599,10,466.48,957775,1400426,-0.16127298139984947,0
2023-07-28 10:59:11,464.3,3999599,51,466.48,957775,1400426,-0.16127298139984947,0
2023-07-28 10:59:11,464.25,3999599,14,466.48,957775,1400426,-0.1720245134931752,0
2023-07-28 10:59:11,464.3,3999599,1,466.48,957775,1400426,-0.16127298139984947,0
2023-07-28 10:59:11,464.3,3999599,13,466.48,957775,1400426,-0.16127298139984947,0
2023-07-28 10:59:15,464.25,3999818,4,466.48,958362,1400945,-0.1720245134931752,0
2023-07-28 10:59:15,464.25,3999818,15,466.48,958362,1400945,-0.1720245134931752,0
2023-07-28 10:59:15,464.3,3999818,14,466.48,958362,1400945,-0.16127298139984947,0
2023-07-28 10:59:15,464.25,3999818,50,466.48,958362,1400945,-0.1720245134931752,0
2023-07-28 10:59:15,464.25,3999818,5,466.48,958362,1400945,-0.1720245134931752,0
2023-07-28 10:59:15,464.25,3999818,1,466.48,958362,1400945,-0.1720245134931752,0
2023-07-28 10:59:15,464.25,3999818,50,466.48,958362,1400945,-0.1720245134931752,0
2023-07-28 10:59:15,464.25,3999818,50,466.48,958362,1400945,-0.1720245134931752,0
2023-07-28 10:59:15,464.25,3999818,50,466.48,958362,1400945,-0.1720245134931752,0
2023-07-28 10:59:15,464.2,3999818,2,466.48,958362,1400945,-0.18277604558650096,0
2023-07-28 10:59:24,464.25,4002205,50,466.48,960744,1399987,-0.1720245134931752,0
2023-07-28 10:59:24,464.25,4002205,50,466.48,960744,1399987,-0.1720245134931752,0
2023-07-28 10:59:24,464.25,4002205,50,466.48,960744,1399987,-0.1720245134931752,0
2023-07-28 10:59:24,464.3,4002205,10,466.48,960744,1399987,-0.16127298139984947,0
2023-07-28 10:59:24,464.3,4002205,10,466.48,960744,1399987,-0.16127298139984947,0
2023-07-28 10:59:24,464.3,4002205,2,466.48,960744,1399987,-0.16127298139984947,0
2023-07-28 10:59:24,464.3,4002205,13,466.48,960744,1399987,-0.16127298139984947,0
2023-07-28 10:59:24,464.3,4002205,3,466.48,960744,1399987,-0.16127298139984947,0
2023-07-28 10:59:24,464.25,4002205,1,466.48,960744,1399987,-0.1720245134931752,0
2023-07-28 10:59:24,464.3,4002205,2,466.48,960744,1399987,-0.16127298139984947,0
2023-07-28 10:59:24,464.45,4002205,35,466.48,960744,1399987,-0.12901838511988448,0
2023-07-28 10:59:32,464.45,4002611,20,466.48,961786,1402334,-0.12901838511988448,0
2023-07-28 10:59:32,464.45,4002611,20,466.48,961786,1402334,-0.12901838511988448,0
2023-07-28 10:59:32,464.3,4002611,14,466.48,961786,1402334,-0.16127298139984947,0
2023-07-28 10:59:32,464.25,4002611,11,466.48,961786,1402334,-0.1720245134931752,0
2023-07-28 10:59:34,464.25,4002643,11,466.48,963447,1401919,-0.1720245134931752,0
2023-07-28 10:59:34,464.45,4002643,76,466.48,963447,1401919,-0.12901838511988448,0
2023-07-28 10:59:34,464.4,4002643,10,466.48,963447,1401919,-0.13976991721321022,0
2023-07-28 10:59:34,464.4,4002643,1,466.48,963447,1401919,-0.13976991721321022,0
2023-07-28 10:59:40,464.25,4004301,19,466.48,960736,1402636,-0.1720245134931752,0
2023-07-28 10:59:40,464.4,4004301,10,466.48,960736,1402636,-0.13976991721321022,0
2023-07-28 10:59:40,464.25,4004301,9,466.48,960736,1402636,-0.1720245134931752,0
2023-07-28 10:59:40,464.25,4004301,3,466.48,960736,1402636,-0.1720245134931752,0
2023-07-28 10:59:43,464.3,4004552,14,466.48,961948,1403048,-0.16127298139984947,0
2023-07-28 10:59:43,464.3,4004552,50,466.48,961948,1403048,-0.16127298139984947,0
2023-07-28 10:59:43,464.25,4004552,11,466.48,961948,1403048,-0.1720245134931752,0
2023-07-28 10:59:43,464.35,4004552,15,466.48,961948,1403048,-0.15052144930652372,0
2023-07-28 10:59:48,464.15,4007349,126,466.48,960416,1405453,-0.1935275776798267,0
2023-07-28 10:59:48,464.15,4007349,50,466.48,960416,1405453,-0.1935275776798267,0
2023-07-28 10:59:48,464.15,4007349,43,466.48,960416,1405453,-0.1935275776798267,0
2023-07-28 10:59:48,464.15,4007349,3,466.48,960416,1405453,-0.1935275776798267,0
2023-07-28 10:59:52,464.1,4009560,47,466.48,958000,1404427,-0.20427910977314023,0
2023-07-28 10:59:52,464.2,4009560,2,466.48,958000,1404427,-0.18277604558650096,0
2023-07-28 10:59:52,464.25,4009560,4,466.48,958000,1404427,-0.1720245134931752,0
2023-07-28 10:59:52,464.15,4009560,1,466.48,958000,1404427,-0.1935275776798267,0
2023-07-28 10:59:55,464.1,4009631,4,466.48,956853,1403058,-0.20427910977314023,0
2023-07-28 10:59:55,464.25,4009631,8,466.48,956853,1403058,-0.1720245134931752,0
2023-07-28 10:59:55,464.2,4009631,1,466.48,956853,1403058,-0.18277604558650096,0
2023-07-28 10:59:55,464.2,4009631,1,466.48,956853,1403058,-0.18277604558650096,0
2023-07-28 11:00:00,464.15,4009742,28,466.48,957113,1402251,-0.1935275776798267,0
2023-07-28 11:00:00,464.2,4009742,2,466.48,957113,1402251,-0.18277604558650096,0
2023-07-28 11:00:00,464.15,4009742,25,466.48,957113,1402251,-0.1935275776798267,0
2023-07-28 11:00:00,464.15,4009742,52,466.48,957113,1402251,-0.1935275776798267,0
2023-07-28 11:00:04,464.15,4010110,29,466.48,956672,1403161,-0.1935275776798267,0
2023-07-28 11:00:04,464.2,4010110,1,466.48,956672,1403161,-0.18277604558650096,0
2023-07-28 11:00:04,464.25,4010110,1,466.48,956672,1403161,-0.1720245134931752,0
2023-07-28 11:00:04,464.1,4010110,1,466.48,956672,1403161,-0.20427910977314023,0
2023-07-28 11:00:04,464.15,4010110,10,466.48,956672,1403161,-0.1935275776798267,0
2023-07-28 11:00:08,464.2,4012503,4,466.48,956733,1402484,-0.18277604558650096,0
2023-07-28 11:00:08,464.1,4012503,3,466.48,956733,1402484,-0.20427910977314023,0
2023-07-28 11:00:08,464.2,4012503,1,466.48,956733,1402484,-0.18277604558650096,0
2023-07-28 11:00:12,464.1,4016699,15,466.47,951662,1404746,-0.20427910977314023,0
2023-07-28 11:00:12,464.0,4016699,166,466.47,951662,1404746,-0.22578217395979172,0
2023-07-28 11:00:16,464.1,4018285,49,466.47,953501,1401275,-0.20427910977314023,0
2023-07-28 11:00:16,464.1,4018285,37,466.47,953501,1401275,-0.20427910977314023,0
2023-07-28 11:00:16,464.1,4018285,1,466.47,953501,1401275,-0.20427910977314023,0
2023-07-28 11:00:21,464.1,4019198,50,466.47,952659,1401345,-0.20427910977314023,0
2023-07-28 11:00:21,464.1,4019198,15,466.47,952659,1401345,-0.20427910977314023,0
2023-07-28 11:00:21,464.1,4019198,1,466.47,952659,1401345,-0.20427910977314023,0
2023-07-28 11:00:25,464.0,4019343,24,466.47,953260,1401492,-0.22578217395979172,0
2023-07-28 11:00:25,464.0,4019343,5,466.47,953260,1401492,-0.22578217395979172,0
2023-07-28 11:00:25,463.65,4019343,282,466.47,953260,1401492,-0.30104289861305966,0
2023-07-28 11:00:25,463.65,4019343,12,466.47,953260,1401492,-0.30104289861305966,0
2023-07-28 11:00:25,463.7,4019343,17,466.47,953260,1401492,-0.2902913665197339,0
2023-07-28 11:00:29,463.7,4050155,17,466.45,921676,1407390,-0.2902913665197339,0
2023-07-28 11:00:29,463.85,4050155,10,466.45,921676,1407390,-0.25803677023975674,0
2023-07-28 11:00:29,463.65,4050155,6,466.45,921676,1407390,-0.30104289861305966,0
2023-07-28 11:00:29,463.85,4050155,4,466.45,921676,1407390,-0.25803677023975674,0
2023-07-28 11:00:33,463.7,4050800,3,466.45,924686,1406048,-0.2902913665197339,0
2023-07-28 11:00:33,463.7,4050800,9,466.45,924686,1406048,-0.2902913665197339,0
2023-07-28 11:00:33,463.85,4050800,3,466.45,924686,1406048,-0.25803677023975674,0
2023-07-28 11:00:33,463.85,4050800,6,466.45,924686,1406048,-0.25803677023975674,0
2023-07-28 11:00:33,463.7,4050800,2,466.45,924686,1406048,-0.2902913665197339,0
2023-07-28 11:00:36,463.7,4051180,2,466.45,924763,1405833,-0.2902913665197339,0
2023-07-28 11:00:36,463.8,4051180,5,466.45,924763,1405833,-0.2687883023330825,0
2023-07-28 11:00:36,463.8,4051180,1,466.45,924763,1405833,-0.2687883023330825,0
2023-07-28 11:00:36,463.7,4051180,3,466.45,924763,1405833,-0.2902913665197339,0
2023-07-28 11:00:40,463.7,4051282,1426,466.45,930718,1410662,-0.2902913665197339,0
2023-07-28 11:00:40,463.7,4051282,22,466.45,930718,1410662,-0.2902913665197339,0
2023-07-28 11:00:40,463.7,4051282,14,466.45,930718,1410662,-0.2902913665197339,0
2023-07-28 11:00:44,463.85,4053600,5,466.45,931035,1409137,-0.25803677023975674,0
2023-07-28 11:00:44,463.75,4053600,3,466.45,931035,1409137,-0.2795398344264082,0
2023-07-28 11:00:44,463.85,4053600,8,466.45,931035,1409137,-0.25803677023975674,0
2023-07-28 11:00:44,463.85,4053600,1,466.45,931035,1409137,-0.25803677023975674,0
2023-07-28 11:00:44,463.95,4053600,2,466.45,931035,1409137,-0.23653370605311747,0
2023-07-28 11:00:48,463.95,4053782,2,466.45,932455,1409169,-0.23653370605311747,0
2023-07-28 11:00:48,463.75,4053782,3,466.45,932455,1409169,-0.2795398344264082,0
2023-07-28 11:00:48,463.75,4053782,3,466.45,932455,1409169,-0.2795398344264082,0
2023-07-28 11:00:48,463.9,4053782,1,466.45,932455,1409169,-0.24728523814644318,0
2023-07-28 11:00:48,463.9,4053782,5,466.45,932455,1409169,-0.24728523814644318,0
2023-07-28 11:00:53,463.95,4054092,42,466.45,919293,1409190,-0.23653370605311747,0
2023-07-28 11:00:53,463.95,4054092,50,466.45,919293,1409190,-0.23653370605311747,0
2023-07-28 11:00:53,463.75,4054092,27,466.45,919293,1409190,-0.2795398344264082,0
2023-07-28 11:00:53,463.75,4054092,1,466.45,919293,1409190,-0.2795398344264082,0
2023-07-28 11:00:58,463.8,4054456,2,466.45,930651,1408521,-0.2687883023330825,0
2023-07-28 11:00:58,463.95,4054456,1,466.45,930651,1408521,-0.23653370605311747,0
2023-07-28 11:00:58,463.8,4054456,3,466.45,930651,1408521,-0.2687883023330825,0
2023-07-28 11:01:02,463.8,4055054,29,466.45,932007,1409104,-0.2687883023330825,0
2023-07-28 11:01:02,463.75,4055054,10,466.45,932007,1409104,-0.2795398344264082,0
2023-07-28 11:01:02,463.7,4055054,2,466.45,932007,1409104,-0.2902913665197339,0
2023-07-28 11:01:02,463.9,4055054,1,466.45,932007,1409104,-0.24728523814644318,0
2023-07-28 11:01:02,463.9,4055054,38,466.45,932007,1409104,-0.24728523814644318,0
2023-07-28 11:01:06,463.9,4055902,38,466.45,932189,1408153,-0.24728523814644318,0
2023-07-28 11:01:06,463.75,4055915,3,466.45,934421,1409211,-0.2795398344264082,0
2023-07-28 11:01:07,463.95,4055917,2,466.45,934071,1409212,-0.23653370605311747,0
2023-07-28 11:01:09,463.95,4055969,41,466.45,934171,1408621,-0.23653370605311747,0
2023-07-28 11:01:09,463.95,4056188,89,466.45,934239,1408544,-0.23653370605311747,0
2023-07-28 11:01:10,463.75,4056719,3,466.45,933784,1408543,-0.2795398344264082,0
2023-07-28 11:01:10,463.9,4056719,12,466.45,933784,1408543,-0.24728523814644318,0
2023-07-28 11:01:11,463.75,4057080,329,466.45,936751,1408573,-0.2795398344264082,0
2023-07-28 11:01:11,463.95,4057080,3,466.45,936751,1408573,-0.23653370605311747,0
2023-07-28 11:01:13,463.95,4057116,2,466.45,936018,1408538,-0.23653370605311747,0
2023-07-28 11:01:14,463.75,4057126,10,466.45,936453,1407603,-0.2795398344264082,0
2023-07-28 11:01:15,463.85,4057219,25,466.45,936586,1408091,-0.25803677023975674,0
2023-07-28 11:01:16,463.85,4057261,2,466.45,936587,1407966,-0.25803677023975674,0
2023-07-28 11:01:17,463.85,4057270,1,466.45,936988,1407702,-0.25803677023975674,0
2023-07-28 11:01:18,463.85,4057275,4,466.45,936374,1407576,-0.25803677023975674,0
2023-07-28 11:01:19,463.9,4057435,10,466.45,933048,1403997,-0.24728523814644318,0
2023-07-28 11:01:19,463.9,4057435,10,466.45,933048,1403997,-0.24728523814644318,0
2023-07-28 11:01:20,463.9,4057440,100,466.45,933339,1404098,-0.24728523814644318,0
2023-07-28 11:01:21,463.7,4057541,35,466.45,933853,1404887,-0.2902913665197339,0
2023-07-28 11:01:22,463.85,4057596,3,466.45,933165,1404362,-0.25803677023975674,0
2023-07-28 11:01:22,463.85,4057596,3,466.45,933165,1404362,-0.25803677023975674,0
2023-07-28 11:01:24,463.85,4057616,4,466.45,933176,1405207,-0.25803677023975674,0
2023-07-28 11:01:25,463.75,4057780,3,466.45,933766,1407265,-0.2795398344264082,0
2023-07-28 11:01:25,463.7,4057802,2,466.45,932565,1404867,-0.2902913665197339,0
2023-07-28 11:01:25,463.75,4057802,4,466.45,932565,1404867,-0.2795398344264082,0
2023-07-28 11:01:25,463.75,4057802,5,466.45,932565,1404867,-0.2795398344264082,0
2023-07-28 11:01:27,463.75,4057975,50,466.45,931807,1404663,-0.2795398344264082,0
2023-07-28 11:01:27,463.75,4057975,50,466.45,931807,1404663,-0.2795398344264082,0
2023-07-28 11:01:28,463.75,4058127,99,466.45,931804,1404885,-0.2795398344264082,0
2023-07-28 11:01:28,463.75,4058127,2,466.45,931804,1404885,-0.2795398344264082,0
2023-07-28 11:01:30,463.75,4058660,500,466.45,930180,1404151,-0.2795398344264082,0
2023-07-28 11:01:30,463.75,4058675,1,466.45,931504,1403096,-0.2795398344264082,0
2023-07-28 11:01:31,463.75,4058683,8,466.45,929941,1404166,-0.2795398344264082,0
2023-07-28 11:01:32,463.75,4058693,1,466.45,930061,1403441,-0.2795398344264082,0
2023-07-28 11:01:33,463.7,4058742,1,466.45,930202,1403347,-0.2902913665197339,0
2023-07-28 11:01:34,463.75,4058799,5,466.45,930343,1403379,-0.2795398344264082,0
2023-07-28 11:01:34,463.7,4058799,3,466.45,930343,1403379,-0.2902913665197339,0
2023-07-28 11:01:35,463.7,4058867,3,466.45,931284,1403389,-0.2902913665197339,0
2023-07-28 11:01:36,463.8,4059017,109,466.45,931304,1402929,-0.2687883023330825,0
2023-07-28 11:01:36,463.75,4059017,3,466.45,931141,1403202,-0.2795398344264082,0
2023-07-28 11:01:39,463.7,4059079,59,466.45,932751,1403201,-0.2902913665197339,0
2023-07-28 11:01:40,463.7,4059124,21,466.45,932699,1402204,-0.2902913665197339,0
2023-07-28 11:01:40,463.75,4059335,187,466.45,932679,1402023,-0.2795398344264082,0
2023-07-28 11:01:40,463.75,4059335,3,466.45,932679,1402023,-0.2795398344264082,0
2023-07-28 11:01:42,463.7,4059404,7,466.45,932664,1402006,-0.2902913665197339,0
2023-07-28 11:01:42,463.75,4059404,30,466.45,932664,1402006,-0.2795398344264082,0
2023-07-28 11:01:43,463.7,4059484,50,466.45,934200,1403576,-0.2902913665197339,0
2023-07-28 11:01:43,463.75,4059484,20,466.45,934200,1403576,-0.2795398344264082,0
2023-07-28 11:01:44,463.75,4059526,1,466.45,933401,1403548,-0.2795398344264082,0
2023-07-28 11:01:44,463.75,4059527,1,466.45,932334,1404313,-0.2795398344264082,0
2023-07-28 11:01:44,463.75,4059527,10,466.45,932334,1404313,-0.2795398344264082,0
2023-07-28 11:01:46,463.75,4059642,2,466.45,931367,1404034,-0.2795398344264082,0
2023-07-28 11:01:46,463.75,4059642,2,466.45,931367,1404034,-0.2795398344264082,0
2023-07-28 11:01:47,463.75,4059757,20,466.45,931456,1403973,-0.2795398344264082,0
2023-07-28 11:01:48,463.75,4059759,1,466.45,931694,1404726,-0.2795398344264082,0
2023-07-28 11:01:49,463.7,4059772,10,466.45,931688,1404338,-0.2902913665197339,0
2023-07-28 11:01:49,463.7,4059772,12,466.45,931688,1404338,-0.2902913665197339,0
2023-07-28 11:01:49,463.7,4059772,1,466.45,931688,1404338,-0.2902913665197339,0
2023-07-28 11:01:51,463.7,4060667,10,466.45,931915,1402698,-0.2902913665197339,0
2023-07-28 11:01:52,463.7,4060909,2,466.45,932104,1403478,-0.2902913665197339,0
2023-07-28 11:01:53,463.75,4060979,41,466.45,932405,1402685,-0.2795398344264082,0
2023-07-28 11:01:53,463.8,4061034,91,466.45,932270,1402731,-0.2687883023330825,0
2023-07-28 11:01:54,463.65,4062670,22,466.45,924982,1403127,-0.30104289861305966,0
2023-07-28 11:01:56,463.55,4063203,1,466.45,932101,1402661,-0.32254596279969894,0
2023-07-28 11:01:56,463.65,4063587,4,466.44,931333,1402746,-0.30104289861305966,0
2023-07-28 11:01:57,463.65,4063612,25,466.44,931358,1402725,-0.30104289861305966,0
2023-07-28 11:01:58,463.65,4063754,8,466.44,933086,1406085,-0.30104289861305966,0
2023-07-28 11:01:58,463.65,4063754,8,466.44,933086,1406085,-0.30104289861305966,0
2023-07-28 11:01:58,463.6,4063754,50,466.44,933086,1406085,-0.3117944307063732,0
2023-07-28 11:02:00,463.7,4064132,2,466.44,931954,1406533,-0.2902913665197339,0
2023-07-28 11:02:02,463.65,4064149,1,466.44,933751,1405470,-0.30104289861305966,0
2023-07-28 11:02:02,463.7,4064149,3,466.44,933751,1405470,-0.2902913665197339,0
2023-07-28 11:02:02,463.7,4064273,3,466.44,933091,1406665,-0.2902913665197339,0
2023-07-28 11:02:03,463.55,4064287,14,466.44,932205,1405902,-0.32254596279969894,0
2023-07-28 11:02:05,463.75,4064454,153,466.44,933193,1406517,-0.2795398344264082,0
2023-07-28 11:02:05,463.7,4064457,1,466.44,933215,1406547,-0.2902913665197339,0
2023-07-28 11:02:05,463.7,4064457,100,466.44,933215,1406547,-0.2902913665197339,0
2023-07-28 11:02:08,463.7,4065184,80,466.44,937653,1404096,-0.2902913665197339,0
2023-07-28 11:02:08,463.7,4065184,2,466.44,937653,1404096,-0.2902913665197339,0
2023-07-28 11:02:08,463.7,4065184,6,466.44,937653,1404096,-0.2902913665197339,0
2023-07-28 11:02:08,463.65,4065184,8,466.44,937653,1404096,-0.30104289861305966,0
2023-07-28 11:02:12,463.7,4065381,10,466.44,938718,1404821,-0.2902913665197339,0
2023-07-28 11:02:12,463.7,4065381,7,466.44,938718,1404821,-0.2902913665197339,0
2023-07-28 11:02:12,463.65,4065381,30,466.44,938718,1404821,-0.30104289861305966,0
2023-07-28 11:02:12,463.65,4065381,15,466.44,938718,1404821,-0.30104289861305966,0
2023-07-28 11:02:17,463.7,4066381,72,466.44,937078,1404341,-0.2902913665197339,0
2023-07-28 11:02:17,463.7,4066381,10,466.44,937078,1404341,-0.2902913665197339,0
2023-07-28 11:02:17,463.8,4066381,150,466.44,937078,1404341,-0.2687883023330825,0
2023-07-28 11:02:17,463.75,4066381,100,466.44,937078,1404341,-0.2795398344264082,0
2023-07-28 11:02:17,463.9,4066381,20,466.44,937078,1404341,-0.24728523814644318,0
2023-07-28 11:02:20,463.9,4072314,20,466.44,930703,1405970,-0.24728523814644318,0
2023-07-28 11:02:20,463.9,4072314,8,466.44,930703,1405970,-0.24728523814644318,0
2023-07-28 11:02:20,463.9,4072314,20,466.44,930703,1405970,-0.24728523814644318,0
2023-07-28 11:02:20,463.75,4072314,1,466.44,930703,1405970,-0.2795398344264082,0
2023-07-28 11:02:20,463.75,4072314,1,466.44,930703,1405970,-0.2795398344264082,0
2023-07-28 11:02:25,463.75,4072899,3,466.44,931701,1405172,-0.2795398344264082,0
2023-07-28 11:02:25,463.75,4072899,3,466.44,931701,1405172,-0.2795398344264082,0
2023-07-28 11:02:25,463.9,4072899,10,466.44,931701,1405172,-0.24728523814644318,0
2023-07-28 11:02:25,463.9,4072899,10,466.44,931701,1405172,-0.24728523814644318,0
2023-07-28 11:02:25,463.7,4072899,20,466.44,931701,1405172,-0.2902913665197339,0
2023-07-28 11:02:29,463.7,4073020,70,466.44,933121,1406636,-0.2902913665197339,0
2023-07-28 11:02:29,463.8,4073020,2,466.44,933121,1406636,-0.2687883023330825,0
2023-07-28 11:02:29,463.7,4073020,36,466.44,933121,1406636,-0.2902913665197339,0
2023-07-28 11:02:29,463.7,4073020,57,466.44,933121,1406636,-0.2902913665197339,0
2023-07-28 11:02:34,463.8,4073345,8,466.44,935216,1407555,-0.2687883023330825,0
2023-07-28 11:02:34,463.8,4073345,1,466.44,935216,1407555,-0.2687883023330825,0
2023-07-28 11:02:34,463.75,4073345,2,466.44,935216,1407555,-0.2795398344264082,0
2023-07-28 11:02:34,463.7,4073345,100,466.44,935216,1407555,-0.2902913665197339,0
2023-07-28 11:02:38,463.75,4073623,3,466.44,934093,1407981,-0.2795398344264082,0
2023-07-28 11:02:38,463.7,4073623,66,466.44,934093,1407981,-0.2902913665197339,0
2023-07-28 11:02:38,463.8,4073623,104,466.44,934093,1407981,-0.2687883023330825,0
2023-07-28 11:02:38,463.8,4073623,19,466.44,934093,1407981,-0.2687883023330825,0
2023-07-28 11:02:42,463.7,4074086,100,466.44,934360,1408877,-0.2902913665197339,0
2023-07-28 11:02:42,463.75,4074086,1,466.44,934360,1408877,-0.2795398344264082,0
2023-07-28 11:02:42,463.75,4074086,10,466.44,934360,1408877,-0.2795398344264082,0
2023-07-28 11:02:42,463.7,4074086,3,466.44,934360,1408877,-0.2902913665197339,0
2023-07-28 11:02:46,463.75,4074511,9,466.44,934257,1408729,-0.2795398344264082,0
2023-07-28 11:02:46,463.7,4074511,700,466.44,934257,1408729,-0.2902913665197339,0
2023-07-28 11:02:46,463.7,4074511,30,466.44,934257,1408729,-0.2902913665197339,0
2023-07-28 11:02:46,463.75,4074511,13,466.44,934257,1408729,-0.2795398344264082,0
2023-07-28 11:02:46,463.75,4074511,1,466.44,934257,1408729,-0.2795398344264082,0
2023-07-28 11:02:50,463.7,4075431,3,466.44,935579,1408957,-0.2902913665197339,0
2023-07-28 11:02:50,463.75,4075431,20,466.44,935579,1408957,-0.2795398344264082,0
2023-07-28 11:02:50,463.75,4075431,1,466.44,935579,1408957,-0.2795398344264082,0
2023-07-28 11:02:50,463.75,4075431,2,466.44,935579,1408957,-0.2795398344264082,0
2023-07-28 11:02:54,463.75,4076065,10,466.44,934050,1411145,-0.2795398344264082,0
2023-07-28 11:02:54,463.75,4076065,1,466.44,934050,1411145,-0.2795398344264082,0
2023-07-28 11:02:54,463.75,4076065,10,466.44,934050,1411145,-0.2795398344264082,0
2023-07-28 11:02:54,463.7,4076065,1,466.44,934050,1411145,-0.2902913665197339,0
2023-07-28 11:02:54,463.75,4076065,2,466.44,934050,1411145,-0.2795398344264082,0
2023-07-28 11:02:58,463.7,4076544,5,466.44,934095,1410639,-0.2902913665197339,0
2023-07-28 11:02:58,463.7,4076544,10,466.44,934095,1410639,-0.2902913665197339,0
2023-07-28 11:02:58,463.75,4076544,1,466.44,934095,1410639,-0.2795398344264082,0
2023-07-28 11:03:02,463.75,4076632,3,466.44,935473,1409977,-0.2795398344264082,0
2023-07-28 11:03:02,463.75,4076632,2,466.44,935473,1409977,-0.2795398344264082,0
2023-07-28 11:03:02,463.7,4076632,50,466.44,935473,1409977,-0.2902913665197339,0
2023-07-28 11:03:02,463.7,4076632,96,466.44,935473,1409977,-0.2902913665197339,0
2023-07-28 11:03:06,463.85,4077095,1,466.44,935718,1410142,-0.25803677023975674,0
2023-07-28 11:03:06,463.75,4077095,3,466.44,935718,1410142,-0.2795398344264082,0
2023-07-28 11:03:06,463.7,4077095,1,466.44,935718,1410142,-0.2902913665197339,0
2023-07-28 11:03:06,463.7,4077095,1,466.44,935718,1410142,-0.2902913665197339,0
2023-07-28 11:03:11,463.7,4077362,1,466.44,937956,1409808,-0.2902913665197339,0
2023-07-28 11:03:11,463.75,4077362,7,466.44,937956,1409808,-0.2795398344264082,0
2023-07-28 11:03:11,463.9,4077362,40,466.44,937956,1409808,-0.24728523814644318,0
2023-07-28 11:03:11,463.75,4077362,14,466.44,937956,1409808,-0.2795398344264082,0
2023-07-28 11:03:11,463.9,4077362,14,466.44,937956,1409808,-0.24728523814644318,0
2023-07-28 11:03:15,463.75,4077527,4,466.44,939198,1409692,-0.2795398344264082,0
2023-07-28 11:03:15,463.9,4077527,1,466.44,939198,1409692,-0.24728523814644318,0
2023-07-28 11:03:15,463.9,4077527,2,466.44,939198,1409692,-0.24728523814644318,0
2023-07-28 11:03:19,463.9,4077632,50,466.44,939555,1410810,-0.24728523814644318,0
2023-07-28 11:03:19,463.75,4077632,100,466.44,939555,1410810,-0.2795398344264082,0
2023-07-28 11:03:19,463.75,4077632,30,466.44,939555,1410810,-0.2795398344264082,0
2023-07-28 11:03:19,463.9,4077632,21,466.44,939555,1410810,-0.24728523814644318,0
2023-07-28 11:03:19,463.9,4077632,10,466.44,939555,1410810,-0.24728523814644318,0
2023-07-28 11:03:24,463.9,4077902,10,466.44,941273,1409821,-0.24728523814644318,0
2023-07-28 11:03:24,463.75,4077902,3,466.44,941273,1409821,-0.2795398344264082,0
2023-07-28 11:03:24,463.9,4077902,1,466.44,941273,1409821,-0.24728523814644318,0
2023-07-28 11:03:24,463.75,4077902,100,466.44,941273,1409821,-0.2795398344264082,0
2023-07-28 11:03:28,463.75,4078265,100,466.43,943086,1408727,-0.2795398344264082,0
2023-07-28 11:03:28,463.95,4078265,1,466.43,943086,1408727,-0.23653370605311747,0
2023-07-28 11:03:32,463.95,4079175,48,466.43,949251,1410924,-0.23653370605311747,0
2023-07-28 11:03:32,463.95,4079175,48,466.43,949251,1410924,-0.23653370605311747,0
2023-07-28 11:03:32,463.9,4079175,80,466.43,949251,1410924,-0.24728523814644318,0
2023-07-28 11:03:32,463.95,4079175,3,466.43,949251,1410924,-0.23653370605311747,0
2023-07-28 11:03:32,463.8,4079175,8,466.43,949251,1410924,-0.2687883023330825,0
2023-07-28 11:03:36,463.8,4079984,8,466.43,947790,1410253,-0.2687883023330825,0
2023-07-28 11:03:36,463.9,4079984,10,466.43,947790,1410253,-0.24728523814644318,0
2023-07-28 11:03:36,463.9,4079984,1,466.43,947790,1410253,-0.24728523814644318,0
2023-07-28 11:03:36,463.8,4079984,5,466.43,947790,1410253,-0.2687883023330825,0
2023-07-28 11:03:40,463.8,4080187,3,466.43,948186,1409906,-0.2687883023330825,0
2023-07-28 11:03:40,463.8,4080187,3,466.43,948186,1409906,-0.2687883023330825,0
2023-07-28 11:03:40,463.9,4080187,14,466.43,948186,1409906,-0.24728523814644318,0
2023-07-28 11:03:44,463.95,4080374,100,466.43,947589,1410006,-0.23653370605311747,0
2023-07-28 11:03:44,463.95,4080374,5,466.43,947589,1410006,-0.23653370605311747,0
2023-07-28 11:03:44,463.95,4080374,11,466.43,947589,1410006,-0.23653370605311747,0
2023-07-28 11:03:44,463.9,4080374,25,466.43,947589,1410006,-0.24728523814644318,0
2023-07-28 11:03:47,463.95,4080472,1,466.43,947647,1411328,-0.23653370605311747,0
2023-07-28 11:03:47,463.95,4080472,1,466.43,947647,1411328,-0.23653370605311747,0
2023-07-28 11:03:47,463.9,4080472,1,466.43,947647,1411328,-0.24728523814644318,0
2023-07-28 11:03:47,463.95,4080472,1,466.43,947647,1411328,-0.23653370605311747,0
2023-07-28 11:03:51,463.95,4080679,2,466.43,946694,1411377,-0.23653370605311747,0
2023-07-28 11:03:51,463.9,4080679,9,466.43,946694,1411377,-0.24728523814644318,0
2023-07-28 11:03:51,463.95,4080679,15,466.43,946694,1411377,-0.23653370605311747,0
2023-07-28 11:03:51,463.95,4080679,1,466.43,946694,1411377,-0.23653370605311747,0
2023-07-28 11:03:55,463.9,4080847,4,466.43,948219,1411226,-0.24728523814644318,0
2023-07-28 11:03:55,463.95,4080847,75,466.43,948219,1411226,-0.23653370605311747,0
2023-07-28 11:03:55,463.95,4080847,234,466.43,948219,1411226,-0.23653370605311747,0
2023-07-28 11:03:55,463.95,4080847,1,466.43,948219,1411226,-0.23653370605311747,0
2023-07-28 11:03:55,463.95,4080847,32,466.43,948219,1411226,-0.23653370605311747,0
2023-07-28 11:03:59,463.9,4082000,1,466.43,949281,1410585,-0.24728523814644318,0
2023-07-28 11:03:59,463.9,4082000,10,466.43,949281,1410585,-0.24728523814644318,0
2023-07-28 11:03:59,463.9,4082000,3,466.43,949281,1410585,-0.24728523814644318,0
2023-07-28 11:03:59,463.95,4082000,10,466.43,949281,1410585,-0.23653370605311747,0
2023-07-28 11:03:59,463.95,4082000,25,466.43,949281,1410585,-0.23653370605311747,0
2023-07-28 11:04:03,463.95,4082144,9,466.43,948461,1409632,-0.23653370605311747,0
2023-07-28 11:04:03,463.95,4082144,45,466.43,948461,1409632,-0.23653370605311747,0
2023-07-28 11:04:03,463.95,4082144,4,466.43,948461,1409632,-0.23653370605311747,0
2023-07-28 11:04:03,463.9,4082144,14,466.43,948461,1409632,-0.24728523814644318,0
2023-07-28 11:04:07,463.9,4082452,1,466.43,950953,1409939,-0.24728523814644318,0
2023-07-28 11:04:07,463.95,4082452,11,466.43,950953,1409939,-0.23653370605311747,0
2023-07-28 11:04:07,463.95,4082452,1,466.43,950953,1409939,-0.23653370605311747,0
2023-07-28 11:04:07,463.9,4082452,3,466.43,950953,1409939,-0.24728523814644318,0
2023-07-28 11:04:10,463.9,4082865,3,466.43,950473,1409677,-0.24728523814644318,0
2023-07-28 11:04:10,463.95,4082865,1,466.43,950473,1409677,-0.23653370605311747,0
2023-07-28 11:04:10,463.95,4082865,3,466.43,950473,1409677,-0.23653370605311747,0
2023-07-28 11:04:10,463.9,4082865,2,466.43,950473,1409677,-0.24728523814644318,0
2023-07-28 11:04:10,463.95,4082865,6,466.43,950473,1409677,-0.23653370605311747,0
2023-07-28 11:04:15,463.95,4083003,100,466.43,950943,1409765,-0.23653370605311747,0
2023-07-28 11:04:15,463.95,4083003,169,466.43,950943,1409765,-0.23653370605311747,0
2023-07-28 11:04:15,463.95,4083003,1,466.43,950943,1409765,-0.23653370605311747,0
2023-07-28 11:04:15,463.95,4083003,2,466.43,950943,1409765,-0.23653370605311747,0
2023-07-28 11:04:15,463.9,4083003,10,466.43,950943,1409765,-0.24728523814644318,0
2023-07-28 11:04:15,464.0,4083003,2,466.43,950943,1409765,-0.22578217395979172,0
2023-07-28 11:04:15,464.0,4083003,3,466.43,950943,1409765,-0.22578217395979172,0
2023-07-28 11:04:15,464.0,4083003,5,466.43,950943,1409765,-0.22578217395979172,0
2023-07-28 11:04:15,463.9,4083003,120,466.43,950943,1409765,-0.24728523814644318,0
2023-07-28 11:04:15,463.95,4083003,20,466.43,950943,1409765,-0.23653370605311747,0
2023-07-28 11:04:27,463.95,4085195,2,466.43,951111,1409393,-0.23653370605311747,0
2023-07-28 11:04:27,463.8,4085195,91,466.43,951111,1409393,-0.2687883023330825,0
2023-07-28 11:04:27,463.8,4085195,1,466.43,951111,1409393,-0.2687883023330825,0
2023-07-28 11:04:27,463.9,4085195,7,466.43,951111,1409393,-0.24728523814644318,0
2023-07-28 11:04:32,463.95,4085682,91,466.43,952206,1409654,-0.23653370605311747,0
2023-07-28 11:04:32,463.95,4085682,10,466.43,952206,1409654,-0.23653370605311747,0
2023-07-28 11:04:32,463.8,4085682,14,466.43,952206,1409654,-0.2687883023330825,0
2023-07-28 11:04:32,463.95,4085682,1,466.43,952206,1409654,-0.23653370605311747,0
2023-07-28 11:04:35,463.9,4085967,4,466.43,950936,1410278,-0.24728523814644318,0
2023-07-28 11:04:35,463.9,4085967,4,466.43,950936,1410278,-0.24728523814644318,0
2023-07-28 11:04:35,464.0,4085967,2,466.43,950936,1410278,-0.22578217395979172,0
2023-07-28 11:04:35,464.0,4085967,3,466.43,950936,1410278,-0.22578217395979172,0
2023-07-28 11:04:35,464.0,4085967,10,466.43,950936,1410278,-0.22578217395979172,0
2023-07-28 11:04:38,464.0,4086041,10,466.43,950950,1410516,-0.22578217395979172,0
2023-07-28 11:04:38,463.9,4086041,23,466.43,950950,1410516,-0.24728523814644318,0
2023-07-28 11:04:38,463.8,4086041,1,466.43,950950,1410516,-0.2687883023330825,0
2023-07-28 11:04:38,463.8,4086041,100,466.43,950950,1410516,-0.2687883023330825,0
2023-07-28 11:04:43,463.7,4095612,14,466.42,942809,1410693,-0.2902913665197339,0
2023-07-28 11:04:43,463.8,4095612,1,466.42,942809,1410693,-0.2687883023330825,0
2023-07-28 11:04:43,463.8,4095612,1,466.42,942809,1410693,-0.2687883023330825,0
2023-07-28 11:04:43,463.7,4095612,45,466.42,942809,1410693,-0.2902913665197339,0
2023-07-28 11:04:48,463.8,4095826,5,466.42,928297,1409508,-0.2687883023330825,0
2023-07-28 11:04:48,463.8,4095826,5,466.42,928297,1409508,-0.2687883023330825,0
2023-07-28 11:04:48,463.75,4095826,11,466.42,928297,1409508,-0.2795398344264082,0
2023-07-28 11:04:48,463.8,4095826,30,466.42,928297,1409508,-0.2687883023330825,0
2023-07-28 11:04:52,464.0,4095994,2,466.42,931849,1409570,-0.22578217395979172,0
2023-07-28 11:04:52,464.0,4095994,2,466.42,931849,1409570,-0.22578217395979172,0
2023-07-28 11:04:52,463.85,4095994,15,466.42,931849,1409570,-0.25803677023975674,0
2023-07-28 11:04:52,463.85,4095994,1,466.42,931849,1409570,-0.25803677023975674,0
2023-07-28 11:04:52,463.75,4095994,1,466.42,931849,1409570,-0.2795398344264082,0
2023-07-28 11:04:52,463.95,4095994,49,466.42,931849,1409570,-0.23653370605311747,0
2023-07-28 11:04:52,463.95,4095994,20,466.42,931849,1409570,-0.23653370605311747,0
2023-07-28 11:04:52,463.95,4095994,33,466.42,931849,1409570,-0.23653370605311747,0
2023-07-28 11:04:52,463.8,4095994,1,466.42,931849,1409570,-0.2687883023330825,0
2023-07-28 11:05:00,463.8,4097596,3,466.42,945251,1411716,-0.2687883023330825,0
2023-07-28 11:05:00,463.7,4097596,5,466.42,945251,1411716,-0.2902913665197339,0
2023-07-28 11:05:00,463.85,4097596,2,466.42,945251,1411716,-0.25803677023975674,0
2023-07-28 11:05:00,463.8,4097596,15,466.42,945251,1411716,-0.2687883023330825,0
2023-07-28 11:05:04,463.9,4099663,3,466.42,943143,1410155,-0.24728523814644318,0
2023-07-28 11:05:04,463.9,4099663,3,466.42,943143,1410155,-0.24728523814644318,0
2023-07-28 11:05:04,463.9,4099663,7,466.42,943143,1410155,-0.24728523814644318,0
2023-07-28 11:05:04,463.9,4099663,6,466.42,943143,1410155,-0.24728523814644318,0
2023-07-28 11:05:04,463.75,4099663,7,466.42,943143,1410155,-0.2795398344264082,0
2023-07-28 11:05:08,463.75,4099770,7,466.42,945291,1411334,-0.2795398344264082,0
2023-07-28 11:05:08,463.95,4099770,6,466.42,945291,1411334,-0.23653370605311747,0
2023-07-28 11:05:08,463.95,4099770,1,466.42,945291,1411334,-0.23653370605311747,0
2023-07-28 11:05:08,463.8,4099770,3,466.42,945291,1411334,-0.2687883023330825,0
2023-07-28 11:05:12,463.85,4100220,30,466.42,945637,1410697,-0.25803677023975674,0
2023-07-28 11:05:12,463.8,4100220,2,466.42,945637,1410697,-0.2687883023330825,0
2023-07-28 11:05:12,463.8,4100220,15,466.42,945637,1410697,-0.2687883023330825,0
2023-07-28 11:05:12,463.75,4100220,1,466.42,945637,1410697,-0.2795398344264082,0
2023-07-28 11:05:16,463.95,4100465,81,466.42,944999,1410557,-0.23653370605311747,0
2023-07-28 11:05:16,463.95,4100465,81,466.42,944999,1410557,-0.23653370605311747,0
2023-07-28 11:05:16,463.95,4100465,34,466.42,944999,1410557,-0.23653370605311747,0
2023-07-28 11:05:16,463.95,4100465,1,466.42,944999,1410557,-0.23653370605311747,0
2023-07-28 11:05:20,463.85,4100710,1,466.42,946182,1411514,-0.25803677023975674,0
2023-07-28 11:05:20,463.85,4100710,1,466.42,946182,1411514,-0.25803677023975674,0
2023-07-28 11:05:20,463.75,4100710,1,466.42,946182,1411514,-0.2795398344264082,0
2023-07-28 11:05:20,464.0,4100710,2,466.42,946182,1411514,-0.22578217395979172,0
2023-07-28 11:05:20,464.0,4100710,9,466.42,946182,1411514,-0.22578217395979172,0
2023-07-28 11:05:20,464.0,4100710,9,466.42,946182,1411514,-0.22578217395979172,0
2023-07-28 11:05:24,463.8,4100796,180,466.42,947518,1412274,-0.2687883023330825,0
2023-07-28 11:05:24,463.8,4100796,180,466.42,947518,1412274,-0.2687883023330825,0
2023-07-28 11:05:24,463.95,4100796,3,466.42,947518,1412274,-0.23653370605311747,0
2023-07-28 11:05:24,463.95,4100796,23,466.42,947518,1412274,-0.23653370605311747,0
2023-07-28 11:05:24,463.95,4100796,23,466.42,947518,1412274,-0.23653370605311747,0
2023-07-28 11:05:24,463.95,4100796,6,466.42,947518,1412274,-0.23653370605311747,0
2023-07-28 11:05:28,464.0,4101195,3,466.42,946541,1412571,-0.22578217395979172,0
2023-07-28 11:05:28,464.0,4101195,20,466.42,946541,1412571,-0.22578217395979172,0
2023-07-28 11:05:28,463.95,4101195,2,466.42,946541,1412571,-0.23653370605311747,0
2023-07-28 11:05:28,464.0,4101195,10,466.42,946541,1412571,-0.22578217395979172,0
2023-07-28 11:05:32,464.0,4101458,17,466.42,947442,1411234,-0.22578217395979172,0
2023-07-28 11:05:32,463.85,4101458,5,466.42,947442,1411234,-0.25803677023975674,0
2023-07-28 11:05:32,464.0,4101458,1,466.42,947442,1411234,-0.22578217395979172,0
2023-07-28 11:05:32,463.9,4101458,3,466.42,947442,1411234,-0.24728523814644318,0
2023-07-28 11:05:36,463.9,4102085,1,466.42,947445,1410708,-0.24728523814644318,0
2023-07-28 11:05:36,463.9,4102085,6,466.42,947445,1410708,-0.24728523814644318,0
2023-07-28 11:05:36,464.0,4102085,2,466.42,947445,1410708,-0.22578217395979172,0
2023-07-28 11:05:36,463.9,4102085,17,466.42,947445,1410708,-0.24728523814644318,0
2023-07-28 11:05:41,463.95,4102194,2,466.42,947930,1410592,-0.23653370605311747,0
2023-07-28 11:05:41,464.0,4102194,1,466.42,947930,1410592,-0.22578217395979172,0
2023-07-28 11:05:41,464.0,4102194,1,466.42,947930,1410592,-0.22578217395979172,0
2023-07-28 11:05:41,464.1,4102194,13,466.42,947930,1410592,-0.20427910977314023,0
2023-07-28 11:05:41,464.1,4102194,1,466.42,947930,1410592,-0.20427910977314023,0
2023-07-28 11:05:45,463.95,4102296,2,466.42,947650,1410368,-0.23653370605311747,0
2023-07-28 11:05:45,464.1,4102296,1,466.42,947650,1410368,-0.20427910977314023,0
2023-07-28 11:05:45,464.05,4102296,4,466.42,947650,1410368,-0.21503064186646598,0
2023-07-28 11:05:45,464.05,4102296,4,466.42,947650,1410368,-0.21503064186646598,0
2023-07-28 11:05:45,464.05,4102296,10,466.42,947650,1410368,-0.21503064186646598,0
2023-07-28 11:05:49,464.1,4102838,65,466.42,947738,1410006,-0.20427910977314023,0
2023-07-28 11:05:49,464.1,4102838,65,466.42,947738,1410006,-0.20427910977314023,0
2023-07-28 11:05:49,464.0,4102838,19,466.42,947738,1410006,-0.22578217395979172,0
2023-07-28 11:05:49,464.0,4102838,66,466.42,947738,1410006,-0.22578217395979172,0
2023-07-28 11:05:49,464.0,4102838,1,466.42,947738,1410006,-0.22578217395979172,0
2023-07-28 11:05:53,464.0,4103377,1,466.42,948217,1410822,-0.22578217395979172,0
2023-07-28 11:05:53,463.85,4103377,1,466.42,948217,1410822,-0.25803677023975674,0
2023-07-28 11:05:53,464.0,4103377,5,466.42,948217,1410822,-0.22578217395979172,0
2023-07-28 11:05:53,464.0,4103377,1,466.42,948217,1410822,-0.22578217395979172,0
2023-07-28 11:05:53,464.0,4103377,4,466.42,948217,1410822,-0.22578217395979172,0
2023-07-28 11:05:57,464.0,4103669,55,466.42,947705,1410025,-0.22578217395979172,0
2023-07-28 11:05:57,464.0,4103669,50,466.42,947705,1410025,-0.22578217395979172,0
2023-07-28 11:05:57,463.95,4103669,15,466.42,947705,1410025,-0.23653370605311747,0
2023-07-28 11:05:57,463.95,4103669,3,466.42,947705,1410025,-0.23653370605311747,0
2023-07-28 11:06:02,464.0,4104209,174,466.42,947760,1409837,-0.22578217395979172,0
2023-07-28 11:06:02,464.05,4104209,161,466.42,947760,1409837,-0.21503064186646598,0
2023-07-28 11:06:02,464.0,4104209,20,466.42,947760,1409837,-0.22578217395979172,0
2023-07-28 11:06:02,464.0,4104209,1,466.42,947760,1409837,-0.22578217395979172,0
2023-07-28 11:06:06,464.0,4105091,10,466.42,947494,1412472,-0.22578217395979172,0
2023-07-28 11:06:06,463.95,4105091,3,466.42,947494,1412472,-0.23653370605311747,0
2023-07-28 11:06:06,464.0,4105091,1,466.42,947494,1412472,-0.22578217395979172,0
2023-07-28 11:06:06,464.0,4105091,5,466.42,947494,1412472,-0.22578217395979172,0
2023-07-28 11:06:10,463.95,4105618,10,466.42,947229,1412354,-0.23653370605311747,0
2023-07-28 11:06:10,464.0,4105618,3,466.42,947229,1412354,-0.22578217395979172,0
2023-07-28 11:06:10,464.0,4105618,2,466.42,947229,1412354,-0.22578217395979172,0
2023-07-28 11:06:10,463.85,4105618,10,466.42,947229,1412354,-0.25803677023975674,0
2023-07-28 11:06:14,463.9,4110162,1,466.42,944560,1414158,-0.24728523814644318,0
2023-07-28 11:06:14,463.9,4110162,1,466.42,944560,1414158,-0.24728523814644318,0
2023-07-28 11:06:14,463.7,4110162,3,466.42,944560,1414158,-0.2902913665197339,0
2023-07-28 11:06:14,463.7,4110162,1,466.42,944560,1414158,-0.2902913665197339,0
2023-07-28 11:06:14,463.9,4110162,5,466.42,944560,1414158,-0.24728523814644318,0
2023-07-28 11:06:18,463.9,4110367,50,466.41,944663,1413848,-0.24728523814644318,0
2023-07-28 11:06:18,463.9,4110367,1,466.41,944663,1413848,-0.24728523814644318,0
2023-07-28 11:06:18,463.75,4110367,1,466.41,944663,1413848,-0.2795398344264082,0
2023-07-28 11:06:18,463.7,4110367,1,466.41,944663,1413848,-0.2902913665197339,0
2023-07-28 11:06:22,463.7,4111308,1,466.41,944551,1412981,-0.2902913665197339,0
2023-07-28 11:06:22,463.85,4111308,10,466.41,944551,1412981,-0.25803677023975674,0
2023-07-28 11:06:22,463.7,4111308,3,466.41,944551,1412981,-0.2902913665197339,0
2023-07-28 11:06:26,463.85,4111389,1,466.41,944795,1407350,-0.25803677023975674,0
2023-07-28 11:06:26,463.85,4111389,7,466.41,944795,1407350,-0.25803677023975674,0
2023-07-28 11:06:26,463.9,4111389,104,466.41,944795,1407350,-0.24728523814644318,0
2023-07-28 11:06:26,463.75,4111389,2,466.41,944795,1407350,-0.2795398344264082,0
2023-07-28 11:06:30,463.7,4112187,3,466.41,945749,1412429,-0.2902913665197339,0
2023-07-28 11:06:30,463.75,4112187,1,466.41,945749,1412429,-0.2795398344264082,0
2023-07-28 11:06:30,463.85,4112187,24,466.41,945749,1412429,-0.25803677023975674,0
2023-07-28 11:06:30,463.75,4112187,14,466.41,945749,1412429,-0.2795398344264082,0
2023-07-28 11:06:33,463.75,4112248,14,466.41,946110,1411412,-0.2795398344264082,0
2023-07-28 11:06:33,463.75,4112248,4,466.41,946110,1411412,-0.2795398344264082,0
2023-07-28 11:06:33,463.75,4112248,9,466.41,946110,1411412,-0.2795398344264082,0
2023-07-28 11:06:33,463.75,4112248,23,466.41,946110,1411412,-0.2795398344264082,0
2023-07-28 11:06:33,463.85,4112248,50,466.41,946110,1411412,-0.25803677023975674,0
2023-07-28 11:06:38,463.85,4112401,1,466.41,945245,1412567,-0.25803677023975674,0
2023-07-28 11:06:38,463.85,4112401,1,466.41,945245,1412567,-0.25803677023975674,0
2023-07-28 11:06:38,463.75,4112401,1,466.41,945245,1412567,-0.2795398344264082,0
2023-07-28 11:06:38,463.9,4112401,50,466.41,945245,1412567,-0.24728523814644318,0
2023-07-28 11:06:42,463.85,4112948,19,466.41,945060,1411868,-0.25803677023975674,0
2023-07-28 11:06:42,463.85,4112948,4,466.41,945060,1411868,-0.25803677023975674,0
2023-07-28 11:06:42,463.7,4112948,2,466.41,945060,1411868,-0.2902913665197339,0
2023-07-28 11:06:42,463.85,4112948,10,466.41,945060,1411868,-0.25803677023975674,0
2023-07-28 11:06:42,463.7,4112948,3,466.41,945060,1411868,-0.2902913665197339,0
2023-07-28 11:06:46,463.7,4112998,1,466.41,946165,1411399,-0.2902913665197339,0
2023-07-28 11:06:46,463.75,4112998,1,466.41,946165,1411399,-0.2795398344264082,0
2023-07-28 11:06:46,463.85,4112998,2,466.41,946165,1411399,-0.25803677023975674,0
2023-07-28 11:06:46,463.85,4112998,4,466.41,946165,1411399,-0.25803677023975674,0
2023-07-28 11:06:46,463.75,4112998,11,466.41,946165,1411399,-0.2795398344264082,0
2023-07-28 11:06:50,463.75,4113172,3,466.41,946156,1409142,-0.2795398344264082,0
2023-07-28 11:06:50,463.75,4113172,1,466.41,946156,1409142,-0.2795398344264082,0
2023-07-28 11:06:50,463.75,4113172,1,466.41,946156,1409142,-0.2795398344264082,0
2023-07-28 11:06:50,463.85,4113172,15,466.41,946156,1409142,-0.25803677023975674,0
2023-07-28 11:06:50,463.8,4113172,16,466.41,946156,1409142,-0.2687883023330825,0
2023-07-28 11:06:54,463.8,4113214,6,466.41,974000,1409514,-0.2687883023330825,0
2023-07-28 11:06:54,463.8,4113214,6,466.41,974000,1409514,-0.2687883023330825,0
2023-07-28 11:06:54,463.9,4113214,30,466.41,974000,1409514,-0.24728523814644318,0
2023-07-28 11:06:54,463.9,4113214,3,466.41,974000,1409514,-0.24728523814644318,0
2023-07-28 11:06:58,463.9,4113370,9,466.41,974298,1410129,-0.24728523814644318,0
2023-07-28 11:06:58,463.8,4113370,1,466.41,974298,1410129,-0.2687883023330825,0
2023-07-28 11:06:58,463.8,4113370,854,466.41,974298,1410129,-0.2687883023330825,0
2023-07-28 11:06:58,463.8,4113370,44,466.41,974298,1410129,-0.2687883023330825,0
2023-07-28 11:07:01,463.8,4119740,44,466.41,973415,1412370,-0.2687883023330825,0
2023-07-28 11:07:01,463.8,4119740,543,466.41,973415,1412370,-0.2687883023330825,0
2023-07-28 11:07:01,463.85,4119740,1,466.41,973415,1412370,-0.25803677023975674,0
2023-07-28 11:07:01,463.85,4119740,1,466.41,973415,1412370,-0.25803677023975674,0
2023-07-28 11:07:01,463.8,4119740,145,466.41,973415,1412370,-0.2687883023330825,0
2023-07-28 11:07:06,463.7,4125467,70,466.41,973052,1411951,-0.2902913665197339,0
2023-07-28 11:07:06,463.7,4125467,1,466.41,973052,1411951,-0.2902913665197339,0
2023-07-28 11:07:06,463.7,4125467,154,466.41,973052,1411951,-0.2902913665197339,0
2023-07-28 11:07:06,463.7,4125467,3,466.41,973052,1411951,-0.2902913665197339,0
2023-07-28 11:07:11,463.9,4132426,2,466.4,970979,1405800,-0.24728523814644318,0
2023-07-28 11:07:11,463.85,4132426,6,466.4,970979,1405800,-0.25803677023975674,0
2023-07-28 11:07:11,463.85,4132426,33,466.4,970979,1405800,-0.25803677023975674,0
2023-07-28 11:07:11,463.7,4132426,14,466.4,970979,1405800,-0.2902913665197339,0
2023-07-28 11:07:13,463.7,4132627,20,466.4,970371,1410861,-0.2902913665197339,0
2023-07-28 11:07:13,463.7,4132627,1,466.4,970371,1410861,-0.2902913665197339,0
2023-07-28 11:07:13,463.7,4132627,3,466.4,970371,1410861,-0.2902913665197339,0
2023-07-28 11:07:13,463.85,4132627,252,466.4,970371,1410861,-0.25803677023975674,0
2023-07-28 11:07:19,463.8,4135339,3,466.4,966983,1409453,-0.2687883023330825,0
2023-07-28 11:07:19,463.7,4135339,250,466.4,966983,1409453,-0.2902913665197339,0
2023-07-28 11:07:19,463.8,4135339,1,466.4,966983,1409453,-0.2687883023330825,0
2023-07-28 11:07:23,463.85,4137517,867,466.4,962601,1407698,-0.25803677023975674,0
2023-07-28 11:07:23,463.8,4137517,1,466.4,962601,1407698,-0.2687883023330825,0
2023-07-28 11:07:23,463.8,4137517,5,466.4,962601,1407698,-0.2687883023330825,0
2023-07-28 11:07:23,463.8,4137517,1,466.4,962601,1407698,-0.2687883023330825,0
2023-07-28 11:07:26,463.7,4145593,190,466.39,964261,1411308,-0.2902913665197339,0
2023-07-28 11:07:26,463.7,4145593,1,466.39,964261,1411308,-0.2902913665197339,0
2023-07-28 11:07:26,463.75,4145593,25,466.39,964261,1411308,-0.2795398344264082,0
2023-07-28 11:07:26,463.7,4145593,51,466.39,964261,1411308,-0.2902913665197339,0
2023-07-28 11:07:31,463.75,4147689,100,466.39,964694,1412643,-0.2795398344264082,0
2023-07-28 11:07:31,463.75,4147689,114,466.39,964694,1412643,-0.2795398344264082,0
2023-07-28 11:07:31,463.7,4147689,50,466.39,964694,1412643,-0.2902913665197339,0
2023-07-28 11:07:31,463.7,4147689,14,466.39,964694,1412643,-0.2902913665197339,0
2023-07-28 11:07:35,463.75,4148378,4,466.39,965194,1411324,-0.2795398344264082,0
2023-07-28 11:07:35,463.75,4148378,1,466.39,965194,1411324,-0.2795398344264082,0
2023-07-28 11:07:35,463.75,4148378,5,466.39,965194,1411324,-0.2795398344264082,0
2023-07-28 11:07:35,463.75,4148378,1,466.39,965194,1411324,-0.2795398344264082,0
2023-07-28 11:07:39,463.75,4148490,21,466.39,964828,1412603,-0.2795398344264082,0
2023-07-28 11:07:39,463.7,4148490,10,466.39,964828,1412603,-0.2902913665197339,0
2023-07-28 11:07:39,463.7,4148490,3,466.39,964828,1412603,-0.2902913665197339,0
2023-07-28 11:07:39,463.7,4148490,1,466.39,964828,1412603,-0.2902913665197339,0
2023-07-28 11:07:43,463.7,4148969,14,466.39,963814,1410824,-0.2902913665197339,0
2023-07-28 11:07:43,463.75,4148969,40,466.39,963814,1410824,-0.2795398344264082,0
2023-07-28 11:07:43,463.8,4148969,20,466.39,963814,1410824,-0.2687883023330825,0
2023-07-28 11:07:43,463.8,4148969,10,466.39,963814,1410824,-0.2687883023330825,0
2023-07-28 11:07:43,463.8,4148969,3,466.39,963814,1410824,-0.2687883023330825,0
2023-07-28 11:07:47,463.8,4150026,1,466.39,964945,1407849,-0.2687883023330825,0
2023-07-28 11:07:47,463.8,4150026,30,466.39,964945,1407849,-0.2687883023330825,0
2023-07-28 11:07:47,463.9,4150026,7,466.39,964945,1407849,-0.24728523814644318,0
2023-07-28 11:07:47,463.8,4150026,1,466.39,964945,1407849,-0.2687883023330825,0
2023-07-28 11:07:47,463.8,4150026,50,466.39,964945,1407849,-0.2687883023330825,0
2023-07-28 11:07:51,463.8,4150436,5,466.39,967469,1413635,-0.2687883023330825,0
2023-07-28 11:07:51,463.75,4150436,86,466.39,967469,1413635,-0.2795398344264082,0
2023-07-28 11:07:51,463.75,4150436,15,466.39,967469,1413635,-0.2795398344264082,0
2023-07-28 11:07:51,463.8,4150436,1,466.39,967469,1413635,-0.2687883023330825,0
2023-07-28 11:07:55,463.75,4151301,4,466.39,966426,1414646,-0.2795398344264082,0
2023-07-28 11:07:55,463.75,4151301,4,466.39,966426,1414646,-0.2795398344264082,0
2023-07-28 11:07:55,463.8,4151301,1,466.39,966426,1414646,-0.2687883023330825,0
2023-07-28 11:07:55,463.8,4151301,4,466.39,966426,1414646,-0.2687883023330825,0
2023-07-28 11:07:55,463.75,4151301,1,466.39,966426,1414646,-0.2795398344264082,0
2023-07-28 11:07:59,463.75,4152195,2,466.39,966892,1413122,-0.2795398344264082,0
2023-07-28 11:07:59,463.75,4152195,2,466.39,966892,1413122,-0.2795398344264082,0
2023-07-28 11:07:59,463.7,4152195,3,466.39,966892,1413122,-0.2902913665197339,0
2023-07-28 11:07:59,463.7,4152195,1,466.39,966892,1413122,-0.2902913665197339,0
2023-07-28 11:07:59,463.75,4152195,4,466.39,966892,1413122,-0.2795398344264082,0
2023-07-28 11:08:04,463.75,4152306,2,466.39,967125,1413337,-0.2795398344264082,0
2023-07-28 11:08:04,463.8,4152306,60,466.39,967125,1413337,-0.2687883023330825,0
2023-07-28 11:08:04,463.75,4152306,5,466.39,967125,1413337,-0.2795398344264082,0
2023-07-28 11:08:07,463.8,4153951,10,466.39,967622,1416192,-0.2687883023330825,0
2023-07-28 11:08:08,463.8,4154087,15,466.39,967690,1415158,-0.2687883023330825,0
2023-07-28 11:08:08,463.8,4154092,5,466.39,967807,1415046,-0.2687883023330825,0
2023-07-28 11:08:10,463.8,4154138,2,466.39,967521,1414574,-0.2687883023330825,0
2023-07-28 11:08:10,463.75,4154138,3,466.39,967521,1414574,-0.2795398344264082,0
2023-07-28 11:08:10,463.75,4154141,3,466.39,967526,1413925,-0.2795398344264082,0
2023-07-28 11:08:10,463.8,4154141,1,466.39,967526,1413925,-0.2687883023330825,0
2023-07-28 11:08:12,463.8,4155097,93,466.39,969582,1413796,-0.2687883023330825,0
2023-07-28 11:08:12,463.7,4155097,40,466.39,969582,1413796,-0.2902913665197339,0
2023-07-28 11:08:14,463.7,4156613,1,466.39,968223,1414275,-0.2902913665197339,0
2023-07-28 11:08:14,463.8,4156691,28,466.39,967085,1414825,-0.2687883023330825,0
2023-07-28 11:08:14,463.8,4156691,1,466.39,967085,1414825,-0.2687883023330825,0
2023-07-28 11:08:16,463.8,4156710,10,466.39,969481,1414392,-0.2687883023330825,0
2023-07-28 11:08:16,463.8,4156710,10,466.39,969481,1414392,-0.2687883023330825,0
2023-07-28 11:08:17,463.75,4156711,1,466.39,968524,1414895,-0.2795398344264082,0
2023-07-28 11:08:17,463.75,4156711,3,466.39,968524,1414895,-0.2795398344264082,0
2023-07-28 11:08:18,463.85,4157213,3,466.38,968461,1415101,-0.25803677023975674,0
