2023-07-28 10:49:27,656.0,578707,64,652.25,269845,191732,-0.5759321006365496,0
2023-07-28 10:49:27,656.0,578707,64,652.25,269842,191436,-0.5759321006365496,0
2023-07-28 10:49:27,656.0,578707,64,652.25,268552,191706,-0.5759321006365496,0
2023-07-28 10:49:27,656.0,578707,64,652.25,268010,191754,-0.5759321006365496,0
2023-07-28 10:49:27,655.95,578707,25,652.25,268010,191754,-0.583510154592287,0
2023-07-28 10:49:44,655.95,578737,25,652.25,268334,191510,-0.583510154592287,0
2023-07-28 10:49:44,655.95,578737,1,652.25,268334,191510,-0.583510154592287,0
2023-07-28 10:49:47,655.95,578738,1,652.25,268270,191676,-0.583510154592287,0
2023-07-28 10:49:47,655.95,578738,1,652.25,270499,191175,-0.583510154592287,0
2023-07-28 10:49:59,655.95,578742,4,652.25,270008,190889,-0.583510154592287,0
2023-07-28 10:49:59,655.95,578742,4,652.25,268787,191927,-0.583510154592287,0
2023-07-28 10:50:08,655.95,578792,49,652.25,268910,191535,-0.583510154592287,0
2023-07-28 10:50:08,656.0,578792,1,652.25,268910,191535,-0.5759321006365496,0
2023-07-28 10:50:08,656.0,578792,1,652.25,268910,191535,-0.5759321006365496,0
2023-07-28 10:50:10,656.0,578813,1,652.25,269411,191181,-0.5759321006365496,0
2023-07-28 10:50:10,656.0,578813,85,652.25,269411,191181,-0.5759321006365496,0
2023-07-28 10:50:15,656.0,578913,85,652.25,268807,191488,-0.5759321006365496,0
2023-07-28 10:50:15,656.0,578913,85,652.25,269182,191510,-0.5759321006365496,0
2023-07-28 10:50:15,656.0,578913,85,652.25,269182,191510,-0.5759321006365496,0
2023-07-28 10:50:15,656.0,578913,2,652.25,269182,191510,-0.5759321006365496,0
2023-07-28 10:50:15,656.0,578913,15,652.25,269182,191510,-0.5759321006365496,0
2023-07-28 10:50:15,656.0,578913,15,652.25,269182,191510,-0.5759321006365496,0
2023-07-28 10:50:15,656.0,578913,15,652.25,269182,191510,-0.5759321006365496,0
2023-07-28 10:50:15,656.0,578913,15,652.25,269182,191510,-0.5759321006365496,0
2023-07-28 10:50:21,656.0,578930,15,652.25,263124,191549,-0.5759321006365496,0
2023-07-28 10:50:21,656.0,578930,15,652.25,263124,191549,-0.5759321006365496,0
2023-07-28 10:50:21,655.7,578930,1,652.25,263124,191549,-0.6214004243710077,0
2023-07-28 10:50:27,655.7,578931,1,652.25,270939,190068,-0.6214004243710077,0
2023-07-28 10:50:27,655.7,578931,1,652.25,268897,192723,-0.6214004243710077,0
2023-07-28 10:50:27,655.7,578931,1,652.25,269801,192448,-0.6214004243710077,0
2023-07-28 10:50:27,655.95,578931,24,652.25,269801,192448,-0.583510154592287,0
2023-07-28 10:50:45,655.95,578955,24,652.25,269628,192781,-0.583510154592287,0
2023-07-28 10:50:45,656.0,578955,1,652.25,269628,192781,-0.5759321006365496,0
2023-07-28 10:50:50,656.0,578956,1,652.25,269629,192738,-0.5759321006365496,0
2023-07-28 10:50:50,656.0,578956,1,652.25,268913,193731,-0.5759321006365496,0
2023-07-28 10:51:02,656.0,579056,100,652.25,268818,194628,-0.5759321006365496,0
2023-07-28 10:51:02,655.6,579056,3,652.25,268818,194628,-0.6365565322824995,0
2023-07-28 10:51:06,655.65,579866,10,652.26,269751,195743,-0.6289784783267622,0
2023-07-28 10:51:06,655.65,579866,10,652.26,268891,197182,-0.6289784783267622,0
2023-07-28 10:51:06,655.9,579866,21,652.26,270009,196985,-0.5910882085480414,0
2023-07-28 10:51:09,655.9,579916,21,652.26,270181,196929,-0.5910882085480414,0
2023-07-28 10:51:09,655.9,579916,21,652.26,270193,196869,-0.5910882085480414,0
2023-07-28 10:51:09,655.9,579916,21,652.26,270441,196166,-0.5910882085480414,0
2023-07-28 10:51:09,655.9,579916,21,652.26,270479,196434,-0.5910882085480414,0
2023-07-28 10:51:09,656.0,579916,11,652.26,270479,196434,-0.5759321006365496,0
2023-07-28 10:51:15,656.0,579940,4,652.26,270966,195508,-0.5759321006365496,0
2023-07-28 10:51:16,655.8,579990,50,652.26,270782,195565,-0.6062443164595333,0
2023-07-28 10:51:16,655.8,579990,50,652.26,270836,195557,-0.6062443164595333,0
2023-07-28 10:51:16,655.8,579990,50,652.26,271276,195595,-0.6062443164595333,0
2023-07-28 10:51:16,655.7,579990,12,652.26,271276,195595,-0.6214004243710077,0
2023-07-28 10:51:18,656.0,580004,2,652.26,270887,195992,-0.5759321006365496,0
2023-07-28 10:51:18,656.0,580004,2,652.26,264440,196007,-0.5759321006365496,0
2023-07-28 10:51:18,656.0,580004,2,652.26,270727,196160,-0.5759321006365496,0
2023-07-28 10:51:18,656.0,580004,2,652.26,264477,196180,-0.5759321006365496,0
2023-07-28 10:51:18,656.0,580004,2,652.26,264477,196155,-0.5759321006365496,0
2023-07-28 10:51:18,656.0,580004,2,652.26,264477,196155,-0.5759321006365496,0
2023-07-28 10:51:18,656.0,580004,2,652.26,264696,196155,-0.5759321006365496,0
2023-07-28 10:51:18,656.0,580004,2,652.26,271093,195802,-0.5759321006365496,0
2023-07-28 10:51:18,656.0,580004,2,652.26,271307,195886,-0.5759321006365496,0
2023-07-28 10:51:18,656.0,580004,2,652.26,271308,195672,-0.5759321006365496,0
2023-07-28 10:51:18,656.0,580004,2,652.26,271667,195514,-0.5759321006365496,0
2023-07-28 10:51:33,656.0,580005,1,652.26,271666,195536,-0.5759321006365496,0
2023-07-28 10:51:33,656.0,580005,1,652.26,271772,195863,-0.5759321006365496,0
2023-07-28 10:51:33,656.0,580005,1,652.26,271741,196217,-0.5759321006365496,0
2023-07-28 10:51:33,656.0,580005,1,652.26,271744,195989,-0.5759321006365496,0
2023-07-28 10:51:33,656.0,580005,1,652.26,271777,195990,-0.5759321006365496,0
2023-07-28 10:51:33,656.0,580005,1,652.26,271777,195990,-0.5759321006365496,0
2023-07-28 10:51:33,656.0,580005,1,652.26,271777,195990,-0.5759321006365496,0
2023-07-28 10:51:33,656.0,580005,1,652.26,271777,195990,-0.5759321006365496,0
2023-07-28 10:51:33,656.0,580005,1,652.26,264740,196488,-0.5759321006365496,0
2023-07-28 10:51:33,656.0,580005,1,652.26,270108,196488,-0.5759321006365496,0
2023-07-28 10:51:33,656.0,580005,1,652.26,270108,196364,-0.5759321006365496,0
2023-07-28 10:51:33,656.0,580005,1,652.26,270105,196364,-0.5759321006365496,0
2023-07-28 10:51:33,656.0,580005,1,652.26,269392,196367,-0.5759321006365496,0
2023-07-28 10:51:33,656.0,580005,1,652.26,269642,196408,-0.5759321006365496,0
2023-07-28 10:51:33,656.0,580005,1,652.26,269589,196487,-0.5759321006365496,0
2023-07-28 10:51:33,656.0,580005,1,652.26,269465,196577,-0.5759321006365496,0
2023-07-28 10:51:33,656.0,580005,1,652.26,269465,196552,-0.5759321006365496,0
2023-07-28 10:51:33,656.0,580005,1,652.26,269480,196574,-0.5759321006365496,0
2023-07-28 10:51:33,656.0,580005,1,652.26,269485,196551,-0.5759321006365496,0
2023-07-28 10:51:33,656.0,580005,1,652.26,269506,196395,-0.5759321006365496,0
2023-07-28 10:51:55,655.9,580030,15,652.26,270049,195835,-0.5910882085480414,0
2023-07-28 10:51:55,655.9,580030,15,652.26,270069,195835,-0.5910882085480414,0
2023-07-28 10:51:57,655.75,580135,5,652.26,269954,195917,-0.6138223704152705,0
2023-07-28 10:51:57,655.9,580138,3,652.26,269957,195832,-0.5910882085480414,0
2023-07-28 10:51:57,655.45,580138,58,652.26,269957,195832,-0.6592906941497286,0
2023-07-28 10:51:58,655.45,581083,58,652.27,264942,195918,-0.6592906941497286,0
2023-07-28 10:51:58,655.45,581083,58,652.27,261892,201129,-0.6592906941497286,0
2023-07-28 10:51:58,655.45,581083,58,652.27,265432,199647,-0.6592906941497286,0
2023-07-28 10:51:58,655.45,581083,58,652.27,265653,199573,-0.6592906941497286,0
2023-07-28 10:51:58,655.45,581083,58,652.27,265908,199656,-0.6592906941497286,0
2023-07-28 10:51:58,655.45,581083,58,652.27,265830,199794,-0.6592906941497286,0
2023-07-28 10:51:58,655.3,581083,20,652.27,265830,199794,-0.6820248560169749,0
2023-07-28 10:52:10,655.3,581103,20,652.27,266146,199633,-0.6820248560169749,0
2023-07-28 10:52:10,655.0,581103,15,652.27,266146,199633,-0.727493179751433,0
2023-07-28 10:52:16,655.0,581468,15,652.27,265683,199847,-0.727493179751433,0
2023-07-28 10:52:16,655.35,581468,33,652.27,265683,199847,-0.6744468020612204,0
2023-07-28 10:52:18,655.35,581508,33,652.27,265828,199821,-0.6744468020612204,0
2023-07-28 10:52:18,655.05,581508,19,652.27,265828,199821,-0.7199151257956957,0
2023-07-28 10:52:24,655.0,581753,59,652.27,266646,200251,-0.727493179751433,0
2023-07-28 10:52:24,655.35,581753,4,652.27,266646,200251,-0.6744468020612204,0
2023-07-28 10:52:27,655.35,581757,4,652.27,266556,200167,-0.6744468020612204,0
2023-07-28 10:52:27,655.0,581757,249,652.27,266556,200167,-0.727493179751433,0
2023-07-28 10:52:27,655.0,581757,100,652.27,266556,200167,-0.727493179751433,0
2023-07-28 10:52:27,655.05,581757,27,652.27,266556,200167,-0.7199151257956957,0
2023-07-28 10:52:36,655.05,583167,27,652.28,267017,200336,-0.7199151257956957,0
2023-07-28 10:52:36,655.35,583167,11,652.28,267017,200336,-0.6744468020612204,0
2023-07-28 10:52:46,655.35,583192,11,652.28,267705,200023,-0.6744468020612204,0
2023-07-28 10:52:46,655.35,583192,11,652.28,267708,200215,-0.6744468020612204,0
2023-07-28 10:52:46,655.0,583192,24,652.28,267708,200215,-0.727493179751433,0
2023-07-28 10:52:52,655.0,583229,24,652.28,267678,200176,-0.727493179751433,0
2023-07-28 10:52:52,655.0,583229,24,652.28,267542,200425,-0.727493179751433,0
2023-07-28 10:52:52,655.0,583229,24,652.28,266877,200189,-0.727493179751433,0
2023-07-28 10:52:52,655.0,583229,24,652.28,266640,195096,-0.727493179751433,0
2023-07-28 10:52:52,655.35,583229,6,652.28,266640,195096,-0.6744468020612204,0
2023-07-28 10:53:13,655.05,583388,7,652.28,267228,201216,-0.7199151257956957,0
2023-07-28 10:53:13,655.05,583388,7,652.28,267238,201243,-0.7199151257956957,0
2023-07-28 10:53:13,655.05,583388,7,652.28,267238,201243,-0.7199151257956957,0
2023-07-28 10:53:13,655.05,583388,7,652.28,267238,201243,-0.7199151257956957,0
2023-07-28 10:53:13,655.05,583388,7,652.28,266638,201215,-0.7199151257956957,0
2023-07-28 10:53:13,655.05,583388,7,652.28,266638,201215,-0.7199151257956957,0
2023-07-28 10:53:13,655.05,583388,7,652.28,266638,201215,-0.7199151257956957,0
2023-07-28 10:53:13,655.05,583388,7,652.28,266638,201215,-0.7199151257956957,0
2023-07-28 10:53:13,655.05,583388,7,652.28,266638,201215,-0.7199151257956957,0
2023-07-28 10:53:13,655.05,583388,4,652.28,266638,201215,-0.7199151257956957,0
2023-07-28 10:53:13,655.05,583388,4,652.28,266638,201215,-0.7199151257956957,0
2023-07-28 10:53:25,655.05,583392,4,652.28,266667,201267,-0.7199151257956957,0
2023-07-28 10:53:25,655.05,583392,4,652.28,266717,201351,-0.7199151257956957,0
2023-07-28 10:53:25,655.05,583392,4,652.28,266717,201379,-0.7199151257956957,0
2023-07-28 10:53:25,654.95,583392,13,652.28,266717,201379,-0.7350712337071703,0
2023-07-28 10:53:37,654.95,584392,13,652.28,267285,200342,-0.7350712337071703,0
2023-07-28 10:53:37,654.9,584392,175,652.28,267285,200342,-0.7426492876629248,0
2023-07-28 10:53:40,654.9,584567,175,652.28,265878,200716,-0.7426492876629248,0
2023-07-28 10:53:40,654.9,584567,175,652.28,266003,201165,-0.7426492876629248,0
2023-07-28 10:53:40,654.9,584567,175,652.28,265670,201129,-0.7426492876629248,0
2023-07-28 10:53:40,654.9,584567,175,652.28,265549,201300,-0.7426492876629248,0
2023-07-28 10:53:40,655.1,584567,12,652.28,265549,201300,-0.7123370718399412,0
2023-07-28 10:54:00,655.1,584579,12,652.28,265690,201187,-0.7123370718399412,0
2023-07-28 10:54:00,655.1,584579,12,652.28,265671,201352,-0.7123370718399412,0
2023-07-28 10:54:00,655.1,584579,5,652.28,265671,201352,-0.7123370718399412,0
2023-07-28 10:54:12,655.0,584596,12,652.28,265629,201347,-0.727493179751433,0
2023-07-28 10:54:12,655.0,584596,12,652.28,265612,201583,-0.727493179751433,0
2023-07-28 10:54:12,655.0,584596,1,652.28,265612,201583,-0.727493179751433,0
2023-07-28 10:54:17,655.0,584598,1,652.28,264279,202345,-0.727493179751433,0
2023-07-28 10:54:17,655.0,584598,1,652.28,264340,203078,-0.727493179751433,0
2023-07-28 10:54:30,655.05,584722,37,652.28,263999,203064,-0.7199151257956957,0
2023-07-28 10:54:30,655.05,584722,37,652.28,263999,203064,-0.7199151257956957,0
2023-07-28 10:54:30,654.9,584722,1,652.28,263999,203064,-0.7426492876629248,0
2023-07-28 10:54:32,654.9,584723,1,652.28,264232,203139,-0.7426492876629248,0
2023-07-28 10:54:32,654.9,584723,1,652.28,264232,203139,-0.7426492876629248,0
2023-07-28 10:54:32,654.9,584723,1,652.28,264252,203899,-0.7426492876629248,0
2023-07-28 10:54:32,654.9,584723,10,652.28,264252,203899,-0.7426492876629248,0
2023-07-28 10:54:45,654.9,584733,10,652.28,264070,203349,-0.7426492876629248,0
2023-07-28 10:54:45,654.9,584733,1,652.28,264070,203349,-0.7426492876629248,0
2023-07-28 10:54:48,654.9,584800,1,652.28,263062,204674,-0.7426492876629248,0
2023-07-28 10:54:48,654.9,584800,1,652.28,263278,205696,-0.7426492876629248,0
2023-07-28 10:54:48,654.5,584800,219,652.28,263278,205696,-0.8032737193088746,0
2023-07-28 10:54:57,654.5,585082,5,652.28,259615,207246,-0.8032737193088746,0
2023-07-28 10:54:59,654.5,585087,5,652.28,262055,206727,-0.8032737193088746,0
2023-07-28 10:54:59,654.4,585087,8,652.28,262055,206727,-0.8184298272203664,0
2023-07-28 10:55:04,654.4,585097,8,652.28,261186,208220,-0.8184298272203664,0
2023-07-28 10:55:04,654.5,585097,1,652.28,261186,208220,-0.8032737193088746,0
2023-07-28 10:55:04,654.5,585097,1,652.28,261186,208220,-0.8032737193088746,0
2023-07-28 10:55:10,654.35,585099,10,652.28,261187,208078,-0.8260078811761037,0
2023-07-28 10:55:10,654.35,585099,1,652.28,261187,208078,-0.8260078811761037,0
2023-07-28 10:55:13,654.35,585110,1,652.28,261750,208302,-0.8260078811761037,0
2023-07-28 10:55:13,654.5,585110,1,652.28,261750,208302,-0.8032737193088746,0
2023-07-28 10:55:13,654.25,585110,1,652.28,261750,208302,-0.8411639890875955,0
2023-07-28 10:55:19,654.25,585123,1,652.28,261956,209920,-0.8411639890875955,0
2023-07-28 10:55:19,654.25,585123,9,652.28,261956,209920,-0.8411639890875955,0
2023-07-28 10:55:19,654.05,585123,4,652.28,261956,209920,-0.871476204910579,0
2023-07-28 10:55:19,654.05,585123,52,652.28,261956,209920,-0.871476204910579,0
2023-07-28 10:55:26,654.05,585302,52,652.28,262945,210522,-0.871476204910579,0
2023-07-28 10:55:26,654.35,585302,30,652.28,262945,210522,-0.8260078811761037,0
2023-07-28 10:55:26,654.05,585302,3,652.28,262945,210522,-0.871476204910579,0
2023-07-28 10:55:31,654.05,585662,11,652.29,263134,212410,-0.871476204910579,0
2023-07-28 10:55:31,654.3,585662,16,652.29,263134,212410,-0.8335859351318582,0
2023-07-28 10:55:31,654.05,585662,1,652.29,263134,212410,-0.871476204910579,0
2023-07-28 10:55:31,654.0,585662,1,652.29,263134,212410,-0.8790542588663163,0
2023-07-28 10:55:31,654.05,585662,37,652.29,263134,212410,-0.871476204910579,0
2023-07-28 10:55:40,654.05,585765,1,652.29,264019,213383,-0.871476204910579,0
2023-07-28 10:55:40,654.0,585765,31,652.29,264019,213383,-0.8790542588663163,0
2023-07-28 10:55:40,654.0,585765,114,652.29,264019,213383,-0.8790542588663163,0
2023-07-28 10:55:42,654.0,585964,114,652.29,263664,214217,-0.8790542588663163,0
2023-07-28 10:55:42,654.05,585964,20,652.29,263664,214217,-0.871476204910579,0
2023-07-28 10:55:42,654.05,585964,28,652.29,263664,214217,-0.871476204910579,0
2023-07-28 10:55:48,654.05,586084,28,652.29,259390,213631,-0.871476204910579,0
2023-07-28 10:55:48,654.05,586084,28,652.29,265086,213658,-0.871476204910579,0
2023-07-28 10:55:48,654.1,586084,30,652.29,265086,213658,-0.8638981509548245,0
2023-07-28 10:55:57,654.1,586114,30,652.29,265425,213694,-0.8638981509548245,0
2023-07-28 10:55:57,654.1,586114,30,652.29,266980,213555,-0.8638981509548245,0
2023-07-28 10:55:57,654.5,586114,98,652.29,266980,213555,-0.8032737193088746,0
2023-07-28 10:55:57,654.55,586114,10,652.29,266980,213555,-0.7956956653531374,0
2023-07-28 10:56:05,654.55,588257,10,652.3,261810,208812,-0.7956956653531374,0
2023-07-28 10:56:05,654.55,588257,10,652.3,269580,208585,-0.7956956653531374,0
2023-07-28 10:56:05,654.55,588257,10,652.3,270455,207569,-0.7956956653531374,0
2023-07-28 10:56:05,654.55,588257,10,652.3,270455,207569,-0.7956956653531374,0
2023-07-28 10:56:05,654.85,588257,2,652.3,270455,207569,-0.750227341618662,0
2023-07-28 10:56:22,654.85,588259,2,652.3,270452,207880,-0.750227341618662,0
2023-07-28 10:56:22,654.85,588259,2,652.3,270452,207880,-0.750227341618662,0
2023-07-28 10:56:22,654.85,588259,2,652.3,270452,207880,-0.750227341618662,0
2023-07-28 10:56:22,654.85,588259,2,652.3,270452,207880,-0.750227341618662,0
2023-07-28 10:56:22,654.85,588259,2,652.3,270452,207880,-0.750227341618662,0
2023-07-28 10:56:22,654.85,588259,2,652.3,270452,207880,-0.750227341618662,0
2023-07-28 10:56:22,654.85,588259,2,652.3,270452,207880,-0.750227341618662,0
2023-07-28 10:56:22,654.85,588259,2,652.3,270078,208178,-0.750227341618662,0
2023-07-28 10:56:22,654.85,588259,2,652.3,269421,208790,-0.750227341618662,0
2023-07-28 10:56:22,654.85,588259,2,652.3,269706,208630,-0.750227341618662,0
2023-07-28 10:56:22,654.5,588259,17,652.3,269706,208630,-0.8032737193088746,0
2023-07-28 10:56:40,654.5,588279,17,652.3,269452,208686,-0.8032737193088746,0
2023-07-28 10:56:40,654.8,588279,11,652.3,269452,208686,-0.7578053955744165,0
2023-07-28 10:56:40,654.8,588279,39,652.3,269452,208686,-0.7578053955744165,0
2023-07-28 10:56:40,654.5,588279,1,652.3,269452,208686,-0.8032737193088746,0
2023-07-28 10:56:40,655.1,588279,89,652.3,269452,208686,-0.7123370718399412,0
2023-07-28 10:56:51,655.05,589848,73,652.3,272304,204980,-0.7199151257956957,0
2023-07-28 10:56:51,655.05,589848,73,652.3,275693,208813,-0.7199151257956957,0
2023-07-28 10:56:51,655.05,589848,73,652.3,276515,206967,-0.7199151257956957,0
2023-07-28 10:56:51,655.05,589848,73,652.3,276346,207482,-0.7199151257956957,0
2023-07-28 10:56:51,655.05,589848,73,652.3,276279,208210,-0.7199151257956957,0
2023-07-28 10:56:51,655.15,589848,8,652.3,276279,208210,-0.7047590178842039,0
2023-07-28 10:57:13,655.15,589856,8,652.3,275899,208521,-0.7047590178842039,0
2023-07-28 10:57:17,655.15,589857,1,652.3,275887,208390,-0.7047590178842039,0
2023-07-28 10:57:17,654.8,589857,45,652.3,275887,208390,-0.7578053955744165,0
2023-07-28 10:57:20,654.8,590274,45,652.3,270386,212837,-0.7578053955744165,0
2023-07-28 10:57:20,654.8,590274,45,652.3,264140,212930,-0.7578053955744165,0
2023-07-28 10:57:20,654.8,590274,45,652.3,271069,212799,-0.7578053955744165,0
2023-07-28 10:57:20,654.8,590274,33,652.3,271069,212799,-0.7578053955744165,0
2023-07-28 10:57:39,654.8,590320,33,652.3,271266,211845,-0.7578053955744165,0
2023-07-28 10:57:39,654.8,590320,8,652.3,271266,211845,-0.7578053955744165,0
2023-07-28 10:57:39,654.5,590320,2,652.3,271266,211845,-0.8032737193088746,0
2023-07-28 10:57:39,654.8,590320,3,652.3,271266,211845,-0.7578053955744165,0
2023-07-28 10:57:46,654.8,590344,3,652.3,271101,211720,-0.7578053955744165,0
2023-07-28 10:57:46,654.6,590344,3,652.3,271101,211720,-0.7881176113973829,0
2023-07-28 10:57:51,654.6,590347,3,652.3,270213,211935,-0.7881176113973829,0
2023-07-28 10:57:51,654.6,590347,250,652.3,270213,211935,-0.7881176113973829,0
2023-07-28 10:57:56,654.6,590597,250,652.31,270089,211798,-0.7881176113973829,0
2023-07-28 10:57:56,654.6,590597,250,652.31,270132,211713,-0.7881176113973829,0
2023-07-28 10:57:56,654.5,590597,6,652.31,270132,211713,-0.8032737193088746,0
2023-07-28 10:58:07,654.5,590603,6,652.31,269905,211713,-0.8032737193088746,0
2023-07-28 10:58:07,654.5,590603,10,652.31,269905,211713,-0.8032737193088746,0
2023-07-28 10:58:10,654.5,590613,10,652.31,270142,211657,-0.8032737193088746,0
2023-07-28 10:58:10,654.5,590613,10,652.31,270524,211794,-0.8032737193088746,0
2023-07-28 10:58:10,654.6,590613,5,652.31,270524,211794,-0.7881176113973829,0
2023-07-28 10:58:10,654.6,590613,1,652.31,270524,211794,-0.7881176113973829,0
2023-07-28 10:58:19,654.6,590619,1,652.31,270987,211720,-0.7881176113973829,0
2023-07-28 10:58:19,654.6,590619,1,652.31,270908,211507,-0.7881176113973829,0
2023-07-28 10:58:19,654.5,590619,25,652.31,270908,211507,-0.8032737193088746,0
2023-07-28 10:58:29,654.5,590644,25,652.31,270493,212340,-0.8032737193088746,0
2023-07-28 10:58:29,654.6,590644,11,652.31,270493,212340,-0.7881176113973829,0
2023-07-28 10:58:33,654.6,590655,11,652.31,271007,211630,-0.7881176113973829,0
2023-07-28 10:58:39,654.5,590862,200,652.31,270541,212559,-0.8032737193088746,0
2023-07-28 10:58:39,654.5,590862,5,652.31,270541,212559,-0.8032737193088746,0
2023-07-28 10:58:42,654.5,590867,5,652.31,270608,212411,-0.8032737193088746,0
2023-07-28 10:58:42,654.5,590867,5,652.31,270640,212417,-0.8032737193088746,0
2023-07-28 10:58:42,654.5,590867,1,652.31,270640,212417,-0.8032737193088746,0
2023-07-28 10:58:50,654.5,590868,1,652.31,271017,212605,-0.8032737193088746,0
2023-07-28 10:58:50,654.5,590868,1,652.31,271017,212605,-0.8032737193088746,0
2023-07-28 10:58:54,654.5,590869,1,652.31,271033,211882,-0.8032737193088746,0
2023-07-28 10:58:54,654.5,590869,2,652.31,271033,211882,-0.8032737193088746,0
2023-07-28 10:58:58,654.5,590871,1,652.31,270244,211848,-0.8032737193088746,0
2023-07-28 10:58:58,654.5,590871,2,652.31,270244,211848,-0.8032737193088746,0
2023-07-28 10:59:04,654.5,590874,50,652.31,270068,211822,-0.8032737193088746,0
2023-07-28 10:59:04,654.3,590874,1,652.31,270068,211822,-0.8335859351318582,0
2023-07-28 10:59:14,654.3,590927,1,652.31,270023,212070,-0.8335859351318582,0
2023-07-28 10:59:14,654.3,590927,1,652.31,270023,212070,-0.8335859351318582,0
2023-07-28 10:59:14,654.5,590927,4,652.31,270023,212070,-0.8032737193088746,0
2023-07-28 10:59:17,654.5,590932,4,652.31,269952,211754,-0.8032737193088746,0
2023-07-28 10:59:17,654.5,590932,4,652.31,269952,211754,-0.8032737193088746,0
2023-07-28 10:59:17,654.5,590932,4,652.31,269952,211754,-0.8032737193088746,0
2023-07-28 10:59:17,654.5,590932,4,652.31,270248,211830,-0.8032737193088746,0
2023-07-28 10:59:17,654.5,590932,1,652.31,270248,211830,-0.8032737193088746,0
2023-07-28 10:59:17,654.5,590932,1,652.31,270248,211830,-0.8032737193088746,0
2023-07-28 10:59:17,654.5,590932,1,652.31,270248,211830,-0.8032737193088746,0
2023-07-28 10:59:17,654.5,590932,1,652.31,270248,211830,-0.8032737193088746,0
2023-07-28 10:59:17,654.5,590932,1,652.31,270248,211830,-0.8032737193088746,0
2023-07-28 10:59:17,654.5,590932,1,652.31,270248,211830,-0.8032737193088746,0
2023-07-28 10:59:17,654.5,590932,1,652.31,270248,211830,-0.8032737193088746,0
2023-07-28 10:59:23,654.5,590933,1,652.31,263995,211796,-0.8032737193088746,0
2023-07-28 10:59:23,654.5,590933,1,652.31,270252,211824,-0.8032737193088746,0
2023-07-28 10:59:23,654.25,590933,20,652.31,270252,211824,-0.8411639890875955,0
2023-07-28 10:59:23,654.3,590933,1,652.31,270252,211824,-0.8335859351318582,0
2023-07-28 10:59:36,654.2,590960,1,652.31,270129,211907,-0.8487420430433328,0
2023-07-28 10:59:36,654.2,590960,1,652.31,269979,212123,-0.8487420430433328,0
2023-07-28 10:59:36,654.2,590960,1,652.31,270155,212535,-0.8487420430433328,0
2023-07-28 10:59:36,654.1,590960,1,652.31,270155,212535,-0.8638981509548245,0
2023-07-28 10:59:47,654.1,590970,1,652.31,270076,213599,-0.8638981509548245,0
2023-07-28 10:59:47,654.15,590970,1,652.31,270156,213607,-0.8563200969990873,0
2023-07-28 10:59:47,654.05,590970,1,652.31,270156,213607,-0.871476204910579,0
2023-07-28 10:59:55,654.05,590972,1,652.31,270122,213332,-0.871476204910579,0
2023-07-28 10:59:55,654.05,590972,4,652.31,270122,213332,-0.871476204910579,0
2023-07-28 10:59:55,654.15,590972,5,652.31,270122,213332,-0.8563200969990873,0
2023-07-28 11:00:01,654.15,590985,5,652.31,269970,212803,-0.8563200969990873,0
2023-07-28 11:00:01,654.05,590985,1,652.31,269970,212803,-0.871476204910579,0
2023-07-28 11:00:04,654.05,591004,1,652.31,268765,213532,-0.871476204910579,0
2023-07-28 11:00:04,655.15,591004,383,652.31,268765,213532,-0.7047590178842039,0
2023-07-28 11:00:10,655.15,594174,383,652.32,275400,209069,-0.7047590178842039,0
2023-07-28 11:00:10,654.75,594174,1,652.32,275400,209069,-0.7653834495301538,0
2023-07-28 11:00:10,654.65,594174,1,652.32,275400,209069,-0.7805395574416456,0
2023-07-28 11:00:15,654.65,594204,1,652.32,275152,210280,-0.7805395574416456,0
2023-07-28 11:00:15,654.65,594204,1,652.32,275625,209721,-0.7805395574416456,0
2023-07-28 11:00:15,654.65,594204,1,652.32,275577,209739,-0.7805395574416456,0
2023-07-28 11:00:15,654.65,594204,1,652.32,275876,209420,-0.7805395574416456,0
2023-07-28 11:00:15,654.65,594204,1,652.32,275842,208440,-0.7805395574416456,0
2023-07-28 11:00:15,654.95,594204,17,652.32,275841,208460,-0.7350712337071703,0
2023-07-28 11:00:40,654.95,594221,17,652.32,275503,208322,-0.7350712337071703,0
2023-07-28 11:00:46,654.85,594231,10,652.32,275481,208321,-0.750227341618662,0
2023-07-28 11:00:46,654.75,594231,27,652.32,275481,208321,-0.7653834495301538,0
2023-07-28 11:00:51,654.75,594308,27,652.32,274922,208524,-0.7653834495301538,0
2023-07-28 11:00:51,654.95,594308,4,652.32,274922,208524,-0.7350712337071703,0
2023-07-28 11:00:53,655.0,594312,14,652.32,276992,207860,-0.727493179751433,0
2023-07-28 11:00:53,654.9,594312,10,652.32,276992,207860,-0.7426492876629248,0
2023-07-28 11:00:58,654.9,594349,10,652.32,275814,208682,-0.7426492876629248,0
2023-07-28 11:00:58,654.85,594349,1,652.32,275814,208682,-0.750227341618662,0
2023-07-28 11:00:58,654.85,594349,1,652.32,275814,208682,-0.750227341618662,0
2023-07-28 11:01:05,654.85,594407,1,652.32,276354,209498,-0.750227341618662,0
2023-07-28 11:01:05,654.85,594407,1,652.32,273618,206298,-0.750227341618662,0
2023-07-28 11:01:05,654.85,594407,1,652.32,273540,206377,-0.750227341618662,0
2023-07-28 11:01:05,654.8,594407,1,652.32,273540,206377,-0.7578053955744165,0
2023-07-28 11:01:15,654.85,594408,2,652.32,273290,206639,-0.750227341618662,0
2023-07-28 11:01:19,654.85,594434,2,652.32,274254,201288,-0.750227341618662,0
2023-07-28 11:01:19,654.85,594434,2,652.32,277456,204622,-0.750227341618662,0
2023-07-28 11:01:19,654.85,594434,2,652.32,277474,204490,-0.750227341618662,0
2023-07-28 11:01:19,655.0,594434,24,652.32,277474,204490,-0.727493179751433,0
2023-07-28 11:01:32,655.0,594635,24,652.32,276339,204842,-0.727493179751433,0
2023-07-28 11:01:32,655.0,594635,24,652.32,276339,204842,-0.727493179751433,0
2023-07-28 11:01:32,655.0,594635,10,652.32,276339,204842,-0.727493179751433,0
2023-07-28 11:01:32,655.0,594635,266,652.32,276339,204842,-0.727493179751433,0
2023-07-28 11:01:41,655.0,594911,266,652.32,276035,205250,-0.727493179751433,0
2023-07-28 11:01:41,655.0,594911,10,652.32,276035,205250,-0.727493179751433,0
2023-07-28 11:01:45,655.0,594921,10,652.32,276039,205212,-0.727493179751433,0
2023-07-28 11:01:45,655.0,594921,10,652.32,276185,205525,-0.727493179751433,0
2023-07-28 11:01:45,655.0,594921,10,652.32,276149,205525,-0.727493179751433,0
2023-07-28 11:01:45,655.0,594921,10,652.32,276090,205656,-0.727493179751433,0
2023-07-28 11:01:45,654.85,594921,6,652.32,276090,205656,-0.750227341618662,0
2023-07-28 11:01:45,654.8,594921,5,652.32,276090,205656,-0.7578053955744165,0
2023-07-28 11:02:04,654.8,595072,5,652.32,276022,206264,-0.7578053955744165,0
2023-07-28 11:02:04,654.85,595072,25,652.32,276022,206264,-0.750227341618662,0
2023-07-28 11:02:04,655.0,595072,642,652.32,276022,206264,-0.727493179751433,0
2023-07-28 11:02:04,655.0,595072,3,652.32,276022,206264,-0.727493179751433,0
2023-07-28 11:02:04,655.05,595072,1,652.32,276022,206264,-0.7199151257956957,0
2023-07-28 11:02:07,655.05,596612,1,652.33,278120,207445,-0.7199151257956957,0
2023-07-28 11:02:07,655.55,596612,97,652.33,278120,207445,-0.644134586238254,0
2023-07-28 11:02:12,655.55,597812,97,652.34,277349,206337,-0.644134586238254,0
2023-07-28 11:02:12,655.55,597812,97,652.34,278133,206099,-0.644134586238254,0
2023-07-28 11:02:12,655.6,597812,2,652.34,278133,206099,-0.6365565322824995,0
2023-07-28 11:02:12,655.6,597812,2,652.34,278133,206099,-0.6365565322824995,0
2023-07-28 11:02:22,655.6,597815,2,652.34,272627,205809,-0.6365565322824995,0
2023-07-28 11:02:22,655.6,597815,2,652.34,272627,205809,-0.6365565322824995,0
2023-07-28 11:02:22,655.6,597815,2,652.34,272627,205809,-0.6365565322824995,0
2023-07-28 11:02:22,655.6,597815,2,652.34,272627,205809,-0.6365565322824995,0
2023-07-28 11:02:22,655.6,597815,2,652.34,272627,205809,-0.6365565322824995,0
2023-07-28 11:02:22,655.6,597815,2,652.34,272627,205809,-0.6365565322824995,0
2023-07-28 11:02:22,655.6,597815,2,652.34,272627,205809,-0.6365565322824995,0
2023-07-28 11:02:22,655.6,597815,2,652.34,272627,205809,-0.6365565322824995,0
2023-07-28 11:02:22,655.6,597815,2,652.34,271522,205588,-0.6365565322824995,0
2023-07-28 11:02:22,655.45,597815,5,652.34,271522,205588,-0.6592906941497286,0
2023-07-28 11:02:22,655.65,597815,44,652.34,271522,205588,-0.6289784783267622,0
2023-07-28 11:02:30,655.65,597866,44,652.34,277800,205880,-0.6289784783267622,0
2023-07-28 11:02:30,655.65,597866,44,652.34,278053,205862,-0.6289784783267622,0
2023-07-28 11:02:30,655.65,597866,44,652.34,278524,206000,-0.6289784783267622,0
2023-07-28 11:02:30,655.65,597866,7,652.34,278524,206000,-0.6289784783267622,0
2023-07-28 11:02:42,655.65,597876,7,652.34,271797,206514,-0.6289784783267622,0
2023-07-28 11:02:42,655.65,597876,7,652.34,271797,206514,-0.6289784783267622,0
2023-07-28 11:02:42,655.65,597876,7,652.34,277684,206505,-0.6289784783267622,0
2023-07-28 11:02:42,655.65,597876,7,652.34,277708,206272,-0.6289784783267622,0
2023-07-28 11:02:42,655.65,597876,55,652.34,277638,206583,-0.6289784783267622,0
2023-07-28 11:02:42,655.65,597876,7,652.34,277638,206583,-0.6289784783267622,0
2023-07-28 11:03:04,655.65,597940,7,652.34,277547,206393,-0.6289784783267622,0
2023-07-28 11:03:04,655.65,597940,7,652.34,277548,206393,-0.6289784783267622,0
2023-07-28 11:03:04,655.65,597940,60,652.34,277548,206393,-0.6289784783267622,0
2023-07-28 11:03:11,655.65,598000,60,652.34,278643,204795,-0.6289784783267622,0
2023-07-28 11:03:11,655.65,598000,1,652.34,278643,204795,-0.6289784783267622,0
2023-07-28 11:03:14,655.65,598001,1,652.34,278615,204908,-0.6289784783267622,0
2023-07-28 11:03:14,655.65,598001,500,652.34,278615,204908,-0.6289784783267622,0
2023-07-28 11:03:21,655.65,598501,5,652.34,278693,204363,-0.6289784783267622,0
2023-07-28 11:03:21,655.65,598501,10,652.34,278693,204363,-0.6289784783267622,0
2023-07-28 11:03:23,655.65,598516,10,652.34,278688,204358,-0.6289784783267622,0
2023-07-28 11:03:23,655.65,598516,5,652.34,278688,204358,-0.6289784783267622,0
2023-07-28 11:03:23,655.6,598516,1,652.34,278688,204358,-0.6365565322824995,0
2023-07-28 11:03:29,655.6,598522,1,652.34,278022,204432,-0.6365565322824995,0
2023-07-28 11:03:29,655.65,598522,1,652.34,278022,204432,-0.6289784783267622,0
2023-07-28 11:03:33,655.65,598523,1,652.34,277866,204431,-0.6289784783267622,0
2023-07-28 11:03:33,655.65,598523,1,652.34,277866,204431,-0.6289784783267622,0
2023-07-28 11:03:33,655.65,598523,1,652.34,277510,204551,-0.6289784783267622,0
2023-07-28 11:03:33,655.65,598523,17,652.34,277510,204551,-0.6289784783267622,0
2023-07-28 11:03:46,655.65,598550,17,652.34,277725,204386,-0.6289784783267622,0
2023-07-28 11:03:46,655.65,598550,17,652.34,277701,204416,-0.6289784783267622,0
2023-07-28 11:03:46,655.55,598550,10,652.34,277701,204416,-0.644134586238254,0
2023-07-28 11:03:52,655.55,598560,10,652.34,277030,204701,-0.644134586238254,0
2023-07-28 11:03:52,655.55,598560,10,652.34,277140,204554,-0.644134586238254,0
2023-07-28 11:03:52,655.55,598560,10,652.34,277349,204502,-0.644134586238254,0
2023-07-28 11:04:08,655.65,598595,35,652.34,277349,204590,-0.6289784783267622,0
2023-07-28 11:04:08,655.65,598595,35,652.34,277481,204449,-0.6289784783267622,0
2023-07-28 11:04:08,655.65,598595,35,652.34,277481,204519,-0.6289784783267622,0
2023-07-28 11:04:17,655.65,598625,58,652.34,277299,205176,-0.6289784783267622,0
2023-07-28 11:04:17,655.65,598625,2,652.34,277299,205176,-0.6289784783267622,0
2023-07-28 11:04:17,655.65,598625,4,652.34,277299,205176,-0.6289784783267622,0
2023-07-28 11:04:23,655.65,598689,4,652.34,277268,205151,-0.6289784783267622,0
2023-07-28 11:04:23,655.65,598689,3,652.34,277268,205151,-0.6289784783267622,0
2023-07-28 11:04:27,655.65,598954,42,652.34,278407,204486,-0.6289784783267622,0
2023-07-28 11:04:30,655.7,598996,19,652.34,278375,204319,-0.6214004243710077,0
2023-07-28 11:04:30,655.65,598996,37,652.34,278375,204319,-0.6289784783267622,0
2023-07-28 11:04:35,655.65,599066,37,652.34,278300,204573,-0.6289784783267622,0
2023-07-28 11:04:35,655.7,599066,10,652.34,278300,204573,-0.6214004243710077,0
2023-07-28 11:04:41,655.7,599076,10,652.34,278255,204592,-0.6214004243710077,0
2023-07-28 11:04:41,655.7,599076,10,652.34,278255,204592,-0.6214004243710077,0
2023-07-28 11:04:41,655.7,599076,10,652.34,279828,204145,-0.6214004243710077,0
2023-07-28 11:04:41,655.95,599076,1,652.34,279828,204145,-0.583510154592287,0
2023-07-28 11:04:41,656.0,599076,20,652.34,279828,204145,-0.5759321006365496,0
2023-07-28 11:04:41,656.05,599076,14,652.34,279828,204145,-0.5683540466808124,0
2023-07-28 11:04:56,656.05,599474,14,652.35,280355,206433,-0.5683540466808124,0
2023-07-28 11:04:56,656.05,599474,14,652.35,281112,204882,-0.5683540466808124,0
2023-07-28 11:04:56,655.9,599474,1,652.35,281112,204882,-0.5910882085480414,0
2023-07-28 11:05:01,655.9,599485,1,652.35,276557,205586,-0.5910882085480414,0
2023-07-28 11:05:01,655.9,599485,1,652.35,276191,206181,-0.5910882085480414,0
2023-07-28 11:05:01,655.8,599485,3,652.35,276191,206181,-0.6062443164595333,0
2023-07-28 11:05:10,655.35,599488,36,652.35,276589,205004,-0.6744468020612204,0
2023-07-28 11:05:13,655.35,600488,36,652.35,276771,204807,-0.6744468020612204,0
2023-07-28 11:05:13,655.35,600488,36,652.35,276946,205674,-0.6744468020612204,0
2023-07-28 11:05:13,655.35,600488,36,652.35,276946,205674,-0.6744468020612204,0
2023-07-28 11:05:13,655.35,600488,36,652.35,276946,205674,-0.6744468020612204,0
2023-07-28 11:05:13,655.35,600488,36,652.35,276946,205674,-0.6744468020612204,0
2023-07-28 11:05:13,655.35,600488,36,652.35,276946,205674,-0.6744468020612204,0
2023-07-28 11:05:13,655.35,600488,36,652.35,276946,205674,-0.6744468020612204,0
2023-07-28 11:05:25,655.45,600498,8,652.35,276433,206619,-0.6592906941497286,0
2023-07-28 11:05:25,655.65,600498,5,652.35,276433,206619,-0.6289784783267622,0
2023-07-28 11:05:25,655.65,600498,5,652.35,276433,206619,-0.6289784783267622,0
2023-07-28 11:05:25,655.65,600498,5,652.35,276433,206619,-0.6289784783267622,0
2023-07-28 11:05:26,655.65,600503,5,652.35,276000,206459,-0.6289784783267622,0
2023-07-28 11:05:26,655.65,600503,5,652.35,275855,206109,-0.6289784783267622,0
2023-07-28 11:05:26,655.65,600503,5,652.35,275810,206009,-0.6289784783267622,0
2023-07-28 11:05:26,655.65,600503,5,652.35,275876,206163,-0.6289784783267622,0
2023-07-28 11:05:26,655.6,600503,1,652.35,275876,206163,-0.6365565322824995,0
2023-07-28 11:05:44,655.6,600504,1,652.35,275794,206107,-0.6365565322824995,0
2023-07-28 11:05:44,655.35,600504,34,652.35,275794,206107,-0.6744468020612204,0
2023-07-28 11:05:44,655.6,600504,1,652.35,275794,206107,-0.6365565322824995,0
2023-07-28 11:05:44,655.25,600504,10,652.35,275794,206107,-0.6896029099727121,0
2023-07-28 11:05:53,655.25,600721,10,652.35,267453,206614,-0.6896029099727121,0
2023-07-28 11:05:53,655.25,600721,10,652.35,273147,208056,-0.6896029099727121,0
2023-07-28 11:05:53,655.25,600721,10,652.35,266936,206362,-0.6896029099727121,0
2023-07-28 11:05:53,655.25,600721,10,652.35,273575,206496,-0.6896029099727121,0
2023-07-28 11:05:53,655.25,600721,10,652.35,267961,206986,-0.6896029099727121,0
2023-07-28 11:05:53,655.25,600721,10,652.35,273143,207113,-0.6896029099727121,0
2023-07-28 11:05:53,655.25,600721,10,652.35,273067,207044,-0.6896029099727121,0
2023-07-28 11:05:53,655.05,600721,1,652.35,273005,207471,-0.7199151257956957,0
2023-07-28 11:05:53,655.0,600721,13,652.35,273005,207471,-0.727493179751433,0
2023-07-28 11:06:11,655.0,600977,13,652.35,272978,207811,-0.727493179751433,0
2023-07-28 11:06:11,655.0,600977,13,652.35,273287,207786,-0.727493179751433,0
2023-07-28 11:06:11,655.0,600977,13,652.35,273684,206890,-0.727493179751433,0
2023-07-28 11:06:11,655.0,600977,13,652.35,265865,207735,-0.727493179751433,0
2023-07-28 11:06:11,655.0,600977,13,652.35,272118,207751,-0.727493179751433,0
2023-07-28 11:06:11,655.0,600977,13,652.35,272098,207886,-0.727493179751433,0
2023-07-28 11:06:11,655.0,600977,13,652.35,272098,208021,-0.727493179751433,0
2023-07-28 11:06:11,655.0,600977,43,652.35,272098,208021,-0.727493179751433,0
2023-07-28 11:06:19,655.0,601141,43,652.35,271003,209161,-0.727493179751433,0
2023-07-28 11:06:19,654.9,601141,2,652.35,271003,209161,-0.7426492876629248,0
2023-07-28 11:06:19,654.9,601146,2,652.35,270389,209250,-0.7426492876629248,0
2023-07-28 11:06:19,654.9,601146,2,652.35,271306,207474,-0.7426492876629248,0
2023-07-28 11:06:19,654.9,601146,2,652.35,271622,207350,-0.7426492876629248,0
2023-07-28 11:06:19,654.9,601146,2,652.35,271623,207350,-0.7426492876629248,0
2023-07-28 11:06:19,654.9,601146,2,652.35,271622,207350,-0.7426492876629248,0
2023-07-28 11:06:19,654.9,601146,2,652.35,270799,208086,-0.7426492876629248,0
2023-07-28 11:06:19,654.9,601146,2,652.35,270799,207919,-0.7426492876629248,0
2023-07-28 11:06:19,654.9,601146,2,652.35,270720,208050,-0.7426492876629248,0
2023-07-28 11:06:19,654.9,601146,2,652.35,270799,208050,-0.7426492876629248,0
2023-07-28 11:06:19,654.9,601146,2,652.35,270799,208034,-0.7426492876629248,0
2023-07-28 11:06:19,654.9,601146,2,652.35,271053,207982,-0.7426492876629248,0
2023-07-28 11:06:19,654.9,601146,2,652.35,271053,207982,-0.7426492876629248,0
2023-07-28 11:06:19,654.9,601146,2,652.35,271053,208046,-0.7426492876629248,0
2023-07-28 11:06:19,655.05,601146,1,652.35,271053,208076,-0.7199151257956957,0
2023-07-28 11:06:35,655.05,601147,1,652.35,271053,208075,-0.7199151257956957,0
2023-07-28 11:06:35,654.7,601147,48,652.35,270938,208004,-0.7729615034858911,0
2023-07-28 11:06:39,654.7,601197,48,652.35,271328,208853,-0.7729615034858911,0
2023-07-28 11:06:39,654.7,601197,48,652.35,271152,208738,-0.7729615034858911,0
2023-07-28 11:06:39,654.7,601197,48,652.35,271252,208715,-0.7729615034858911,0
2023-07-28 11:06:43,655.0,601297,16,652.35,271598,208103,-0.727493179751433,0
2023-07-28 11:06:43,655.0,601297,16,652.35,271598,208103,-0.727493179751433,0
2023-07-28 11:06:43,655.0,601297,16,652.35,271614,208703,-0.727493179751433,0
2023-07-28 11:06:43,655.0,601297,16,652.35,271614,208703,-0.727493179751433,0
2023-07-28 11:06:43,655.0,601297,16,652.35,271613,208703,-0.727493179751433,0
2023-07-28 11:06:43,655.0,601297,16,652.35,271626,208697,-0.727493179751433,0
2023-07-28 11:06:43,655.0,601297,16,652.35,271626,208942,-0.727493179751433,0
2023-07-28 11:06:43,655.0,601297,16,652.35,271636,208627,-0.727493179751433,0
2023-07-28 11:06:43,655.0,601297,16,652.35,271626,208127,-0.727493179751433,0
2023-07-28 11:06:43,655.0,601297,16,652.35,271636,208127,-0.727493179751433,0
2023-07-28 11:06:43,655.0,601297,16,652.35,271636,208127,-0.727493179751433,0
2023-07-28 11:06:43,655.0,601297,16,652.35,271636,208127,-0.727493179751433,0
2023-07-28 11:06:43,655.0,601297,16,652.35,271636,208127,-0.727493179751433,0
2023-07-28 11:06:43,655.0,601297,16,652.35,271636,208127,-0.727493179751433,0
2023-07-28 11:06:43,655.0,601297,16,652.35,272636,207805,-0.727493179751433,0
2023-07-28 11:06:43,655.0,601297,16,652.35,272459,207490,-0.727493179751433,0
2023-07-28 11:06:43,655.0,601297,16,652.35,272479,207490,-0.727493179751433,0
2023-07-28 11:06:43,655.0,601297,16,652.35,272542,207498,-0.727493179751433,0
2023-07-28 11:06:43,655.0,601297,16,652.35,272542,207548,-0.727493179751433,0
2023-07-28 11:06:43,654.7,601297,1,652.35,272542,207548,-0.7729615034858911,0
2023-07-28 11:07:19,654.7,601298,1,652.35,272398,207548,-0.7729615034858911,0
2023-07-28 11:07:19,654.7,601298,1,652.35,272204,207754,-0.7729615034858911,0
2023-07-28 11:07:19,654.7,601298,1,652.35,272204,207754,-0.7729615034858911,0
2023-07-28 11:07:27,654.7,601299,1,652.35,272204,207753,-0.7729615034858911,0
2023-07-28 11:07:27,654.7,601299,1,652.35,272462,207753,-0.7729615034858911,0
2023-07-28 11:07:27,654.8,601299,4,652.35,272462,207753,-0.7578053955744165,0
2023-07-28 11:07:38,654.8,601303,4,652.35,272797,206817,-0.7578053955744165,0
2023-07-28 11:07:38,654.8,601303,4,652.35,272898,207218,-0.7578053955744165,0
2023-07-28 11:07:38,654.8,601303,4,652.35,273186,207243,-0.7578053955744165,0
2023-07-28 11:07:38,654.8,601303,4,652.35,273283,206142,-0.7578053955744165,0
2023-07-28 11:08:00,655.1,601341,18,652.35,275033,205229,-0.7123370718399412,0
2023-07-28 11:08:00,655.2,601341,10,652.35,275033,205229,-0.6971809639284494,0
2023-07-28 11:08:01,655.2,601426,10,652.36,274249,205506,-0.6971809639284494,0
2023-07-28 11:08:01,655.2,601426,10,652.36,274478,205429,-0.6971809639284494,0
2023-07-28 11:08:01,655.2,601426,10,652.36,275020,206832,-0.6971809639284494,0
2023-07-28 11:08:01,655.2,601426,10,652.36,275197,206285,-0.6971809639284494,0
2023-07-28 11:08:01,654.9,601426,10,652.36,275197,206285,-0.7426492876629248,0
2023-07-28 11:08:22,654.9,601436,10,652.36,274886,206590,-0.7426492876629248,0
2023-07-28 11:08:22,654.9,601436,10,652.36,274886,206590,-0.7426492876629248,0
2023-07-28 11:08:22,654.9,601436,10,652.36,274886,206590,-0.7426492876629248,0
2023-07-28 11:08:22,654.9,601436,10,652.36,274886,206590,-0.7426492876629248,0
2023-07-28 11:08:22,654.9,601436,10,652.36,274886,206590,-0.7426492876629248,0
2023-07-28 11:08:22,654.9,601436,10,652.36,274886,206590,-0.7426492876629248,0
2023-07-28 11:08:22,654.9,601436,10,652.36,274886,206590,-0.7426492876629248,0
2023-07-28 11:08:22,655.15,601436,5,652.36,274274,206574,-0.7047590178842039,0
2023-07-28 11:08:22,655.15,601436,5,652.36,274274,206574,-0.7047590178842039,0
2023-07-28 11:08:28,655.15,601502,5,652.36,274396,205247,-0.7047590178842039,0
2023-07-28 11:08:28,655.15,601502,5,652.36,274112,205308,-0.7047590178842039,0
2023-07-28 11:08:28,654.9,601502,112,652.36,274112,205308,-0.7426492876629248,0
2023-07-28 11:08:38,654.9,601702,112,652.36,273891,206903,-0.7426492876629248,0
2023-07-28 11:08:38,655.15,601702,6,652.36,273891,206903,-0.7047590178842039,0
2023-07-28 11:08:38,654.9,601702,1,652.36,273891,206903,-0.7426492876629248,0
2023-07-28 11:08:44,654.9,601709,1,652.36,274092,206933,-0.7426492876629248,0
2023-07-28 11:08:44,655.15,601709,1,652.36,274092,206933,-0.7047590178842039,0
2023-07-28 11:08:44,655.15,601709,1,652.36,274092,206933,-0.7047590178842039,0
2023-07-28 11:08:47,655.15,601711,1,652.36,274092,206904,-0.7047590178842039,0
2023-07-28 11:08:47,655.15,601711,1,652.36,268257,206900,-0.7047590178842039,0
2023-07-28 11:08:47,655.15,601711,72,652.36,268258,206900,-0.7047590178842039,0
2023-07-28 11:08:57,655.15,601783,72,652.36,274139,206995,-0.7047590178842039,0
2023-07-28 11:08:57,655.15,601783,1,652.36,274139,206995,-0.7047590178842039,0
2023-07-28 11:09:03,655.15,601784,1,652.36,274309,206922,-0.7047590178842039,0
2023-07-28 11:09:03,655.15,601784,1,652.36,274311,207003,-0.7047590178842039,0
2023-07-28 11:09:03,654.85,601784,46,652.36,274311,207003,-0.750227341618662,0
2023-07-28 11:09:11,654.85,601979,46,652.36,273613,206987,-0.750227341618662,0
2023-07-28 11:09:11,655.15,601979,4,652.36,273613,206987,-0.7047590178842039,0
2023-07-28 11:09:11,654.85,601979,1,652.36,273613,206987,-0.750227341618662,0
2023-07-28 11:09:17,655.15,601984,76,652.36,273704,207007,-0.7047590178842039,0
2023-07-28 11:09:17,655.15,602060,76,652.36,273288,206698,-0.7047590178842039,0
2023-07-28 11:09:25,655.15,602061,1,652.36,273290,206620,-0.7047590178842039,0
2023-07-28 11:09:25,655.15,602061,1,652.36,273477,206688,-0.7047590178842039,0
2023-07-28 11:09:25,655.15,602061,3,652.36,273477,206688,-0.7047590178842039,0
2023-07-28 11:09:31,655.15,602064,3,652.36,273477,206686,-0.7047590178842039,0
2023-07-28 11:09:31,655.15,602064,3,652.36,273506,206869,-0.7047590178842039,0
2023-07-28 11:09:31,654.85,602064,25,652.36,273506,206869,-0.750227341618662,0
2023-07-28 11:09:39,655.15,602089,4,652.36,273686,206811,-0.7047590178842039,0
2023-07-28 11:09:42,655.15,602093,4,652.36,273581,206832,-0.7047590178842039,0
2023-07-28 11:09:42,655.15,602093,4,652.36,273565,206832,-0.7047590178842039,0
2023-07-28 11:09:42,655.15,602093,4,652.36,273622,207000,-0.7047590178842039,0
2023-07-28 11:09:42,655.15,602093,4,652.36,273627,207000,-0.7047590178842039,0
2023-07-28 11:09:42,655.15,602093,4,652.36,273496,207054,-0.7047590178842039,0
2023-07-28 11:09:42,655.2,602093,25,652.36,273496,207054,-0.6971809639284494,0
2023-07-28 11:10:06,655.2,602825,25,652.36,274470,205236,-0.6971809639284494,0
2023-07-28 11:10:06,655.05,602825,27,652.36,274470,205236,-0.7199151257956957,0
2023-07-28 11:10:06,655.0,602825,3,652.36,274470,205236,-0.727493179751433,0
2023-07-28 11:10:12,655.0,602870,3,652.36,273613,205449,-0.727493179751433,0
2023-07-28 11:10:15,655.35,602875,5,652.36,273727,205462,-0.6744468020612204,0
2023-07-28 11:10:15,655.3,602875,4,652.36,273727,205462,-0.6820248560169749,0
2023-07-28 11:10:20,655.3,602879,4,652.36,273438,206121,-0.6820248560169749,0
2023-07-28 11:10:20,655.3,602879,4,652.36,267216,205780,-0.6820248560169749,0
2023-07-28 11:10:20,655.3,602879,4,652.36,273404,205802,-0.6820248560169749,0
2023-07-28 11:10:20,655.25,602879,10,652.36,273249,205858,-0.6896029099727121,0
2023-07-28 11:10:34,655.25,602889,10,652.36,273750,205215,-0.6896029099727121,0
2023-07-28 11:10:34,655.25,602889,1,652.36,273750,205215,-0.6896029099727121,0
2023-07-28 11:10:34,655.35,602889,1,652.36,273750,205215,-0.6744468020612204,0
2023-07-28 11:10:40,655.35,603071,1,652.36,275178,203810,-0.6744468020612204,0
2023-07-28 11:10:40,655.4,603071,1,652.36,275178,203810,-0.6668687481054831,0
2023-07-28 11:10:43,655.4,603072,1,652.36,276149,202495,-0.6668687481054831,0
2023-07-28 11:10:43,655.4,603072,1,652.36,276351,202495,-0.6668687481054831,0
2023-07-28 11:10:43,655.6,603072,9,652.36,276351,202495,-0.6365565322824995,0
2023-07-28 11:10:51,655.6,603081,9,652.36,276349,202574,-0.6365565322824995,0
2023-07-28 11:10:51,655.6,603081,9,652.36,276349,202574,-0.6365565322824995,0
2023-07-28 11:10:51,655.6,603081,9,652.36,270344,202573,-0.6365565322824995,0
2023-07-28 11:10:51,655.6,603081,20,652.36,270344,202573,-0.6365565322824995,0
2023-07-28 11:11:06,655.6,603107,5,652.36,278384,201080,-0.6365565322824995,0
2023-07-28 11:11:06,655.9,603107,8,652.36,277643,201124,-0.5910882085480414,0
2023-07-28 11:11:08,655.9,603115,8,652.36,277634,201039,-0.5910882085480414,0
2023-07-28 11:11:08,655.9,603115,8,652.36,277634,201039,-0.5910882085480414,0
2023-07-28 11:11:08,655.9,603115,8,652.36,277469,203121,-0.5910882085480414,0
2023-07-28 11:11:08,655.9,603115,8,652.36,277762,203121,-0.5910882085480414,0
2023-07-28 11:11:08,655.9,603115,8,652.36,277528,203121,-0.5910882085480414,0
2023-07-28 11:11:08,655.9,603115,8,652.36,277545,203121,-0.5910882085480414,0
2023-07-28 11:11:08,655.6,603115,1,652.36,277545,203121,-0.6365565322824995,0
2023-07-28 11:11:15,655.6,603116,1,652.36,277175,203122,-0.6365565322824995,0
2023-07-28 11:11:15,655.6,603116,1,652.36,277099,203733,-0.6365565322824995,0
2023-07-28 11:11:15,655.7,603116,16,652.36,277099,203733,-0.6214004243710077,0
2023-07-28 11:11:18,655.7,603132,16,652.36,277086,203606,-0.6214004243710077,0
2023-07-28 11:11:18,655.7,603132,16,652.36,277086,203622,-0.6214004243710077,0
2023-07-28 11:11:21,655.7,603148,9,652.36,277086,203605,-0.6214004243710077,0
2023-07-28 11:11:21,655.7,603148,9,652.36,277083,203861,-0.6214004243710077,0
2023-07-28 11:11:21,655.7,603148,9,652.36,277083,203863,-0.6214004243710077,0
2023-07-28 11:11:21,655.7,603148,2,652.36,277083,203863,-0.6214004243710077,0
2023-07-28 11:11:23,655.7,603150,2,652.36,277083,203785,-0.6214004243710077,0
2023-07-28 11:11:23,655.7,603150,2,652.36,277083,203787,-0.6214004243710077,0
2023-07-28 11:11:23,655.7,603150,2,652.36,277083,203787,-0.6214004243710077,0
2023-07-28 11:11:23,655.7,603150,2,652.36,276983,204185,-0.6214004243710077,0
2023-07-28 11:11:23,655.7,603150,2,652.36,270640,203203,-0.6214004243710077,0
2023-07-28 11:11:23,655.7,603150,2,652.36,270640,203203,-0.6214004243710077,0
2023-07-28 11:11:23,655.7,603150,2,652.36,270640,203203,-0.6214004243710077,0
2023-07-28 11:11:23,655.7,603150,2,652.36,270640,203408,-0.6214004243710077,0
2023-07-28 11:11:23,655.7,603150,2,652.36,270640,203409,-0.6214004243710077,0
2023-07-28 11:11:23,655.7,603150,2,652.36,270640,204009,-0.6214004243710077,0
2023-07-28 11:11:23,655.7,603150,2,652.36,270581,204009,-0.6214004243710077,0
2023-07-28 11:11:23,655.7,603150,2,652.36,276818,203948,-0.6214004243710077,0
2023-07-28 11:11:23,655.7,603150,2,652.36,276818,203928,-0.6214004243710077,0
2023-07-28 11:11:23,655.7,603150,2,652.36,276818,203928,-0.6214004243710077,0
2023-07-28 11:11:23,655.7,603150,2,652.36,276266,204117,-0.6214004243710077,0
2023-07-28 11:11:23,655.7,603150,2,652.36,276777,204088,-0.6214004243710077,0
2023-07-28 11:11:23,655.7,603150,2,652.36,276627,204088,-0.6214004243710077,0
2023-07-28 11:11:23,655.7,603150,2,652.36,276625,204088,-0.6214004243710077,0
2023-07-28 11:11:23,655.7,603150,2,652.36,276660,204078,-0.6214004243710077,0
2023-07-28 11:11:23,655.7,603150,2,652.36,276660,204078,-0.6214004243710077,0
2023-07-28 11:11:23,655.7,603150,2,652.36,274160,204078,-0.6214004243710077,0
2023-07-28 11:11:23,655.7,603150,2,652.36,274160,204078,-0.6214004243710077,0
2023-07-28 11:11:23,655.7,603150,2,652.36,274160,204078,-0.6214004243710077,0
2023-07-28 11:11:23,655.7,603150,2,652.36,274160,204304,-0.6214004243710077,0
2023-07-28 11:11:23,655.7,603150,2,652.36,276772,204078,-0.6214004243710077,0
2023-07-28 11:11:23,655.7,603150,2,652.36,276772,204078,-0.6214004243710077,0
2023-07-28 11:11:23,655.6,603150,1,652.36,276772,204078,-0.6365565322824995,0
2023-07-28 11:11:51,655.6,603151,1,652.36,276771,204078,-0.6365565322824995,0
2023-07-28 11:11:51,655.6,603151,1,652.36,276771,204078,-0.6365565322824995,0
2023-07-28 11:11:51,655.6,603151,1,652.36,276771,204077,-0.6365565322824995,0
2023-07-28 11:11:51,655.8,603151,97,652.36,276771,204077,-0.6062443164595333,0
2023-07-28 11:11:55,655.8,603401,97,652.36,276876,203698,-0.6062443164595333,0
2023-07-28 11:11:55,655.9,603401,54,652.36,276876,203698,-0.5910882085480414,0
2023-07-28 11:11:56,655.9,603551,54,652.37,276922,203755,-0.5910882085480414,0
2023-07-28 11:11:56,655.9,603551,54,652.37,276922,203806,-0.5910882085480414,0
2023-07-28 11:11:56,655.9,603551,54,652.37,276924,204041,-0.5910882085480414,0
2023-07-28 11:11:56,655.9,603551,54,652.37,276924,204513,-0.5910882085480414,0
2023-07-28 11:11:56,655.9,603551,54,652.37,276924,204493,-0.5910882085480414,0
2023-07-28 11:11:56,655.9,603551,54,652.37,276924,204493,-0.5910882085480414,0
2023-07-28 11:11:56,655.85,603551,27,652.37,276924,204493,-0.5986662625037787,0
2023-07-28 11:12:10,655.5,603656,17,652.37,276643,205293,-0.6517126401939913,0
2023-07-28 11:12:10,655.5,603656,17,652.37,276643,205293,-0.6517126401939913,0
2023-07-28 11:12:10,655.5,603656,17,652.37,276119,208883,-0.6517126401939913,0
2023-07-28 11:12:10,655.3,603656,4,652.37,276119,208883,-0.6820248560169749,0
2023-07-28 11:12:18,655.35,603674,3,652.37,274500,212167,-0.6744468020612204,0
2023-07-28 11:12:18,655.35,603674,31,652.37,274500,212167,-0.6744468020612204,0
2023-07-28 11:12:18,655.3,603674,1,652.37,274500,212167,-0.6820248560169749,0
2023-07-28 11:12:23,655.3,603750,1,652.37,276715,210547,-0.6820248560169749,0
2023-07-28 11:12:23,655.3,603750,1,652.37,277309,210515,-0.6820248560169749,0
2023-07-28 11:12:23,655.3,603750,1,652.37,275713,211406,-0.6820248560169749,0
2023-07-28 11:12:23,655.25,603750,5,652.37,275713,211406,-0.6896029099727121,0
2023-07-28 11:12:34,655.25,603943,5,652.37,273907,212560,-0.6896029099727121,0
2023-07-28 11:12:34,655.25,603943,1,652.37,273907,212560,-0.6896029099727121,0
2023-07-28 11:12:34,655.5,603943,22,652.37,273907,212560,-0.6517126401939913,0
2023-07-28 11:12:41,655.5,604669,22,652.37,276477,210944,-0.6517126401939913,0
2023-07-28 11:12:41,655.5,604669,22,652.37,276505,210915,-0.6517126401939913,0
2023-07-28 11:12:41,655.3,604669,1,652.37,276505,210915,-0.6820248560169749,0
2023-07-28 11:12:49,655.3,604670,1,652.37,276807,210453,-0.6820248560169749,0
2023-07-28 11:12:49,655.5,604670,1,652.37,276807,210453,-0.6517126401939913,0
2023-07-28 11:12:57,655.35,604672,22,652.37,276800,210610,-0.6744468020612204,0
2023-07-28 11:12:57,655.55,604672,29,652.37,276800,210610,-0.644134586238254,0
2023-07-28 11:12:57,655.4,604672,1,652.37,276800,210610,-0.6668687481054831,0
2023-07-28 11:13:05,655.4,604729,1,652.37,275629,211608,-0.6668687481054831,0
2023-07-28 11:13:05,655.4,604729,1,652.37,275629,211608,-0.6668687481054831,0
2023-07-28 11:13:05,655.55,604729,1,652.37,275629,211608,-0.644134586238254,0
2023-07-28 11:13:12,655.55,604731,1,652.37,274800,212633,-0.644134586238254,0
2023-07-28 11:13:12,655.25,604731,49,652.37,275655,212249,-0.6896029099727121,0
2023-07-28 11:13:12,655.15,604731,1,652.37,275655,212249,-0.7047590178842039,0
2023-07-28 11:13:20,655.15,604782,1,652.37,274786,213435,-0.7047590178842039,0
2023-07-28 11:13:20,655.15,604782,1,652.37,274748,213094,-0.7047590178842039,0
2023-07-28 11:13:20,655.15,604782,1,652.37,272832,211813,-0.7047590178842039,0
2023-07-28 11:13:20,655.15,604782,1,652.37,272765,211605,-0.7047590178842039,0
2023-07-28 11:13:20,655.15,604782,1,652.37,273021,211689,-0.7047590178842039,0
2023-07-28 11:13:20,654.85,604782,3,652.37,273021,211689,-0.750227341618662,0
2023-07-28 11:13:42,654.85,604786,3,652.37,270666,212788,-0.750227341618662,0
2023-07-28 11:13:42,654.85,604786,3,652.37,270410,211714,-0.750227341618662,0
2023-07-28 11:13:42,654.85,604786,3,652.37,270430,211716,-0.750227341618662,0
2023-07-28 11:13:42,654.85,604786,3,652.37,270434,211370,-0.750227341618662,0
2023-07-28 11:14:05,655.1,604889,76,652.37,271263,209684,-0.7123370718399412,0
2023-07-28 11:14:05,655.1,604889,76,652.37,271434,209821,-0.7123370718399412,0
2023-07-28 11:14:05,655.0,604889,10,652.37,271434,209821,-0.727493179751433,0
2023-07-28 11:14:10,655.0,604899,10,652.37,273292,209881,-0.727493179751433,0
2023-07-28 11:14:10,655.0,604899,10,652.37,273799,209617,-0.727493179751433,0
2023-07-28 11:14:10,655.0,604899,10,652.37,273541,209776,-0.727493179751433,0
2023-07-28 11:14:10,655.0,604899,10,652.37,273541,209776,-0.727493179751433,0
2023-07-28 11:14:10,655.05,604899,25,652.37,273541,209776,-0.7199151257956957,0
2023-07-28 11:14:10,655.05,604899,25,652.37,273541,209776,-0.7199151257956957,0
2023-07-28 11:14:10,655.05,604899,25,652.37,273541,209776,-0.7199151257956957,0
2023-07-28 11:14:24,655.05,604924,25,652.37,273257,210010,-0.7199151257956957,0
2023-07-28 11:14:24,655.05,604924,25,652.37,273257,210010,-0.7199151257956957,0
2023-07-28 11:14:24,655.05,604924,25,652.37,273257,210010,-0.7199151257956957,0
2023-07-28 11:14:24,655.05,604924,25,652.37,273257,210010,-0.7199151257956957,0
2023-07-28 11:14:24,655.05,604924,25,652.37,273257,210010,-0.7199151257956957,0
2023-07-28 11:14:24,655.05,604924,25,652.37,273264,210009,-0.7199151257956957,0
2023-07-28 11:14:24,655.05,604924,25,652.37,273807,209791,-0.7199151257956957,0
2023-07-28 11:14:24,655.05,604924,25,652.37,272934,210058,-0.7199151257956957,0
2023-07-28 11:14:24,655.05,604924,25,652.37,273088,211238,-0.7199151257956957,0
2023-07-28 11:14:24,655.25,604924,1,652.37,273088,211238,-0.6896029099727121,0
2023-07-28 11:14:24,655.25,604924,5,652.37,273088,211238,-0.6896029099727121,0
2023-07-28 11:14:47,655.25,604930,5,652.37,274868,208556,-0.6896029099727121,0
2023-07-28 11:14:47,655.25,604930,5,652.37,274963,208446,-0.6896029099727121,0
2023-07-28 11:14:47,655.25,604930,1,652.37,274963,208446,-0.6896029099727121,0
2023-07-28 11:14:56,655.25,604931,1,652.37,275148,208300,-0.6896029099727121,0
2023-07-28 11:14:56,655.25,604931,1,652.37,273706,210715,-0.6896029099727121,0
2023-07-28 11:14:56,655.25,604931,1,652.37,273896,210389,-0.6896029099727121,0
2023-07-28 11:14:56,655.25,604931,3,652.37,273896,210389,-0.6896029099727121,0
2023-07-28 11:14:56,655.25,604931,10,652.37,273896,210389,-0.6896029099727121,0
2023-07-28 11:15:10,655.2,604967,18,652.37,274463,211762,-0.6971809639284494,0
2023-07-28 11:15:10,655.2,604967,18,652.37,274463,211762,-0.6971809639284494,0
2023-07-28 11:15:10,655.05,604967,1,652.37,274463,211762,-0.7199151257956957,0
2023-07-28 11:15:10,655.25,604967,1,652.37,274463,211762,-0.6896029099727121,0
2023-07-28 11:15:14,655.25,604969,1,652.37,274534,211011,-0.6896029099727121,0
2023-07-28 11:15:14,655.25,604969,1,652.37,274716,210466,-0.6896029099727121,0
2023-07-28 11:15:14,655.25,604969,1,652.37,274751,210295,-0.6896029099727121,0
2023-07-28 11:15:14,655.25,604969,1,652.37,275090,210298,-0.6896029099727121,0
2023-07-28 11:15:14,655.25,604969,1,652.37,275014,210303,-0.6896029099727121,0
2023-07-28 11:15:35,655.2,604978,9,652.37,275286,210129,-0.6971809639284494,0
2023-07-28 11:15:35,655.0,604978,48,652.37,275286,210129,-0.727493179751433,0
2023-07-28 11:15:38,655.0,605028,48,652.37,275498,210301,-0.727493179751433,0
2023-07-28 11:15:38,655.25,605028,44,652.37,275498,210301,-0.6896029099727121,0
2023-07-28 11:15:46,655.25,605147,44,652.37,274504,209691,-0.6896029099727121,0
2023-07-28 11:15:46,655.25,605147,44,652.37,274489,209700,-0.6896029099727121,0
2023-07-28 11:15:46,655.25,605147,1,652.37,274489,209700,-0.6896029099727121,0
2023-07-28 11:15:46,655.05,605147,1,652.37,274489,209700,-0.7199151257956957,0
2023-07-28 11:15:46,655.25,605147,10,652.37,274489,209700,-0.6896029099727121,0
2023-07-28 11:15:55,655.25,605504,1,652.38,273883,210802,-0.6896029099727121,0
2023-07-28 11:15:55,655.05,605504,16,652.38,273897,210804,-0.7199151257956957,0
2023-07-28 11:15:55,655.25,605504,2,652.38,273897,210804,-0.6896029099727121,0
2023-07-28 11:16:03,655.25,605771,2,652.38,274479,209750,-0.6896029099727121,0
2023-07-28 11:16:03,655.05,605771,22,652.38,274479,209750,-0.7199151257956957,0
2023-07-28 11:16:03,654.8,605771,15,652.38,274479,209750,-0.7578053955744165,0
2023-07-28 11:16:08,654.75,607048,10,652.38,269213,214658,-0.7653834495301538,0
2023-07-28 11:16:08,654.75,607048,10,652.38,269213,214658,-0.7653834495301538,0
2023-07-28 11:16:08,654.75,607048,10,652.38,269801,214575,-0.7653834495301538,0
2023-07-28 11:16:08,654.75,607048,10,652.38,269790,213177,-0.7653834495301538,0
2023-07-28 11:16:08,654.75,607048,10,652.38,269877,213336,-0.7653834495301538,0
2023-07-28 11:16:08,654.4,607048,10,652.38,269877,213336,-0.8184298272203664,0
2023-07-28 11:16:08,654.6,607048,28,652.38,269877,213336,-0.7881176113973829,0
2023-07-28 11:16:08,654.6,607048,2,652.38,269877,213336,-0.7881176113973829,0
2023-07-28 11:16:23,654.6,607088,2,652.38,270277,212562,-0.7881176113973829,0
2023-07-28 11:16:23,654.6,607088,2,652.38,270580,212547,-0.7881176113973829,0
2023-07-28 11:16:34,654.4,607102,14,652.38,270509,212285,-0.8184298272203664,0
2023-07-28 11:16:34,654.65,607102,8,652.38,270393,212389,-0.7805395574416456,0
2023-07-28 11:16:39,654.65,607110,8,652.38,270884,212300,-0.7805395574416456,0
2023-07-28 11:16:39,654.65,607110,8,652.38,270880,212346,-0.7805395574416456,0
2023-07-28 11:16:39,654.65,607110,8,652.38,270889,212577,-0.7805395574416456,0
2023-07-28 11:16:39,654.4,607110,829,652.38,270889,212577,-0.8184298272203664,0
2023-07-28 11:16:52,654.4,608110,829,652.39,269410,213931,-0.8184298272203664,0
2023-07-28 11:16:52,654.4,608110,829,652.39,269359,213480,-0.8184298272203664,0
2023-07-28 11:16:52,654.4,608110,829,652.39,269618,213122,-0.8184298272203664,0
2023-07-28 11:16:52,654.75,608110,31,652.39,269618,213122,-0.7653834495301538,0
2023-07-28 11:17:07,654.75,609310,31,652.39,269046,212758,-0.7653834495301538,0
2023-07-28 11:17:07,654.75,609310,31,652.39,268745,212788,-0.7653834495301538,0
2023-07-28 11:17:07,654.4,609310,15,652.39,268745,212788,-0.8184298272203664,0
2023-07-28 11:17:15,654.4,609325,15,652.39,268824,212842,-0.8184298272203664,0
2023-07-28 11:17:15,654.7,609325,50,652.39,268824,212842,-0.7729615034858911,0
2023-07-28 11:17:21,654.4,609475,100,652.39,268162,212977,-0.8184298272203664,0
2023-07-28 11:17:21,654.4,609475,100,652.39,268162,212977,-0.8184298272203664,0
2023-07-28 11:17:21,654.4,609475,100,652.39,268162,212977,-0.8184298272203664,0
2023-07-28 11:17:21,654.4,609475,100,652.39,268162,212977,-0.8184298272203664,0
2023-07-28 11:17:21,654.85,609475,49,652.39,268162,212977,-0.750227341618662,0
2023-07-28 11:17:26,654.85,610475,49,652.39,268116,212689,-0.750227341618662,0
2023-07-28 11:17:26,654.85,610475,49,652.39,268116,212689,-0.750227341618662,0
2023-07-28 11:17:26,654.85,610475,49,652.39,268116,212689,-0.750227341618662,0
2023-07-28 11:17:26,654.85,610475,49,652.39,268116,212689,-0.750227341618662,0
2023-07-28 11:17:26,654.85,610475,49,652.39,268116,212689,-0.750227341618662,0
2023-07-28 11:17:26,654.85,610475,49,652.39,268116,212689,-0.750227341618662,0
2023-07-28 11:17:26,654.85,610475,49,652.39,268365,212689,-0.750227341618662,0
2023-07-28 11:17:26,654.85,610475,49,652.39,268259,212689,-0.750227341618662,0
2023-07-28 11:17:26,654.35,610475,128,652.39,268259,212689,-0.8260078811761037,0
2023-07-28 11:17:38,654.35,610675,128,652.39,268172,213225,-0.8260078811761037,0
2023-07-28 11:17:38,654.3,610675,40,652.39,268172,213225,-0.8335859351318582,0
2023-07-28 11:17:43,654.3,611051,40,652.4,262725,215758,-0.8335859351318582,0
2023-07-28 11:17:43,654.35,611051,16,652.4,262725,215758,-0.8260078811761037,0
2023-07-28 11:17:46,654.35,611067,16,652.4,265256,215809,-0.8260078811761037,0
2023-07-28 11:17:46,654.35,611067,16,652.4,266054,214527,-0.8260078811761037,0
2023-07-28 11:17:46,654.15,611067,34,652.4,266054,214527,-0.8563200969990873,0
2023-07-28 11:17:53,654.15,611117,34,652.4,266714,213843,-0.8563200969990873,0
2023-07-28 11:17:53,654.0,611117,31,652.4,266714,213843,-0.8790542588663163,0
2023-07-28 11:18:01,654.0,611417,31,652.4,266208,213982,-0.8790542588663163,0
2023-07-28 11:18:01,654.0,611417,31,652.4,268454,212992,-0.8790542588663163,0
2023-07-28 11:18:01,654.35,611417,1,652.4,268454,212992,-0.8260078811761037,0
2023-07-28 11:18:01,654.15,611417,43,652.4,268454,212992,-0.8563200969990873,0
2023-07-28 11:18:09,654.15,611719,43,652.4,266866,214169,-0.8563200969990873,0
2023-07-28 11:18:09,654.15,611719,43,652.4,267586,213246,-0.8563200969990873,0
2023-07-28 11:18:09,654.1,611719,35,652.4,267586,213246,-0.8638981509548245,0
2023-07-28 11:18:16,654.0,611769,87,652.4,267501,213310,-0.8790542588663163,0
2023-07-28 11:18:16,654.0,611769,75,652.4,267501,213310,-0.8790542588663163,0
2023-07-28 11:18:20,654.0,612094,75,652.4,266985,214165,-0.8790542588663163,0
2023-07-28 11:18:20,654.0,612094,80,652.4,266985,214165,-0.8790542588663163,0
2023-07-28 11:18:28,654.45,613174,70,652.4,267243,213501,-0.8108517732646119,0
2023-07-28 11:18:28,654.45,613174,70,652.4,267624,214427,-0.8108517732646119,0
2023-07-28 11:18:28,654.45,613174,70,652.4,267281,214553,-0.8108517732646119,0
2023-07-28 11:18:28,654.45,613174,70,652.4,267281,214556,-0.8108517732646119,0
2023-07-28 11:18:28,654.05,613174,1,652.4,267281,214556,-0.871476204910579,0
2023-07-28 11:18:44,654.05,613175,1,652.4,267389,214616,-0.871476204910579,0
2023-07-28 11:18:44,654.05,613175,50,652.4,267389,214616,-0.871476204910579,0
2023-07-28 11:18:48,654.05,613225,50,652.4,267322,214707,-0.871476204910579,0
2023-07-28 11:18:48,654.05,613225,3,652.4,267322,214707,-0.871476204910579,0
2023-07-28 11:18:48,654.05,613225,27,652.4,267322,214707,-0.871476204910579,0
2023-07-28 11:18:55,654.05,613255,27,652.4,267317,214707,-0.871476204910579,0
2023-07-28 11:18:55,654.05,613255,3,652.4,267317,214707,-0.871476204910579,0
2023-07-28 11:18:59,654.05,613258,3,652.4,267501,214179,-0.871476204910579,0
2023-07-28 11:18:59,654.05,613258,2,652.4,267501,214179,-0.871476204910579,0
2023-07-28 11:19:04,654.3,613290,5,652.4,267579,214157,-0.8335859351318582,0
2023-07-28 11:19:04,654.3,613290,5,652.4,267447,214161,-0.8335859351318582,0
2023-07-28 11:19:04,654.1,613290,1,652.4,267447,214161,-0.8638981509548245,0
2023-07-28 11:19:13,654.1,613291,1,652.4,267623,214222,-0.8638981509548245,0
2023-07-28 11:19:13,654.3,613291,70,652.4,267623,214222,-0.8335859351318582,0
2023-07-28 11:19:13,654.3,613291,40,652.4,267623,214222,-0.8335859351318582,0
2023-07-28 11:19:16,654.3,613426,40,652.4,267593,214565,-0.8335859351318582,0
2023-07-28 11:19:16,654.25,613426,1000,652.4,267593,214565,-0.8411639890875955,0
2023-07-28 11:19:21,654.25,614462,1000,652.41,267477,214593,-0.8411639890875955,0
2023-07-28 11:19:21,654.3,614462,100,652.41,267477,214593,-0.8335859351318582,0
2023-07-28 11:19:21,654.3,614462,22,652.41,267477,214593,-0.8335859351318582,0
2023-07-28 11:19:24,654.3,614601,22,652.41,267539,214437,-0.8335859351318582,0
2023-07-28 11:19:24,654.1,614601,1,652.41,267539,214437,-0.8638981509548245,0
2023-07-28 11:19:29,654.1,614602,1,652.41,267776,214475,-0.8638981509548245,0
2023-07-28 11:19:29,654.1,614602,27,652.41,267776,214475,-0.8638981509548245,0
2023-07-28 11:19:29,654.1,614602,38,652.41,267776,214475,-0.8638981509548245,0
2023-07-28 11:19:34,654.1,614778,38,652.41,266536,215747,-0.8638981509548245,0
2023-07-28 11:19:34,654.05,614778,117,652.41,266536,215747,-0.871476204910579,0
2023-07-28 11:19:34,654.1,614778,6,652.41,266536,215747,-0.8638981509548245,0
2023-07-28 11:19:36,654.1,614901,6,652.41,265977,214938,-0.8638981509548245,0
2023-07-28 11:19:36,654.05,614901,250,652.41,265977,214938,-0.871476204910579,0
2023-07-28 11:19:42,653.9,615651,35,652.41,264979,215137,-0.8942103667778081,0
2023-07-28 11:19:42,653.85,615651,20,652.41,264979,215137,-0.9017884207335454,0
2023-07-28 11:19:46,654.0,616559,8,652.41,265674,214800,-0.8790542588663163,0
2023-07-28 11:19:46,654.0,616559,1,652.41,265674,214800,-0.8790542588663163,0
2023-07-28 11:19:48,654.0,616698,1,652.41,266739,214878,-0.8790542588663163,0
2023-07-28 11:19:48,654.0,616698,16,652.41,266739,214878,-0.8790542588663163,0
2023-07-28 11:19:48,654.0,616698,30,652.41,266739,214878,-0.8790542588663163,0
2023-07-28 11:19:54,654.0,616744,30,652.41,266071,214713,-0.8790542588663163,0
2023-07-28 11:19:54,654.0,616744,3,652.41,266071,214713,-0.8790542588663163,0
2023-07-28 11:19:58,654.0,616747,3,652.41,266447,214833,-0.8790542588663163,0
2023-07-28 11:19:58,654.0,616747,279,652.41,266447,214833,-0.8790542588663163,0
2023-07-28 11:19:58,653.95,616747,10,652.41,266447,214833,-0.8866323128220536,0
2023-07-28 11:19:58,654.0,616747,1,652.41,266447,214833,-0.8790542588663163,0
2023-07-28 11:20:06,654.0,617041,1,652.41,265943,215691,-0.8790542588663163,0
2023-07-28 11:20:06,654.0,617041,1,652.41,265943,215691,-0.8790542588663163,0
2023-07-28 11:20:06,653.95,617041,1,652.41,265943,215691,-0.8866323128220536,0
2023-07-28 11:20:12,653.95,617046,1,652.41,265796,215958,-0.8866323128220536,0
2023-07-28 11:20:12,653.95,617046,269,652.41,265796,215958,-0.8866323128220536,0
2023-07-28 11:20:12,653.8,617046,6,652.41,265796,215958,-0.9093664746892999,0
2023-07-28 11:20:12,653.95,617046,1,652.41,265796,215958,-0.8866323128220536,0
2023-07-28 11:20:14,653.95,617323,5,652.41,266031,215349,-0.8866323128220536,0
2023-07-28 11:20:14,654.3,617323,50,652.41,266031,215349,-0.8335859351318582,0
2023-07-28 11:20:21,654.4,619260,1,652.42,268352,210195,-0.8184298272203664,0
2023-07-28 11:20:21,654.4,619260,1,652.42,268352,210195,-0.8184298272203664,0
2023-07-28 11:20:21,654.4,619260,1,652.42,268441,210910,-0.8184298272203664,0
2023-07-28 11:20:21,654.6,619260,100,652.42,268441,210910,-0.7881176113973829,0
2023-07-28 11:20:21,654.6,619260,100,652.42,268441,210910,-0.7881176113973829,0
2023-07-28 11:20:21,654.6,619260,100,652.42,268441,210910,-0.7881176113973829,0
2023-07-28 11:20:21,654.6,619260,100,652.42,268441,210910,-0.7881176113973829,0
2023-07-28 11:20:21,654.6,619260,100,652.42,268441,210910,-0.7881176113973829,0
2023-07-28 11:20:21,654.6,619260,100,652.42,268441,210910,-0.7881176113973829,0
2023-07-28 11:20:26,654.6,619360,100,652.42,268763,211044,-0.7881176113973829,0
2023-07-28 11:20:26,654.6,619360,54,652.42,268763,211044,-0.7881176113973829,0
2023-07-28 11:20:26,654.4,619360,2,652.42,268763,211044,-0.8184298272203664,0
2023-07-28 11:20:33,654.4,619569,2,652.42,268862,210969,-0.8184298272203664,0
2023-07-28 11:20:33,654.6,619569,1,652.42,268862,210969,-0.7881176113973829,0
2023-07-28 11:20:36,654.6,619570,1,652.42,269145,211070,-0.7881176113973829,0
2023-07-28 11:20:36,654.4,619570,3,652.42,262660,211070,-0.8184298272203664,0
2023-07-28 11:20:43,654.4,619573,3,652.42,269397,210338,-0.8184298272203664,0
2023-07-28 11:20:43,654.4,619573,3,652.42,269424,210338,-0.8184298272203664,0
2023-07-28 11:20:43,654.4,619573,3,652.42,269516,210203,-0.8184298272203664,0
2023-07-28 11:20:43,654.4,619573,3,652.42,269471,210109,-0.8184298272203664,0
2023-07-28 11:20:43,654.4,619573,3,652.42,269478,210188,-0.8184298272203664,0
2023-07-28 11:20:43,654.4,619573,3,652.42,269492,210188,-0.8184298272203664,0
2023-07-28 11:20:43,654.45,619573,1,652.42,269492,210188,-0.8108517732646119,0
2023-07-28 11:21:10,654.45,619574,1,652.42,269491,210331,-0.8108517732646119,0
2023-07-28 11:21:10,654.45,619574,1,652.42,269691,210205,-0.8108517732646119,0
2023-07-28 11:21:10,654.45,619574,1,652.42,270437,207654,-0.8108517732646119,0
2023-07-28 11:21:24,654.6,619620,46,652.42,270444,207597,-0.7881176113973829,0
2023-07-28 11:21:24,654.45,619620,322,652.42,270444,207597,-0.8108517732646119,0
2023-07-28 11:21:28,654.45,620120,322,652.42,269774,208151,-0.8108517732646119,0
2023-07-28 11:21:28,654.45,620120,3,652.42,269774,208151,-0.8108517732646119,0
2023-07-28 11:21:34,654.45,620131,3,652.42,269410,208543,-0.8108517732646119,0
2023-07-28 11:21:34,654.6,620131,13,652.42,269410,208543,-0.7881176113973829,0
2023-07-28 11:21:39,654.6,620156,13,652.42,269891,207829,-0.7881176113973829,0
2023-07-28 11:21:39,654.6,620156,13,652.42,270120,207829,-0.7881176113973829,0
2023-07-28 11:21:39,654.6,620156,13,652.42,270901,208634,-0.7881176113973829,0
2023-07-28 11:21:39,654.6,620156,13,652.42,270906,208684,-0.7881176113973829,0
2023-07-28 11:21:39,654.6,620156,13,652.42,270889,209748,-0.7881176113973829,0
2023-07-28 11:21:39,654.3,620156,16,652.42,270889,209748,-0.8335859351318582,0
2023-07-28 11:21:39,654.1,620156,26,652.42,270889,209748,-0.8638981509548245,0
2023-07-28 11:21:59,654.1,620991,26,652.42,270869,209242,-0.8638981509548245,0
2023-07-28 11:21:59,654.1,620991,26,652.42,270608,209634,-0.8638981509548245,0
2023-07-28 11:21:59,654.1,620991,26,652.42,269662,210302,-0.8638981509548245,0
2023-07-28 11:21:59,654.2,620991,26,652.42,269662,210302,-0.8487420430433328,0
2023-07-28 11:22:15,654.2,621017,26,652.42,269657,210314,-0.8487420430433328,0
2023-07-28 11:22:15,654.2,621017,26,652.42,270894,209687,-0.8487420430433328,0
2023-07-28 11:22:15,654.2,621017,23,652.42,270894,209687,-0.8487420430433328,0
2023-07-28 11:22:24,654.2,621117,23,652.42,270931,209996,-0.8487420430433328,0
2023-07-28 11:22:24,654.15,621117,92,652.42,270931,209996,-0.8563200969990873,0
2023-07-28 11:22:26,654.15,622117,92,652.43,271154,209702,-0.8563200969990873,0
2023-07-28 11:22:26,654.15,622117,92,652.43,271197,209691,-0.8563200969990873,0
2023-07-28 11:22:26,654.15,622117,92,652.43,272992,210572,-0.8563200969990873,0
2023-07-28 11:22:26,654.15,622117,92,652.43,272973,210492,-0.8563200969990873,0
2023-07-28 11:22:26,654.15,622117,92,652.43,271391,204663,-0.8563200969990873,0
2023-07-28 11:22:26,654.15,622117,92,652.43,271659,211517,-0.8563200969990873,0
2023-07-28 11:22:26,654.15,622117,92,652.43,271651,211517,-0.8563200969990873,0
2023-07-28 11:22:26,654.15,622117,92,652.43,270303,209697,-0.8563200969990873,0
2023-07-28 11:22:26,654.4,622117,1250,652.43,270303,209697,-0.8184298272203664,0
2023-07-28 11:23:04,654.4,623367,1250,652.43,269961,207693,-0.8184298272203664,0
2023-07-28 11:23:04,654.25,623367,3,652.43,269961,207693,-0.8411639890875955,0
2023-07-28 11:23:11,654.25,623371,3,652.43,270329,208434,-0.8411639890875955,0
2023-07-28 11:23:11,654.25,623371,3,652.43,264296,208349,-0.8411639890875955,0
2023-07-28 11:23:11,654.25,623371,3,652.43,270495,208454,-0.8411639890875955,0
2023-07-28 11:23:11,654.25,623371,3,652.43,270495,208454,-0.8411639890875955,0
2023-07-28 11:23:11,654.2,623371,1,652.43,270495,208454,-0.8487420430433328,0
2023-07-28 11:23:25,654.2,623372,1,652.43,270554,208454,-0.8487420430433328,0
2023-07-28 11:23:25,654.2,623372,1,652.43,270554,208454,-0.8487420430433328,0
2023-07-28 11:23:25,654.2,623372,1,652.43,270554,208454,-0.8487420430433328,0
2023-07-28 11:23:25,654.2,623372,1,652.43,270554,208454,-0.8487420430433328,0
2023-07-28 11:23:25,654.2,623372,1,652.43,270554,208454,-0.8487420430433328,0
2023-07-28 11:23:25,654.2,623372,1,652.43,270554,208454,-0.8487420430433328,0
2023-07-28 11:23:25,654.2,623372,1,652.43,270554,208454,-0.8487420430433328,0
2023-07-28 11:23:30,654.2,623373,1,652.43,270554,208484,-0.8487420430433328,0
2023-07-28 11:23:38,654.2,623873,462,652.43,263983,208402,-0.8487420430433328,0
2023-07-28 11:23:38,654.2,623873,462,652.43,270315,208278,-0.8487420430433328,0
2023-07-28 11:23:38,654.45,623873,2,652.43,270315,208278,-0.8108517732646119,0
2023-07-28 11:23:45,654.45,623875,2,652.43,270325,208355,-0.8108517732646119,0
2023-07-28 11:23:45,654.45,623875,2,652.43,270325,208355,-0.8108517732646119,0
2023-07-28 11:23:45,654.45,623875,2,652.43,270328,208354,-0.8108517732646119,0
2023-07-28 11:23:59,654.6,623975,6,652.43,270621,207924,-0.7881176113973829,0
2023-07-28 11:23:59,654.25,623975,2,652.43,270621,207924,-0.8411639890875955,0
2023-07-28 11:24:00,654.25,623981,2,652.43,270104,208240,-0.8411639890875955,0
2023-07-28 11:24:00,654.25,623981,28,652.43,270104,208240,-0.8411639890875955,0
2023-07-28 11:24:06,654.25,624021,28,652.43,264087,208217,-0.8411639890875955,0
2023-07-28 11:24:06,654.35,624021,198,652.43,264087,208217,-0.8260078811761037,0
2023-07-28 11:24:09,654.35,624290,198,652.43,270112,207559,-0.8260078811761037,0
2023-07-28 11:24:09,654.35,624290,198,652.43,269826,207628,-0.8260078811761037,0
2023-07-28 11:24:09,654.35,624290,198,652.43,269826,207628,-0.8260078811761037,0
2023-07-28 11:24:09,654.55,624290,1,652.43,269826,207628,-0.7956956653531374,0
2023-07-28 11:24:09,654.35,624290,14,652.43,269826,207628,-0.8260078811761037,0
2023-07-28 11:24:21,654.35,624321,14,652.43,270688,207861,-0.8260078811761037,0
2023-07-28 11:24:21,654.3,624321,3,652.43,270688,207861,-0.8335859351318582,0
2023-07-28 11:24:26,654.3,624326,3,652.43,270658,208042,-0.8335859351318582,0
2023-07-28 11:24:26,654.6,624326,105,652.43,270658,208042,-0.7881176113973829,0
2023-07-28 11:24:28,654.6,624454,105,652.43,270688,207656,-0.7881176113973829,0
2023-07-28 11:24:28,654.6,624454,105,652.43,270526,207978,-0.7881176113973829,0
2023-07-28 11:24:28,654.6,624454,105,652.43,269936,208044,-0.7881176113973829,0
2023-07-28 11:24:28,654.6,624454,105,652.43,269936,208044,-0.7881176113973829,0
2023-07-28 11:24:28,654.6,624454,105,652.43,269997,208230,-0.7881176113973829,0
2023-07-28 11:24:28,654.6,624454,105,652.43,269998,208230,-0.7881176113973829,0
2023-07-28 11:24:28,654.6,624454,1164,652.43,269998,208230,-0.7881176113973829,0
2023-07-28 11:24:28,654.25,624454,43,652.43,269998,208230,-0.8411639890875955,0
2023-07-28 11:24:59,654.25,626399,43,652.44,268748,208939,-0.8411639890875955,0
2023-07-28 11:24:59,654.2,626399,10,652.44,268748,208939,-0.8487420430433328,0
2023-07-28 11:25:01,654.2,626409,10,652.44,269133,208788,-0.8487420430433328,0
2023-07-28 11:25:01,654.2,626409,10,652.44,269208,208804,-0.8487420430433328,0
2023-07-28 11:25:01,653.85,626409,40,652.44,269208,208804,-0.9017884207335454,0
2023-07-28 11:25:01,653.9,626409,1,652.44,269208,208804,-0.8942103667778081,0
2023-07-28 11:25:12,653.9,626904,1,652.44,264669,212252,-0.8942103667778081,0
2023-07-28 11:25:12,653.9,626904,1,652.44,265589,211821,-0.8942103667778081,0
2023-07-28 11:25:12,653.9,626904,1,652.44,265798,211876,-0.8942103667778081,0
2023-07-28 11:25:12,653.8,626904,3,652.44,265798,211876,-0.9093664746892999,0
2023-07-28 11:25:23,653.8,626907,3,652.44,265502,211877,-0.9093664746892999,0
2023-07-28 11:25:23,653.8,626907,7,652.44,265502,211877,-0.9093664746892999,0
2023-07-28 11:25:29,653.8,627399,7,652.44,264880,211917,-0.9093664746892999,0
2023-07-28 11:25:29,653.8,627399,7,652.44,265018,212442,-0.9093664746892999,0
2023-07-28 11:25:29,653.8,627399,7,652.44,265023,212493,-0.9093664746892999,0
2023-07-28 11:25:29,653.6,627399,13,652.44,265023,212493,-0.9396786905122662,0
2023-07-28 11:25:29,653.75,627399,1,652.44,265023,212493,-0.9169445286450372,0
2023-07-28 11:25:29,653.55,627399,74,652.44,265023,212493,-0.9472567444680207,0
2023-07-28 11:25:45,653.55,627555,74,652.44,265568,212530,-0.9472567444680207,0
2023-07-28 11:25:45,653.55,627555,1,652.44,265568,212530,-0.9472567444680207,0
2023-07-28 11:25:49,653.55,627556,1,652.44,265940,212486,-0.9472567444680207,0
2023-07-28 11:25:49,653.5,627556,38,652.44,265940,212486,-0.954834798423758,0
2023-07-28 11:25:54,653.5,629925,38,652.45,257630,214129,-0.954834798423758,0
2023-07-28 11:25:54,653.1,629925,13,652.45,257630,214129,-1.0154592300697078,0
2023-07-28 11:25:59,653.3,629943,1,652.45,261094,213513,-0.9851470142467416,0
2023-07-28 11:25:59,653.3,629943,1,652.45,261094,213513,-0.9851470142467416,0
2023-07-28 11:26:00,653.3,629944,1,652.45,261225,213728,-0.9851470142467416,0
2023-07-28 11:26:00,653.25,629944,1,652.45,261225,213728,-0.9927250682024787,0
2023-07-28 11:26:07,654.1,630733,17,652.45,265970,208286,-0.8638981509548245,0
2023-07-28 11:26:07,653.85,630733,5,652.45,265893,208478,-0.9017884207335454,0
2023-07-28 11:26:13,653.85,630738,5,652.45,252615,211143,-0.9017884207335454,0
2023-07-28 11:26:13,653.85,630738,5,652.45,266079,210088,-0.9017884207335454,0
2023-07-28 11:26:13,653.85,630738,5,652.45,266074,210089,-0.9017884207335454,0
2023-07-28 11:26:13,653.85,630738,5,652.45,266074,210089,-0.9017884207335454,0
2023-07-28 11:26:13,653.85,630738,5,652.45,266074,210089,-0.9017884207335454,0
2023-07-28 11:26:13,653.85,630738,5,652.45,266074,210089,-0.9017884207335454,0
2023-07-28 11:26:13,653.85,630738,5,652.45,266074,210089,-0.9017884207335454,0
2023-07-28 11:26:13,653.85,630738,5,652.45,266023,210089,-0.9017884207335454,0
2023-07-28 11:26:13,653.85,630738,5,652.45,266023,210089,-0.9017884207335454,0
2023-07-28 11:26:13,653.85,630738,5,652.45,266023,210089,-0.9017884207335454,0
2023-07-28 11:26:13,653.85,630738,5,652.45,266023,210089,-0.9017884207335454,0
2023-07-28 11:26:13,653.85,630738,5,652.45,266023,210089,-0.9017884207335454,0
2023-07-28 11:26:13,653.85,630738,1,652.45,266023,210089,-0.9017884207335454,0
2023-07-28 11:26:32,653.85,630739,1,652.45,266514,210073,-0.9017884207335454,0
2023-07-28 11:26:32,653.85,630739,1,652.45,266616,210058,-0.9017884207335454,0
2023-07-28 11:26:32,653.85,630739,1,652.45,267218,210141,-0.9017884207335454,0
2023-07-28 11:26:32,653.85,630739,1,652.45,267219,210141,-0.9017884207335454,0
2023-07-28 11:26:32,653.85,630739,1,652.45,267526,208256,-0.9017884207335454,0
2023-07-28 11:26:32,654.1,630739,1,652.45,267526,208256,-0.8638981509548245,0
2023-07-28 11:26:53,654.1,630741,1,652.45,267015,208228,-0.8638981509548245,0
2023-07-28 11:26:53,654.1,630741,1,652.45,266995,208666,-0.8638981509548245,0
2023-07-28 11:26:53,654.15,630741,10,652.45,266995,208666,-0.8563200969990873,0
2023-07-28 11:27:01,654.15,630760,10,652.45,259490,209263,-0.8563200969990873,0
2023-07-28 11:27:01,654.15,630760,7,652.45,259490,209263,-0.8563200969990873,0
2023-07-28 11:27:05,654.15,630767,7,652.45,257184,208963,-0.8563200969990873,0
2023-07-28 11:27:05,654.0,630767,24,652.45,257184,208963,-0.8790542588663163,0
2023-07-28 11:27:05,654.15,630767,1,652.45,257184,208963,-0.8563200969990873,0
2023-07-28 11:27:13,654.2,631522,500,652.45,258629,206554,-0.8487420430433328,0
2023-07-28 11:27:13,654.2,631522,500,652.45,258629,206554,-0.8487420430433328,0
2023-07-28 11:27:13,654.2,631522,500,652.45,266246,209669,-0.8487420430433328,0
2023-07-28 11:27:13,654.4,631522,2,652.45,266246,209669,-0.8184298272203664,0
2023-07-28 11:27:13,654.25,631522,3,652.45,266246,209669,-0.8411639890875955,0
2023-07-28 11:27:22,654.25,631602,3,652.45,266784,210539,-0.8411639890875955,0
2023-07-28 11:27:22,654.4,631602,5,652.45,266784,210539,-0.8184298272203664,0
2023-07-28 11:27:24,654.4,631607,5,652.45,266401,211176,-0.8184298272203664,0
2023-07-28 11:27:24,654.4,631607,2,652.45,266401,211176,-0.8184298272203664,0
2023-07-28 11:27:31,654.4,631904,2,652.45,260618,208015,-0.8184298272203664,0
2023-07-28 11:27:31,654.4,631904,2,652.45,266288,210475,-0.8184298272203664,0
2023-07-28 11:27:31,654.4,631904,2,652.45,265718,210027,-0.8184298272203664,0
2023-07-28 11:27:31,654.35,631904,31,652.45,265718,210027,-0.8260078811761037,0
2023-07-28 11:27:44,654.35,631954,31,652.45,266274,209513,-0.8260078811761037,0
2023-07-28 11:27:44,654.35,631954,31,652.45,266249,209513,-0.8260078811761037,0
2023-07-28 11:27:44,654.35,631954,31,652.45,266516,209513,-0.8260078811761037,0
2023-07-28 11:27:44,654.35,631954,31,652.45,266517,209533,-0.8260078811761037,0
2023-07-28 11:27:44,654.35,631954,31,652.45,266975,209180,-0.8260078811761037,0
2023-07-28 11:27:44,654.35,631954,31,652.45,268224,210384,-0.8260078811761037,0
2023-07-28 11:27:44,654.6,631954,1,652.45,268236,210384,-0.7881176113973829,0
2023-07-28 11:28:07,654.6,631955,1,652.45,269032,210274,-0.7881176113973829,0
2023-07-28 11:28:07,654.6,631955,1,652.45,269036,210274,-0.7881176113973829,0
2023-07-28 11:28:07,654.7,631955,1,652.45,269036,210274,-0.7729615034858911,0
2023-07-28 11:28:10,654.9,632057,22,652.45,269080,210299,-0.7426492876629248,0
2023-07-28 11:28:10,654.9,632057,22,652.45,269080,210299,-0.7426492876629248,0
2023-07-28 11:28:10,654.9,632057,22,652.45,268782,210274,-0.7426492876629248,0
2023-07-28 11:28:10,654.9,632057,22,652.45,268791,209936,-0.7426492876629248,0
2023-07-28 11:28:10,654.9,632057,22,652.45,268747,210188,-0.7426492876629248,0
2023-07-28 11:28:10,654.9,632057,22,652.45,268817,210268,-0.7426492876629248,0
2023-07-28 11:28:10,654.9,632057,22,652.45,268817,210282,-0.7426492876629248,0
2023-07-28 11:28:10,654.6,632057,1,652.45,268817,210282,-0.7881176113973829,0
2023-07-28 11:28:18,654.6,632085,1,652.45,268103,210508,-0.7881176113973829,0
2023-07-28 11:28:18,654.6,632085,1,652.45,268177,210916,-0.7881176113973829,0
2023-07-28 11:28:18,654.6,632085,1,652.45,268177,210906,-0.7881176113973829,0
2023-07-28 11:28:18,654.45,632085,3,652.45,268177,210906,-0.8108517732646119,0
2023-07-28 11:28:21,654.45,632093,3,652.45,266311,214760,-0.8108517732646119,0
2023-07-28 11:28:21,654.45,632093,3,652.45,266597,215035,-0.8108517732646119,0
2023-07-28 11:28:21,654.45,632093,3,652.45,266633,215039,-0.8108517732646119,0
2023-07-28 11:28:21,654.45,632093,3,652.45,266633,215039,-0.8108517732646119,0
2023-07-28 11:28:21,654.45,632093,3,652.45,260522,214836,-0.8108517732646119,0
2023-07-28 11:28:21,654.45,632093,3,652.45,260757,214837,-0.8108517732646119,0
2023-07-28 11:28:21,654.45,632093,3,652.45,267008,214682,-0.8108517732646119,0
2023-07-28 11:28:21,654.45,632093,3,652.45,267056,212969,-0.8108517732646119,0
2023-07-28 11:28:21,654.45,632093,3,652.45,267044,212969,-0.8108517732646119,0
2023-07-28 11:28:32,654.15,632125,21,652.45,267000,213006,-0.8563200969990873,0
2023-07-28 11:28:32,654.15,632125,21,652.45,267127,212994,-0.8563200969990873,0
2023-07-28 11:28:32,654.15,632125,21,652.45,267343,213159,-0.8563200969990873,0
2023-07-28 11:28:32,654.15,632125,21,652.45,267343,213190,-0.8563200969990873,0
2023-07-28 11:28:32,654.15,632125,21,652.45,267338,213190,-0.8563200969990873,0
2023-07-28 11:28:32,654.3,632125,45,652.45,267338,213190,-0.8335859351318582,0
2023-07-28 11:28:38,654.3,632220,45,652.45,269863,211382,-0.8335859351318582,0
2023-07-28 11:28:38,654.3,632220,45,652.45,269309,211799,-0.8335859351318582,0
2023-07-28 11:28:38,654.3,632220,45,652.45,267768,212773,-0.8335859351318582,0
2023-07-28 11:28:38,654.3,632220,45,652.45,267769,212773,-0.8335859351318582,0
2023-07-28 11:28:38,654.3,632220,45,652.45,267769,212773,-0.8335859351318582,0
2023-07-28 11:28:38,654.3,632220,45,652.45,267752,212737,-0.8335859351318582,0
2023-07-28 11:28:38,654.3,632220,45,652.45,268160,212737,-0.8335859351318582,0
2023-07-28 11:28:38,654.3,632220,45,652.45,268363,212655,-0.8335859351318582,0
2023-07-28 11:28:38,654.3,632220,45,652.45,268498,212667,-0.8335859351318582,0
2023-07-28 11:28:38,654.25,632220,20,652.45,268498,212667,-0.8411639890875955,0
2023-07-28 11:28:47,654.25,632240,20,652.45,268478,212667,-0.8411639890875955,0
2023-07-28 11:28:47,654.25,632240,20,652.45,268651,212667,-0.8411639890875955,0
2023-07-28 11:28:47,654.25,632240,20,652.45,268055,212703,-0.8411639890875955,0
2023-07-28 11:28:47,654.25,632240,20,652.45,268054,212907,-0.8411639890875955,0
2023-07-28 11:28:47,654.25,632240,20,652.45,268054,212907,-0.8411639890875955,0
2023-07-28 11:28:47,654.25,632240,20,652.45,268054,212907,-0.8411639890875955,0
2023-07-28 11:28:47,654.25,632240,20,652.45,267841,212900,-0.8411639890875955,0
2023-07-28 11:28:47,654.25,632240,20,652.45,267841,212900,-0.8411639890875955,0
2023-07-28 11:28:47,654.25,632240,20,652.45,267841,212588,-0.8411639890875955,0
2023-07-28 11:28:47,654.25,632240,20,652.45,267841,212588,-0.8411639890875955,0
2023-07-28 11:28:47,654.25,632240,20,652.45,267841,212588,-0.8411639890875955,0
2023-07-28 11:29:04,654.5,632244,2,652.45,267570,212827,-0.8032737193088746,0
2023-07-28 11:29:04,654.5,632244,2,652.45,260120,214328,-0.8032737193088746,0
2023-07-28 11:29:04,654.5,632244,2,652.45,266368,214081,-0.8032737193088746,0
2023-07-28 11:29:04,654.5,632244,2,652.45,266397,214221,-0.8032737193088746,0
2023-07-28 11:29:04,654.1,632244,79,652.45,266397,214221,-0.8638981509548245,0
2023-07-28 11:29:15,654.1,632344,79,652.45,265617,214749,-0.8638981509548245,0
2023-07-28 11:29:18,654.0,632454,100,652.45,264414,216191,-0.8790542588663163,0
2023-07-28 11:29:18,654.0,632454,100,652.45,265093,211990,-0.8790542588663163,0
2023-07-28 11:29:18,654.0,632454,100,652.45,265093,211990,-0.8790542588663163,0
2023-07-28 11:29:18,654.0,632454,100,652.45,265093,211990,-0.8790542588663163,0
2023-07-28 11:29:18,654.0,632454,100,652.45,265093,211990,-0.8790542588663163,0
2023-07-28 11:29:18,654.0,632454,100,652.45,265093,211990,-0.8790542588663163,0
2023-07-28 11:29:18,654.0,632454,100,652.45,265093,211990,-0.8790542588663163,0
2023-07-28 11:29:18,654.0,632454,100,652.45,265356,211990,-0.8790542588663163,0
2023-07-28 11:29:18,654.0,632454,100,652.45,265356,211990,-0.8790542588663163,0
2023-07-28 11:29:18,654.0,632454,100,652.45,265356,211990,-0.8790542588663163,0
2023-07-28 11:29:18,654.0,632454,100,652.45,265356,211990,-0.8790542588663163,0
2023-07-28 11:29:18,654.0,632454,100,652.45,265356,211990,-0.8790542588663163,0
2023-07-28 11:29:18,654.0,632454,4,652.45,265356,211990,-0.8790542588663163,0
2023-07-28 11:29:33,654.0,632458,4,652.45,265398,210743,-0.8790542588663163,0
2023-07-28 11:29:33,654.0,632458,4,652.45,265469,211230,-0.8790542588663163,0
2023-07-28 11:29:42,654.0,632461,3,652.45,265216,211090,-0.8790542588663163,0
2023-07-28 11:29:42,654.0,632461,3,652.45,265216,211090,-0.8790542588663163,0
2023-07-28 11:29:42,654.0,632461,3,652.45,265130,211540,-0.8790542588663163,0
2023-07-28 11:29:42,654.0,632461,3,652.45,266096,212225,-0.8790542588663163,0
2023-07-28 11:29:42,653.5,632461,31,652.45,266096,212225,-0.954834798423758,0
2023-07-28 11:29:54,653.5,633477,31,652.46,260166,213218,-0.954834798423758,0
2023-07-28 11:29:54,653.5,633477,31,652.46,260898,212626,-0.954834798423758,0
2023-07-28 11:29:54,653.6,633477,7,652.46,260898,212626,-0.9396786905122662,0
2023-07-28 11:30:03,653.25,633485,17,652.46,261292,212498,-0.9927250682024787,0
2023-07-28 11:30:06,653.25,633550,17,652.46,261905,212653,-0.9927250682024787,0
2023-07-28 11:30:06,653.25,633550,17,652.46,261933,212643,-0.9927250682024787,0
2023-07-28 11:30:06,653.6,633550,4,652.46,261933,212643,-0.9396786905122662,0
2023-07-28 11:30:06,653.35,633550,20,652.46,261933,212643,-0.977568960290987,0
2023-07-28 11:30:17,653.35,633575,20,652.46,262272,212575,-0.977568960290987,0
2023-07-28 11:30:17,653.35,633575,20,652.46,262271,212477,-0.977568960290987,0
2023-07-28 11:30:17,653.6,633575,4,652.46,262271,212639,-0.9396786905122662,0
2023-07-28 11:30:17,653.35,633575,35,652.46,262271,212639,-0.977568960290987,0
2023-07-28 11:30:31,653.35,633644,35,652.46,262630,212467,-0.977568960290987,0
2023-07-28 11:30:31,653.3,633644,32,652.46,262630,212467,-0.9851470142467416,0
2023-07-28 11:30:31,653.3,633644,8,652.46,262630,212467,-0.9851470142467416,0
2023-07-28 11:30:34,653.3,633700,8,652.46,261271,213183,-0.9851470142467416,0
2023-07-28 11:30:34,653.3,633700,1,652.46,261271,213183,-0.9851470142467416,0
2023-07-28 11:30:34,653.2,633700,41,652.46,261271,213183,-1.0003031221582162,0
2023-07-28 11:30:38,653.2,633951,41,652.46,261531,213310,-1.0003031221582162,0
2023-07-28 11:30:38,653.5,633951,9,652.46,261531,213310,-0.954834798423758,0
2023-07-28 11:30:43,653.5,633971,9,652.46,261877,212523,-0.954834798423758,0
2023-07-28 11:30:43,653.5,633971,9,652.46,261877,212523,-0.954834798423758,0
2023-07-28 11:30:43,653.5,633971,9,652.46,263127,212519,-0.954834798423758,0
2023-07-28 11:30:43,653.5,633971,9,652.46,263581,212687,-0.954834798423758,0
2023-07-28 11:30:43,653.5,633971,9,652.46,263781,212605,-0.954834798423758,0
2023-07-28 11:30:43,653.5,633971,9,652.46,263976,212635,-0.954834798423758,0
2023-07-28 11:30:43,653.5,633971,9,652.46,263922,212724,-0.954834798423758,0
2023-07-28 11:30:43,653.5,633971,9,652.46,263965,212280,-0.954834798423758,0
2023-07-28 11:30:43,653.5,633971,9,652.46,264460,212253,-0.954834798423758,0
2023-07-28 11:30:43,653.5,633971,9,652.46,264460,212201,-0.954834798423758,0
2023-07-28 11:30:43,653.5,633971,9,652.46,264480,212201,-0.954834798423758,0
2023-07-28 11:30:43,653.3,633971,1,652.46,264480,212201,-0.9851470142467416,0
2023-07-28 11:31:25,653.3,633972,1,652.46,264417,212680,-0.9851470142467416,0
2023-07-28 11:31:25,653.3,633972,2,652.46,264417,212680,-0.9851470142467416,0
2023-07-28 11:31:25,653.3,633972,7,652.46,264417,212680,-0.9851470142467416,0
2023-07-28 11:31:31,653.3,633995,7,652.46,263109,212564,-0.9851470142467416,0
2023-07-28 11:31:31,653.3,633995,9,652.46,263109,212564,-0.9851470142467416,0
2023-07-28 11:31:34,653.3,634004,9,652.46,263120,212419,-0.9851470142467416,0
2023-07-28 11:31:34,653.3,634004,9,652.46,263120,212418,-0.9851470142467416,0
2023-07-28 11:31:34,653.3,634004,3,652.46,263120,212418,-0.9851470142467416,0
2023-07-28 11:31:34,653.85,634004,18,652.46,263120,212418,-0.9017884207335454,0
2023-07-28 11:31:43,653.5,635766,1,652.46,257804,211861,-0.954834798423758,0
2023-07-28 11:31:43,653.5,635766,4,652.46,257804,211861,-0.954834798423758,0
2023-07-28 11:31:46,653.5,635770,4,652.46,264047,211951,-0.954834798423758,0
2023-07-28 11:31:46,653.5,635770,5,652.46,264047,211951,-0.954834798423758,0
2023-07-28 11:31:48,653.5,635798,5,652.46,264349,211874,-0.954834798423758,0
2023-07-28 11:31:48,653.45,635798,4,652.46,264349,211874,-0.9624128523794953,0
2023-07-28 11:31:48,653.55,635798,1,652.46,264349,211874,-0.9472567444680207,0
2023-07-28 11:31:53,653.55,635803,1,652.46,264622,212115,-0.9472567444680207,0
2023-07-28 11:31:53,653.55,635803,1,652.46,263824,212063,-0.9472567444680207,0
2023-07-28 11:31:53,653.8,635803,1,652.46,263715,212458,-0.9093664746892999,0
2023-07-28 11:32:02,653.8,635804,1,652.46,263705,212798,-0.9093664746892999,0
2023-07-28 11:32:02,653.8,635804,1,652.46,264080,212610,-0.9093664746892999,0
2023-07-28 11:32:02,653.6,635804,4,652.46,264080,212610,-0.9396786905122662,0
2023-07-28 11:32:12,653.6,635808,4,652.46,263884,212976,-0.9396786905122662,0
2023-07-28 11:32:12,653.6,635808,4,652.46,263971,212741,-0.9396786905122662,0
2023-07-28 11:32:12,653.6,635808,4,652.46,263933,212756,-0.9396786905122662,0
2023-07-28 11:32:12,653.4,635808,32,652.46,263933,212756,-0.9699909063352498,0
2023-07-28 11:32:12,653.4,635808,32,652.46,263933,212756,-0.9699909063352498,0
2023-07-28 11:32:24,653.4,636378,32,652.46,263480,213165,-0.9699909063352498,0
2023-07-28 11:32:24,653.4,636378,32,652.46,263480,213165,-0.9699909063352498,0
2023-07-28 11:32:24,653.4,636378,32,652.46,263480,213165,-0.9699909063352498,0
2023-07-28 11:32:24,653.4,636378,32,652.46,263480,213165,-0.9699909063352498,0
2023-07-28 11:32:24,653.4,636378,32,652.46,263480,213165,-0.9699909063352498,0
2023-07-28 11:32:24,653.4,636378,32,652.46,263480,213165,-0.9699909063352498,0
2023-07-28 11:32:24,653.4,636378,32,652.46,263656,213226,-0.9699909063352498,0
2023-07-28 11:32:24,653.4,636378,32,652.46,263656,213226,-0.9699909063352498,0
2023-07-28 11:32:24,653.35,636378,10,652.46,263656,213226,-0.977568960290987,0
2023-07-28 11:32:35,653.35,636388,10,652.46,262993,213288,-0.977568960290987,0
2023-07-28 11:32:35,653.35,636388,10,652.46,262808,213459,-0.977568960290987,0
2023-07-28 11:32:35,653.3,636388,1,652.46,262808,213459,-0.9851470142467416,0
2023-07-28 11:32:41,653.3,636413,1,652.46,262623,213198,-0.9851470142467416,0
2023-07-28 11:32:41,653.3,636413,1,652.46,263048,213062,-0.9851470142467416,0
2023-07-28 11:32:41,653.35,636413,114,652.46,263048,213062,-0.977568960290987,0
2023-07-28 11:32:48,653.35,636563,114,652.46,262290,214159,-0.977568960290987,0
2023-07-28 11:32:48,653.3,636563,3,652.46,262290,214159,-0.9851470142467416,0
2023-07-28 11:32:57,653.3,636568,3,652.46,262557,214156,-0.9851470142467416,0
2023-07-28 11:32:57,653.3,636568,3,652.46,263019,213834,-0.9851470142467416,0
2023-07-28 11:32:57,653.3,636568,20,652.46,263019,213834,-0.9851470142467416,0
2023-07-28 11:33:03,653.3,636593,20,652.46,264260,213999,-0.9851470142467416,0
2023-07-28 11:33:03,653.3,636593,20,652.46,263024,214081,-0.9851470142467416,0
2023-07-28 11:33:03,653.3,636593,20,652.46,265563,212998,-0.9851470142467416,0
2023-07-28 11:33:03,653.25,636593,46,652.46,265563,212998,-0.9927250682024787,0
2023-07-28 11:33:16,653.25,636673,46,652.46,266002,213400,-0.9927250682024787,0
2023-07-28 11:33:16,653.25,636673,46,652.46,266202,213368,-0.9927250682024787,0
2023-07-28 11:33:16,653.25,636673,46,652.46,266019,212990,-0.9927250682024787,0
2023-07-28 11:33:16,653.5,636673,1,652.46,266019,212990,-0.954834798423758,0
2023-07-28 11:33:31,653.5,636674,1,652.46,266489,212797,-0.954834798423758,0
2023-07-28 11:33:31,653.5,636674,1,652.46,265714,213217,-0.954834798423758,0
2023-07-28 11:33:31,653.6,636674,1,652.46,265714,213217,-0.9396786905122662,0
2023-07-28 11:33:41,653.6,636676,1,652.46,266433,213326,-0.9396786905122662,0
2023-07-28 11:33:41,653.6,636676,1,652.46,267504,213357,-0.9396786905122662,0
2023-07-28 11:33:41,653.65,636676,1,652.46,267504,213357,-0.9321006365565289,0
2023-07-28 11:33:49,653.65,636737,1,652.46,267935,213276,-0.9321006365565289,0
2023-07-28 11:33:49,653.65,636737,1,652.46,267736,213259,-0.9321006365565289,0
2023-07-28 11:33:49,653.65,636737,1,652.46,267780,213250,-0.9321006365565289,0
2023-07-28 11:33:49,653.65,636737,1,652.46,267708,213273,-0.9321006365565289,0
2023-07-28 11:33:49,653.65,636737,1,652.46,267708,213293,-0.9321006365565289,0
2023-07-28 11:34:10,653.65,636757,20,652.46,268172,213333,-0.9321006365565289,0
2023-07-28 11:34:10,653.65,636757,20,652.46,268166,213333,-0.9321006365565289,0
2023-07-28 11:34:10,653.65,636757,20,652.46,268166,213391,-0.9321006365565289,0
2023-07-28 11:34:10,653.65,636757,20,652.46,267166,213391,-0.9321006365565289,0
2023-07-28 11:34:10,653.8,636757,2,652.46,267166,213391,-0.9093664746892999,0
2023-07-28 11:34:24,653.8,636837,2,652.46,267374,213091,-0.9093664746892999,0
2023-07-28 11:34:24,653.8,636837,2,652.46,267563,212873,-0.9093664746892999,0
2023-07-28 11:34:24,653.8,636837,2,652.46,267563,212873,-0.9093664746892999,0
2023-07-28 11:34:24,653.8,636837,2,652.46,267979,212873,-0.9093664746892999,0
2023-07-28 11:34:24,653.65,636837,7,652.46,267979,212873,-0.9321006365565289,0
2023-07-28 11:34:46,653.65,637125,7,652.46,267696,214334,-0.9321006365565289,0
2023-07-28 11:34:46,653.65,637125,20,652.46,267696,214334,-0.9321006365565289,0
2023-07-28 11:34:52,653.65,637149,20,652.46,267371,213861,-0.9321006365565289,0
2023-07-28 11:34:52,653.4,637149,2,652.46,267371,213861,-0.9699909063352498,0
2023-07-28 11:34:55,653.4,637151,2,652.46,267278,213860,-0.9699909063352498,0
2023-07-28 11:34:55,653.4,637151,2,652.46,267278,213860,-0.9699909063352498,0
2023-07-28 11:34:55,653.4,637151,2,652.46,267278,213860,-0.9699909063352498,0
2023-07-28 11:34:55,653.4,637151,2,652.46,267303,213865,-0.9699909063352498,0
2023-07-28 11:34:55,653.4,637151,1,652.46,267303,213865,-0.9699909063352498,0
2023-07-28 11:35:18,653.4,637152,1,652.46,268009,212685,-0.9699909063352498,0
2023-07-28 11:35:18,653.4,637152,1,652.46,268040,212638,-0.9699909063352498,0
2023-07-28 11:35:18,653.4,637152,1,652.46,268040,212638,-0.9699909063352498,0
2023-07-28 11:35:18,653.4,637152,1,652.46,268040,212638,-0.9699909063352498,0
2023-07-28 11:35:18,653.4,637152,1,652.46,268025,212638,-0.9699909063352498,0
2023-07-28 11:35:18,653.4,637152,1,652.46,268025,212638,-0.9699909063352498,0
2023-07-28 11:35:18,653.4,637152,1,652.46,268025,212638,-0.9699909063352498,0
2023-07-28 11:35:18,653.4,637152,1,652.46,268025,212638,-0.9699909063352498,0
2023-07-28 11:35:18,653.4,637152,1,652.46,268025,212638,-0.9699909063352498,0
2023-07-28 11:35:18,653.4,637152,1,652.46,268025,212638,-0.9699909063352498,0
2023-07-28 11:35:18,653.4,637152,1,652.46,268025,212638,-0.9699909063352498,0
2023-07-28 11:35:18,653.4,637152,1,652.46,267967,212717,-0.9699909063352498,0
2023-07-28 11:35:18,653.4,637152,1,652.46,267967,212717,-0.9699909063352498,0
2023-07-28 11:35:18,653.4,637152,8,652.46,267967,212717,-0.9699909063352498,0
2023-07-28 11:35:34,653.4,637162,8,652.46,267395,212834,-0.9699909063352498,0
2023-07-28 11:35:34,653.4,637162,8,652.46,267395,212859,-0.9699909063352498,0
2023-07-28 11:35:34,653.4,637162,8,652.46,267232,213235,-0.9699909063352498,0
2023-07-28 11:35:34,653.9,637162,10,652.46,267302,213235,-0.8942103667778081,0
2023-07-28 11:35:47,653.9,638412,10,652.46,267277,212023,-0.8942103667778081,0
2023-07-28 11:35:47,653.9,638412,10,652.46,267557,212253,-0.8942103667778081,0
2023-07-28 11:35:47,653.9,638412,1,652.46,267557,212253,-0.8942103667778081,0
2023-07-28 11:35:55,653.9,638413,1,652.46,267920,212217,-0.8942103667778081,0
2023-07-28 11:35:59,653.9,638453,40,652.46,267926,212402,-0.8942103667778081,0
2023-07-28 11:35:59,653.9,638453,40,652.46,267966,212412,-0.8942103667778081,0
2023-07-28 11:35:59,653.9,638453,40,652.46,266741,214422,-0.8942103667778081,0
2023-07-28 11:35:59,653.9,638453,40,652.46,266813,214478,-0.8942103667778081,0
2023-07-28 11:35:59,653.9,638453,40,652.46,266753,214478,-0.8942103667778081,0
2023-07-28 11:35:59,653.9,638453,40,652.46,266753,214478,-0.8942103667778081,0
2023-07-28 11:35:59,653.9,638453,40,652.46,266753,214478,-0.8942103667778081,0
2023-07-28 11:36:30,653.55,638503,12,652.46,267584,214935,-0.9472567444680207,0
2023-07-28 11:36:30,653.55,638503,12,652.46,267596,214948,-0.9472567444680207,0
2023-07-28 11:36:30,653.55,638503,12,652.46,267605,214940,-0.9472567444680207,0
2023-07-28 11:36:30,653.85,638503,10,652.46,267605,214940,-0.9017884207335454,0
2023-07-28 11:36:40,653.85,638513,10,652.46,267035,213956,-0.9017884207335454,0
2023-07-28 11:36:40,653.85,638513,10,652.46,268377,214011,-0.9017884207335454,0
2023-07-28 11:36:40,653.85,638513,10,652.46,268243,214208,-0.9017884207335454,0
2023-07-28 11:36:40,653.85,638513,10,652.46,268050,214061,-0.9017884207335454,0
2023-07-28 11:36:40,653.85,638513,2,652.46,268050,214061,-0.9017884207335454,0
2023-07-28 11:36:40,654.15,638513,40,652.46,268050,214061,-0.8563200969990873,0
