2023-07-28 10:49:27,798.8,728187,100,791.99,273488,281312,0.6362204724409392,0
2023-07-28 10:49:27,798.95,728187,25,791.99,273488,281312,0.6551181102362262,0
2023-07-28 10:49:30,798.95,728212,25,791.99,273518,281261,0.6551181102362262,0
2023-07-28 10:49:30,798.8,728212,20,791.99,273518,281261,0.6362204724409392,0
2023-07-28 10:49:37,798.8,728232,20,791.99,279913,281460,0.6362204724409392,0
2023-07-28 10:49:37,798.8,728232,20,791.99,279918,281630,0.6362204724409392,0
2023-07-28 10:49:37,799.0,728232,7,791.99,279918,281630,0.6614173228346457,0
2023-07-28 10:49:51,798.85,728258,1,791.99,280285,289655,0.642519685039373,0
2023-07-28 10:49:51,798.85,728258,1,791.99,280286,289865,0.642519685039373,0
2023-07-28 10:49:51,798.8,728258,9,791.99,280286,289865,0.6362204724409392,0
2023-07-28 10:49:51,798.8,728258,76,791.99,280286,289865,0.6362204724409392,0
2023-07-28 10:50:00,798.8,728400,40,792.0,280078,290299,0.6362204724409392,0
2023-07-28 10:50:00,798.5,728400,800,792.0,280078,290299,0.5984251968503937,0
2023-07-28 10:50:09,798.5,732850,1,792.04,276455,287106,0.5984251968503937,0
2023-07-28 10:50:09,798.5,732850,1,792.04,276455,287106,0.5984251968503937,0
2023-07-28 10:50:09,798.5,732850,1,792.04,277239,287865,0.5984251968503937,0
2023-07-28 10:50:09,798.5,732850,1,792.04,277268,287665,0.5984251968503937,0
2023-07-28 10:50:09,798.5,732850,1,792.04,277268,287665,0.5984251968503937,0
2023-07-28 10:50:09,798.5,732850,1,792.04,277545,287557,0.5984251968503937,0
2023-07-28 10:50:09,798.05,732850,2,792.04,277545,287557,0.5417322834645611,0
2023-07-28 10:50:09,798.05,732850,2,792.04,277545,287557,0.5417322834645611,0
2023-07-28 10:50:09,798.05,732850,2,792.04,277545,287557,0.5417322834645611,0
2023-07-28 10:50:09,798.05,732850,2,792.04,277545,287557,0.5417322834645611,0
2023-07-28 10:50:09,798.05,732850,2,792.04,277545,287557,0.5417322834645611,0
2023-07-28 10:50:09,798.05,732850,2,792.04,277545,287557,0.5417322834645611,0
2023-07-28 10:50:09,798.2,732850,150,792.04,277545,287557,0.5606299212598482,0
2023-07-28 10:50:09,798.1,732850,18,792.04,277545,287557,0.548031496062995,0
2023-07-28 10:50:09,798.05,732850,5,792.04,277545,287557,0.5417322834645611,0
2023-07-28 10:50:29,798.05,733186,5,792.04,277325,286643,0.5417322834645611,0
2023-07-28 10:50:29,798.45,733186,5,792.04,277325,286643,0.5921259842519743,0
2023-07-28 10:50:34,798.45,733486,5,792.04,277652,287665,0.5921259842519743,0
2023-07-28 10:50:34,798.15,733486,30,792.04,277652,287665,0.5543307086614144,0
2023-07-28 10:50:34,798.5,733486,18,792.04,277652,287665,0.5984251968503937,0
2023-07-28 10:50:39,798.5,733544,18,792.04,278987,285000,0.5984251968503937,0
2023-07-28 10:50:39,798.15,733544,33,792.04,278987,285000,0.5543307086614144,0
2023-07-28 10:50:43,798.15,733994,33,792.05,278435,285369,0.5543307086614144,0
2023-07-28 10:50:43,798.15,733994,33,792.05,277641,286165,0.5543307086614144,0
2023-07-28 10:50:43,798.15,733994,33,792.05,277798,286107,0.5543307086614144,0
2023-07-28 10:50:43,798.2,733994,84,792.05,277798,286107,0.5606299212598482,0
2023-07-28 10:50:56,798.2,734143,84,792.05,270777,286951,0.5606299212598482,0
2023-07-28 10:50:56,798.15,734143,3,792.05,270777,286951,0.5543307086614144,0
2023-07-28 10:51:03,798.2,734192,25,792.05,277762,286955,0.5606299212598482,0
2023-07-28 10:51:03,798.15,734192,16,792.05,277762,286955,0.5543307086614144,0
2023-07-28 10:51:05,798.2,734342,250,792.05,277660,286904,0.5606299212598482,0
2023-07-28 10:51:08,798.2,734592,250,792.05,278298,286555,0.5606299212598482,0
2023-07-28 10:51:08,798.15,734592,5,792.05,278298,286555,0.5543307086614144,0
2023-07-28 10:51:08,798.5,734592,300,792.05,278298,286555,0.5984251968503937,0
2023-07-28 10:51:16,798.5,734897,300,792.05,278627,286075,0.5984251968503937,0
2023-07-28 10:51:22,798.5,734912,15,792.05,278476,286093,0.5984251968503937,0
2023-07-28 10:51:25,798.5,734913,10,792.05,277475,286348,0.5984251968503937,0
2023-07-28 10:51:26,798.5,734923,10,792.05,277846,286318,0.5984251968503937,0
2023-07-28 10:51:26,798.2,734923,40,792.05,277846,286318,0.5606299212598482,0
2023-07-28 10:51:34,798.2,734963,40,792.05,277874,285783,0.5606299212598482,0
2023-07-28 10:51:34,798.2,734963,40,792.05,278692,285501,0.5606299212598482,0
2023-07-28 10:51:34,798.2,734963,40,792.05,278610,285841,0.5606299212598482,0
2023-07-28 10:51:34,798.5,734963,1,792.05,278610,285841,0.5984251968503937,0
2023-07-28 10:51:45,798.5,734964,1,792.05,278506,285850,0.5984251968503937,0
2023-07-28 10:51:45,798.5,734964,1,792.05,278476,286210,0.5984251968503937,0
2023-07-28 10:51:45,798.5,734964,1,792.05,278424,286139,0.5984251968503937,0
2023-07-28 10:51:45,798.5,734964,1,792.05,277479,286636,0.5984251968503937,0
2023-07-28 10:51:45,798.3,734964,32,792.05,277479,286636,0.5732283464566872,0
2023-07-28 10:51:45,798.45,734964,50,792.05,277479,286636,0.5921259842519743,0
2023-07-28 10:52:04,798.45,735046,50,792.05,277336,286637,0.5921259842519743,0
2023-07-28 10:52:04,798.45,735046,1,792.05,277336,286637,0.5921259842519743,0
2023-07-28 10:52:06,798.45,735047,1,792.05,277183,286826,0.5921259842519743,0
2023-07-28 10:52:06,798.05,735047,1,792.05,277183,286826,0.5417322834645611,0
2023-07-28 10:52:13,798.2,735508,63,792.06,276609,287522,0.5606299212598482,0
2023-07-28 10:52:13,798.05,735508,6,792.06,276609,287522,0.5417322834645611,0
2023-07-28 10:52:13,798.05,735508,2,792.06,276609,287522,0.5417322834645611,0
2023-07-28 10:52:14,798.05,735516,2,792.06,277323,287111,0.5417322834645611,0
2023-07-28 10:52:14,798.05,735516,2,792.06,276978,287817,0.5417322834645611,0
2023-07-28 10:52:14,798.3,735516,2,792.06,276978,287817,0.5732283464566872,0
2023-07-28 10:52:26,798.15,735620,63,792.06,275995,287750,0.5543307086614144,0
2023-07-28 10:52:26,798.15,735620,63,792.06,275995,287750,0.5543307086614144,0
2023-07-28 10:52:26,798.2,735620,6,792.06,275995,287750,0.5606299212598482,0
2023-07-28 10:52:30,798.2,735807,61,792.06,276919,287349,0.5606299212598482,0
2023-07-28 10:52:30,798.45,735807,6,792.06,276919,287349,0.5921259842519743,0
2023-07-28 10:52:32,798.45,735897,6,792.06,277468,286525,0.5921259842519743,0
2023-07-28 10:52:32,798.45,735897,56,792.06,277468,286525,0.5921259842519743,0
2023-07-28 10:52:36,798.45,735953,56,792.06,277527,286635,0.5921259842519743,0
2023-07-28 10:52:36,798.4,735953,50,792.06,277527,286635,0.5858267716535405,0
2023-07-28 10:52:43,798.4,736053,50,792.06,277235,287825,0.5858267716535405,0
2023-07-28 10:52:43,798.1,736053,22,792.06,277235,287825,0.548031496062995,0
2023-07-28 10:52:43,798.05,736053,35,792.06,277235,287825,0.5417322834645611,0
2023-07-28 10:52:45,798.05,736203,35,792.06,276887,288419,0.5417322834645611,0
2023-07-28 10:52:45,798.4,736203,3,792.06,276887,288419,0.5858267716535405,0
2023-07-28 10:52:51,798.4,736206,3,792.06,277093,288263,0.5858267716535405,0
2023-07-28 10:52:51,798.35,736206,20,792.06,277093,288263,0.579527559055121,0
2023-07-28 10:52:56,798.45,736727,1,792.07,277485,287266,0.5921259842519743,0
2023-07-28 10:52:56,798.65,736727,100,792.07,277485,287266,0.6173228346456664,0
2023-07-28 10:52:57,798.65,741036,100,792.11,277312,282975,0.6173228346456664,0
2023-07-28 10:52:57,798.65,741036,100,792.11,277306,283113,0.6173228346456664,0
2023-07-28 10:52:57,798.6,741036,17,792.11,276079,284878,0.6110236220472469,0
2023-07-28 10:52:57,798.45,741036,6,792.11,276079,284878,0.5921259842519743,0
2023-07-28 10:53:12,798.45,741126,6,792.11,276194,284403,0.5921259842519743,0
2023-07-28 10:53:12,798.45,741126,1,792.11,276194,284403,0.5921259842519743,0
2023-07-28 10:53:12,798.6,741126,1,792.11,276194,284403,0.6110236220472469,0
2023-07-28 10:53:16,798.6,741128,1,792.11,276373,283861,0.6110236220472469,0
2023-07-28 10:53:16,798.6,741128,1,792.11,276373,283861,0.6110236220472469,0
2023-07-28 10:53:16,798.6,741128,1,792.11,276373,283861,0.6110236220472469,0
2023-07-28 10:53:16,798.6,741128,1,792.11,276373,283861,0.6110236220472469,0
2023-07-28 10:53:16,798.6,741128,1,792.11,276373,283861,0.6110236220472469,0
2023-07-28 10:53:16,798.6,741128,1,792.11,276583,283525,0.6110236220472469,0
2023-07-28 10:53:16,798.6,741128,1,792.11,276583,283525,0.6110236220472469,0
2023-07-28 10:53:16,798.6,741128,1,792.11,276583,283525,0.6110236220472469,0
2023-07-28 10:53:16,798.6,741128,1,792.11,276583,283525,0.6110236220472469,0
2023-07-28 10:53:16,798.6,741128,1,792.11,276583,283525,0.6110236220472469,0
2023-07-28 10:53:16,798.6,741128,1,792.11,277006,283457,0.6110236220472469,0
2023-07-28 10:53:16,798.45,741128,1,792.11,277006,283457,0.5921259842519743,0
2023-07-28 10:53:16,798.3,741128,30,792.11,277006,283457,0.5732283464566872,0
2023-07-28 10:53:30,798.3,741180,30,792.11,276584,284294,0.5732283464566872,0
2023-07-28 10:53:30,798.3,741180,30,792.11,276117,284587,0.5732283464566872,0
2023-07-28 10:53:30,798.05,741180,25,792.11,276117,284587,0.5417322834645611,0
2023-07-28 10:53:30,798.0,741180,5,792.11,276117,284587,0.5354330708661418,0
2023-07-28 10:53:30,797.75,741180,3,792.11,276117,284587,0.5039370078740157,0
2023-07-28 10:53:40,797.75,741479,6,792.11,263419,282776,0.5039370078740157,0
2023-07-28 10:53:40,797.95,741479,18,792.11,263419,282776,0.5291338582677223,0
2023-07-28 10:53:43,797.9,741529,1,792.11,271309,283809,0.5228346456692885,0
2023-07-28 10:53:43,797.9,741529,1,792.11,271333,285112,0.5228346456692885,0
2023-07-28 10:53:43,797.95,741529,20,792.11,271333,285112,0.5291338582677223,0
2023-07-28 10:53:43,798.0,741529,20,792.11,271333,285112,0.5354330708661418,0
2023-07-28 10:53:43,797.7,741529,30,792.11,271333,285112,0.49763779527559626,0
2023-07-28 10:53:54,797.7,741669,30,792.11,272611,284718,0.49763779527559626,0
2023-07-28 10:53:54,797.7,741669,30,792.11,272563,284928,0.49763779527559626,0
2023-07-28 10:53:54,798.1,741669,2,792.11,272563,284928,0.548031496062995,0
2023-07-28 10:54:01,798.1,741671,2,792.11,272031,285097,0.548031496062995,0
2023-07-28 10:54:01,798.1,741671,25,792.11,272031,285097,0.548031496062995,0
2023-07-28 10:54:08,798.1,741696,25,792.11,275329,284659,0.548031496062995,0
2023-07-28 10:54:08,797.7,741696,1,792.11,275329,284659,0.49763779527559626,0
2023-07-28 10:54:10,797.7,741700,1,792.11,275915,284612,0.49763779527559626,0
2023-07-28 10:54:10,797.7,741700,1,792.11,276224,284671,0.49763779527559626,0
2023-07-28 10:54:19,797.7,741701,1,792.11,275407,284735,0.49763779527559626,0
2023-07-28 10:54:19,798.05,741701,4,792.11,275407,284735,0.5417322834645611,0
2023-07-28 10:54:19,798.1,741701,10,792.11,275407,284735,0.548031496062995,0
2023-07-28 10:54:19,798.0,741701,25,792.11,275407,284735,0.5354330708661418,0
2023-07-28 10:54:26,798.0,741740,25,792.11,275588,284798,0.5354330708661418,0
2023-07-28 10:54:26,798.05,741740,100,792.11,275588,284798,0.5417322834645611,0
2023-07-28 10:54:31,797.75,741848,8,792.11,275690,284853,0.5039370078740157,0
2023-07-28 10:54:31,798.0,741848,1,792.11,275690,284853,0.5354330708661418,0
2023-07-28 10:54:33,798.0,741849,1,792.11,275615,284868,0.5354330708661418,0
2023-07-28 10:54:39,797.75,741850,1,792.11,275574,285045,0.5039370078740157,0
2023-07-28 10:54:39,798.1,741850,5,792.11,275574,285045,0.548031496062995,0
2023-07-28 10:54:42,798.1,741872,5,792.11,276404,284675,0.548031496062995,0
2023-07-28 10:54:42,798.1,741872,5,792.11,276431,285406,0.548031496062995,0
2023-07-28 10:54:42,798.1,741872,5,792.11,275253,288000,0.548031496062995,0
2023-07-28 10:54:42,798.15,741872,18,792.11,275253,288000,0.5543307086614144,0
2023-07-28 10:54:42,798.2,741872,1,792.11,275253,288000,0.5606299212598482,0
2023-07-28 10:54:55,798.2,741891,1,792.11,275519,287879,0.5606299212598482,0
2023-07-28 10:54:55,798.2,741891,1,792.11,274823,288676,0.5606299212598482,0
2023-07-28 10:54:55,798.15,741891,2,792.11,274823,288676,0.5543307086614144,0
2023-07-28 10:55:02,798.15,741893,2,792.11,274661,289453,0.5543307086614144,0
2023-07-28 10:55:02,797.8,741893,36,792.11,274661,289453,0.5102362204724352,0
2023-07-28 10:55:02,797.8,741893,27,792.11,274661,289453,0.5102362204724352,0
2023-07-28 10:55:07,797.8,742012,27,792.11,274247,290499,0.5102362204724352,0
2023-07-28 10:55:07,797.8,742012,27,792.11,274259,290328,0.5102362204724352,0
2023-07-28 10:55:07,797.8,742012,20,792.11,274259,290328,0.5102362204724352,0
2023-07-28 10:55:07,797.8,742012,33,792.11,274259,290328,0.5102362204724352,0
2023-07-28 10:55:07,797.75,742012,6,792.11,274259,290328,0.5039370078740157,0
2023-07-28 10:55:17,797.7,743605,304,792.13,273849,282885,0.49763779527559626,0
2023-07-28 10:55:17,797.0,743605,1,792.13,273849,282885,0.4094488188976378,0
2023-07-28 10:55:22,797.1,747557,76,792.15,269855,292251,0.42204724409449107,0
2023-07-28 10:55:22,797.1,747557,10,792.15,269855,292251,0.42204724409449107,0
2023-07-28 10:55:22,796.8,747557,24,792.15,269855,292251,0.3842519685039313,0
2023-07-28 10:55:22,796.75,747557,10,792.15,269855,292251,0.3779527559055118,0
2023-07-28 10:55:27,796.75,747601,10,792.15,272770,290359,0.3779527559055118,0
2023-07-28 10:55:27,797.3,747601,2,792.15,272770,290359,0.44724409448818325,0
2023-07-28 10:55:32,797.3,747614,10,792.15,273761,291726,0.44724409448818325,0
2023-07-28 10:55:32,797.25,747614,14,792.15,273761,291726,0.4409448818897638,0
2023-07-28 10:55:32,797.15,747614,4,792.15,273761,291726,0.42834645669291055,0
2023-07-28 10:55:35,797.15,747949,4,792.16,275017,291946,0.42834645669291055,0
2023-07-28 10:55:35,797.15,747949,8,792.16,275017,291946,0.42834645669291055,0
2023-07-28 10:55:41,797.55,748009,50,792.16,274635,292033,0.47874015748030924,0
2023-07-28 10:55:41,797.55,748009,6,792.16,274635,292033,0.47874015748030924,0
2023-07-28 10:55:43,797.55,748109,6,792.16,273295,292410,0.47874015748030924,0
2023-07-28 10:55:43,797.05,748109,34,792.16,273295,292410,0.41574803149605727,0
2023-07-28 10:55:43,797.15,748109,1,792.16,273295,292410,0.42834645669291055,0
2023-07-28 10:55:53,797.15,748210,1,792.16,272456,293868,0.42834645669291055,0
2023-07-28 10:56:00,797.15,748211,1,792.16,272572,294458,0.42834645669291055,0
2023-07-28 10:56:00,796.4,748211,76,792.16,272572,294458,0.33385826771653254,0
2023-07-28 10:56:00,796.85,748211,54,792.16,272572,294458,0.3905511811023651,0
2023-07-28 10:56:00,796.95,748211,1,792.16,272572,294458,0.4031496062992183,0
2023-07-28 10:56:03,796.95,750172,1,792.17,274816,290436,0.4031496062992183,0
2023-07-28 10:56:05,796.85,750177,5,792.17,274522,290940,0.3905511811023651,0
2023-07-28 10:56:05,796.85,750177,5,792.17,273511,291336,0.3905511811023651,0
2023-07-28 10:56:05,796.85,750177,5,792.17,272802,291361,0.3905511811023651,0
2023-07-28 10:56:05,796.85,750177,5,792.17,273287,291033,0.3905511811023651,0
2023-07-28 10:56:05,796.85,750177,5,792.17,273287,291033,0.3905511811023651,0
2023-07-28 10:56:05,796.85,750177,5,792.17,273499,290967,0.3905511811023651,0
2023-07-28 10:56:12,797.0,750257,80,792.17,272979,290828,0.4094488188976378,0
2023-07-28 10:56:12,797.0,750257,80,792.17,272983,291101,0.4094488188976378,0
2023-07-28 10:56:12,797.0,750257,80,792.17,272983,291291,0.4094488188976378,0
2023-07-28 10:56:12,797.0,750257,80,792.17,272986,291467,0.4094488188976378,0
2023-07-28 10:56:12,797.0,750257,80,792.17,273137,291367,0.4094488188976378,0
2023-07-28 10:56:12,797.3,750257,19,792.17,273137,291367,0.44724409448818325,0
2023-07-28 10:56:17,797.3,750377,19,792.17,273324,292252,0.44724409448818325,0
2023-07-28 10:56:17,797.3,750377,19,792.17,273324,292205,0.44724409448818325,0
2023-07-28 10:56:17,797.3,750377,19,792.17,273604,292430,0.44724409448818325,0
2023-07-28 10:56:17,797.0,750377,1,792.17,273458,291072,0.4094488188976378,0
2023-07-28 10:56:21,797.0,750378,1,792.17,273457,291072,0.4094488188976378,0
2023-07-28 10:56:21,797.0,750378,1,792.17,273457,291050,0.4094488188976378,0
2023-07-28 10:56:23,797.3,750828,65,792.17,273457,291943,0.44724409448818325,0
2023-07-28 10:56:23,797.3,750828,65,792.17,274030,292449,0.44724409448818325,0
2023-07-28 10:56:23,797.3,750828,65,792.17,274030,292449,0.44724409448818325,0
2023-07-28 10:56:23,797.3,750828,65,792.17,274094,292449,0.44724409448818325,0
2023-07-28 10:56:23,797.3,750828,65,792.17,274094,292449,0.44724409448818325,0
2023-07-28 10:56:23,797.3,750828,65,792.17,274031,292472,0.44724409448818325,0
2023-07-28 10:56:27,797.05,750835,7,792.17,273744,292472,0.41574803149605727,0
2023-07-28 10:56:27,797.05,750835,7,792.17,273792,290929,0.41574803149605727,0
2023-07-28 10:56:27,797.05,750835,7,792.17,273792,290954,0.41574803149605727,0
2023-07-28 10:56:27,797.05,750835,7,792.17,273792,290956,0.41574803149605727,0
2023-07-28 10:56:27,797.05,750835,7,792.17,273792,290969,0.41574803149605727,0
2023-07-28 10:56:27,797.05,750835,7,792.17,273792,290969,0.41574803149605727,0
2023-07-28 10:56:27,797.05,750835,7,792.17,273792,291169,0.41574803149605727,0
2023-07-28 10:56:27,797.05,750835,7,792.17,273792,291170,0.41574803149605727,0
2023-07-28 10:56:27,797.05,750835,7,792.17,273411,291446,0.41574803149605727,0
2023-07-28 10:56:27,797.05,750835,7,792.17,273191,291504,0.41574803149605727,0
2023-07-28 10:56:27,797.05,750835,7,792.17,274027,290810,0.41574803149605727,0
2023-07-28 10:56:27,797.05,750835,7,792.17,273507,291299,0.41574803149605727,0
2023-07-28 10:56:27,797.05,750835,7,792.17,274163,290777,0.41574803149605727,0
2023-07-28 10:56:27,797.05,750835,7,792.17,273634,290765,0.41574803149605727,0
2023-07-28 10:56:27,797.05,750835,7,792.17,273634,291079,0.41574803149605727,0
2023-07-28 10:56:27,797.05,750835,7,792.17,273584,291079,0.41574803149605727,0
2023-07-28 10:56:27,797.05,750835,7,792.17,273584,291102,0.41574803149605727,0
2023-07-28 10:56:27,797.05,750835,7,792.17,273584,291102,0.41574803149605727,0
2023-07-28 10:56:27,797.05,750835,17,792.17,273584,291102,0.41574803149605727,0
2023-07-28 10:56:49,797.05,750852,17,792.17,273567,291152,0.41574803149605727,0
2023-07-28 10:56:50,797.05,751102,250,792.17,266831,291217,0.41574803149605727,0
2023-07-28 10:56:51,797.05,751116,14,792.17,273504,291234,0.41574803149605727,0
2023-07-28 10:56:51,797.05,751116,14,792.17,273604,291291,0.41574803149605727,0
2023-07-28 10:56:51,797.05,751116,14,792.17,273649,291291,0.41574803149605727,0
2023-07-28 10:56:51,797.05,751116,14,792.17,267058,289917,0.41574803149605727,0
2023-07-28 10:56:51,797.05,751116,21,792.17,267294,290129,0.41574803149605727,0
2023-07-28 10:56:57,797.05,751146,21,792.17,274194,290813,0.41574803149605727,0
2023-07-28 10:56:57,797.05,751146,21,792.17,274186,290803,0.41574803149605727,0
2023-07-28 10:56:57,797.05,751146,21,792.17,274186,290803,0.41574803149605727,0
2023-07-28 10:56:57,797.05,751146,21,792.17,274186,290803,0.41574803149605727,0
2023-07-28 10:56:57,797.05,751146,21,792.17,274330,290805,0.41574803149605727,0
2023-07-28 10:56:57,797.05,751146,21,792.17,274358,290795,0.41574803149605727,0
2023-07-28 10:56:57,797.25,751146,25,792.17,274358,290795,0.4409448818897638,0
2023-07-28 10:56:57,797.3,751146,15,792.17,274358,290795,0.44724409448818325,0
2023-07-28 10:57:19,797.3,751187,15,792.18,274549,290983,0.44724409448818325,0
2023-07-28 10:57:19,797.3,751187,15,792.18,274853,290835,0.44724409448818325,0
2023-07-28 10:57:19,797.3,751187,15,792.18,275018,290686,0.44724409448818325,0
2023-07-28 10:57:19,797.3,751187,5,792.18,274681,291643,0.44724409448818325,0
2023-07-28 10:57:19,797.05,751187,1,792.18,274681,291643,0.41574803149605727,0
2023-07-28 10:57:38,797.05,751227,1,792.18,274970,290891,0.41574803149605727,0
2023-07-28 10:57:38,797.05,751227,1,792.18,274296,291765,0.41574803149605727,0
2023-07-28 10:57:38,797.05,751227,1,792.18,274459,291458,0.41574803149605727,0
2023-07-28 10:57:38,797.05,751227,1,792.18,274390,291600,0.41574803149605727,0
2023-07-28 10:57:38,797.05,751227,1,792.18,274733,291274,0.41574803149605727,0
2023-07-28 10:57:38,797.05,751227,1,792.18,274621,291211,0.41574803149605727,0
2023-07-28 10:58:05,797.05,751230,3,792.18,274515,291171,0.41574803149605727,0
2023-07-28 10:58:05,797.3,751230,7,792.18,274674,290880,0.44724409448818325,0
2023-07-28 10:58:10,797.3,751247,7,792.18,274875,290939,0.44724409448818325,0
2023-07-28 10:58:10,797.3,751247,7,792.18,275044,291192,0.44724409448818325,0
2023-07-28 10:58:10,797.3,751247,6,792.18,275044,291192,0.44724409448818325,0
2023-07-28 10:58:23,797.3,751253,6,792.18,275109,291191,0.44724409448818325,0
2023-07-28 10:58:23,797.3,751253,6,792.18,274794,290825,0.44724409448818325,0
2023-07-28 10:58:23,797.3,751253,6,792.18,275006,291085,0.44724409448818325,0
2023-07-28 10:58:23,797.3,751253,6,792.18,275114,291086,0.44724409448818325,0
2023-07-28 10:58:23,797.3,751253,6,792.18,275152,291014,0.44724409448818325,0
2023-07-28 10:58:23,797.05,751253,1,792.18,275152,291014,0.41574803149605727,0
2023-07-28 10:58:42,797.05,751254,1,792.18,275196,291413,0.41574803149605727,0
2023-07-28 10:58:42,797.3,751254,1,792.18,275196,291413,0.44724409448818325,0
2023-07-28 10:58:52,797.3,751265,1,792.18,275195,291630,0.44724409448818325,0
2023-07-28 10:58:52,797.1,751265,8,792.18,275195,291630,0.42204724409449107,0
2023-07-28 10:58:57,797.1,751273,8,792.18,274841,291630,0.42204724409449107,0
2023-07-28 10:58:57,797.1,751273,8,792.18,274923,291680,0.42204724409449107,0
2023-07-28 10:58:57,797.1,751273,10,792.18,274923,291680,0.42204724409449107,0
2023-07-28 10:58:57,797.3,751273,1,792.18,274923,291680,0.44724409448818325,0
2023-07-28 10:59:10,797.3,751284,1,792.18,274855,291843,0.44724409448818325,0
2023-07-28 10:59:10,797.15,751284,5,792.18,274855,291843,0.42834645669291055,0
2023-07-28 10:59:15,797.15,751289,5,792.18,274797,291945,0.42834645669291055,0
2023-07-28 10:59:15,797.15,751289,1,792.18,274797,291945,0.42834645669291055,0
2023-07-28 10:59:18,797.15,751290,1,792.18,274814,291789,0.42834645669291055,0
2023-07-28 10:59:18,797.3,751290,256,792.18,274814,291789,0.44724409448818325,0
2023-07-28 10:59:18,797.3,751290,256,792.18,274814,291789,0.44724409448818325,0
2023-07-28 10:59:18,797.3,751290,256,792.18,274814,291789,0.44724409448818325,0
2023-07-28 10:59:18,797.3,751290,256,792.18,274814,291789,0.44724409448818325,0
2023-07-28 10:59:18,797.3,751290,256,792.18,274814,291789,0.44724409448818325,0
2023-07-28 10:59:21,797.3,751546,256,792.18,274778,291253,0.44724409448818325,0
2023-07-28 10:59:21,797.3,751546,256,792.18,274778,291253,0.44724409448818325,0
2023-07-28 10:59:21,797.3,751546,256,792.18,274778,291253,0.44724409448818325,0
2023-07-28 10:59:21,797.3,751546,256,792.18,274778,291253,0.44724409448818325,0
2023-07-28 10:59:21,797.3,751546,256,792.18,274778,291253,0.44724409448818325,0
2023-07-28 10:59:21,797.3,751546,256,792.18,274778,291253,0.44724409448818325,0
2023-07-28 10:59:21,797.3,751546,256,792.18,275526,291903,0.44724409448818325,0
2023-07-28 10:59:21,797.3,751546,256,792.18,275468,292325,0.44724409448818325,0
2023-07-28 10:59:21,797.3,751546,256,792.18,274995,292482,0.44724409448818325,0
2023-07-28 10:59:21,797.1,751546,5,792.18,274995,292482,0.42204724409449107,0
2023-07-28 10:59:40,797.1,751551,5,792.18,274579,292789,0.42204724409449107,0
2023-07-28 10:59:40,797.1,751551,5,792.18,274383,292984,0.42204724409449107,0
2023-07-28 10:59:40,797.1,751551,5,792.18,274353,292788,0.42204724409449107,0
2023-07-28 10:59:40,797.1,751551,20,792.18,274353,292788,0.42204724409449107,0
2023-07-28 10:59:52,797.1,751631,20,792.18,274091,293887,0.42204724409449107,0
2023-07-28 10:59:52,797.1,751631,20,792.18,274813,294173,0.42204724409449107,0
2023-07-28 10:59:52,797.25,751631,1,792.18,274813,294173,0.4409448818897638,0
2023-07-28 10:59:52,797.25,751631,1,792.18,274813,294173,0.4409448818897638,0
2023-07-28 11:00:02,797.25,751634,1,792.18,274750,294061,0.4409448818897638,0
2023-07-28 11:00:02,797.05,751634,18,792.18,274750,294061,0.41574803149605727,0
2023-07-28 11:00:08,797.25,751774,7,792.18,274555,293660,0.4409448818897638,0
2023-07-28 11:00:09,797.25,751781,1,792.18,274571,293996,0.4409448818897638,0
2023-07-28 11:00:09,797.05,751781,11,792.18,274571,293996,0.41574803149605727,0
2023-07-28 11:00:15,797.05,751810,11,792.18,274557,294125,0.41574803149605727,0
2023-07-28 11:00:15,797.05,751810,11,792.18,274700,294161,0.41574803149605727,0
2023-07-28 11:00:15,797.05,751810,10,792.18,274700,294161,0.41574803149605727,0
2023-07-28 11:00:15,797.25,751810,1,792.18,274700,294161,0.4409448818897638,0
2023-07-28 11:00:25,797.05,751864,8,792.18,274732,294044,0.41574803149605727,0
2023-07-28 11:00:25,797.05,751864,3,792.18,274732,294044,0.41574803149605727,0
2023-07-28 11:00:30,797.05,751867,3,792.18,274730,293946,0.41574803149605727,0
2023-07-28 11:00:30,797.05,751867,1,792.18,274870,293991,0.41574803149605727,0
2023-07-28 11:00:36,797.05,751868,1,792.18,275914,292628,0.41574803149605727,0
2023-07-28 11:00:36,797.3,751868,73,792.18,275914,292628,0.44724409448818325,0
2023-07-28 11:00:43,797.3,751968,73,792.18,275758,293418,0.44724409448818325,0
2023-07-28 11:00:43,797.3,751968,20,792.18,275758,293418,0.44724409448818325,0
2023-07-28 11:00:46,797.3,751988,20,792.18,275961,293267,0.44724409448818325,0
2023-07-28 11:00:46,797.3,751988,200,792.18,275961,293267,0.44724409448818325,0
2023-07-28 11:00:52,797.25,752479,22,792.18,276437,292347,0.4409448818897638,0
2023-07-28 11:00:52,797.45,752479,6,792.18,276437,292347,0.4661417322834703,0
2023-07-28 11:00:52,797.3,752479,10,792.18,276437,292347,0.44724409448818325,0
2023-07-28 11:00:52,797.5,752479,4,792.18,276437,292347,0.47244094488188976,0
2023-07-28 11:00:57,797.5,752682,50,792.19,276581,291095,0.47244094488188976,0
2023-07-28 11:00:57,797.7,752682,11,792.19,276581,291095,0.49763779527559626,0
2023-07-28 11:00:57,797.75,752682,16,792.19,276581,291095,0.5039370078740157,0
2023-07-28 11:00:59,797.75,752713,16,792.19,276716,290999,0.5039370078740157,0
2023-07-28 11:00:59,797.75,752713,1,792.19,276716,290999,0.5039370078740157,0
2023-07-28 11:01:02,797.75,752714,1,792.19,276728,290999,0.5039370078740157,0
2023-07-28 11:01:02,797.85,752714,10,792.19,276728,290999,0.516535433070869,0
2023-07-28 11:01:10,797.85,752724,1,792.19,262968,290910,0.516535433070869,0
2023-07-28 11:01:11,797.85,752725,1,792.19,262949,290266,0.516535433070869,0
2023-07-28 11:01:11,797.5,752725,30,792.19,262949,290266,0.47244094488188976,0
2023-07-28 11:01:17,797.9,752755,1,792.19,277210,292054,0.5228346456692885,0
2023-07-28 11:01:20,797.9,752756,1,792.19,277207,291979,0.5228346456692885,0
2023-07-28 11:01:20,797.95,752756,1,792.19,277207,291979,0.5291338582677223,0
2023-07-28 11:01:20,797.55,752756,7,792.19,277207,291979,0.47874015748030924,0
2023-07-28 11:01:20,797.95,752756,26,792.19,277207,291979,0.5291338582677223,0
2023-07-28 11:01:20,797.5,752756,6,792.19,277207,291979,0.47244094488188976,0
2023-07-28 11:01:31,797.95,753612,17,792.19,278065,291472,0.5291338582677223,0
2023-07-28 11:01:32,797.95,753629,17,792.19,277942,291658,0.5291338582677223,0
2023-07-28 11:01:32,797.95,753629,1,792.19,277942,291658,0.5291338582677223,0
2023-07-28 11:01:36,797.95,753630,1,792.19,277942,291657,0.5291338582677223,0
2023-07-28 11:01:36,797.95,753630,6,792.19,277942,291657,0.5291338582677223,0
2023-07-28 11:01:41,797.95,753636,6,792.19,278117,291651,0.5291338582677223,0
2023-07-28 11:01:41,797.95,753636,6,792.19,278112,291695,0.5291338582677223,0
2023-07-28 11:01:41,797.9,753636,40,792.19,278112,291695,0.5228346456692885,0
2023-07-28 11:01:49,797.9,753676,2,792.19,277864,291752,0.5228346456692885,0
2023-07-28 11:01:49,797.9,753676,2,792.19,277864,291752,0.5228346456692885,0
2023-07-28 11:01:54,797.9,753680,2,792.19,278119,291700,0.5228346456692885,0
2023-07-28 11:01:54,797.9,753680,1,792.19,278119,291700,0.5228346456692885,0
2023-07-28 11:01:59,797.9,753681,1,792.19,278113,291757,0.5228346456692885,0
2023-07-28 11:01:59,797.9,753681,1,792.19,278113,291757,0.5228346456692885,0
2023-07-28 11:01:59,798.05,753681,88,792.19,278113,291757,0.5417322834645611,0
2023-07-28 11:02:04,798.05,754652,88,792.2,279042,288234,0.5417322834645611,0
2023-07-28 11:02:04,798.1,754652,54,792.2,279042,288234,0.548031496062995,0
2023-07-28 11:02:04,798.2,754652,250,792.2,279042,288234,0.5606299212598482,0
2023-07-28 11:02:06,798.55,755052,3,792.2,279282,288080,0.6047244094488131,0
2023-07-28 11:02:06,798.55,755052,1,792.2,279282,288080,0.6047244094488131,0
2023-07-28 11:02:06,798.25,755052,19,792.2,279282,288080,0.5669291338582677,0
2023-07-28 11:02:12,798.55,755101,2,792.2,279501,287944,0.6047244094488131,0
2023-07-28 11:02:12,798.2,755101,33,792.2,279501,287944,0.5606299212598482,0
2023-07-28 11:02:12,798.2,755101,3,792.2,279501,287944,0.5606299212598482,0
2023-07-28 11:02:18,798.6,755223,1,792.2,279374,288350,0.6110236220472469,0
2023-07-28 11:02:18,798.65,755223,102,792.2,279374,288350,0.6173228346456664,0
2023-07-28 11:02:18,798.65,755223,102,792.2,279374,288350,0.6173228346456664,0
2023-07-28 11:02:18,798.65,755223,102,792.2,279374,288350,0.6173228346456664,0
2023-07-28 11:02:18,798.65,755223,17,792.2,279374,288350,0.6173228346456664,0
2023-07-28 11:02:18,798.65,755223,17,792.2,279374,288350,0.6173228346456664,0
2023-07-28 11:02:18,798.65,755223,17,792.2,279374,288350,0.6173228346456664,0
2023-07-28 11:02:18,798.65,755223,17,792.2,279374,288350,0.6173228346456664,0
2023-07-28 11:02:18,798.65,755223,17,792.2,279374,288350,0.6173228346456664,0
2023-07-28 11:02:18,798.65,755223,17,792.2,279374,288350,0.6173228346456664,0
2023-07-28 11:02:18,798.25,755223,30,792.2,279374,288350,0.5669291338582677,0
2023-07-28 11:02:18,798.65,755223,2,792.2,279374,288350,0.6173228346456664,0
2023-07-28 11:02:29,798.65,755523,2,792.21,280548,287683,0.6173228346456664,0
2023-07-28 11:02:29,798.65,755523,18,792.21,280548,287683,0.6173228346456664,0
2023-07-28 11:02:29,798.6,755523,2,792.21,280548,287683,0.6110236220472469,0
2023-07-28 11:02:34,798.6,755543,2,792.21,280050,288087,0.6110236220472469,0
2023-07-28 11:02:34,798.65,755543,3,792.21,280050,288087,0.6173228346456664,0
2023-07-28 11:02:34,798.6,755543,1,792.21,280050,288087,0.6110236220472469,0
2023-07-28 11:02:34,798.6,755543,220,792.21,280050,288087,0.6110236220472469,0
2023-07-28 11:02:34,798.65,755543,8,792.21,280050,288087,0.6173228346456664,0
2023-07-28 11:02:41,798.65,757613,8,792.22,278566,289170,0.6173228346456664,0
2023-07-28 11:02:41,798.6,757613,1,792.22,278566,289170,0.6110236220472469,0
2023-07-28 11:02:46,798.6,757614,1,792.22,278742,289669,0.6110236220472469,0
2023-07-28 11:02:46,798.6,757614,2,792.22,278742,289669,0.6110236220472469,0
2023-07-28 11:02:46,798.4,757614,25,792.22,278742,289669,0.5858267716535405,0
2023-07-28 11:02:46,798.4,757614,63,792.22,278742,289669,0.5858267716535405,0
2023-07-28 11:02:46,798.55,757614,10,792.22,278742,289669,0.6047244094488131,0
2023-07-28 11:02:52,798.55,757751,10,792.23,278253,290570,0.6047244094488131,0
2023-07-28 11:02:52,798.55,757751,10,792.23,278398,290387,0.6047244094488131,0
2023-07-28 11:02:52,798.6,757751,50,792.23,278398,290387,0.6110236220472469,0
2023-07-28 11:03:00,798.6,757801,50,792.23,278437,290575,0.6110236220472469,0
2023-07-28 11:03:00,798.6,757801,53,792.23,278437,290575,0.6110236220472469,0
2023-07-28 11:03:04,798.6,758101,53,792.23,278315,289618,0.6110236220472469,0
2023-07-28 11:03:04,798.4,758101,43,792.23,278315,289618,0.5858267716535405,0
2023-07-28 11:03:08,798.4,758401,43,792.23,278467,289554,0.5858267716535405,0
2023-07-28 11:03:08,798.4,758401,5,792.23,278467,289554,0.5858267716535405,0
2023-07-28 11:03:08,798.4,758401,23,792.23,278467,289554,0.5858267716535405,0
2023-07-28 11:03:14,798.4,758431,23,792.23,278487,289554,0.5858267716535405,0
2023-07-28 11:03:14,798.4,758431,20,792.23,278487,289554,0.5858267716535405,0
2023-07-28 11:03:16,798.4,758451,20,792.23,278575,289364,0.5858267716535405,0
2023-07-28 11:03:16,798.4,758451,30,792.23,278575,289364,0.5858267716535405,0
2023-07-28 11:03:23,798.4,758661,10,792.23,278400,289477,0.5858267716535405,0
2023-07-28 11:03:23,798.45,758661,1,792.23,278400,289477,0.5921259842519743,0
2023-07-28 11:03:28,798.4,758722,22,792.23,278355,289548,0.5858267716535405,0
2023-07-28 11:03:28,798.45,758722,10,792.23,278355,289548,0.5921259842519743,0
2023-07-28 11:03:28,798.65,758722,30,792.23,278355,289548,0.6173228346456664,0
2023-07-28 11:03:28,798.4,758722,12,792.23,278355,289548,0.5858267716535405,0
2023-07-28 11:03:31,798.65,758849,5,792.24,278718,289430,0.6173228346456664,0
2023-07-28 11:03:31,798.65,758849,65,792.24,278718,289430,0.6173228346456664,0
2023-07-28 11:03:31,798.4,758849,85,792.24,278718,289430,0.5858267716535405,0
2023-07-28 11:03:35,798.4,759229,85,792.24,277526,289122,0.5858267716535405,0
2023-07-28 11:03:35,798.4,759229,30,792.24,277526,289122,0.5858267716535405,0
2023-07-28 11:03:35,798.65,759229,5,792.24,277526,289122,0.6173228346456664,0
2023-07-28 11:03:35,798.4,759229,10,792.24,277526,289122,0.5858267716535405,0
2023-07-28 11:03:35,798.4,759229,2,792.24,277526,289122,0.5858267716535405,0
2023-07-28 11:03:42,798.4,759279,2,792.24,277641,291042,0.5858267716535405,0
2023-07-28 11:03:42,798.6,759279,34,792.24,277641,291042,0.6110236220472469,0
2023-07-28 11:03:47,798.6,759313,34,792.24,271632,287095,0.6110236220472469,0
2023-07-28 11:03:47,798.4,759313,5,792.24,271632,287095,0.5858267716535405,0
2023-07-28 11:03:47,798.4,759313,2,792.24,271632,287095,0.5858267716535405,0
2023-07-28 11:03:51,798.4,759320,2,792.24,278395,287338,0.5858267716535405,0
2023-07-28 11:03:51,798.4,759320,2,792.24,278260,287434,0.5858267716535405,0
2023-07-28 11:03:51,798.4,759320,8,792.24,278260,287434,0.5858267716535405,0
2023-07-28 11:03:58,798.4,759328,8,792.24,278584,287630,0.5858267716535405,0
2023-07-28 11:03:58,798.4,759328,8,792.24,278107,287630,0.5858267716535405,0
2023-07-28 11:03:58,798.4,759328,1,792.24,278107,287630,0.5858267716535405,0
2023-07-28 11:03:58,798.4,759328,16,792.24,278107,287630,0.5858267716535405,0
2023-07-28 11:04:08,798.4,759449,16,792.24,277973,288238,0.5858267716535405,0
2023-07-28 11:04:08,798.4,759449,28,792.24,277973,288238,0.5858267716535405,0
2023-07-28 11:04:12,798.4,759649,28,792.24,277966,287996,0.5858267716535405,0
2023-07-28 11:04:12,798.4,759649,82,792.24,277966,287996,0.5858267716535405,0
2023-07-28 11:04:16,798.4,759731,82,792.24,277783,287996,0.5858267716535405,0
2023-07-28 11:04:16,798.5,759731,1,792.24,277783,287996,0.5984251968503937,0
2023-07-28 11:04:18,798.5,759732,1,792.24,277785,287915,0.5984251968503937,0
2023-07-28 11:04:18,798.5,759732,1,792.24,277902,287946,0.5984251968503937,0
2023-07-28 11:04:18,798.4,759732,8,792.24,277902,287946,0.5858267716535405,0
2023-07-28 11:04:29,798.4,759740,8,792.24,278094,287946,0.5858267716535405,0
2023-07-28 11:04:29,798.4,759740,30,792.24,278094,287946,0.5858267716535405,0
2023-07-28 11:04:35,798.5,759775,5,792.24,277862,287996,0.5984251968503937,0
2023-07-28 11:04:35,798.4,759775,10,792.24,277862,287996,0.5858267716535405,0
2023-07-28 11:04:37,798.4,759785,10,792.24,277853,288328,0.5858267716535405,0
2023-07-28 11:04:37,798.4,759785,10,792.24,277665,288207,0.5858267716535405,0
2023-07-28 11:04:37,798.4,759785,45,792.24,277665,288207,0.5858267716535405,0
2023-07-28 11:04:37,798.5,759785,20,792.24,277665,288207,0.5984251968503937,0
2023-07-28 11:04:45,798.5,759855,20,792.24,277681,288209,0.5984251968503937,0
2023-07-28 11:04:45,798.5,759855,50,792.24,277681,288209,0.5984251968503937,0
2023-07-28 11:04:45,798.4,759855,47,792.24,277681,288209,0.5858267716535405,0
2023-07-28 11:04:52,798.4,760005,47,792.24,278976,288070,0.5858267716535405,0
2023-07-28 11:04:52,798.4,760005,5,792.24,278976,288070,0.5858267716535405,0
2023-07-28 11:04:58,798.4,760010,5,792.24,278884,288176,0.5858267716535405,0
2023-07-28 11:05:05,798.4,760510,161,792.25,277687,288241,0.5858267716535405,0
2023-07-28 11:05:05,798.4,760510,161,792.25,277688,288244,0.5858267716535405,0
2023-07-28 11:05:05,798.4,760510,161,792.25,277688,288244,0.5858267716535405,0
2023-07-28 11:05:05,798.5,760510,7,792.25,277688,288244,0.5984251968503937,0
2023-07-28 11:05:18,798.5,760525,8,792.25,277708,288229,0.5984251968503937,0
2023-07-28 11:05:18,798.5,760525,8,792.25,277614,288264,0.5984251968503937,0
2023-07-28 11:05:18,798.5,760525,8,792.25,277614,288264,0.5984251968503937,0
2023-07-28 11:05:18,798.4,760525,10,792.25,277614,288264,0.5858267716535405,0
2023-07-28 11:05:18,798.4,760525,10,792.25,277614,288264,0.5858267716535405,0
2023-07-28 11:05:18,798.4,760525,10,792.25,277614,288264,0.5858267716535405,0
2023-07-28 11:05:18,798.4,760525,10,792.25,277614,288264,0.5858267716535405,0
2023-07-28 11:05:18,798.4,760525,10,792.25,277614,288264,0.5858267716535405,0
2023-07-28 11:05:23,798.4,760535,10,792.25,277610,288259,0.5858267716535405,0
2023-07-28 11:05:23,798.4,760535,10,792.25,277610,288259,0.5858267716535405,0
2023-07-28 11:05:23,798.5,760535,1,792.25,277610,288259,0.5984251968503937,0
2023-07-28 11:05:29,798.4,760806,73,792.25,277450,288475,0.5858267716535405,0
2023-07-28 11:05:29,798.4,760806,73,792.25,277450,288475,0.5858267716535405,0
2023-07-28 11:05:29,798.35,760806,5,792.25,277450,288475,0.579527559055121,0
2023-07-28 11:05:36,798.35,760811,5,792.25,278567,288348,0.579527559055121,0
2023-07-28 11:05:36,798.35,760811,10,792.25,278567,288348,0.579527559055121,0
2023-07-28 11:05:42,798.35,760821,10,792.25,278335,288780,0.579527559055121,0
2023-07-28 11:05:42,798.35,760821,10,792.25,278274,288901,0.579527559055121,0
2023-07-28 11:05:42,798.35,760821,205,792.25,278274,288901,0.579527559055121,0
2023-07-28 11:05:51,798.35,761463,62,792.26,277930,288528,0.579527559055121,0
2023-07-28 11:05:57,798.25,762463,6,792.26,275814,290095,0.5669291338582677,0
2023-07-28 11:05:57,798.2,762463,9,792.26,275814,290095,0.5606299212598482,0
2023-07-28 11:05:57,798.2,762463,10,792.26,275814,290095,0.5606299212598482,0
2023-07-28 11:06:00,798.2,763339,10,792.27,276271,289557,0.5606299212598482,0
2023-07-28 11:06:00,798.2,763339,8,792.27,276271,289557,0.5606299212598482,0
2023-07-28 11:06:00,797.55,763339,20,792.27,276271,289557,0.47874015748030924,0
2023-07-28 11:06:06,797.55,763549,20,792.27,273969,290155,0.47874015748030924,0
2023-07-28 11:06:06,797.55,763549,20,792.27,274110,290146,0.47874015748030924,0
2023-07-28 11:06:06,797.45,763549,8,792.27,274110,290146,0.4661417322834703,0
2023-07-28 11:06:06,797.55,763549,20,792.27,274110,290146,0.47874015748030924,0
2023-07-28 11:06:14,797.55,763857,20,792.27,277162,288428,0.47874015748030924,0
2023-07-28 11:06:14,797.65,763857,28,792.27,277162,288428,0.4913385826771625,0
2023-07-28 11:06:19,797.65,763890,28,792.28,272658,291222,0.4913385826771625,0
2023-07-28 11:06:19,797.65,763890,28,792.28,265643,290881,0.4913385826771625,0
2023-07-28 11:06:19,797.95,763890,15,792.28,265643,290881,0.5291338582677223,0
2023-07-28 11:06:27,797.95,764890,15,792.28,267011,289209,0.5291338582677223,0
2023-07-28 11:06:27,797.65,764890,2,792.28,267011,289209,0.4913385826771625,0
2023-07-28 11:06:29,797.65,764895,2,792.28,272348,291014,0.4913385826771625,0
2023-07-28 11:06:29,797.65,764895,2,792.28,272722,290831,0.4913385826771625,0
2023-07-28 11:06:29,797.35,764895,2,792.28,272722,290831,0.45354330708661705,0
2023-07-28 11:06:40,797.35,764917,2,792.28,272036,292426,0.45354330708661705,0
2023-07-28 11:06:40,797.4,764917,50,792.28,272036,292426,0.45984251968503653,0
2023-07-28 11:06:46,797.4,764967,50,792.28,274002,291710,0.45984251968503653,0
2023-07-28 11:06:46,797.4,764967,63,792.28,274002,291710,0.45984251968503653,0
2023-07-28 11:06:49,797.4,765030,63,792.28,275269,289871,0.45984251968503653,0
2023-07-28 11:06:49,797.4,765030,63,792.28,275424,289621,0.45984251968503653,0
2023-07-28 11:06:49,797.5,765030,1,792.28,275424,289621,0.47244094488188976,0
2023-07-28 11:06:59,797.5,765036,1,792.28,274774,289961,0.47244094488188976,0
2023-07-28 11:06:59,797.5,765036,2,792.28,274774,289961,0.47244094488188976,0
2023-07-28 11:07:03,797.5,765041,2,792.28,274269,290844,0.47244094488188976,0
2023-07-28 11:07:06,797.5,765043,2,792.28,274624,289916,0.47244094488188976,0
2023-07-28 11:07:06,797.5,765043,2,792.28,274143,290086,0.47244094488188976,0
2023-07-28 11:07:06,797.5,765043,2,792.28,274297,290368,0.47244094488188976,0
2023-07-28 11:07:06,797.5,765043,2,792.28,267369,290675,0.47244094488188976,0
2023-07-28 11:07:06,797.5,765043,2,792.28,274090,290280,0.47244094488188976,0
2023-07-28 11:07:06,797.5,765043,2,792.28,274090,290365,0.47244094488188976,0
2023-07-28 11:07:06,797.5,765043,2,792.28,274090,290743,0.47244094488188976,0
2023-07-28 11:07:06,797.5,765043,2,792.28,273990,290744,0.47244094488188976,0
2023-07-28 11:07:06,797.5,765043,2,792.28,274053,290744,0.47244094488188976,0
2023-07-28 11:07:06,797.5,765043,2,792.28,274227,290687,0.47244094488188976,0
2023-07-28 11:07:06,797.5,765043,2,792.28,274227,290690,0.47244094488188976,0
2023-07-28 11:07:06,797.5,765043,2,792.28,274479,290690,0.47244094488188976,0
2023-07-28 11:07:06,797.5,765043,2,792.28,274230,290570,0.47244094488188976,0
2023-07-28 11:07:06,797.5,765043,2,792.28,274337,290699,0.47244094488188976,0
2023-07-28 11:07:06,797.5,765043,2,792.28,274455,290450,0.47244094488188976,0
2023-07-28 11:07:06,797.5,765043,2,792.28,274455,290431,0.47244094488188976,0
2023-07-28 11:07:06,797.45,765043,21,792.28,274455,290431,0.4661417322834703,0
2023-07-28 11:07:26,797.25,765135,48,792.28,274446,290613,0.4409448818897638,0
2023-07-28 11:07:26,797.25,765135,48,792.28,274424,290356,0.4409448818897638,0
2023-07-28 11:07:26,797.25,765135,48,792.28,274794,289866,0.4409448818897638,0
2023-07-28 11:07:26,797.45,765135,26,792.28,274891,289866,0.4661417322834703,0
2023-07-28 11:07:29,797.45,765190,26,792.28,274630,289684,0.4661417322834703,0
2023-07-28 11:07:29,797.45,765190,1,792.28,274630,289684,0.4661417322834703,0
2023-07-28 11:07:30,797.45,765191,1,792.28,275022,290131,0.4661417322834703,0
2023-07-28 11:07:30,797.45,765191,1,792.28,275232,290554,0.4661417322834703,0
2023-07-28 11:07:30,797.45,765191,1,792.28,275080,290882,0.4661417322834703,0
2023-07-28 11:07:30,797.45,765191,1,792.28,275815,279744,0.4661417322834703,0
2023-07-28 11:07:30,797.45,765191,1,792.28,275564,290639,0.4661417322834703,0
2023-07-28 11:07:39,797.45,765386,195,792.29,275164,290347,0.4661417322834703,0
2023-07-28 11:07:39,797.45,765386,195,792.29,275249,290410,0.4661417322834703,0
2023-07-28 11:07:39,797.45,765386,195,792.29,275252,290410,0.4661417322834703,0
2023-07-28 11:07:39,797.45,765386,195,792.29,275724,289954,0.4661417322834703,0
2023-07-28 11:07:42,797.45,765387,1,792.29,275427,290165,0.4661417322834703,0
2023-07-28 11:07:42,797.45,765387,1,792.29,275427,290165,0.4661417322834703,0
2023-07-28 11:07:42,797.45,765387,1,792.29,275407,290426,0.4661417322834703,0
2023-07-28 11:07:42,797.45,765387,1,792.29,268657,290498,0.4661417322834703,0
2023-07-28 11:07:42,797.45,765387,1,792.29,275407,290498,0.4661417322834703,0
2023-07-28 11:07:42,797.45,765387,1,792.29,275342,290498,0.4661417322834703,0
2023-07-28 11:07:42,797.45,765387,1,792.29,275342,290498,0.4661417322834703,0
2023-07-28 11:07:42,797.45,765387,1,792.29,275342,290498,0.4661417322834703,0
2023-07-28 11:07:42,797.45,765387,1,792.29,275342,290498,0.4661417322834703,0
2023-07-28 11:07:42,797.45,765387,1,792.29,275342,290498,0.4661417322834703,0
2023-07-28 11:07:42,797.45,765387,1,792.29,275342,290444,0.4661417322834703,0
2023-07-28 11:07:42,797.45,765387,1,792.29,275342,290438,0.4661417322834703,0
2023-07-28 11:07:42,797.45,765387,1,792.29,275480,289967,0.4661417322834703,0
2023-07-28 11:07:42,797.45,765387,1,792.29,275232,290154,0.4661417322834703,0
2023-07-28 11:07:42,797.45,765387,1,792.29,275400,290447,0.4661417322834703,0
2023-07-28 11:07:42,797.45,765387,1,792.29,275758,290447,0.4661417322834703,0
2023-07-28 11:07:42,797.45,765387,1,792.29,275558,290447,0.4661417322834703,0
2023-07-28 11:07:42,797.45,765387,1,792.29,275578,290472,0.4661417322834703,0
2023-07-28 11:07:42,797.45,765387,1,792.29,275578,290472,0.4661417322834703,0
2023-07-28 11:07:42,797.5,765387,2,792.29,275578,290472,0.47244094488188976,0
2023-07-28 11:08:08,797.5,765389,2,792.29,275610,290470,0.47244094488188976,0
2023-07-28 11:08:08,797.5,765389,2,792.29,275711,290560,0.47244094488188976,0
2023-07-28 11:08:19,797.45,765889,196,792.29,274197,291172,0.4661417322834703,0
2023-07-28 11:08:19,797.6,765889,107,792.29,274197,291172,0.48503937007874304,0
2023-07-28 11:08:19,797.5,765889,5,792.29,274197,291172,0.47244094488188976,0
2023-07-28 11:08:19,797.5,765889,38,792.29,274197,291172,0.47244094488188976,0
2023-07-28 11:08:19,797.5,765889,38,792.29,274197,291172,0.47244094488188976,0
2023-07-28 11:08:23,797.5,766572,38,792.29,275508,290303,0.47244094488188976,0
2023-07-28 11:08:23,797.5,766572,38,792.29,275508,290303,0.47244094488188976,0
2023-07-28 11:08:23,797.5,766572,38,792.29,275508,290303,0.47244094488188976,0
2023-07-28 11:08:23,797.5,766572,38,792.29,275508,290303,0.47244094488188976,0
2023-07-28 11:08:23,797.5,766572,38,792.29,275508,290303,0.47244094488188976,0
2023-07-28 11:08:23,797.5,766572,38,792.29,275508,290303,0.47244094488188976,0
2023-07-28 11:08:23,797.5,766572,38,792.29,275508,290303,0.47244094488188976,0
2023-07-28 11:08:23,797.5,766572,38,792.29,275349,290460,0.47244094488188976,0
2023-07-28 11:08:23,797.45,766572,14,792.29,275349,290460,0.4661417322834703,0
2023-07-28 11:08:31,797.45,766592,14,792.29,275241,290041,0.4661417322834703,0
2023-07-28 11:08:31,797.5,766592,150,792.29,275241,290041,0.47244094488188976,0
2023-07-28 11:08:36,797.5,766742,150,792.29,275399,290060,0.47244094488188976,0
2023-07-28 11:08:36,797.5,766742,2,792.29,275399,290060,0.47244094488188976,0
2023-07-28 11:08:40,797.5,766744,2,792.29,275367,290139,0.47244094488188976,0
2023-07-28 11:08:40,797.85,766744,6,792.29,275367,290139,0.516535433070869,0
2023-07-28 11:08:44,797.85,766750,6,792.29,275110,290265,0.516535433070869,0
2023-07-28 11:08:44,797.85,766750,6,792.29,274847,290325,0.516535433070869,0
2023-07-28 11:08:44,797.85,766750,6,792.29,274954,290487,0.516535433070869,0
2023-07-28 11:08:44,797.5,766750,8,792.29,274954,290487,0.47244094488188976,0
2023-07-28 11:08:58,797.5,766758,8,792.29,268219,290116,0.47244094488188976,0
2023-07-28 11:08:58,797.5,766758,8,792.29,274484,290334,0.47244094488188976,0
2023-07-28 11:08:58,797.5,766758,8,792.29,274504,290348,0.47244094488188976,0
2023-07-28 11:08:58,797.85,766758,3,792.29,274504,290348,0.516535433070869,0
2023-07-28 11:08:58,797.85,766758,8,792.29,274504,290348,0.516535433070869,0
2023-07-28 11:08:58,797.5,766758,30,792.29,274504,290348,0.47244094488188976,0
2023-07-28 11:09:10,797.5,766856,30,792.3,276888,290279,0.47244094488188976,0
2023-07-28 11:09:10,797.5,766856,30,792.3,276745,290985,0.47244094488188976,0
2023-07-28 11:09:10,797.5,766856,30,792.3,263327,290955,0.47244094488188976,0
2023-07-28 11:09:10,797.5,766856,30,792.3,274121,290900,0.47244094488188976,0
2023-07-28 11:09:10,797.5,766856,30,792.3,276807,289675,0.47244094488188976,0
2023-07-28 11:09:10,797.5,766856,30,792.3,276451,289869,0.47244094488188976,0
2023-07-28 11:09:10,797.5,766856,10,792.3,276451,289869,0.47244094488188976,0
2023-07-28 11:09:32,797.5,766866,10,792.3,276677,289857,0.47244094488188976,0
2023-07-28 11:09:32,797.8,766866,9,792.3,276677,289857,0.5102362204724352,0
2023-07-28 11:09:36,797.8,766917,9,792.3,277019,290939,0.5102362204724352,0
2023-07-28 11:09:36,797.8,766917,9,792.3,276506,291346,0.5102362204724352,0
2023-07-28 11:09:36,797.8,766917,1,792.3,276506,291346,0.5102362204724352,0
2023-07-28 11:09:45,797.8,766918,1,792.3,276656,291342,0.5102362204724352,0
2023-07-28 11:09:45,797.8,766918,1,792.3,276776,291227,0.5102362204724352,0
2023-07-28 11:09:45,797.8,766918,1,792.3,277784,290151,0.5102362204724352,0
2023-07-28 11:09:45,797.8,766918,1,792.3,277859,290151,0.5102362204724352,0
2023-07-28 11:09:45,797.55,766918,75,792.3,276243,289568,0.47874015748030924,0
2023-07-28 11:09:45,797.8,766918,4,792.3,276243,289568,0.5102362204724352,0
2023-07-28 11:10:05,797.8,767017,4,792.3,276557,289660,0.5102362204724352,0
2023-07-28 11:10:05,797.8,767017,1,792.3,276557,289660,0.5102362204724352,0
2023-07-28 11:10:13,797.8,767018,1,792.3,269476,289631,0.5102362204724352,0
2023-07-28 11:10:13,797.8,767018,1,792.3,276185,289418,0.5102362204724352,0
2023-07-28 11:10:13,797.8,767018,50,792.3,276185,289418,0.5102362204724352,0
2023-07-28 11:10:22,797.8,767070,50,792.3,276306,289955,0.5102362204724352,0
2023-07-28 11:10:22,797.8,767070,50,792.3,276865,290211,0.5102362204724352,0
2023-07-28 11:10:22,797.8,767070,50,792.3,276371,290682,0.5102362204724352,0
2023-07-28 11:10:22,797.55,767070,2,792.3,276371,290682,0.47874015748030924,0
2023-07-28 11:10:33,797.55,767080,2,792.3,276444,292007,0.47874015748030924,0
2023-07-28 11:10:33,797.55,767080,8,792.3,276444,292007,0.47874015748030924,0
2023-07-28 11:10:33,797.8,767080,6,792.3,276444,292007,0.5102362204724352,0
2023-07-28 11:10:33,797.55,767080,8,792.3,276444,292007,0.47874015748030924,0
2023-07-28 11:10:38,797.55,767136,8,792.3,276727,290681,0.47874015748030924,0
2023-07-28 11:10:38,797.55,767136,8,792.3,276888,289962,0.47874015748030924,0
2023-07-28 11:10:38,797.55,767136,15,792.3,276888,289962,0.47874015748030924,0
2023-07-28 11:10:46,797.55,767181,15,792.3,277059,290673,0.47874015748030924,0
2023-07-28 11:10:46,797.55,767181,28,792.3,277059,290673,0.47874015748030924,0
2023-07-28 11:10:50,797.55,767281,28,792.3,277128,290568,0.47874015748030924,0
2023-07-28 11:10:50,797.55,767281,50,792.3,277128,290568,0.47874015748030924,0
2023-07-28 11:10:55,797.55,767331,50,792.3,276669,291062,0.47874015748030924,0
2023-07-28 11:10:55,797.55,767331,50,792.3,277109,289664,0.47874015748030924,0
2023-07-28 11:10:55,797.55,767331,50,792.3,277062,289706,0.47874015748030924,0
2023-07-28 11:10:55,797.55,767331,50,792.3,277101,289728,0.47874015748030924,0
2023-07-28 11:10:55,797.55,767331,50,792.3,277121,289728,0.47874015748030924,0
2023-07-28 11:10:55,797.8,767331,1,792.3,277198,289728,0.5102362204724352,0
2023-07-28 11:10:55,797.55,767331,244,792.3,277198,289728,0.47874015748030924,0
2023-07-28 11:11:19,797.55,767582,244,792.3,276988,289629,0.47874015748030924,0
2023-07-28 11:11:19,797.55,767582,244,792.3,276988,289629,0.47874015748030924,0
2023-07-28 11:11:19,797.55,767582,244,792.3,276988,289629,0.47874015748030924,0
2023-07-28 11:11:19,797.55,767582,244,792.3,276988,289629,0.47874015748030924,0
2023-07-28 11:11:25,797.8,767583,1,792.3,277102,290036,0.5102362204724352,0
2023-07-28 11:11:25,797.8,767583,1,792.3,277102,290036,0.5102362204724352,0
2023-07-28 11:11:25,797.8,767583,8,792.3,277102,290036,0.5102362204724352,0
2023-07-28 11:11:25,797.8,767583,8,792.3,277102,290036,0.5102362204724352,0
2023-07-28 11:11:25,797.8,767583,1,792.3,277102,290036,0.5102362204724352,0
2023-07-28 11:11:25,797.8,767583,1,792.3,277102,290036,0.5102362204724352,0
2023-07-28 11:11:25,797.8,767583,1,792.3,277102,290036,0.5102362204724352,0
2023-07-28 11:11:27,797.8,767592,1,792.3,277107,289936,0.5102362204724352,0
2023-07-28 11:11:27,797.8,767592,1,792.3,277107,289986,0.5102362204724352,0
2023-07-28 11:11:27,797.8,767592,10,792.3,277107,289986,0.5102362204724352,0
2023-07-28 11:11:36,797.8,767602,10,792.3,277106,289976,0.5102362204724352,0
2023-07-28 11:11:36,797.8,767602,10,792.3,276960,290205,0.5102362204724352,0
2023-07-28 11:11:36,797.8,767602,1,792.3,276994,290117,0.5102362204724352,0
2023-07-28 11:11:46,797.8,767603,1,792.3,276843,291068,0.5102362204724352,0
2023-07-28 11:11:46,797.8,767603,1,792.3,276819,291260,0.5102362204724352,0
2023-07-28 11:11:46,797.8,767603,60,792.3,276819,291260,0.5102362204724352,0
2023-07-28 11:11:56,797.8,767663,60,792.3,276947,290852,0.5102362204724352,0
2023-07-28 11:11:56,797.8,767663,2,792.3,276947,290852,0.5102362204724352,0
2023-07-28 11:12:00,797.8,767665,2,792.3,276978,291053,0.5102362204724352,0
2023-07-28 11:12:00,797.8,767665,2,792.3,276716,291856,0.5102362204724352,0
2023-07-28 11:12:00,797.75,767665,3,792.3,276716,291856,0.5039370078740157,0
2023-07-28 11:12:08,797.75,767668,3,792.3,276844,290687,0.5039370078740157,0
2023-07-28 11:12:08,797.55,767668,19,792.3,276844,290687,0.47874015748030924,0
2023-07-28 11:12:15,797.8,767750,624,792.3,276478,292080,0.5102362204724352,0
2023-07-28 11:12:16,797.8,768578,624,792.31,277091,292017,0.5102362204724352,0
2023-07-28 11:12:16,797.55,768578,1,792.31,277091,292017,0.47874015748030924,0
2023-07-28 11:12:23,797.55,768579,1,792.31,277120,291769,0.47874015748030924,0
2023-07-28 11:12:23,797.55,768579,10,792.31,277120,291769,0.47874015748030924,0
2023-07-28 11:12:25,797.55,768589,10,792.31,277341,291769,0.47874015748030924,0
2023-07-28 11:12:25,797.55,768589,10,792.31,277341,291769,0.47874015748030924,0
2023-07-28 11:12:31,797.55,768599,10,792.31,276896,292264,0.47874015748030924,0
2023-07-28 11:12:31,797.4,768599,1,792.31,276896,292264,0.45984251968503653,0
2023-07-28 11:12:31,796.8,768599,53,792.31,276896,292264,0.3842519685039313,0
2023-07-28 11:12:37,797.25,771382,1,792.33,274967,291800,0.4409448818897638,0
2023-07-28 11:12:37,797.25,771382,1,792.33,274967,291800,0.4409448818897638,0
2023-07-28 11:12:37,797.25,771382,1,792.33,274967,291800,0.4409448818897638,0
2023-07-28 11:12:41,797.25,771384,1,792.33,275015,291419,0.4409448818897638,0
2023-07-28 11:12:41,796.85,771384,10,792.33,275015,291419,0.3905511811023651,0
2023-07-28 11:12:45,796.85,771394,10,792.33,275086,291505,0.3905511811023651,0
2023-07-28 11:12:45,797.05,771394,40,792.33,275086,291505,0.41574803149605727,0
2023-07-28 11:12:45,797.1,771394,15,792.33,275086,291505,0.42204724409449107,0
2023-07-28 11:12:45,797.25,771394,1999,792.33,275086,291505,0.4409448818897638,0
2023-07-28 11:12:45,797.55,771394,1,792.33,275086,291505,0.47874015748030924,0
2023-07-28 11:12:45,797.25,771394,19,792.33,275086,291505,0.4409448818897638,0
2023-07-28 11:12:55,797.25,774226,104,792.34,275402,291386,0.4409448818897638,0
2023-07-28 11:12:55,797.25,774226,104,792.34,275713,291170,0.4409448818897638,0
2023-07-28 11:12:55,797.65,774226,5,792.34,275713,291170,0.4913385826771625,0
2023-07-28 11:13:02,797.65,774240,5,792.34,276058,291166,0.4913385826771625,0
2023-07-28 11:13:02,797.65,774240,5,792.34,275889,291553,0.4913385826771625,0
2023-07-28 11:13:02,797.65,774240,5,792.34,276289,291603,0.4913385826771625,0
2023-07-28 11:13:02,797.6,774240,2,792.34,276289,291603,0.48503937007874304,0
2023-07-28 11:13:08,797.6,774242,2,792.34,276406,292482,0.48503937007874304,0
2023-07-28 11:13:08,797.6,774242,2,792.34,269566,292530,0.48503937007874304,0
2023-07-28 11:13:08,797.6,774242,2,792.34,277078,290872,0.48503937007874304,0
2023-07-28 11:13:08,797.7,774242,4,792.34,277078,290872,0.49763779527559626,0
2023-07-28 11:13:11,797.7,774267,4,792.34,276593,290560,0.49763779527559626,0
2023-07-28 11:13:11,797.7,774267,4,792.34,276705,290596,0.49763779527559626,0
2023-07-28 11:13:11,797.7,774267,4,792.34,277029,290684,0.49763779527559626,0
2023-07-28 11:13:11,797.7,774267,4,792.34,269972,290800,0.49763779527559626,0
2023-07-28 11:13:11,797.7,774267,4,792.34,276664,290815,0.49763779527559626,0
2023-07-28 11:13:11,797.7,774267,4,792.34,276288,290988,0.49763779527559626,0
2023-07-28 11:13:11,797.7,774267,4,792.34,276288,290996,0.49763779527559626,0
2023-07-28 11:13:11,797.7,774267,4,792.34,276288,290996,0.49763779527559626,0
2023-07-28 11:13:11,797.7,774267,4,792.34,269092,291683,0.49763779527559626,0
2023-07-28 11:13:11,797.7,774267,4,792.34,276105,291733,0.49763779527559626,0
2023-07-28 11:13:11,797.7,774267,4,792.34,276049,291084,0.49763779527559626,0
2023-07-28 11:13:11,797.7,774267,4,792.34,276035,291024,0.49763779527559626,0
2023-07-28 11:13:11,797.7,774267,4,792.34,275672,291577,0.49763779527559626,0
2023-07-28 11:13:11,797.7,774267,4,792.34,275672,291445,0.49763779527559626,0
2023-07-28 11:13:11,797.7,774267,4,792.34,276153,291004,0.49763779527559626,0
2023-07-28 11:13:11,797.6,774267,1,792.34,276153,291004,0.48503937007874304,0
2023-07-28 11:13:29,797.6,774268,1,792.34,275918,290972,0.48503937007874304,0
2023-07-28 11:13:29,797.6,774268,1,792.34,275840,290869,0.48503937007874304,0
2023-07-28 11:13:29,797.6,774268,1,792.34,275989,290408,0.48503937007874304,0
2023-07-28 11:13:29,797.6,774268,1,792.34,275528,290924,0.48503937007874304,0
2023-07-28 11:13:29,797.6,774268,1,792.34,275545,290924,0.48503937007874304,0
2023-07-28 11:13:29,797.6,774268,1,792.34,275545,290925,0.48503937007874304,0
2023-07-28 11:13:29,797.6,774268,1,792.34,275594,292340,0.48503937007874304,0
2023-07-28 11:13:29,797.6,774268,1,792.34,276069,291961,0.48503937007874304,0
2023-07-28 11:13:29,797.6,774268,1,792.34,268844,290877,0.48503937007874304,0
2023-07-28 11:13:29,797.6,774268,1,792.34,275589,292180,0.48503937007874304,0
2023-07-28 11:13:29,797.6,774268,1,792.34,276069,291891,0.48503937007874304,0
2023-07-28 11:13:29,797.6,774268,1,792.34,276085,291758,0.48503937007874304,0
2023-07-28 11:13:29,797.6,774268,1,792.34,276193,291848,0.48503937007874304,0
2023-07-28 11:13:29,797.6,774268,1,792.34,275384,291227,0.48503937007874304,0
2023-07-28 11:13:29,797.6,774268,1,792.34,275478,293047,0.48503937007874304,0
2023-07-28 11:13:29,797.6,774268,1,792.34,275478,293096,0.48503937007874304,0
2023-07-28 11:13:29,797.6,774268,1,792.34,275073,293096,0.48503937007874304,0
2023-07-28 11:13:50,797.3,774308,31,792.34,274988,293446,0.44724409448818325,0
2023-07-28 11:13:50,797.3,774308,31,792.34,275125,293383,0.44724409448818325,0
2023-07-28 11:13:50,797.3,774308,31,792.34,275193,293383,0.44724409448818325,0
2023-07-28 11:13:50,797.3,774308,31,792.34,275311,293383,0.44724409448818325,0
2023-07-28 11:13:50,797.3,774308,31,792.34,274862,293889,0.44724409448818325,0
2023-07-28 11:13:50,797.3,774308,31,792.34,275333,293403,0.44724409448818325,0
2023-07-28 11:13:57,797.3,774318,9,792.34,275324,293403,0.44724409448818325,0
2023-07-28 11:13:57,797.3,774318,9,792.34,275324,293253,0.44724409448818325,0
2023-07-28 11:13:57,797.3,774318,9,792.34,274853,293562,0.44724409448818325,0
2023-07-28 11:13:57,797.3,774318,9,792.34,274912,293691,0.44724409448818325,0
2023-07-28 11:13:57,797.3,774318,9,792.34,275178,293691,0.44724409448818325,0
2023-07-28 11:13:57,797.3,774318,9,792.34,275132,293691,0.44724409448818325,0
2023-07-28 11:13:57,797.3,774318,9,792.34,275152,293691,0.44724409448818325,0
2023-07-28 11:14:05,797.3,774319,1,792.34,275130,293575,0.44724409448818325,0
2023-07-28 11:14:05,797.3,774319,1,792.34,275126,293575,0.44724409448818325,0
2023-07-28 11:14:05,797.3,774319,1,792.34,275110,293199,0.44724409448818325,0
2023-07-28 11:14:05,797.05,774319,11,792.34,275110,293199,0.41574803149605727,0
2023-07-28 11:14:05,797.4,774319,1,792.34,275110,293199,0.45984251968503653,0
2023-07-28 11:14:12,797.4,774920,1,792.35,276019,290833,0.45984251968503653,0
2023-07-28 11:14:12,797.4,774920,1,792.35,276019,290833,0.45984251968503653,0
2023-07-28 11:14:16,797.4,774921,1,792.35,275578,291121,0.45984251968503653,0
2023-07-28 11:14:23,797.35,774923,2,792.35,275265,291431,0.45354330708661705,0
2023-07-28 11:14:23,797.35,774923,6,792.35,275265,291431,0.45354330708661705,0
2023-07-28 11:14:23,797.35,774923,6,792.35,275265,291431,0.45354330708661705,0
2023-07-28 11:14:23,797.35,774923,6,792.35,275265,291431,0.45354330708661705,0
2023-07-28 11:14:23,797.35,774923,6,792.35,275265,291431,0.45354330708661705,0
2023-07-28 11:14:23,797.35,774923,1,792.35,275265,291431,0.45354330708661705,0
2023-07-28 11:14:23,797.35,774923,1,792.35,275265,291431,0.45354330708661705,0
2023-07-28 11:14:26,797.35,774930,1,792.35,274706,292149,0.45354330708661705,0
2023-07-28 11:14:26,797.35,774930,1,792.35,274706,292149,0.45354330708661705,0
2023-07-28 11:14:26,797.35,774930,1,792.35,274706,292149,0.45354330708661705,0
2023-07-28 11:14:26,797.35,774930,1,792.35,274828,292370,0.45354330708661705,0
2023-07-28 11:14:26,797.05,774930,2,792.35,274828,292370,0.41574803149605727,0
2023-07-28 11:14:26,797.05,774930,1,792.35,274828,292370,0.41574803149605727,0
2023-07-28 11:14:35,797.05,775208,1,792.35,275334,292207,0.41574803149605727,0
2023-07-28 11:14:35,797.4,775208,1,792.35,275334,292207,0.45984251968503653,0
2023-07-28 11:14:38,797.4,775209,1,792.35,275643,291926,0.45984251968503653,0
2023-07-28 11:14:38,797.4,775209,1,792.35,275892,291946,0.45984251968503653,0
2023-07-28 11:14:38,797.4,775209,1,792.35,275892,291946,0.45984251968503653,0
2023-07-28 11:14:48,797.4,775210,1,792.35,275940,291542,0.45984251968503653,0
2023-07-28 11:14:48,797.3,775210,50,792.35,275940,291542,0.44724409448818325,0
2023-07-28 11:14:50,797.3,775733,50,792.35,275075,291008,0.44724409448818325,0
2023-07-28 11:14:50,797.5,775733,1,792.35,275075,291008,0.47244094488188976,0
2023-07-28 11:14:56,797.5,775734,1,792.35,275326,290903,0.47244094488188976,0
2023-07-28 11:14:56,797.0,775734,12,792.35,275326,290903,0.4094488188976378,0
2023-07-28 11:15:00,797.0,776164,12,792.36,275583,291108,0.4094488188976378,0
2023-07-28 11:15:00,797.0,776164,12,792.36,276134,290982,0.4094488188976378,0
2023-07-28 11:15:00,797.0,776164,12,792.36,275971,291051,0.4094488188976378,0
2023-07-28 11:15:00,797.3,776164,621,792.36,275971,291051,0.44724409448818325,0
2023-07-28 11:15:14,797.3,776858,621,792.36,275336,291071,0.44724409448818325,0
2023-07-28 11:15:14,797.15,776858,1,792.36,275336,291071,0.42834645669291055,0
2023-07-28 11:15:18,797.15,776860,1,792.36,275786,291971,0.42834645669291055,0
2023-07-28 11:15:18,797.15,776860,1,792.36,275927,291117,0.42834645669291055,0
2023-07-28 11:15:18,797.15,776860,1,792.36,275927,291117,0.42834645669291055,0
2023-07-28 11:15:18,797.0,776860,1,792.36,275927,291117,0.4094488188976378,0
2023-07-28 11:15:36,797.0,776861,1,792.36,275926,291142,0.4094488188976378,0
2023-07-28 11:15:36,797.0,776861,60,792.36,275926,291142,0.4094488188976378,0
2023-07-28 11:15:39,797.0,776921,60,792.36,275848,291142,0.4094488188976378,0
2023-07-28 11:15:39,797.0,776921,60,792.36,275911,291107,0.4094488188976378,0
2023-07-28 11:15:39,797.15,776921,15,792.36,275190,291131,0.42834645669291055,0
2023-07-28 11:15:49,797.15,776936,15,792.36,276187,290992,0.42834645669291055,0
2023-07-28 11:15:49,797.0,776936,4,792.36,276187,290992,0.4094488188976378,0
2023-07-28 11:15:54,797.0,777018,4,792.36,276092,291039,0.4094488188976378,0
2023-07-28 11:15:54,797.0,777018,10,792.36,276092,291039,0.4094488188976378,0
2023-07-28 11:15:54,797.3,777018,291,792.36,276092,291039,0.44724409448818325,0
2023-07-28 11:16:01,797.3,777991,291,792.37,275884,291604,0.44724409448818325,0
2023-07-28 11:16:01,797.3,777991,291,792.37,275986,290224,0.44724409448818325,0
2023-07-28 11:16:14,797.0,778012,20,792.37,275956,290194,0.4094488188976378,0
2023-07-28 11:16:14,797.25,778012,1,792.37,275956,290194,0.4409448818897638,0
2023-07-28 11:16:16,797.3,778013,44,792.37,276274,289826,0.44724409448818325,0
2023-07-28 11:16:18,797.3,778113,44,792.37,276039,290283,0.44724409448818325,0
2023-07-28 11:16:18,797.0,778113,2,792.37,276097,291743,0.4094488188976378,0
2023-07-28 11:16:27,797.0,778115,2,792.37,276045,291837,0.4094488188976378,0
2023-07-28 11:16:27,797.0,778115,66,792.37,276045,291837,0.4094488188976378,0
2023-07-28 11:16:27,797.0,778115,50,792.37,276045,291837,0.4094488188976378,0
2023-07-28 11:16:35,797.25,778237,6,792.37,275816,292149,0.4409448818897638,0
2023-07-28 11:16:35,797.25,778237,6,792.37,275816,292149,0.4409448818897638,0
2023-07-28 11:16:35,797.25,778237,6,792.37,275454,292564,0.4409448818897638,0
2023-07-28 11:16:35,797.25,778237,6,792.37,275541,292620,0.4409448818897638,0
2023-07-28 11:16:35,797.0,778237,50,792.37,275541,292620,0.4094488188976378,0
2023-07-28 11:16:35,797.0,778237,1,792.37,275541,292620,0.4094488188976378,0
2023-07-28 11:16:35,797.0,778237,1,792.37,275541,292620,0.4094488188976378,0
2023-07-28 11:16:35,797.3,778237,1,792.37,275541,292620,0.44724409448818325,0
2023-07-28 11:16:55,797.3,778309,1,792.37,275486,292435,0.44724409448818325,0
2023-07-28 11:16:55,797.3,778309,30,792.37,275486,292435,0.44724409448818325,0
2023-07-28 11:16:55,796.85,778309,1,792.37,275486,292435,0.3905511811023651,0
2023-07-28 11:16:55,796.9,778309,1,792.37,275486,292435,0.3968503937007845,0
2023-07-28 11:16:59,796.9,778678,1,792.37,274548,291746,0.3968503937007845,0
2023-07-28 11:16:59,796.5,778678,30,792.37,274548,291746,0.3464566929133858,0
2023-07-28 11:17:04,796.5,779937,30,792.38,271802,294128,0.3464566929133858,0
2023-07-28 11:17:04,796.5,779937,30,792.38,272432,293786,0.3464566929133858,0
2023-07-28 11:17:04,796.45,779937,1,792.38,272432,293786,0.34015748031496634,0
2023-07-28 11:17:04,796.15,779937,1,792.38,272432,293786,0.30236220472440656,0
2023-07-28 11:17:04,796.05,779937,51,792.38,272432,293786,0.28976377952755333,0
2023-07-28 11:17:14,796.05,780571,5,792.38,271878,292641,0.28976377952755333,0
2023-07-28 11:17:14,796.5,780571,8,792.38,271878,292641,0.3464566929133858,0
2023-07-28 11:17:14,796.5,780571,8,792.38,271878,292641,0.3464566929133858,0
2023-07-28 11:17:18,796.5,780595,8,792.38,273222,291867,0.3464566929133858,0
2023-07-28 11:17:18,796.5,780595,8,792.38,273222,291867,0.3464566929133858,0
2023-07-28 11:17:18,796.45,780595,1,792.38,273222,291867,0.34015748031496634,0
2023-07-28 11:17:22,796.45,780604,1,792.38,274541,292399,0.34015748031496634,0
2023-07-28 11:17:22,796.45,780604,1,792.38,274541,292399,0.34015748031496634,0
2023-07-28 11:17:22,796.45,780604,1,792.38,274541,292399,0.34015748031496634,0
2023-07-28 11:17:22,796.45,780604,1,792.38,274541,292399,0.34015748031496634,0
2023-07-28 11:17:22,796.45,780604,1,792.38,274541,292399,0.34015748031496634,0
2023-07-28 11:17:22,796.45,780604,1,792.38,274541,292399,0.34015748031496634,0
2023-07-28 11:17:22,796.45,780604,1,792.38,274541,292399,0.34015748031496634,0
2023-07-28 11:17:22,796.45,780604,3,792.38,274147,292810,0.34015748031496634,0
2023-07-28 11:17:22,796.45,780604,3,792.38,274147,292810,0.34015748031496634,0
2023-07-28 11:17:22,796.45,780604,3,792.38,274147,292810,0.34015748031496634,0
2023-07-28 11:17:22,796.45,780604,3,792.38,274147,292810,0.34015748031496634,0
2023-07-28 11:17:28,796.45,780607,3,792.38,274303,292721,0.34015748031496634,0
2023-07-28 11:17:28,796.45,780607,1,792.38,274303,292721,0.34015748031496634,0
2023-07-28 11:17:28,796.45,780607,7,792.38,274303,292721,0.34015748031496634,0
2023-07-28 11:17:35,796.45,780726,7,792.38,274011,292818,0.34015748031496634,0
2023-07-28 11:17:35,796.45,780726,8,792.38,274011,292818,0.34015748031496634,0
2023-07-28 11:17:35,796.45,780726,8,792.38,274011,292818,0.34015748031496634,0
2023-07-28 11:17:40,796.45,780742,8,792.38,272538,293928,0.34015748031496634,0
2023-07-28 11:17:40,796.25,780742,7,792.38,272538,293928,0.31496062992125984,0
2023-07-28 11:17:40,795.75,780742,53,792.38,272538,293928,0.25196850393700787,0
2023-07-28 11:17:44,795.75,781550,1,792.39,272728,297045,0.25196850393700787,0
2023-07-28 11:17:44,795.8,781550,8,792.39,272728,297045,0.25826771653542735,0
2023-07-28 11:17:48,795.8,781559,8,792.39,264592,295333,0.25826771653542735,0
2023-07-28 11:17:48,795.8,781559,50,792.39,264592,295333,0.25826771653542735,0
2023-07-28 11:17:52,795.8,781701,50,792.39,272038,294956,0.25826771653542735,0
2023-07-28 11:17:52,795.9,781701,15,792.39,272038,294956,0.2708661417322806,0
2023-07-28 11:17:55,795.9,781801,15,792.39,271966,294014,0.2708661417322806,0
2023-07-28 11:17:55,796.3,781801,1,792.39,271966,294014,0.3212598425196793,0
2023-07-28 11:18:02,796.3,781802,1,792.39,272903,294523,0.3212598425196793,0
2023-07-28 11:18:02,796.3,781802,8,792.39,272903,294523,0.3212598425196793,0
2023-07-28 11:18:02,795.95,781802,15,792.39,272903,294523,0.2771653543307144,0
2023-07-28 11:18:06,796.3,781898,8,792.39,273414,293862,0.3212598425196793,0
2023-07-28 11:18:06,796.3,781898,8,792.39,274452,293637,0.3212598425196793,0
2023-07-28 11:18:06,796.15,781898,27,792.39,274449,293637,0.30236220472440656,0
2023-07-28 11:18:09,796.4,781968,39,792.39,273084,295204,0.33385826771653254,0
2023-07-28 11:18:09,796.4,781968,39,792.39,273469,293434,0.33385826771653254,0
2023-07-28 11:18:09,796.4,781968,39,792.39,273204,293459,0.33385826771653254,0
2023-07-28 11:18:09,795.95,781968,12,792.39,272797,293755,0.2771653543307144,0
2023-07-28 11:18:12,795.95,782068,12,792.39,273128,293880,0.2771653543307144,0
2023-07-28 11:18:12,796.05,782068,2,792.39,273286,295175,0.28976377952755333,0
2023-07-28 11:18:14,796.05,782070,2,792.39,273765,293384,0.28976377952755333,0
2023-07-28 11:18:16,795.95,782075,4,792.39,273369,293884,0.2771653543307144,0
2023-07-28 11:18:16,795.95,782075,3,792.39,273369,293884,0.2771653543307144,0
2023-07-28 11:18:17,795.95,782082,3,792.39,273360,293685,0.2771653543307144,0
2023-07-28 11:18:17,795.95,782082,3,792.39,273118,294127,0.2771653543307144,0
2023-07-28 11:18:17,795.9,782082,5,792.39,273217,295459,0.2708661417322806,0
2023-07-28 11:18:17,795.9,782082,3,792.39,273217,295459,0.2708661417322806,0
2023-07-28 11:18:20,796.2,782163,51,792.39,273962,293421,0.30866141732284036,0
2023-07-28 11:18:20,796.2,782163,51,792.39,274304,293439,0.30866141732284036,0
2023-07-28 11:18:20,796.2,782163,51,792.39,273584,293230,0.30866141732284036,0
2023-07-28 11:18:20,796.2,782163,51,792.39,273494,294169,0.30866141732284036,0
2023-07-28 11:18:20,796.2,782163,51,792.39,273910,294169,0.30866141732284036,0
2023-07-28 11:18:25,795.95,782165,2,792.39,273471,294059,0.2771653543307144,0
2023-07-28 11:18:25,795.95,782165,2,792.39,273309,294253,0.2771653543307144,0
2023-07-28 11:18:25,795.95,782165,2,792.39,273377,294233,0.2771653543307144,0
2023-07-28 11:18:25,795.95,782165,2,792.39,273465,293762,0.2771653543307144,0
2023-07-28 11:18:30,796.25,782166,1,792.39,273570,293960,0.31496062992125984,0
2023-07-28 11:18:30,796.25,782166,1,792.39,273570,293960,0.31496062992125984,0
2023-07-28 11:18:30,796.25,782166,1,792.39,273827,294192,0.31496062992125984,0
2023-07-28 11:18:30,796.25,782166,1,792.39,274258,293614,0.31496062992125984,0
2023-07-28 11:18:32,796.05,782186,15,792.39,273756,293721,0.28976377952755333,0
2023-07-28 11:18:32,796.05,782186,15,792.39,273854,293904,0.28976377952755333,0
2023-07-28 11:18:32,796.05,782186,15,792.39,273854,294069,0.28976377952755333,0
2023-07-28 11:18:32,796.05,782186,9,792.39,273854,294069,0.28976377952755333,0
2023-07-28 11:18:36,796.05,782195,9,792.39,273845,294069,0.28976377952755333,0
2023-07-28 11:18:36,796.05,782195,9,792.39,273125,293313,0.28976377952755333,0
2023-07-28 11:18:36,796.05,782195,9,792.39,273458,293313,0.28976377952755333,0
2023-07-28 11:18:36,796.25,782195,28,792.39,273458,293313,0.31496062992125984,0
2023-07-28 11:18:40,796.25,782224,28,792.39,273819,293716,0.31496062992125984,0
2023-07-28 11:18:40,796.25,782224,28,792.39,274320,293429,0.31496062992125984,0
2023-07-28 11:18:40,796.25,782224,28,792.39,273874,293917,0.31496062992125984,0
2023-07-28 11:18:40,796.25,782224,28,792.39,273858,293903,0.31496062992125984,0
2023-07-28 11:18:40,796.25,782224,28,792.39,274032,293901,0.31496062992125984,0
2023-07-28 11:18:40,796.25,782224,28,792.39,274032,293855,0.31496062992125984,0
2023-07-28 11:18:40,796.25,782224,28,792.39,274045,293952,0.31496062992125984,0
2023-07-28 11:18:40,796.25,782224,28,792.39,274491,293494,0.31496062992125984,0
2023-07-28 11:18:40,796.25,782224,28,792.39,274045,293494,0.31496062992125984,0
2023-07-28 11:18:40,796.25,782224,28,792.39,273769,293497,0.31496062992125984,0
2023-07-28 11:18:40,796.25,782224,28,792.39,273721,293606,0.31496062992125984,0
2023-07-28 11:18:40,796.25,782224,28,792.39,273671,293606,0.31496062992125984,0
2023-07-28 11:18:40,796.25,782224,28,792.39,273693,293608,0.31496062992125984,0
2023-07-28 11:18:55,796.3,782264,20,792.39,274714,294316,0.3212598425196793,0
2023-07-28 11:18:55,796.25,782264,7,792.39,274714,294316,0.31496062992125984,0
2023-07-28 11:18:56,796.25,782289,7,792.39,274017,293882,0.31496062992125984,0
2023-07-28 11:18:56,796.25,782289,7,792.39,274017,293819,0.31496062992125984,0
2023-07-28 11:18:56,796.4,782289,1,792.39,274017,293819,0.33385826771653254,0
2023-07-28 11:18:59,796.4,782290,1,792.39,274039,293818,0.33385826771653254,0
2023-07-28 11:18:59,796.4,782290,1,792.39,273999,293648,0.33385826771653254,0
2023-07-28 11:19:01,796.1,782315,13,792.39,273859,293889,0.29606299212598713,0
2023-07-28 11:19:01,796.1,782315,13,792.39,273860,293959,0.29606299212598713,0
2023-07-28 11:19:03,796.4,782415,38,792.39,273860,293859,0.33385826771653254,0
2023-07-28 11:19:03,796.4,782415,38,792.39,274152,293859,0.33385826771653254,0
2023-07-28 11:19:03,796.0,782415,3,792.39,274152,293859,0.28346456692913385,0
2023-07-28 11:19:04,796.25,782565,50,792.39,274486,294948,0.31496062992125984,0
2023-07-28 11:19:04,796.25,782565,50,792.39,274067,293828,0.31496062992125984,0
2023-07-28 11:19:04,796.25,782565,50,792.39,274057,295178,0.31496062992125984,0
2023-07-28 11:19:04,796.25,782565,138,792.39,274057,295178,0.31496062992125984,0
2023-07-28 11:19:15,796.35,782715,10,792.39,273235,294419,0.3275590551181131,0
2023-07-28 11:19:15,796.35,782715,2,792.39,273235,294419,0.3275590551181131,0
2023-07-28 11:19:20,796.35,782925,2,792.39,274042,293965,0.3275590551181131,0
2023-07-28 11:19:20,796.0,782925,5,792.39,274042,293965,0.28346456692913385,0
2023-07-28 11:19:20,796.05,782925,15,792.39,274042,293965,0.28976377952755333,0
2023-07-28 11:19:26,796.05,782945,15,792.39,274318,293863,0.28976377952755333,0
2023-07-28 11:19:26,796.35,782945,1,792.39,274318,293863,0.3275590551181131,0
2023-07-28 11:19:29,796.35,782946,1,792.39,274229,293892,0.3275590551181131,0
2023-07-28 11:19:29,796.35,782946,1,792.39,274213,294611,0.3275590551181131,0
2023-07-28 11:19:29,796.35,782946,1,792.39,273963,295186,0.3275590551181131,0
2023-07-28 11:19:29,796.35,782946,3,792.39,273963,295186,0.3275590551181131,0
2023-07-28 11:19:43,796.35,782949,3,792.39,274067,296366,0.3275590551181131,0
2023-07-28 11:19:43,796.35,782949,3,792.39,274067,296566,0.3275590551181131,0
2023-07-28 11:19:52,796.0,782999,17,792.39,273937,295271,0.28346456692913385,0
2023-07-28 11:19:52,796.0,782999,17,792.39,274055,295927,0.28346456692913385,0
2023-07-28 11:19:52,795.9,782999,3,792.39,274055,295927,0.2708661417322806,0
2023-07-28 11:20:00,795.9,783089,3,792.39,274165,295830,0.2708661417322806,0
2023-07-28 11:20:00,796.4,783089,29,792.39,274165,295830,0.33385826771653254,0
2023-07-28 11:20:00,796.4,783089,1,792.39,274165,295830,0.33385826771653254,0
2023-07-28 11:20:00,796.05,783089,13,792.39,274165,295830,0.28976377952755333,0
2023-07-28 11:20:08,796.05,783440,13,792.39,274319,295080,0.28976377952755333,0
2023-07-28 11:20:08,796.05,783440,13,792.39,274044,295236,0.28976377952755333,0
2023-07-28 11:20:17,796.05,783450,10,792.39,274483,295482,0.28976377952755333,0
2023-07-28 11:20:22,796.05,783473,2,792.4,274483,295147,0.28976377952755333,0
2023-07-28 11:20:22,796.05,783473,2,792.4,274483,295147,0.28976377952755333,0
2023-07-28 11:20:22,796.05,783473,2,792.4,274483,295147,0.28976377952755333,0
2023-07-28 11:20:22,796.05,783473,2,792.4,274483,295147,0.28976377952755333,0
2023-07-28 11:20:22,796.05,783473,2,792.4,274486,295147,0.28976377952755333,0
2023-07-28 11:20:22,796.05,783473,2,792.4,274486,295147,0.28976377952755333,0
2023-07-28 11:20:22,796.45,783473,215,792.4,274486,295147,0.34015748031496634,0
2023-07-28 11:20:22,796.45,783473,215,792.4,274486,295147,0.34015748031496634,0
2023-07-28 11:20:22,796.45,783473,215,792.4,274486,295147,0.34015748031496634,0
2023-07-28 11:20:22,796.05,783473,25,792.4,274486,295147,0.28976377952755333,0
2023-07-28 11:20:30,796.05,783955,25,792.4,274416,295957,0.28976377952755333,0
2023-07-28 11:20:30,796.45,783955,100,792.4,274416,295957,0.34015748031496634,0
2023-07-28 11:20:33,796.45,784055,100,792.4,274540,295744,0.34015748031496634,0
2023-07-28 11:20:33,796.45,784055,50,792.4,274097,295785,0.34015748031496634,0
2023-07-28 11:20:40,796.45,784105,50,792.4,274047,295861,0.34015748031496634,0
2023-07-28 11:20:40,796.45,784105,50,792.4,274047,295593,0.34015748031496634,0
2023-07-28 11:20:40,796.45,784105,50,792.4,267197,295693,0.34015748031496634,0
2023-07-28 11:20:40,796.1,784105,14,792.4,267197,295693,0.29606299212598713,0
2023-07-28 11:20:40,796.1,784105,20,792.4,267197,295693,0.29606299212598713,0
2023-07-28 11:20:56,796.1,784245,20,792.4,274565,295353,0.29606299212598713,0
2023-07-28 11:21:01,796.45,784247,2,792.4,274224,295568,0.34015748031496634,0
2023-07-28 11:21:01,796.45,784247,85,792.4,274224,295568,0.34015748031496634,0
2023-07-28 11:21:04,796.45,784811,85,792.4,274510,295206,0.34015748031496634,0
2023-07-28 11:21:04,796.45,784811,85,792.4,274372,295460,0.34015748031496634,0
2023-07-28 11:21:04,796.45,784811,83,792.4,274372,295460,0.34015748031496634,0
2023-07-28 11:21:14,796.45,784894,83,792.4,274074,295321,0.34015748031496634,0
2023-07-28 11:21:14,797.15,784894,1,792.4,274074,295321,0.42834645669291055,0
2023-07-28 11:21:19,796.8,787167,15,792.42,277540,291836,0.3842519685039313,0
2023-07-28 11:21:19,797.15,787167,32,792.42,277540,291836,0.42834645669291055,0
2023-07-28 11:21:21,797.15,787200,32,792.42,274756,292354,0.42834645669291055,0
2023-07-28 11:21:21,797.15,787200,50,792.42,274756,292354,0.42834645669291055,0
2023-07-28 11:21:27,797.15,787355,50,792.42,275603,291846,0.42834645669291055,0
2023-07-28 11:21:27,797.15,787355,5,792.42,275603,291846,0.42834645669291055,0
2023-07-28 11:21:30,797.15,787360,5,792.42,275713,291851,0.42834645669291055,0
2023-07-28 11:21:30,797.1,787360,100,792.42,275713,291851,0.42204724409449107,0
2023-07-28 11:21:30,797.2,787360,54,792.42,275713,291851,0.4346456692913443,0
2023-07-28 11:21:35,797.2,787534,54,792.42,275817,292189,0.4346456692913443,0
2023-07-28 11:21:35,797.2,787534,54,792.42,275817,292189,0.4346456692913443,0
2023-07-28 11:21:35,797.25,787534,5,792.42,275817,292189,0.4409448818897638,0
2023-07-28 11:21:42,797.25,787539,5,792.42,275871,292219,0.4409448818897638,0
2023-07-28 11:21:42,797.25,787539,5,792.42,275296,292498,0.4409448818897638,0
2023-07-28 11:21:42,796.8,787539,7,792.42,275296,292498,0.3842519685039313,0
2023-07-28 11:21:51,796.8,787546,7,792.42,275143,292610,0.3842519685039313,0
2023-07-28 11:21:51,796.8,787546,7,792.42,275514,292604,0.3842519685039313,0
2023-07-28 11:21:51,796.8,787546,38,792.42,275514,292604,0.3842519685039313,0
2023-07-28 11:22:01,796.8,787646,38,792.42,275424,292209,0.3842519685039313,0
2023-07-28 11:22:01,797.25,787646,54,792.42,275424,292209,0.4409448818897638,0
2023-07-28 11:22:07,797.25,787783,1,792.42,275870,293923,0.4409448818897638,0
2023-07-28 11:22:07,796.8,787783,2,792.42,275870,293923,0.3842519685039313,0
2023-07-28 11:22:11,796.8,787785,2,792.42,275686,293741,0.3842519685039313,0
2023-07-28 11:22:11,796.8,787785,2,792.42,275557,294174,0.3842519685039313,0
2023-07-28 11:22:11,796.8,787785,2,792.42,275592,294087,0.3842519685039313,0
2023-07-28 11:22:11,797.25,787785,856,792.42,275592,294087,0.4409448818897638,0
2023-07-28 11:22:27,797.25,788787,1,792.42,275995,293048,0.4409448818897638,0
2023-07-28 11:22:27,796.85,788787,53,792.42,275995,293048,0.3905511811023651,0
2023-07-28 11:22:29,796.85,788869,53,792.43,275237,293674,0.3905511811023651,0
2023-07-28 11:22:29,796.85,788869,1,792.43,275237,293674,0.3905511811023651,0
2023-07-28 11:22:32,796.85,788934,1,792.43,275656,294921,0.3905511811023651,0
2023-07-28 11:22:32,797.25,788934,31,792.43,275656,294921,0.4409448818897638,0
2023-07-28 11:22:32,797.25,788934,21,792.43,275656,294921,0.4409448818897638,0
2023-07-28 11:22:32,797.25,788934,10,792.43,275656,294921,0.4409448818897638,0
2023-07-28 11:22:39,797.25,789226,10,792.43,275770,294868,0.4409448818897638,0
2023-07-28 11:22:39,797.25,789226,10,792.43,275861,294799,0.4409448818897638,0
2023-07-28 11:22:39,796.85,789226,7,792.43,275861,294799,0.3905511811023651,0
2023-07-28 11:22:39,797.3,789226,6,792.43,275861,294799,0.44724409448818325,0
2023-07-28 11:22:48,797.3,789242,6,792.43,276443,293396,0.44724409448818325,0
2023-07-28 11:22:48,797.3,789242,6,792.43,276385,293637,0.44724409448818325,0
2023-07-28 11:22:48,797.3,789242,6,792.43,276409,293454,0.44724409448818325,0
2023-07-28 11:22:48,797.3,789242,6,792.43,276475,293610,0.44724409448818325,0
2023-07-28 11:22:48,797.3,789242,6,792.43,269725,293346,0.44724409448818325,0
2023-07-28 11:22:48,797.3,789242,1,792.43,269725,293346,0.44724409448818325,0
2023-07-28 11:23:09,797.3,789243,1,792.43,275950,293536,0.44724409448818325,0
2023-07-28 11:23:09,797.3,789243,1,792.43,276059,293516,0.44724409448818325,0
2023-07-28 11:23:09,797.3,789243,1,792.43,275559,293611,0.44724409448818325,0
2023-07-28 11:23:09,797.3,789243,1,792.43,275610,293671,0.44724409448818325,0
2023-07-28 11:23:09,797.25,789243,1,792.43,275610,293671,0.4409448818897638,0
2023-07-28 11:23:09,797.25,789243,1,792.43,275610,293671,0.4409448818897638,0
2023-07-28 11:23:09,797.25,789243,1,792.43,275610,293671,0.4409448818897638,0
2023-07-28 11:23:09,797.25,789243,1,792.43,275610,293671,0.4409448818897638,0
2023-07-28 11:23:09,797.25,789243,1,792.43,275610,293671,0.4409448818897638,0
2023-07-28 11:23:24,797.25,789244,1,792.43,275971,293738,0.4409448818897638,0
2023-07-28 11:23:24,797.25,789244,1,792.43,275971,293738,0.4409448818897638,0
2023-07-28 11:23:24,797.25,789244,1,792.43,275971,293738,0.4409448818897638,0
2023-07-28 11:23:24,797.25,789244,1,792.43,275971,293738,0.4409448818897638,0
2023-07-28 11:23:24,797.25,789244,1,792.43,275971,293738,0.4409448818897638,0
2023-07-28 11:23:24,797.25,789244,1,792.43,275983,293726,0.4409448818897638,0
2023-07-28 11:23:24,797.25,789244,1,792.43,276255,293418,0.4409448818897638,0
2023-07-28 11:23:24,797.25,789244,4,792.43,276255,293418,0.4409448818897638,0
2023-07-28 11:23:37,797.25,789248,4,792.43,275373,294259,0.4409448818897638,0
2023-07-28 11:23:37,797.25,789248,1,792.43,275373,294259,0.4409448818897638,0
2023-07-28 11:23:41,797.25,789249,1,792.43,275037,294197,0.4409448818897638,0
2023-07-28 11:23:41,796.95,789249,9,792.43,275037,294197,0.4031496062992183,0
2023-07-28 11:23:46,796.95,789259,9,792.43,275045,294180,0.4031496062992183,0
2023-07-28 11:23:46,797.25,789259,1,792.43,275045,294180,0.4409448818897638,0
2023-07-28 11:23:49,797.25,789260,1,792.43,274994,294045,0.4409448818897638,0
2023-07-28 11:23:49,797.25,789260,1,792.43,274994,294045,0.4409448818897638,0
2023-07-28 11:23:49,796.95,789260,2,792.43,274994,294045,0.4031496062992183,0
2023-07-28 11:23:54,796.95,789264,2,792.43,275002,294039,0.4031496062992183,0
2023-07-28 11:23:54,796.95,789264,4,792.43,275002,294039,0.4031496062992183,0
2023-07-28 11:23:56,796.95,789268,4,792.43,274969,294439,0.4031496062992183,0
2023-07-28 11:23:56,796.95,789268,4,792.43,274897,294297,0.4031496062992183,0
2023-07-28 11:24:08,797.0,789270,1,792.43,274977,294326,0.4094488188976378,0
2023-07-28 11:24:08,797.25,789270,110,792.43,274977,294326,0.4409448818897638,0
2023-07-28 11:24:08,796.95,789270,25,792.43,274977,294326,0.4031496062992183,0
2023-07-28 11:24:08,796.95,789270,50,792.43,274977,294326,0.4031496062992183,0
2023-07-28 11:24:12,796.95,789883,50,792.43,275006,293712,0.4031496062992183,0
2023-07-28 11:24:12,797.25,789883,1,792.43,275006,293712,0.4409448818897638,0
2023-07-28 11:24:15,797.25,789884,1,792.43,275024,293707,0.4409448818897638,0
2023-07-28 11:24:15,797.25,789884,1,792.43,274959,293986,0.4409448818897638,0
2023-07-28 11:24:15,797.25,789884,1,792.43,274959,293886,0.4409448818897638,0
2023-07-28 11:24:15,797.25,789884,1,792.43,274959,294010,0.4409448818897638,0
2023-07-28 11:24:15,796.8,789884,25,792.43,274959,294010,0.3842519685039313,0
2023-07-28 11:24:15,796.75,789884,1,792.43,274959,294010,0.3779527559055118,0
2023-07-28 11:24:32,796.75,791412,1,792.44,273294,296835,0.3779527559055118,0
2023-07-28 11:24:32,796.75,791412,4,792.44,273294,296835,0.3779527559055118,0
2023-07-28 11:24:32,796.75,791412,8,792.44,273294,296835,0.3779527559055118,0
2023-07-28 11:24:36,796.75,791544,36,792.44,273728,295425,0.3779527559055118,0
2023-07-28 11:24:36,796.75,791544,36,792.44,273728,295425,0.3779527559055118,0
2023-07-28 11:24:36,796.75,791544,2,792.44,273728,295425,0.3779527559055118,0
2023-07-28 11:24:37,796.75,791547,2,792.44,273350,296354,0.3779527559055118,0
2023-07-28 11:24:37,796.75,791547,2,792.44,266499,294787,0.3779527559055118,0
2023-07-28 11:24:37,796.75,791547,2,792.44,273213,294918,0.3779527559055118,0
2023-07-28 11:24:37,796.6,791547,2,792.44,273213,294918,0.3590551181102391,0
2023-07-28 11:24:37,796.45,791547,7,792.44,273213,294918,0.34015748031496634,0
2023-07-28 11:24:51,796.5,791689,1,792.44,271764,296245,0.3464566929133858,0
2023-07-28 11:24:51,796.5,791689,1,792.44,271764,296245,0.3464566929133858,0
2023-07-28 11:24:54,796.5,791690,1,792.44,272041,296042,0.3464566929133858,0
2023-07-28 11:24:54,796.5,791690,2,792.44,272041,296042,0.3464566929133858,0
2023-07-28 11:24:58,796.5,791736,2,792.44,271967,298509,0.3464566929133858,0
2023-07-28 11:24:58,796.5,791736,2,792.44,272250,298509,0.3464566929133858,0
2023-07-28 11:24:58,796.15,791736,36,792.44,272250,298509,0.30236220472440656,0
2023-07-28 11:25:10,796.1,793138,791,792.45,273118,295936,0.29606299212598713,0
2023-07-28 11:25:10,796.05,793138,34,792.45,273118,295936,0.28976377952755333,0
2023-07-28 11:25:10,796.1,793138,1,792.45,273118,295936,0.29606299212598713,0
2023-07-28 11:25:13,796.1,793297,1,792.45,272242,296451,0.29606299212598713,0
2023-07-28 11:25:13,796.1,793297,1,792.45,273651,296367,0.29606299212598713,0
2023-07-28 11:25:13,796.1,793297,10,792.45,273651,296367,0.29606299212598713,0
2023-07-28 11:25:21,796.1,793307,10,792.45,273203,296826,0.29606299212598713,0
2023-07-28 11:25:21,796.1,793307,10,792.45,273670,296024,0.29606299212598713,0
2023-07-28 11:25:21,796.35,793307,2,792.45,273670,296024,0.3275590551181131,0
2023-07-28 11:25:31,796.35,793309,2,792.45,273607,296207,0.3275590551181131,0
2023-07-28 11:25:31,796.1,793309,1,792.45,273607,296207,0.29606299212598713,0
2023-07-28 11:25:31,796.05,793309,73,792.45,273607,296207,0.28976377952755333,0
2023-07-28 11:25:35,796.05,793524,127,792.45,273165,297804,0.28976377952755333,0
2023-07-28 11:25:35,796.05,793524,127,792.45,273592,296894,0.28976377952755333,0
2023-07-28 11:25:35,796.05,793524,127,792.45,273788,296792,0.28976377952755333,0
2023-07-28 11:25:35,796.3,793524,17,792.45,273788,296792,0.3212598425196793,0
2023-07-28 11:25:45,796.3,793541,17,792.45,273480,295493,0.3212598425196793,0
2023-07-28 11:25:45,796.3,793541,20,792.45,273543,295684,0.3212598425196793,0
2023-07-28 11:25:53,796.3,793561,20,792.45,273543,296967,0.3212598425196793,0
2023-07-28 11:25:53,796.3,793561,20,792.45,273547,296936,0.3212598425196793,0
2023-07-28 11:25:53,796.05,793561,38,792.45,273547,296936,0.28976377952755333,0
2023-07-28 11:26:01,796.05,793609,38,792.45,273394,296653,0.28976377952755333,0
2023-07-28 11:26:01,796.05,793609,38,792.45,272922,295790,0.28976377952755333,0
2023-07-28 11:26:01,796.05,793609,6,792.45,272922,295790,0.28976377952755333,0
2023-07-28 11:26:11,796.05,793615,6,792.45,272916,295978,0.28976377952755333,0
2023-07-28 11:26:11,796.05,793615,6,792.45,273200,295492,0.28976377952755333,0
2023-07-28 11:26:11,795.95,793615,1,792.45,273200,295492,0.2771653543307144,0
2023-07-28 11:26:19,795.95,794207,1,792.45,267439,296837,0.2771653543307144,0
2023-07-28 11:26:19,795.95,794207,1,792.45,267607,296449,0.2771653543307144,0
2023-07-28 11:26:19,795.95,794207,1,792.45,267607,296449,0.2771653543307144,0
2023-07-28 11:26:19,795.95,794207,1,792.45,267607,296449,0.2771653543307144,0
2023-07-28 11:26:19,796.05,794207,1,792.45,267607,296449,0.28976377952755333,0
2023-07-28 11:26:19,796.05,794207,1,792.45,267607,296449,0.28976377952755333,0
2023-07-28 11:26:28,796.05,794211,1,792.45,267364,295874,0.28976377952755333,0
2023-07-28 11:26:28,796.05,794211,1,792.45,267364,295874,0.28976377952755333,0
2023-07-28 11:26:28,796.05,794211,1,792.45,267364,295874,0.28976377952755333,0
2023-07-28 11:26:28,796.05,794211,1,792.45,267212,295154,0.28976377952755333,0
2023-07-28 11:26:28,796.0,794211,2,792.45,267212,295154,0.28346456692913385,0
2023-07-28 11:26:38,796.0,794213,2,792.45,267177,295530,0.28346456692913385,0
2023-07-28 11:26:38,796.05,794213,103,792.45,267177,295530,0.28976377952755333,0
2023-07-28 11:26:40,796.05,794316,103,792.45,267216,295652,0.28976377952755333,0
2023-07-28 11:26:40,796.05,794316,36,792.45,267216,295652,0.28976377952755333,0
2023-07-28 11:26:40,796.05,794316,12,792.45,267216,295652,0.28976377952755333,0
2023-07-28 11:26:46,796.05,794364,12,792.45,267264,295482,0.28976377952755333,0
2023-07-28 11:26:46,796.3,794364,17,792.45,267264,295482,0.3212598425196793,0
2023-07-28 11:26:46,796.35,794364,50,792.45,267264,295482,0.3275590551181131,0
2023-07-28 11:26:50,796.55,794693,53,792.46,270353,294589,0.3527559055118053,0
2023-07-28 11:26:50,796.55,794693,1,792.46,270353,294589,0.3527559055118053,0
2023-07-28 11:26:50,796.6,794693,18,792.46,270353,294589,0.3590551181102391,0
2023-07-28 11:26:55,796.6,794765,18,792.46,268973,294562,0.3590551181102391,0
2023-07-28 11:26:55,796.75,794765,6,792.46,268973,294562,0.3779527559055118,0
2023-07-28 11:26:55,796.75,794765,2,792.46,268973,294562,0.3779527559055118,0
2023-07-28 11:26:59,796.75,794773,2,792.46,269016,293976,0.3779527559055118,0
2023-07-28 11:26:59,796.75,794773,1,792.46,269016,293976,0.3779527559055118,0
2023-07-28 11:26:59,796.7,794773,1,792.46,269016,293976,0.3716535433070923,0
2023-07-28 11:26:59,796.65,794773,1,792.46,269016,293976,0.3653543307086585,0
2023-07-28 11:27:05,796.3,794790,7,792.46,268067,295212,0.3212598425196793,0
2023-07-28 11:27:05,796.6,794790,4,792.46,268067,295212,0.3590551181102391,0
2023-07-28 11:27:05,796.65,794790,1,792.46,268067,295212,0.3653543307086585,0
2023-07-28 11:27:07,796.65,794795,1,792.46,259358,296089,0.3653543307086585,0
2023-07-28 11:27:07,796.65,794795,1,792.46,261127,293487,0.3653543307086585,0
2023-07-28 11:27:07,796.8,794795,1,792.46,261127,293487,0.3842519685039313,0
2023-07-28 11:27:07,796.6,794795,201,792.46,261127,293487,0.3590551181102391,0
2023-07-28 11:27:07,796.45,794795,4,792.46,261127,293487,0.34015748031496634,0
2023-07-28 11:27:19,796.6,795649,72,792.46,268256,294182,0.3590551181102391,0
2023-07-28 11:27:19,796.45,795649,1,792.46,268256,294182,0.34015748031496634,0
2023-07-28 11:27:19,796.6,795649,64,792.46,268256,294182,0.3590551181102391,0
2023-07-28 11:27:19,796.6,795649,1,792.46,268256,294182,0.3590551181102391,0
2023-07-28 11:27:23,796.6,795825,1,792.46,268240,295766,0.3590551181102391,0
2023-07-28 11:27:23,796.6,795825,23,792.46,268240,295766,0.3590551181102391,0
2023-07-28 11:27:29,796.6,796072,60,792.46,269449,293981,0.3590551181102391,0
2023-07-28 11:27:29,796.6,796072,64,792.46,269449,293981,0.3590551181102391,0
2023-07-28 11:27:29,797.0,796072,6,792.46,269449,293981,0.4094488188976378,0
2023-07-28 11:27:29,797.0,796072,43,792.46,269449,293981,0.4094488188976378,0
2023-07-28 11:27:29,797.0,796072,50,792.46,269449,293981,0.4094488188976378,0
2023-07-28 11:27:31,796.7,796239,4,792.46,270932,293060,0.3716535433070923,0
2023-07-28 11:27:31,797.0,796239,35,792.46,270932,293060,0.4094488188976378,0
2023-07-28 11:27:31,796.7,796239,5,792.46,270932,293060,0.3716535433070923,0
2023-07-28 11:27:31,797.0,796239,16,792.46,270932,293060,0.4094488188976378,0
2023-07-28 11:27:36,797.0,796308,16,792.46,269839,293656,0.4094488188976378,0
2023-07-28 11:27:36,797.0,796308,6,792.46,269839,293656,0.4094488188976378,0
2023-07-28 11:27:36,797.0,796308,2,792.46,269839,293656,0.4094488188976378,0
2023-07-28 11:27:42,797.0,796316,2,792.46,270095,293637,0.4094488188976378,0
2023-07-28 11:27:42,796.7,796316,6,792.46,270095,293637,0.3716535433070923,0
2023-07-28 11:27:42,797.0,796316,3,792.46,270095,293637,0.4094488188976378,0
2023-07-28 11:27:47,797.0,796326,1,792.46,270105,293861,0.4094488188976378,0
2023-07-28 11:27:47,797.0,796326,1,792.46,270105,293861,0.4094488188976378,0
2023-07-28 11:27:47,797.0,796326,4,792.46,270105,293861,0.4094488188976378,0
2023-07-28 11:27:47,797.0,796326,64,792.46,270105,293861,0.4094488188976378,0
2023-07-28 11:27:47,797.25,796326,37,792.46,270105,293861,0.4409448818897638,0
2023-07-28 11:27:50,797.25,796546,37,792.47,271470,294549,0.4409448818897638,0
2023-07-28 11:27:50,797.25,796546,16,792.47,271470,294549,0.4409448818897638,0
2023-07-28 11:27:53,797.25,796562,16,792.47,272157,294868,0.4409448818897638,0
2023-07-28 11:27:53,797.25,796562,15,792.47,272157,294868,0.4409448818897638,0
2023-07-28 11:27:53,797.25,796562,5,792.47,272157,294868,0.4409448818897638,0
2023-07-28 11:28:00,797.25,796607,5,792.47,272157,294848,0.4409448818897638,0
2023-07-28 11:28:00,797.25,796607,2,792.47,272157,294848,0.4409448818897638,0
2023-07-28 11:28:00,797.0,796607,5,792.47,272157,294848,0.4094488188976378,0
2023-07-28 11:28:00,797.0,796607,8,792.47,272157,294848,0.4094488188976378,0
2023-07-28 11:28:00,797.0,796607,10,792.47,272157,294848,0.4094488188976378,0
2023-07-28 11:28:00,797.25,796607,40,792.47,272157,294848,0.4409448818897638,0
2023-07-28 11:28:00,797.25,796607,5,792.47,272157,294848,0.4409448818897638,0
2023-07-28 11:28:09,797.25,796777,5,792.47,272498,293289,0.4409448818897638,0
2023-07-28 11:28:09,797.25,796777,5,792.47,272498,293289,0.4409448818897638,0
2023-07-28 11:28:09,797.0,796777,100,792.47,272498,293289,0.4094488188976378,0
2023-07-28 11:28:14,797.25,796882,12,792.47,272273,293030,0.4409448818897638,0
2023-07-28 11:28:14,797.2,796882,55,792.47,272273,293030,0.4346456692913443,0
2023-07-28 11:28:14,797.0,796882,4,792.47,272273,293030,0.4094488188976378,0
2023-07-28 11:28:18,797.2,797749,60,792.47,270163,295473,0.4346456692913443,0
2023-07-28 11:28:18,797.0,797749,11,792.47,270163,295473,0.4094488188976378,0
2023-07-28 11:28:18,797.15,797749,57,792.47,270163,295473,0.42834645669291055,0
2023-07-28 11:28:20,797.15,798077,57,792.47,269932,295820,0.42834645669291055,0
2023-07-28 11:28:20,797.0,798077,31,792.47,269932,295820,0.4094488188976378,0
2023-07-28 11:28:25,797.0,798155,31,792.47,271358,295704,0.4094488188976378,0
2023-07-28 11:28:25,797.0,798155,83,792.47,271358,295704,0.4094488188976378,0
2023-07-28 11:28:33,797.0,798242,4,792.47,271444,295407,0.4094488188976378,0
2023-07-28 11:28:35,797.0,798252,10,792.47,271315,295509,0.4094488188976378,0
2023-07-28 11:28:35,797.0,798252,10,792.47,271330,295560,0.4094488188976378,0
2023-07-28 11:28:35,797.0,798252,10,792.47,272059,294750,0.4094488188976378,0
2023-07-28 11:28:35,797.0,798252,4,792.47,272059,294750,0.4094488188976378,0
2023-07-28 11:28:35,797.0,798252,100,792.47,272059,294750,0.4094488188976378,0
2023-07-28 11:28:35,797.0,798252,104,792.47,272059,294750,0.4094488188976378,0
2023-07-28 11:28:50,797.0,799006,104,792.48,271117,296228,0.4094488188976378,0
2023-07-28 11:28:50,797.0,799006,104,792.48,271017,297118,0.4094488188976378,0
2023-07-28 11:28:50,796.85,799006,3,792.48,271017,297118,0.3905511811023651,0
2023-07-28 11:28:50,796.85,799006,1,792.48,271017,297118,0.3905511811023651,0
2023-07-28 11:29:05,796.85,799071,1,792.48,270846,297099,0.3905511811023651,0
2023-07-28 11:29:05,796.85,799071,1,792.48,271082,297099,0.3905511811023651,0
2023-07-28 11:29:05,796.7,799071,4,792.48,271082,297099,0.3716535433070923,0
2023-07-28 11:29:11,796.7,799434,4,792.48,268191,297320,0.3716535433070923,0
2023-07-28 11:29:11,796.0,799434,1,792.48,268191,297320,0.28346456692913385,0
2023-07-28 11:29:11,796.0,799434,1,792.48,268191,297320,0.28346456692913385,0
2023-07-28 11:29:16,796.0,799999,1,792.48,268881,298381,0.28346456692913385,0
2023-07-28 11:29:16,795.95,799999,5,792.48,268881,298381,0.2771653543307144,0
2023-07-28 11:29:16,795.9,799999,9,792.48,268881,298381,0.2708661417322806,0
2023-07-28 11:29:20,795.9,800024,9,792.48,269063,297840,0.2708661417322806,0
2023-07-28 11:29:20,795.9,800024,9,792.48,269307,297821,0.2708661417322806,0
2023-07-28 11:29:20,795.9,800024,9,792.48,269307,297821,0.2708661417322806,0
2023-07-28 11:29:20,795.9,800024,9,792.48,269307,297821,0.2708661417322806,0
2023-07-28 11:29:20,795.9,800024,9,792.48,269307,297821,0.2708661417322806,0
2023-07-28 11:29:20,795.9,800024,9,792.48,269307,297821,0.2708661417322806,0
2023-07-28 11:29:20,795.9,800024,9,792.48,269307,297821,0.2708661417322806,0
2023-07-28 11:29:20,795.9,800024,1,792.48,269307,297821,0.2708661417322806,0
2023-07-28 11:29:30,795.9,800038,10,792.48,268577,296887,0.2708661417322806,0
2023-07-28 11:29:30,795.9,800038,10,792.48,268577,296887,0.2708661417322806,0
2023-07-28 11:29:30,795.8,800038,10,792.48,268577,296887,0.25826771653542735,0
2023-07-28 11:29:30,795.8,800038,4,792.48,268577,296887,0.25826771653542735,0
2023-07-28 11:29:33,795.8,800062,29,792.48,268552,295909,0.25826771653542735,0
2023-07-28 11:29:33,795.8,800062,1,792.48,268552,295909,0.25826771653542735,0
2023-07-28 11:29:38,795.8,800162,1,792.48,268719,296070,0.25826771653542735,0
2023-07-28 11:29:38,795.8,800162,1,792.48,269071,296205,0.25826771653542735,0
2023-07-28 11:29:38,795.75,800162,1,792.48,269071,296205,0.25196850393700787,0
2023-07-28 11:29:47,795.75,800583,1,792.49,268322,295748,0.25196850393700787,0
2023-07-28 11:29:47,795.7,800583,2,792.49,268322,295748,0.24566929133858842,0
2023-07-28 11:29:50,795.7,800600,11,792.49,268519,295979,0.24566929133858842,0
2023-07-28 11:29:54,795.7,800715,48,792.49,261657,296843,0.24566929133858842,0
2023-07-28 11:29:54,795.75,800715,4,792.49,261657,296843,0.25196850393700787,0
2023-07-28 11:29:54,795.75,800715,30,792.49,261657,296843,0.25196850393700787,0
2023-07-28 11:29:54,795.75,800715,35,792.49,261657,296843,0.25196850393700787,0
2023-07-28 11:29:57,795.75,800784,71,792.49,269025,297337,0.25196850393700787,0
2023-07-28 11:29:57,795.95,800784,21,792.49,269025,297337,0.2771653543307144,0
2023-07-28 11:29:57,795.85,800784,1,792.49,269025,297337,0.26456692913386115,0
2023-07-28 11:30:01,795.85,801359,1,792.49,269777,295848,0.26456692913386115,0
2023-07-28 11:30:01,795.75,801359,10,792.49,269777,295848,0.25196850393700787,0
2023-07-28 11:30:05,795.75,801373,10,792.49,269826,295909,0.25196850393700787,0
2023-07-28 11:30:12,795.55,801822,100,792.49,269522,295979,0.22677165354330137,0
2023-07-28 11:30:12,795.75,801822,4,792.49,269522,295979,0.25196850393700787,0
2023-07-28 11:30:15,795.75,801826,4,792.49,270192,295621,0.25196850393700787,0
2023-07-28 11:30:15,795.55,801826,4,792.49,270192,295621,0.22677165354330137,0
2023-07-28 11:30:15,795.5,801826,6,792.49,270192,295621,0.2204724409448819,0
2023-07-28 11:30:20,795.5,801840,6,792.49,269982,295170,0.2204724409448819,0
2023-07-28 11:30:20,795.5,801840,3,792.49,269982,295170,0.2204724409448819,0
2023-07-28 11:30:20,795.45,801840,26,792.49,269982,295170,0.21417322834646244,0
2023-07-28 11:30:24,795.5,802026,2,792.49,269444,295737,0.2204724409448819,0
2023-07-28 11:30:24,795.5,802026,2,792.49,269444,295737,0.2204724409448819,0
2023-07-28 11:30:24,795.7,802026,1,792.49,269444,295737,0.24566929133858842,0
2023-07-28 11:30:27,795.7,802064,1,792.49,269777,295333,0.24566929133858842,0
2023-07-28 11:30:27,795.3,802064,1,792.49,269777,295333,0.19527559055117538,0
2023-07-28 11:30:27,795.25,802064,32,792.49,269777,295333,0.1889763779527559,0
2023-07-28 11:30:27,795.3,802064,10,792.49,269777,295333,0.19527559055117538,0
2023-07-28 11:30:30,795.3,802794,10,792.49,268452,295565,0.19527559055117538,0
2023-07-28 11:30:30,795.25,802794,5,792.49,268452,295565,0.1889763779527559,0
2023-07-28 11:30:30,795.25,802794,11,792.49,268452,295565,0.1889763779527559,0
2023-07-28 11:30:37,795.3,802816,5,792.5,268744,295407,0.19527559055117538,0
