2023-07-28 10:49:29,1881.0,869763,14,1870.65,175072,186017,0.3869246164109406,0
2023-07-28 10:49:29,1881.0,869763,14,1870.65,175065,186030,0.3869246164109406,0
2023-07-28 10:49:31,1881.95,869772,9,1870.65,175046,185945,0.43762508338892836,0
2023-07-28 10:49:31,1881.95,869772,9,1870.65,175112,186025,0.43762508338892836,0
2023-07-28 10:49:31,1881.95,869772,1,1870.65,175112,186025,0.43762508338892836,0
2023-07-28 10:49:34,1882.0,869873,97,1870.65,175009,185430,0.4402935290193462,0
2023-07-28 10:49:34,1882.0,869873,97,1870.65,175009,185430,0.4402935290193462,0
2023-07-28 10:49:34,1882.0,869873,50,1870.65,175085,185566,0.4402935290193462,0
2023-07-28 10:49:37,1881.45,871439,128,1870.67,174812,185187,0.41094062708472556,0
2023-07-28 10:49:38,1881.95,872545,5,1870.68,175027,184887,0.43762508338892836,0
2023-07-28 10:49:39,1881.95,872820,139,1870.68,175563,184507,0.43762508338892836,0
2023-07-28 10:49:40,1881.65,873108,28,1870.69,174951,186206,0.4216144096064091,0
2023-07-28 10:49:40,1881.65,873137,1,1870.69,175002,185970,0.4216144096064091,0
2023-07-28 10:49:41,1881.65,873141,1,1870.69,175004,185304,0.4216144096064091,0
2023-07-28 10:49:42,1881.65,873142,1,1870.69,174999,185346,0.4216144096064091,0
2023-07-28 10:49:42,1881.6,873142,25,1870.69,174999,185346,0.41894596397597916,0
2023-07-28 10:49:44,1881.65,873187,4,1870.69,174959,185214,0.4216144096064091,0
2023-07-28 10:49:45,1881.4,873435,69,1870.69,174621,184898,0.4082721814543077,0
2023-07-28 10:49:45,1881.4,873435,69,1870.69,174710,184914,0.4082721814543077,0
2023-07-28 10:49:45,1881.4,873435,69,1870.69,174710,184914,0.4082721814543077,0
2023-07-28 10:49:45,1881.4,873435,69,1870.69,174226,185476,0.4082721814543077,0
2023-07-28 10:49:45,1881.5,873435,4,1870.69,174226,185476,0.4136090727151434,0
2023-07-28 10:49:50,1881.5,873442,2,1870.69,175064,185363,0.4136090727151434,0
2023-07-28 10:49:51,1881.5,873445,2,1870.69,174839,185363,0.4136090727151434,0
2023-07-28 10:49:51,1881.5,873445,2,1870.69,174839,185363,0.4136090727151434,0
2023-07-28 10:49:51,1881.5,873445,2,1870.69,174839,185373,0.4136090727151434,0
2023-07-28 10:49:51,1881.5,873445,2,1870.69,174839,185373,0.4136090727151434,0
2023-07-28 10:49:51,1881.65,873445,22,1870.69,174839,185373,0.4216144096064091,0
2023-07-28 10:49:55,1881.65,873467,22,1870.69,174948,185518,0.4216144096064091,0
2023-07-28 10:49:55,1881.5,873467,100,1870.69,174948,185518,0.4136090727151434,0
2023-07-28 10:49:56,1881.5,873685,100,1870.7,174538,185470,0.4136090727151434,0
2023-07-28 10:49:57,1881.45,873707,22,1870.7,174696,185504,0.41094062708472556,0
2023-07-28 10:49:57,1881.45,873707,1,1870.7,174696,185504,0.41094062708472556,0
2023-07-28 10:49:58,1881.45,873710,1,1870.7,174920,185446,0.41094062708472556,0
2023-07-28 10:49:59,1881.45,873711,1,1870.7,174920,185475,0.41094062708472556,0
2023-07-28 10:49:59,1881.45,873711,1,1870.7,174865,185519,0.41094062708472556,0
2023-07-28 10:50:01,1881.1,873867,2,1870.7,174878,184709,0.3922615076717763,0
2023-07-28 10:50:02,1881.65,873914,1,1870.7,175286,185310,0.4216144096064091,0
2023-07-28 10:50:02,1881.65,873914,1,1870.7,175378,185241,0.4216144096064091,0
2023-07-28 10:50:02,1881.65,873914,227,1870.7,175378,185241,0.4216144096064091,0
2023-07-28 10:50:04,1881.6,874184,10,1870.7,175121,185316,0.41894596397597916,0
2023-07-28 10:50:04,1880.85,874184,58,1870.7,175121,185316,0.3789192795196749,0
2023-07-28 10:50:05,1880.85,874406,58,1870.7,174345,185511,0.3789192795196749,0
2023-07-28 10:50:06,1880.75,874449,1,1870.7,174328,185460,0.3735823882588392,0
2023-07-28 10:50:06,1880.8,874449,5,1870.7,174206,185737,0.37625083388925706,0
2023-07-28 10:50:08,1880.8,874454,5,1870.7,174349,185746,0.37625083388925706,0
2023-07-28 10:50:08,1880.65,874454,34,1870.7,174349,185746,0.3682454969980035,0
2023-07-28 10:50:09,1880.55,874555,1,1870.71,174399,185447,0.36290860573715567,0
2023-07-28 10:50:09,1880.6,874555,9,1870.71,174399,185447,0.3655770513675735,0
2023-07-28 10:50:10,1880.6,874565,9,1870.71,174523,185844,0.3655770513675735,0
2023-07-28 10:50:10,1880.8,874565,100,1870.71,174280,186380,0.37625083388925706,0
2023-07-28 10:50:13,1881.15,874821,70,1870.71,173937,186449,0.3949299533022063,0
2023-07-28 10:50:14,1880.6,874848,1,1870.71,173814,186415,0.3655770513675735,0
2023-07-28 10:50:14,1880.6,874848,1,1870.71,173666,186404,0.3655770513675735,0
2023-07-28 10:50:15,1880.6,874851,1,1870.71,173664,186404,0.3655770513675735,0
2023-07-28 10:50:15,1880.6,874851,1,1870.71,173665,186383,0.3655770513675735,0
2023-07-28 10:50:18,1881.05,874855,3,1870.71,173759,186337,0.38959306204135846,0
2023-07-28 10:50:18,1881.05,874855,3,1870.71,173759,186337,0.38959306204135846,0
2023-07-28 10:50:19,1881.15,874955,17,1870.71,173788,186172,0.3949299533022063,0
2023-07-28 10:50:20,1880.65,874991,17,1870.71,173335,187092,0.3682454969980035,0
2023-07-28 10:50:20,1880.65,874991,17,1870.71,173335,187092,0.3682454969980035,0
2023-07-28 10:50:20,1880.1,874995,3,1870.71,173649,187052,0.3388925950633707,0
2023-07-28 10:50:20,1880.1,874995,3,1870.71,173468,187074,0.3388925950633707,0
2023-07-28 10:50:20,1880.1,874995,3,1870.71,173468,187074,0.3388925950633707,0
2023-07-28 10:50:23,1880.2,875025,3,1870.71,173940,186654,0.34422948632421857,0
2023-07-28 10:50:23,1880.2,875025,3,1870.71,173940,186654,0.34422948632421857,0
2023-07-28 10:50:23,1880.15,875028,1,1870.71,174150,186649,0.3415610406938007,0
2023-07-28 10:50:25,1879.8,875399,26,1870.72,171789,186391,0.32288192128085147,0
2023-07-28 10:50:25,1879.75,875438,1,1870.72,173556,186536,0.3202134756504336,0
2023-07-28 10:50:27,1879.65,875443,2,1870.72,174259,185565,0.3148765843895979,0
2023-07-28 10:50:28,1880.0,875548,1,1870.72,174644,185937,0.333555703802535,0
2023-07-28 10:50:29,1880.05,875559,10,1870.72,174221,186425,0.33622414943295287,0
2023-07-28 10:50:30,1880.25,875607,2,1870.72,174450,186058,0.3468979319546364,0
2023-07-28 10:50:30,1880.05,875607,17,1870.72,174450,186058,0.33622414943295287,0
2023-07-28 10:50:31,1880.05,875629,17,1870.72,174113,186059,0.33622414943295287,0
2023-07-28 10:50:32,1880.1,875631,2,1870.72,174377,186060,0.3388925950633707,0
2023-07-28 10:50:32,1880.1,875631,2,1870.72,174210,186052,0.3388925950633707,0
2023-07-28 10:50:32,1880.1,875631,2,1870.72,174230,186038,0.3388925950633707,0
2023-07-28 10:50:32,1880.05,875631,4,1870.72,174230,186038,0.33622414943295287,0
2023-07-28 10:50:35,1880.1,875641,1,1870.72,173944,185353,0.3388925950633707,0
2023-07-28 10:50:36,1880.1,875642,1,1870.72,173550,185647,0.3388925950633707,0
2023-07-28 10:50:36,1880.1,875642,1,1870.72,173850,185591,0.3388925950633707,0
2023-07-28 10:50:39,1880.7,875647,5,1870.72,173814,185481,0.37091394262842137,0
2023-07-28 10:50:39,1880.7,875647,5,1870.72,173814,185481,0.37091394262842137,0
2023-07-28 10:50:39,1880.7,875647,5,1870.72,173886,185417,0.37091394262842137,0
2023-07-28 10:50:39,1880.1,875647,1,1870.72,174105,185365,0.3388925950633707,0
2023-07-28 10:50:42,1880.1,875648,1,1870.72,174128,185366,0.3388925950633707,0
2023-07-28 10:50:43,1880.75,875649,1,1870.72,174163,185390,0.3735823882588392,0
2023-07-28 10:50:43,1880.75,875649,1,1870.72,174180,185391,0.3735823882588392,0
2023-07-28 10:50:43,1880.75,875649,1,1870.72,174244,185392,0.3735823882588392,0
2023-07-28 10:50:43,1880.75,875649,1,1870.72,174122,185492,0.3735823882588392,0
2023-07-28 10:50:43,1880.75,875649,1,1870.72,174123,185542,0.3735823882588392,0
2023-07-28 10:50:43,1880.75,875649,1,1870.72,174121,185542,0.3735823882588392,0
2023-07-28 10:50:43,1880.75,875649,1,1870.72,174060,185439,0.3735823882588392,0
2023-07-28 10:50:43,1879.95,875649,170,1870.72,174060,185439,0.33088725817211717,0
2023-07-28 10:50:50,1879.45,876159,3,1870.72,173389,185570,0.3042028018679144,0
2023-07-28 10:50:50,1879.45,876213,3,1870.72,173380,185676,0.3042028018679144,0
2023-07-28 10:50:50,1879.5,876213,4,1870.72,173380,185676,0.3068712474983322,0
2023-07-28 10:50:52,1879.45,876217,4,1870.72,173273,186081,0.3042028018679144,0
2023-07-28 10:50:53,1880.0,876355,100,1870.73,173350,186104,0.333555703802535,0
2023-07-28 10:50:54,1879.5,876370,1,1870.73,173349,186126,0.3068712474983322,0
2023-07-28 10:50:54,1879.5,876370,1,1870.73,173349,186126,0.3068712474983322,0
2023-07-28 10:50:55,1879.45,876627,3,1870.73,171164,185626,0.3042028018679144,0
2023-07-28 10:50:55,1879.45,876655,3,1870.73,173161,185746,0.3042028018679144,0
2023-07-28 10:50:55,1879.45,876655,3,1870.73,173018,185746,0.3042028018679144,0
2023-07-28 10:50:55,1879.45,876655,50,1870.73,173018,185746,0.3042028018679144,0
2023-07-28 10:50:57,1879.45,876708,50,1870.73,173075,185377,0.3042028018679144,0
2023-07-28 10:50:57,1879.25,876708,1,1870.73,173047,185397,0.2935290193462308,0
2023-07-28 10:50:59,1879.25,876714,1,1870.73,173143,184998,0.2935290193462308,0
2023-07-28 10:51:01,1879.25,876715,1,1870.73,173096,185108,0.2935290193462308,0
2023-07-28 10:51:01,1879.25,876715,1,1870.73,173137,184969,0.2935290193462308,0
2023-07-28 10:51:01,1879.25,876715,1,1870.73,172784,184967,0.2935290193462308,0
2023-07-28 10:51:01,1879.25,876715,1,1870.73,172743,184881,0.2935290193462308,0
2023-07-28 10:51:01,1879.0,876715,1,1870.73,172589,185683,0.2801867911941294,0
2023-07-28 10:51:01,1879.25,876715,1,1870.73,172589,185683,0.2935290193462308,0
2023-07-28 10:51:07,1879.25,876792,1,1870.73,172609,184998,0.2935290193462308,0
2023-07-28 10:51:07,1878.45,876792,61,1870.73,172678,186173,0.2508338892595088,0
2023-07-28 10:51:10,1878.15,876913,9,1870.73,172163,185562,0.2348232154769895,0
2023-07-28 10:51:10,1878.15,876922,9,1870.73,172421,185462,0.2348232154769895,0
2023-07-28 10:51:10,1878.05,876922,9,1870.73,172421,185462,0.22948632421614168,0
2023-07-28 10:51:12,1878.1,876936,1,1870.73,173118,185232,0.23215476984655953,0
2023-07-28 10:51:12,1878.0,876936,5,1870.73,173118,185232,0.2268178785857238,0
2023-07-28 10:51:12,1878.0,876944,5,1870.73,172337,185348,0.2268178785857238,0
2023-07-28 10:51:12,1878.0,876944,5,1870.73,173287,185348,0.2268178785857238,0
2023-07-28 10:51:14,1878.0,876967,12,1870.73,173166,185528,0.2268178785857238,0
2023-07-28 10:51:14,1878.0,876967,12,1870.73,173148,186050,0.2268178785857238,0
2023-07-28 10:51:14,1878.05,876967,2,1870.73,173148,186050,0.22948632421614168,0
2023-07-28 10:51:16,1877.9,877010,1,1870.73,173215,185543,0.2214809873248881,0
2023-07-28 10:51:17,1877.9,877029,4,1870.73,173136,185562,0.2214809873248881,0
2023-07-28 10:51:17,1877.6,877029,4,1870.73,172866,186087,0.20547031354235673,0
2023-07-28 10:51:18,1877.6,877035,4,1870.73,173175,185699,0.20547031354235673,0
2023-07-28 10:51:20,1877.6,877036,1,1870.73,173140,185385,0.20547031354235673,0
2023-07-28 10:51:21,1877.8,877053,2,1870.73,170980,185429,0.21614409606404028,0
2023-07-28 10:51:21,1877.35,877053,1,1870.73,170980,185429,0.19212808539025533,0
2023-07-28 10:51:22,1877.35,877056,1,1870.73,172918,186079,0.19212808539025533,0
2023-07-28 10:51:23,1877.2,877066,4,1870.73,172806,184810,0.18412274849900176,0
2023-07-28 10:51:23,1877.15,877066,1,1870.73,172646,185253,0.1814543028685839,0
2023-07-28 10:51:25,1876.85,877067,5,1870.73,172979,185254,0.1654436290860525,0
2023-07-28 10:51:26,1876.8,878254,1,1870.74,172613,185720,0.16277518345563466,0
2023-07-28 10:51:27,1876.8,878496,10,1870.74,172542,185200,0.16277518345563466,0
2023-07-28 10:51:27,1876.8,878496,10,1870.74,172542,185200,0.16277518345563466,0
2023-07-28 10:51:29,1876.65,878547,25,1870.74,172461,185171,0.1547698465643811,0
2023-07-28 10:51:29,1876.8,878547,47,1870.74,172461,185171,0.16277518345563466,0
2023-07-28 10:51:29,1876.8,878610,47,1870.74,173877,184778,0.16277518345563466,0
2023-07-28 10:51:31,1877.85,878635,1,1870.74,173410,185367,0.21881254169445813,0
2023-07-28 10:51:31,1877.85,878635,7,1870.74,173410,185367,0.21881254169445813,0
2023-07-28 10:51:32,1878.0,878724,5,1870.74,173678,184994,0.2268178785857238,0
2023-07-28 10:51:32,1878.05,878733,9,1870.74,173590,185177,0.22948632421614168,0
2023-07-28 10:51:32,1878.05,878733,9,1870.74,173590,185177,0.22948632421614168,0
2023-07-28 10:51:34,1878.0,878739,5,1870.74,173458,185412,0.2268178785857238,0
2023-07-28 10:51:34,1878.0,878739,1,1870.74,173458,185412,0.2268178785857238,0
2023-07-28 10:51:34,1878.0,878742,1,1870.74,173478,185500,0.2268178785857238,0
2023-07-28 10:51:34,1877.95,878742,23,1870.74,173478,185500,0.22414943295530596,0
2023-07-28 10:51:37,1877.95,878787,23,1870.74,173481,185653,0.22414943295530596,0
2023-07-28 10:51:38,1878.0,878792,1,1870.74,173478,185825,0.2268178785857238,0
2023-07-28 10:51:38,1878.05,878792,1,1870.74,173478,185825,0.22948632421614168,0
2023-07-28 10:51:40,1878.65,878797,4,1870.74,169613,181798,0.26150767178119233,0
2023-07-28 10:51:40,1878.65,878797,7,1870.74,169613,181798,0.26150767178119233,0
2023-07-28 10:51:41,1878.0,878806,2,1870.74,173649,185928,0.2268178785857238,0
2023-07-28 10:51:41,1878.0,878806,2,1870.74,173650,185857,0.2268178785857238,0
2023-07-28 10:51:41,1877.8,878806,1,1870.74,173650,185857,0.21614409606404028,0
2023-07-28 10:51:43,1877.8,878807,1,1870.74,173649,185901,0.21614409606404028,0
2023-07-28 10:51:43,1877.8,878807,1,1870.74,173513,185887,0.21614409606404028,0
2023-07-28 10:51:43,1877.8,878807,1,1870.74,172857,185708,0.21614409606404028,0
2023-07-28 10:51:43,1877.7,878807,3,1870.74,172857,185708,0.21080720480320456,0
2023-07-28 10:51:47,1877.7,878810,3,1870.74,172938,186112,0.21080720480320456,0
2023-07-28 10:51:47,1877.7,878810,3,1870.74,172875,186174,0.21080720480320456,0
2023-07-28 10:51:47,1877.7,878810,3,1870.74,172858,186147,0.21080720480320456,0
2023-07-28 10:51:51,1877.75,878833,22,1870.74,172592,186485,0.2134756504336224,0
2023-07-28 10:51:52,1877.45,878979,47,1870.75,168192,186345,0.19746497665110316,0
2023-07-28 10:51:52,1877.05,878979,3,1870.75,168192,186345,0.17611741160773606,0
2023-07-28 10:51:53,1877.75,878983,1,1870.75,172187,186045,0.2134756504336224,0
2023-07-28 10:51:54,1877.7,879201,80,1870.75,172316,185846,0.21080720480320456,0
2023-07-28 10:51:54,1877.05,879223,22,1870.75,172460,186148,0.17611741160773606,0
2023-07-28 10:51:54,1877.65,879223,7,1870.75,172460,186148,0.2081387591727867,0
2023-07-28 10:51:56,1877.05,879234,1,1870.75,172473,185961,0.17611741160773606,0
2023-07-28 10:51:58,1877.65,879238,3,1870.75,172472,185946,0.2081387591727867,0
2023-07-28 10:51:59,1877.0,879242,2,1870.75,172483,185189,0.1734489659773182,0
2023-07-28 10:52:00,1877.05,879452,117,1870.75,173899,184866,0.17611741160773606,0
2023-07-28 10:52:01,1876.6,879474,1,1870.75,173029,185060,0.1521014009339511,0
2023-07-28 10:52:01,1876.65,879474,2,1870.75,172395,185295,0.1547698465643811,0
2023-07-28 10:52:03,1876.65,879476,2,1870.75,173139,184248,0.1547698465643811,0
2023-07-28 10:52:03,1876.65,879476,2,1870.75,172936,184716,0.1547698465643811,0
2023-07-28 10:52:06,1876.85,879544,1,1870.75,173548,184682,0.1654436290860525,0
2023-07-28 10:52:07,1876.4,879554,1,1870.75,172477,184910,0.14142761841227972,0
2023-07-28 10:52:07,1876.4,879554,1,1870.75,172477,184910,0.14142761841227972,0
2023-07-28 10:52:07,1876.4,879554,9,1870.75,172477,184910,0.14142761841227972,0
2023-07-28 10:52:10,1876.05,879665,4,1870.75,173012,185575,0.12274849899933046,0
2023-07-28 10:52:11,1876.65,879743,10,1870.75,173150,185058,0.1547698465643811,0
2023-07-28 10:52:12,1876.2,880039,1,1870.75,173040,184683,0.13075383589059617,0
2023-07-28 10:52:12,1876.2,880039,1,1870.75,173040,184683,0.13075383589059617,0
2023-07-28 10:52:13,1876.9,880044,5,1870.75,173185,184726,0.1681120747164825,0
2023-07-28 10:52:13,1876.15,880044,2,1870.75,173210,184772,0.1280853902601783,0
2023-07-28 10:52:15,1876.0,880147,10,1870.75,172481,185014,0.12008005336891261,0
2023-07-28 10:52:17,1876.9,880148,1,1870.75,172639,184854,0.1681120747164825,0
2023-07-28 10:52:18,1876.05,880158,1,1870.75,172958,184947,0.12274849899933046,0
2023-07-28 10:52:18,1876.05,880160,1,1870.75,172950,185010,0.12274849899933046,0
2023-07-28 10:52:18,1876.5,880160,1,1870.75,172950,185010,0.1467645096731154,0
2023-07-28 10:52:21,1876.1,880172,1,1870.75,172934,184335,0.1254169446297483,0
2023-07-28 10:52:21,1876.1,880172,1,1870.75,172934,184335,0.1254169446297483,0
2023-07-28 10:52:21,1876.05,880172,1,1870.75,172988,184772,0.12274849899933046,0
2023-07-28 10:52:22,1876.05,880173,1,1870.75,173188,184771,0.12274849899933046,0
2023-07-28 10:52:22,1876.05,880173,1,1870.75,173293,184771,0.12274849899933046,0
2023-07-28 10:52:22,1876.5,880173,1,1870.75,173293,184771,0.1467645096731154,0
2023-07-28 10:52:26,1876.0,880182,26,1870.75,173382,184762,0.12008005336891261,0
2023-07-28 10:52:26,1876.0,880411,26,1870.76,173262,184762,0.12008005336891261,0
2023-07-28 10:52:28,1876.75,880628,88,1870.76,173058,184863,0.1601067378252168,0
2023-07-28 10:52:28,1876.1,880628,1,1870.76,173058,184863,0.1254169446297483,0
2023-07-28 10:52:30,1877.0,881247,53,1870.76,173968,183927,0.1734489659773182,0
2023-07-28 10:52:30,1877.0,881247,53,1870.76,173705,184208,0.1734489659773182,0
2023-07-28 10:52:30,1877.0,881247,53,1870.76,173677,184250,0.1734489659773182,0
2023-07-28 10:52:30,1876.85,881247,5,1870.76,173677,184250,0.1654436290860525,0
2023-07-28 10:52:33,1876.85,881252,5,1870.76,173231,184405,0.1654436290860525,0
2023-07-28 10:52:33,1876.5,881252,1,1870.76,173231,184405,0.1467645096731154,0
2023-07-28 10:52:34,1876.5,881253,1,1870.76,173084,184955,0.1467645096731154,0
2023-07-28 10:52:34,1876.85,881253,2,1870.76,173084,184955,0.1654436290860525,0
2023-07-28 10:52:37,1876.85,882335,151,1870.77,173970,184290,0.1654436290860525,0
2023-07-28 10:52:37,1877.4,882595,1,1870.77,173715,184512,0.1947965310206853,0
2023-07-28 10:52:38,1877.4,883408,400,1870.78,173822,185180,0.1947965310206853,0
2023-07-28 10:52:39,1877.75,883432,24,1870.78,174252,185423,0.2134756504336224,0
2023-07-28 10:52:39,1878.1,883432,30,1870.78,174252,185423,0.23215476984655953,0
2023-07-28 10:52:41,1877.45,883483,8,1870.78,174527,185253,0.19746497665110316,0
2023-07-28 10:52:41,1877.45,883483,8,1870.78,174520,185733,0.19746497665110316,0
2023-07-28 10:52:41,1877.8,883483,177,1870.78,174520,185733,0.21614409606404028,0
2023-07-28 10:52:44,1878.15,884400,5,1870.78,174993,185233,0.2348232154769895,0
2023-07-28 10:52:44,1877.5,884400,1,1870.78,174993,185233,0.200133422281521,0
2023-07-28 10:52:45,1878.2,884561,18,1870.79,175199,185555,0.23749166110740735,0
2023-07-28 10:52:46,1877.55,887455,2,1870.81,174427,186763,0.20280186791193885,0
2023-07-28 10:52:46,1877.9,887455,1,1870.81,174427,186763,0.2214809873248881,0
2023-07-28 10:52:46,1878.25,887455,2,1870.81,174427,186763,0.24016010673782523,0
2023-07-28 10:52:47,1878.25,888154,2,1870.81,175896,185568,0.24016010673782523,0
2023-07-28 10:52:49,1878.5,888673,15,1870.82,174961,185192,0.25350233488992663,0
2023-07-28 10:52:49,1878.5,888673,30,1870.82,174961,185192,0.25350233488992663,0
2023-07-28 10:52:49,1878.85,888673,4,1870.82,174961,185192,0.2721814543028637,0
2023-07-28 10:52:51,1878.95,888879,4,1870.82,174647,185991,0.2775183455637116,0
2023-07-28 10:52:51,1879.0,888886,3,1870.82,174796,186514,0.2801867911941294,0
2023-07-28 10:52:51,1878.95,888886,5,1870.82,174796,186514,0.2775183455637116,0
2023-07-28 10:52:53,1879.0,889210,49,1870.82,174313,186299,0.2801867911941294,0
2023-07-28 10:52:53,1878.25,889210,1,1870.82,174313,186299,0.24016010673782523,0
2023-07-28 10:52:54,1878.7,889423,37,1870.83,174274,185691,0.2641761174116102,0
2023-07-28 10:52:54,1878.1,889423,1,1870.83,174274,185691,0.23215476984655953,0
2023-07-28 10:52:55,1878.95,889808,4,1870.83,174953,186290,0.2775183455637116,0
2023-07-28 10:52:56,1878.7,890206,31,1870.83,175099,185499,0.2641761174116102,0
2023-07-28 10:52:56,1879.3,890206,50,1870.83,175099,185499,0.29619746497664867,0
2023-07-28 10:52:56,1878.55,890352,2,1870.83,174123,186660,0.2561707805203445,0
2023-07-28 10:52:56,1878.75,890352,23,1870.83,174123,186660,0.266844563042028,0
2023-07-28 10:52:57,1878.3,891191,5,1870.84,174364,186765,0.24282855236824308,0
2023-07-28 10:52:58,1878.25,891280,1,1870.84,174340,186765,0.24016010673782523,0
2023-07-28 10:53:00,1878.75,891291,1,1870.84,174590,186945,0.266844563042028,0
2023-07-28 10:53:00,1878.75,891291,1,1870.84,174166,187332,0.266844563042028,0
2023-07-28 10:53:00,1877.85,891291,43,1870.84,174166,187332,0.21881254169445813,0
2023-07-28 10:53:03,1878.7,891668,1,1870.85,174021,187294,0.2641761174116102,0
2023-07-28 10:53:03,1878.3,891719,37,1870.85,174371,186712,0.24282855236824308,0
2023-07-28 10:53:05,1878.7,891722,1,1870.85,174381,187536,0.2641761174116102,0
2023-07-28 10:53:05,1878.7,891725,2,1870.85,174148,187220,0.2641761174116102,0
2023-07-28 10:53:05,1878.0,891725,8,1870.85,174148,187220,0.2268178785857238,0
2023-07-28 10:53:07,1877.7,891881,46,1870.85,174199,186538,0.21080720480320456,0
2023-07-28 10:53:08,1878.15,892298,54,1870.85,174227,186425,0.2348232154769895,0
2023-07-28 10:53:08,1877.6,892298,1,1870.85,174227,186425,0.20547031354235673,0
2023-07-28 10:53:08,1877.6,892339,1,1870.85,174185,185884,0.20547031354235673,0
2023-07-28 10:53:08,1877.7,892339,8,1870.85,174185,185884,0.21080720480320456,0
2023-07-28 10:53:10,1877.65,892354,2,1870.85,174141,185881,0.2081387591727867,0
2023-07-28 10:53:10,1877.65,892358,2,1870.85,174145,186255,0.2081387591727867,0
2023-07-28 10:53:10,1877.65,892358,2,1870.85,174145,186255,0.2081387591727867,0
2023-07-28 10:53:10,1877.65,892358,2,1870.85,174145,186197,0.2081387591727867,0
2023-07-28 10:53:10,1877.65,892358,2,1870.85,174145,186197,0.2081387591727867,0
2023-07-28 10:53:10,1877.65,892358,2,1870.85,174152,186177,0.2081387591727867,0
2023-07-28 10:53:10,1877.65,892358,2,1870.85,174152,186124,0.2081387591727867,0
2023-07-28 10:53:10,1877.65,892358,2,1870.85,174154,186182,0.2081387591727867,0
2023-07-28 10:53:17,1877.8,892362,4,1870.85,174174,186226,0.21614409606404028,0
2023-07-28 10:53:18,1877.7,892404,1,1870.85,174186,186205,0.21080720480320456,0
2023-07-28 10:53:18,1877.8,892404,3,1870.85,174186,186205,0.21614409606404028,0
2023-07-28 10:53:19,1877.8,892411,3,1870.85,174169,186351,0.21614409606404028,0
2023-07-28 10:53:20,1877.6,892412,1,1870.85,174168,186371,0.20547031354235673,0
2023-07-28 10:53:20,1877.8,892412,1,1870.85,174168,186371,0.21614409606404028,0
2023-07-28 10:53:22,1878.05,892487,7,1870.85,175048,187080,0.22948632421614168,0
2023-07-28 10:53:22,1878.05,892487,7,1870.85,175048,187080,0.22948632421614168,0
2023-07-28 10:53:23,1877.9,893287,78,1870.86,175157,185806,0.2214809873248881,0
2023-07-28 10:53:24,1878.65,893394,21,1870.86,174990,186583,0.26150767178119233,0
2023-07-28 10:53:24,1878.65,893394,21,1870.86,174990,186583,0.26150767178119233,0
2023-07-28 10:53:24,1878.7,893427,5,1870.86,175148,186495,0.2641761174116102,0
2023-07-28 10:53:24,1878.7,893427,5,1870.86,175148,186495,0.2641761174116102,0
2023-07-28 10:53:26,1877.9,893536,1,1870.86,175107,186164,0.2214809873248881,0
2023-07-28 10:53:27,1878.75,893750,20,1870.86,175190,186451,0.266844563042028,0
2023-07-28 10:53:27,1878.0,893750,22,1870.86,175135,186851,0.2268178785857238,0
2023-07-28 10:53:28,1878.0,893772,22,1870.86,175070,186720,0.2268178785857238,0
2023-07-28 10:53:28,1878.7,893772,2,1870.86,175070,186720,0.2641761174116102,0
2023-07-28 10:53:30,1878.7,893774,2,1870.86,175143,187347,0.2641761174116102,0
2023-07-28 10:53:30,1878.7,893774,2,1870.86,176089,186324,0.2641761174116102,0
2023-07-28 10:53:32,1878.2,893795,20,1870.86,175535,186417,0.23749166110740735,0
2023-07-28 10:53:33,1879.0,893869,51,1870.86,174921,186425,0.2801867911941294,0
2023-07-28 10:53:33,1878.75,893869,4,1870.86,174921,186425,0.266844563042028,0
2023-07-28 10:53:34,1878.75,893873,4,1870.86,174870,186425,0.266844563042028,0
2023-07-28 10:53:34,1878.45,893873,3,1870.86,174870,186425,0.2508338892595088,0
2023-07-28 10:53:35,1878.45,893888,3,1870.86,174555,186425,0.2508338892595088,0
2023-07-28 10:53:35,1878.75,893888,13,1870.86,174555,186425,0.266844563042028,0
2023-07-28 10:53:36,1878.75,893906,13,1870.86,174589,186950,0.266844563042028,0
2023-07-28 10:53:36,1878.75,893906,13,1870.86,174480,186969,0.266844563042028,0
2023-07-28 10:53:36,1878.25,893906,1,1870.86,174480,186969,0.24016010673782523,0
2023-07-28 10:53:39,1878.75,894008,100,1870.86,174012,187409,0.266844563042028,0
2023-07-28 10:53:39,1878.05,894008,9,1870.86,174012,187409,0.22948632421614168,0
2023-07-28 10:53:39,1878.05,894018,9,1870.86,173860,186997,0.22948632421614168,0
2023-07-28 10:53:40,1878.0,894019,1,1870.86,173786,186987,0.2268178785857238,0
2023-07-28 10:53:40,1878.0,894019,1,1870.86,173918,186987,0.2268178785857238,0
2023-07-28 10:53:40,1878.0,894019,1,1870.86,174063,187386,0.2268178785857238,0
2023-07-28 10:53:40,1878.0,894019,1,1870.86,174057,187578,0.2268178785857238,0
2023-07-28 10:53:43,1878.0,894020,1,1870.86,174062,187567,0.2268178785857238,0
2023-07-28 10:53:45,1878.65,894046,5,1870.86,174061,187627,0.26150767178119233,0
2023-07-28 10:53:46,1878.0,894049,3,1870.86,174058,187625,0.2268178785857238,0
2023-07-28 10:53:47,1877.8,894256,127,1870.87,173241,186995,0.21614409606404028,0
2023-07-28 10:53:48,1877.5,894278,18,1870.87,173823,186904,0.200133422281521,0
2023-07-28 10:53:50,1877.65,894283,1,1870.87,173924,186450,0.2081387591727867,0
2023-07-28 10:53:50,1877.65,894473,1,1870.87,173457,185576,0.2081387591727867,0
2023-07-28 10:53:51,1877.35,894696,23,1870.87,174573,186342,0.19212808539025533,0
2023-07-28 10:53:51,1877.35,894696,2,1870.87,174573,186342,0.19212808539025533,0
2023-07-28 10:53:52,1877.45,894722,24,1870.87,174664,186351,0.19746497665110316,0
2023-07-28 10:53:53,1877.4,894727,5,1870.87,174664,186351,0.1947965310206853,0
2023-07-28 10:53:53,1877.4,894727,5,1870.87,174575,186388,0.1947965310206853,0
2023-07-28 10:53:53,1877.65,894727,4,1870.87,174575,186388,0.2081387591727867,0
2023-07-28 10:53:55,1877.65,894731,4,1870.87,174576,186182,0.2081387591727867,0
2023-07-28 10:53:55,1877.65,894731,4,1870.87,174683,186043,0.2081387591727867,0
2023-07-28 10:53:57,1877.5,894764,18,1870.87,174675,186137,0.200133422281521,0
2023-07-28 10:53:57,1877.5,894764,92,1870.87,174675,186137,0.200133422281521,0
2023-07-28 10:53:58,1877.5,894913,92,1870.87,174041,186243,0.200133422281521,0
2023-07-28 10:53:59,1877.0,895732,2,1870.88,170583,186717,0.1734489659773182,0
2023-07-28 10:54:00,1877.0,895865,37,1870.88,174358,185556,0.1734489659773182,0
2023-07-28 10:54:00,1877.0,895865,490,1870.88,174358,185556,0.1734489659773182,0
2023-07-28 10:54:01,1877.0,896355,490,1870.88,173869,185716,0.1734489659773182,0
2023-07-28 10:54:01,1877.5,896355,25,1870.88,173869,185716,0.200133422281521,0
2023-07-28 10:54:03,1877.5,896380,25,1870.88,174432,185686,0.200133422281521,0
2023-07-28 10:54:04,1877.0,896591,211,1870.88,173898,185836,0.1734489659773182,0
2023-07-28 10:54:04,1877.0,896591,211,1870.88,173774,186242,0.1734489659773182,0
2023-07-28 10:54:04,1877.0,896591,3,1870.88,173774,186267,0.1734489659773182,0
2023-07-28 10:54:07,1877.0,896594,3,1870.88,173771,186266,0.1734489659773182,0
2023-07-28 10:54:07,1877.0,896594,3,1870.88,173793,186158,0.1734489659773182,0
2023-07-28 10:54:07,1877.0,896594,3,1870.88,173826,186170,0.1734489659773182,0
2023-07-28 10:54:07,1877.0,896594,3,1870.88,173826,186120,0.1734489659773182,0
2023-07-28 10:54:07,1877.25,896594,1,1870.88,173826,186120,0.1867911941294196,0
2023-07-28 10:54:11,1877.0,896595,9,1870.88,173829,186119,0.1734489659773182,0
2023-07-28 10:54:12,1877.0,896614,10,1870.88,173474,186032,0.1734489659773182,0
2023-07-28 10:54:12,1877.0,896614,10,1870.88,173735,185984,0.1734489659773182,0
2023-07-28 10:54:15,1877.25,896617,3,1870.88,173809,186001,0.1867911941294196,0
2023-07-28 10:54:15,1877.75,896917,9,1870.89,173852,186133,0.2134756504336224,0
2023-07-28 10:54:15,1877.7,896917,4,1870.89,173852,186133,0.21080720480320456,0
2023-07-28 10:54:16,1877.7,896921,4,1870.89,173852,186199,0.21080720480320456,0
2023-07-28 10:54:16,1877.7,896921,4,1870.89,173852,186343,0.21080720480320456,0
2023-07-28 10:54:16,1877.0,896921,3,1870.89,173852,186343,0.1734489659773182,0
2023-07-28 10:54:18,1877.0,896924,3,1870.89,173839,186347,0.1734489659773182,0
2023-07-28 10:54:18,1877.0,896924,3,1870.89,173840,186355,0.1734489659773182,0
2023-07-28 10:54:18,1877.0,896924,3,1870.89,173840,186355,0.1734489659773182,0
2023-07-28 10:54:22,1877.65,897081,1,1870.89,173982,186778,0.2081387591727867,0
2023-07-28 10:54:22,1877.0,897081,389,1870.89,173982,186778,0.1734489659773182,0
2023-07-28 10:54:23,1877.0,899781,162,1870.9,168828,186901,0.1734489659773182,0
2023-07-28 10:54:24,1877.0,900018,400,1870.91,174546,187179,0.1734489659773182,0
2023-07-28 10:54:25,1877.45,902426,20,1870.92,173254,186871,0.19746497665110316,0
2023-07-28 10:54:26,1876.45,904509,4,1870.94,173159,185794,0.14409606404269756,0
2023-07-28 10:54:28,1876.45,905233,312,1870.94,173056,185753,0.14409606404269756,0
2023-07-28 10:54:28,1876.45,905532,101,1870.94,173077,186123,0.14409606404269756,0
2023-07-28 10:54:29,1877.0,906880,136,1870.95,173728,185451,0.1734489659773182,0
2023-07-28 10:54:30,1876.95,907072,4,1870.95,173373,185412,0.17078052034690036,0
2023-07-28 10:54:30,1876.35,907072,20,1870.95,173373,185412,0.1387591727818497,0
2023-07-28 10:54:32,1876.95,907226,3,1870.95,173613,185498,0.17078052034690036,0
2023-07-28 10:54:32,1877.0,907226,10,1870.95,173613,185498,0.1734489659773182,0
2023-07-28 10:54:32,1875.9,907226,45,1870.95,173613,185498,0.1147431621080769,0
2023-07-28 10:54:34,1877.0,908216,44,1870.96,173456,185613,0.1734489659773182,0
2023-07-28 10:54:35,1876.5,908680,216,1870.96,174506,186394,0.1467645096731154,0
2023-07-28 10:54:36,1877.2,908939,73,1870.96,174431,186268,0.18412274849900176,0
2023-07-28 10:54:36,1877.2,908939,73,1870.96,174431,186268,0.18412274849900176,0
2023-07-28 10:54:37,1877.35,909305,68,1870.97,174610,186948,0.19212808539025533,0
2023-07-28 10:54:37,1876.5,909305,22,1870.97,174551,187124,0.1467645096731154,0
2023-07-28 10:54:40,1876.45,909547,10,1870.97,173357,186578,0.14409606404269756,0
2023-07-28 10:54:40,1876.45,909547,10,1870.97,173357,186578,0.14409606404269756,0
2023-07-28 10:54:40,1876.45,909592,10,1870.97,174434,186241,0.14409606404269756,0
2023-07-28 10:54:41,1876.45,909798,46,1870.97,175330,186448,0.14409606404269756,0
2023-07-28 10:54:41,1877.15,909798,51,1870.97,175330,186448,0.1814543028685839,0
2023-07-28 10:54:43,1876.25,909900,12,1870.97,174768,186349,0.133422281521014,0
2023-07-28 10:54:44,1877.1,910165,26,1870.97,174335,186633,0.1787858572381539,0
2023-07-28 10:54:44,1877.1,910165,8,1870.97,174335,186633,0.1787858572381539,0
2023-07-28 10:54:44,1877.1,910173,8,1870.97,174199,187256,0.1787858572381539,0
2023-07-28 10:54:44,1877.3,910173,25,1870.97,174199,187256,0.18945963975983746,0
2023-07-28 10:54:45,1877.3,910337,5,1870.97,174562,186789,0.18945963975983746,0
2023-07-28 10:54:47,1876.15,910954,1,1870.98,173654,188152,0.1280853902601783,0
2023-07-28 10:54:48,1876.35,911044,7,1870.98,174163,187786,0.1387591727818497,0
2023-07-28 10:54:48,1877.2,911053,33,1870.98,173962,188632,0.18412274849900176,0
2023-07-28 10:54:50,1877.2,911135,33,1870.98,174053,188448,0.18412274849900176,0
2023-07-28 10:54:50,1877.25,911135,1122,1870.98,174053,188448,0.1867911941294196,0
2023-07-28 10:54:51,1876.2,912635,53,1870.99,174134,189561,0.13075383589059617,0
2023-07-28 10:54:51,1876.8,912635,400,1870.99,174134,189561,0.16277518345563466,0
2023-07-28 10:54:52,1877.25,913203,5,1870.99,175129,188162,0.1867911941294196,0
2023-07-28 10:54:54,1876.55,913717,88,1871.0,172809,189150,0.14943295530353326,0
2023-07-28 10:54:54,1877.15,913867,36,1871.0,175319,188515,0.1814543028685839,0
2023-07-28 10:54:54,1877.25,913867,10,1871.0,175319,188515,0.1867911941294196,0
2023-07-28 10:54:55,1877.25,913897,10,1871.0,174657,188772,0.1867911941294196,0
2023-07-28 10:54:56,1877.4,914149,62,1871.0,174614,188855,0.1947965310206853,0
2023-07-28 10:54:56,1876.5,914149,10,1871.0,174614,188855,0.1467645096731154,0
2023-07-28 10:54:58,1876.5,914285,10,1871.0,173180,190094,0.1467645096731154,0
2023-07-28 10:54:59,1876.5,914675,390,1871.0,174357,189298,0.1467645096731154,0
2023-07-28 10:55:00,1876.5,914952,10,1871.0,173861,189902,0.1467645096731154,0
2023-07-28 10:55:01,1876.7,915193,45,1871.0,174054,191131,0.15743829219479896,0
2023-07-28 10:55:01,1876.6,915193,25,1871.0,174054,191131,0.1521014009339511,0
2023-07-28 10:55:02,1876.6,915218,25,1871.0,174000,191080,0.1521014009339511,0
2023-07-28 10:55:03,1876.6,915224,6,1871.0,174165,191204,0.1521014009339511,0
2023-07-28 10:55:03,1876.6,915224,6,1871.0,174074,191532,0.1521014009339511,0
2023-07-28 10:55:03,1876.6,915224,6,1871.0,174074,192309,0.1521014009339511,0
2023-07-28 10:55:03,1876.6,915224,6,1871.0,174192,192527,0.1521014009339511,0
2023-07-28 10:55:03,1876.6,915224,6,1871.0,174172,192747,0.1521014009339511,0
2023-07-28 10:55:09,1876.6,915226,2,1871.0,174000,192642,0.1521014009339511,0
2023-07-28 10:55:09,1876.6,915226,2,1871.0,174333,192642,0.1521014009339511,0
2023-07-28 10:55:09,1876.6,915226,2,1871.0,174106,192967,0.1521014009339511,0
2023-07-28 10:55:09,1876.6,915226,2,1871.0,173974,193029,0.1521014009339511,0
2023-07-28 10:55:09,1876.6,915226,2,1871.0,174321,193083,0.1521014009339511,0
2023-07-28 10:55:09,1876.6,915226,2,1871.0,174329,189883,0.1521014009339511,0
2023-07-28 10:55:09,1876.6,915226,2,1871.0,174329,191099,0.1521014009339511,0
2023-07-28 10:55:09,1876.6,915226,2,1871.0,174438,193404,0.1521014009339511,0
2023-07-28 10:55:09,1876.6,915226,2,1871.0,174426,193404,0.1521014009339511,0
2023-07-28 10:55:19,1877.25,915266,21,1871.01,174535,192803,0.1867911941294196,0
2023-07-28 10:55:19,1877.25,915266,4,1871.01,174535,192803,0.1867911941294196,0
2023-07-28 10:55:19,1877.25,915270,4,1871.01,174498,192799,0.1867911941294196,0
2023-07-28 10:55:19,1877.25,915270,20,1871.01,174498,192799,0.1867911941294196,0
2023-07-28 10:55:21,1876.5,915298,7,1871.01,174186,193044,0.1467645096731154,0
2023-07-28 10:55:21,1876.5,915298,7,1871.01,174312,192866,0.1467645096731154,0
2023-07-28 10:55:21,1876.5,915298,7,1871.01,174225,192881,0.1467645096731154,0
2023-07-28 10:55:21,1876.5,915298,7,1871.01,174383,192835,0.1467645096731154,0
2023-07-28 10:55:21,1876.5,915298,7,1871.01,174329,192847,0.1467645096731154,0
2023-07-28 10:55:21,1876.25,915298,46,1871.01,174329,192847,0.133422281521014,0
2023-07-28 10:55:26,1876.25,915533,46,1871.01,174164,193087,0.133422281521014,0
2023-07-28 10:55:26,1876.2,915533,27,1871.01,174164,193087,0.13075383589059617,0
2023-07-28 10:55:28,1876.95,915562,1,1871.01,174181,193085,0.17078052034690036,0
2023-07-28 10:55:28,1876.95,915562,1,1871.01,174181,193088,0.17078052034690036,0
2023-07-28 10:55:28,1876.95,915562,1,1871.01,174040,192640,0.17078052034690036,0
2023-07-28 10:55:28,1876.95,915562,1,1871.01,174090,192507,0.17078052034690036,0
2023-07-28 10:55:28,1876.9,915562,18,1871.01,174235,192925,0.1681120747164825,0
2023-07-28 10:55:32,1876.5,915590,2,1871.01,174621,192962,0.1467645096731154,0
2023-07-28 10:55:33,1876.5,915592,2,1871.01,174486,192274,0.1467645096731154,0
2023-07-28 10:55:33,1876.5,915592,2,1871.01,174466,192154,0.1467645096731154,0
2023-07-28 10:55:33,1876.5,915592,2,1871.01,174456,191904,0.1467645096731154,0
2023-07-28 10:55:33,1876.5,915592,4,1871.01,174471,191451,0.1467645096731154,0
2023-07-28 10:55:38,1876.5,915596,4,1871.01,174135,191783,0.1467645096731154,0
2023-07-28 10:55:38,1876.5,915596,4,1871.01,174467,191776,0.1467645096731154,0
2023-07-28 10:55:38,1876.5,915596,1,1871.01,174467,191776,0.1467645096731154,0
2023-07-28 10:55:40,1876.5,915597,1,1871.01,174438,191856,0.1467645096731154,0
2023-07-28 10:55:40,1876.5,915597,1,1871.01,174355,191898,0.1467645096731154,0
2023-07-28 10:55:40,1876.5,915597,1,1871.01,174355,191923,0.1467645096731154,0
2023-07-28 10:55:40,1876.5,915597,1,1871.01,174355,191971,0.1467645096731154,0
2023-07-28 10:55:45,1876.5,915614,17,1871.01,173837,192275,0.1467645096731154,0
2023-07-28 10:55:45,1876.7,915614,3,1871.01,173837,192275,0.15743829219479896,0
2023-07-28 10:55:45,1876.7,915621,3,1871.01,174218,192631,0.15743829219479896,0
2023-07-28 10:55:45,1876.7,915621,3,1871.01,174218,192654,0.15743829219479896,0
2023-07-28 10:55:45,1876.05,915621,169,1871.01,174199,192514,0.12274849899933046,0
2023-07-28 10:55:45,1876.45,915621,3,1871.01,174199,192514,0.14409606404269756,0
2023-07-28 10:55:50,1876.45,915793,3,1871.01,174339,192058,0.14409606404269756,0
2023-07-28 10:55:50,1876.45,915793,3,1871.01,174357,192215,0.14409606404269756,0
2023-07-28 10:55:50,1876.45,915793,3,1871.01,174239,192234,0.14409606404269756,0
2023-07-28 10:55:50,1876.45,915793,3,1871.01,173904,192934,0.14409606404269756,0
2023-07-28 10:55:50,1876.45,915793,3,1871.01,173904,192907,0.14409606404269756,0
2023-07-28 10:55:50,1876.5,915793,22,1871.01,173895,192907,0.1467645096731154,0
2023-07-28 10:55:55,1876.5,915977,22,1871.01,173817,192302,0.1467645096731154,0
2023-07-28 10:55:55,1876.05,915977,2,1871.01,173817,192302,0.12274849899933046,0
2023-07-28 10:55:57,1876.05,915994,15,1871.01,173803,192553,0.12274849899933046,0
2023-07-28 10:55:57,1876.05,915994,15,1871.01,173823,192550,0.12274849899933046,0
2023-07-28 10:55:57,1876.05,915994,15,1871.01,173835,192593,0.12274849899933046,0
2023-07-28 10:56:00,1876.0,916171,12,1871.01,173657,192383,0.12008005336891261,0
2023-07-28 10:56:00,1876.0,916171,12,1871.01,173416,192378,0.12008005336891261,0
2023-07-28 10:56:00,1876.0,916171,12,1871.01,173453,192378,0.12008005336891261,0
2023-07-28 10:56:00,1876.0,916171,12,1871.01,173453,192479,0.12008005336891261,0
2023-07-28 10:56:00,1876.0,916171,12,1871.01,173632,192052,0.12008005336891261,0
2023-07-28 10:56:05,1876.0,916221,50,1871.01,173856,192314,0.12008005336891261,0
2023-07-28 10:56:05,1876.0,916271,50,1871.01,173806,192311,0.12008005336891261,0
2023-07-28 10:56:05,1876.0,916271,100,1871.01,173806,192311,0.12008005336891261,0
2023-07-28 10:56:05,1875.35,916271,12,1871.01,173806,192311,0.08539026017344412,0
2023-07-28 10:56:07,1875.3,916801,10,1871.01,172215,192247,0.08272181454302625,0
2023-07-28 10:56:07,1875.05,916801,1,1871.01,172215,192247,0.06937958639092486,0
2023-07-28 10:56:07,1875.05,916801,3,1871.01,172215,192247,0.06937958639092486,0
2023-07-28 10:56:07,1875.05,916801,2,1871.01,172215,192247,0.06937958639092486,0
2023-07-28 10:56:07,1875.05,916801,11,1871.01,172215,192247,0.06937958639092486,0
2023-07-28 10:56:12,1875.05,916923,3,1871.01,172618,190738,0.06937958639092486,0
2023-07-28 10:56:12,1875.0,916923,5,1871.01,172618,190738,0.066711140760507,0
2023-07-28 10:56:12,1875.0,916923,3,1871.01,172618,190738,0.066711140760507,0
2023-07-28 10:56:12,1875.0,916923,51,1871.01,172618,190738,0.066711140760507,0
2023-07-28 10:56:16,1875.0,917105,425,1871.02,173138,191512,0.066711140760507,0
2023-07-28 10:56:16,1875.7,917105,31,1871.02,173138,191512,0.10406937958639335,0
2023-07-28 10:56:16,1875.5,917105,1,1871.02,173138,191512,0.0933955970647098,0
2023-07-28 10:56:16,1875.3,917105,3,1871.02,173138,191512,0.08272181454302625,0
2023-07-28 10:56:22,1875.3,917941,10,1871.02,164550,191461,0.08272181454302625,0
2023-07-28 10:56:22,1875.3,917941,10,1871.02,164550,191461,0.08272181454302625,0
2023-07-28 10:56:22,1875.15,917941,10,1871.02,164550,191461,0.0747164776517727,0
2023-07-28 10:56:22,1875.15,917941,10,1871.02,164550,191461,0.0747164776517727,0
2023-07-28 10:56:22,1875.95,917941,4,1871.02,164550,191461,0.11741160773849475,0
2023-07-28 10:56:22,1875.95,917941,4,1871.02,164550,191461,0.11741160773849475,0
2023-07-28 10:56:22,1875.95,917941,4,1871.02,164550,191461,0.11741160773849475,0
2023-07-28 10:56:22,1875.95,917941,4,1871.02,164550,191461,0.11741160773849475,0
2023-07-28 10:56:25,1875.95,917985,30,1871.02,173084,191267,0.11741160773849475,0
2023-07-28 10:56:25,1875.95,917985,30,1871.02,172777,191385,0.11741160773849475,0
2023-07-28 10:56:25,1875.15,917985,5,1871.02,172777,191385,0.0747164776517727,0
2023-07-28 10:56:25,1875.15,917985,1,1871.02,172777,191385,0.0747164776517727,0
2023-07-28 10:56:35,1875.15,918003,1,1871.02,172680,191009,0.0747164776517727,0
2023-07-28 10:56:35,1875.15,918003,3,1871.02,172680,191009,0.0747164776517727,0
2023-07-28 10:56:35,1875.15,918003,20,1871.02,172680,191009,0.0747164776517727,0
2023-07-28 10:56:39,1875.15,918026,20,1871.02,173005,190891,0.0747164776517727,0
2023-07-28 10:56:39,1875.8,918026,60,1871.02,173005,190891,0.10940627084722906,0
2023-07-28 10:56:39,1875.15,918026,5,1871.02,173005,190891,0.0747164776517727,0
2023-07-28 10:56:46,1875.15,918091,5,1871.02,173041,190755,0.0747164776517727,0
2023-07-28 10:56:46,1875.8,918091,22,1871.02,173041,190755,0.10940627084722906,0
2023-07-28 10:56:50,1875.5,918114,1,1871.02,172919,190749,0.0933955970647098,0
2023-07-28 10:56:50,1875.8,918114,2,1871.02,172919,190749,0.10940627084722906,0
2023-07-28 10:56:55,1875.5,918191,9,1871.02,173796,192156,0.0933955970647098,0
2023-07-28 10:56:55,1875.15,918191,1,1871.02,173796,192156,0.0747164776517727,0
2023-07-28 10:56:55,1875.5,918191,25,1871.02,173796,192156,0.0933955970647098,0
2023-07-28 10:56:59,1875.8,918301,36,1871.02,174072,193539,0.10940627084722906,0
2023-07-28 10:56:59,1875.15,918301,1,1871.02,174072,193539,0.0747164776517727,0
2023-07-28 10:56:59,1875.5,918301,3,1871.02,174072,193539,0.0933955970647098,0
2023-07-28 10:56:59,1875.55,918301,1,1871.02,174072,193539,0.09606404269512767,0
2023-07-28 10:57:02,1875.8,918316,1,1871.02,174139,193606,0.10940627084722906,0
2023-07-28 10:57:02,1875.8,918316,1,1871.02,174139,193606,0.10940627084722906,0
2023-07-28 10:57:02,1875.8,918316,1,1871.02,174139,193606,0.10940627084722906,0
2023-07-28 10:57:05,1875.8,918319,5,1871.02,174070,193515,0.10940627084722906,0
2023-07-28 10:57:06,1875.8,918324,5,1871.02,174070,193554,0.10940627084722906,0
2023-07-28 10:57:06,1875.8,918324,5,1871.02,174164,193554,0.10940627084722906,0
2023-07-28 10:57:06,1875.8,918324,5,1871.02,174164,193554,0.10940627084722906,0
2023-07-28 10:57:10,1875.8,918328,1,1871.02,174160,193598,0.10940627084722906,0
2023-07-28 10:57:10,1875.8,918328,1,1871.02,174160,193598,0.10940627084722906,0
2023-07-28 10:57:10,1875.8,918328,6,1871.02,174160,193598,0.10940627084722906,0
2023-07-28 10:57:12,1875.55,918387,9,1871.02,174101,193430,0.09606404269512767,0
2023-07-28 10:57:12,1875.55,918387,9,1871.02,174101,193430,0.09606404269512767,0
2023-07-28 10:57:12,1875.55,918387,9,1871.02,174052,193431,0.09606404269512767,0
2023-07-28 10:57:12,1875.55,918387,12,1871.02,174052,193431,0.09606404269512767,0
2023-07-28 10:57:16,1875.55,918499,12,1871.02,173905,193256,0.09606404269512767,0
2023-07-28 10:57:18,1875.6,918517,4,1871.02,173862,193380,0.09873248832554551,0
2023-07-28 10:57:20,1875.15,918643,106,1871.02,173387,193548,0.0747164776517727,0
2023-07-28 10:57:20,1875.1,918649,6,1871.02,170346,193770,0.07204803202134272,0
2023-07-28 10:57:20,1875.1,918649,6,1871.02,170346,193770,0.07204803202134272,0
2023-07-28 10:57:20,1875.1,918649,6,1871.02,170237,193791,0.07204803202134272,0
2023-07-28 10:57:20,1875.1,918649,6,1871.02,170237,193791,0.07204803202134272,0
2023-07-28 10:57:25,1875.6,918650,1,1871.02,170225,194005,0.09873248832554551,0
2023-07-28 10:57:25,1875.6,918650,1,1871.02,173681,194545,0.09873248832554551,0
2023-07-28 10:57:25,1875.6,918650,1,1871.02,173711,194545,0.09873248832554551,0
2023-07-28 10:57:25,1875.6,918650,1,1871.02,173695,194520,0.09873248832554551,0
2023-07-28 10:57:25,1875.6,918650,1,1871.02,173695,194523,0.09873248832554551,0
2023-07-28 10:57:25,1874.95,918650,8,1871.02,173695,194523,0.06404269513008914,0
2023-07-28 10:57:32,1874.9,919436,41,1871.03,172696,194384,0.061374249499671296,0
2023-07-28 10:57:32,1874.9,919436,18,1871.03,172696,194384,0.061374249499671296,0
2023-07-28 10:57:33,1874.9,919454,30,1871.03,172640,194403,0.061374249499671296,0
2023-07-28 10:57:35,1874.9,919497,30,1871.03,172708,194290,0.061374249499671296,0
2023-07-28 10:57:35,1874.9,919497,3,1871.03,172708,194443,0.061374249499671296,0
2023-07-28 10:57:37,1875.05,919501,1,1871.03,172705,194517,0.06937958639092486,0
2023-07-28 10:57:38,1874.9,919528,21,1871.03,172708,192597,0.061374249499671296,0
2023-07-28 10:57:38,1874.9,919528,21,1871.03,172708,194465,0.061374249499671296,0
2023-07-28 10:57:41,1874.9,919558,29,1871.03,172728,193935,0.061374249499671296,0
2023-07-28 10:57:42,1874.9,919566,7,1871.03,172524,194074,0.061374249499671296,0
2023-07-28 10:57:43,1875.05,919576,10,1871.03,172591,196620,0.06937958639092486,0
2023-07-28 10:57:43,1875.05,919576,10,1871.03,172591,196624,0.06937958639092486,0
2023-07-28 10:57:43,1875.05,919576,10,1871.03,172616,196583,0.06937958639092486,0
2023-07-28 10:57:43,1875.05,919576,10,1871.03,172600,196583,0.06937958639092486,0
2023-07-28 10:57:43,1874.95,919576,1,1871.03,172552,196633,0.06404269513008914,0
2023-07-28 10:57:48,1874.95,919580,1,1871.03,172656,196568,0.06404269513008914,0
2023-07-28 10:57:48,1875.0,919580,1,1871.03,172656,196568,0.066711140760507,0
2023-07-28 10:57:49,1875.0,919583,1,1871.03,172858,196869,0.066711140760507,0
2023-07-28 10:57:50,1875.0,919585,2,1871.03,172858,196867,0.066711140760507,0
2023-07-28 10:57:50,1875.0,919585,1,1871.03,172858,196867,0.066711140760507,0
2023-07-28 10:57:50,1875.0,919585,50,1871.03,172858,196867,0.066711140760507,0
2023-07-28 10:57:52,1874.95,919636,6,1871.03,172777,196667,0.06404269513008914,0
2023-07-28 10:57:53,1874.95,919642,6,1871.03,172771,196667,0.06404269513008914,0
2023-07-28 10:57:55,1874.9,919672,4,1871.03,172736,196310,0.061374249499671296,0
2023-07-28 10:57:55,1874.9,919676,4,1871.03,172752,196663,0.061374249499671296,0
2023-07-28 10:57:55,1874.9,919676,4,1871.03,172898,196553,0.061374249499671296,0
2023-07-28 10:57:58,1874.95,919677,1,1871.03,172897,196532,0.06404269513008914,0
2023-07-28 10:58:00,1874.95,919679,2,1871.03,172896,196971,0.06404269513008914,0
2023-07-28 10:58:00,1874.95,919679,3,1871.03,172896,196971,0.06404269513008914,0
2023-07-28 10:58:01,1875.0,919691,9,1871.03,172893,196612,0.066711140760507,0
2023-07-28 10:58:01,1875.0,919691,9,1871.03,172893,196612,0.066711140760507,0
2023-07-28 10:58:01,1875.0,919691,9,1871.03,172932,196653,0.066711140760507,0
2023-07-28 10:58:01,1875.0,919691,9,1871.03,172872,196747,0.066711140760507,0
2023-07-28 10:58:01,1875.0,919691,9,1871.03,172962,196747,0.066711140760507,0
2023-07-28 10:58:01,1875.0,919691,9,1871.03,172878,196758,0.066711140760507,0
2023-07-28 10:58:01,1875.0,919691,3,1871.03,172878,196758,0.066711140760507,0
2023-07-28 10:58:07,1874.9,919790,12,1871.03,172775,197599,0.061374249499671296,0
2023-07-28 10:58:09,1875.0,919812,10,1871.03,172886,197590,0.066711140760507,0
2023-07-28 10:58:09,1875.0,919812,50,1871.03,172886,197590,0.066711140760507,0
2023-07-28 10:58:10,1875.0,919889,22,1871.03,172928,197474,0.066711140760507,0
2023-07-28 10:58:10,1874.9,919900,11,1871.03,172917,197601,0.061374249499671296,0
2023-07-28 10:58:10,1874.9,919900,50,1871.03,172917,197601,0.061374249499671296,0
2023-07-28 10:58:11,1874.9,919950,50,1871.03,172901,197474,0.061374249499671296,0
2023-07-28 10:58:11,1874.9,919950,50,1871.03,173291,197323,0.061374249499671296,0
2023-07-28 10:58:15,1874.95,920052,2,1871.03,173264,197254,0.06404269513008914,0
2023-07-28 10:58:15,1874.9,920052,17,1871.03,173264,197254,0.061374249499671296,0
2023-07-28 10:58:16,1875.0,920079,9,1871.03,173205,197241,0.066711140760507,0
2023-07-28 10:58:16,1875.0,920079,9,1871.03,173223,196198,0.066711140760507,0
2023-07-28 10:58:16,1875.0,920079,9,1871.03,173223,196644,0.066711140760507,0
2023-07-28 10:58:16,1875.0,920079,4,1871.03,173223,196644,0.066711140760507,0
2023-07-28 10:58:18,1874.95,920083,3,1871.03,173352,196536,0.06404269513008914,0
2023-07-28 10:58:19,1874.95,920086,3,1871.03,173352,196531,0.06404269513008914,0
2023-07-28 10:58:19,1874.95,920086,3,1871.03,173352,196667,0.06404269513008914,0
2023-07-28 10:58:19,1874.95,920086,3,1871.03,173393,196667,0.06404269513008914,0
2023-07-28 10:58:19,1875.0,920086,3,1871.03,173393,196667,0.066711140760507,0
2023-07-28 10:58:22,1875.0,920089,3,1871.03,173229,196543,0.066711140760507,0
2023-07-28 10:58:22,1875.0,920089,3,1871.03,173190,196568,0.066711140760507,0
2023-07-28 10:58:22,1875.0,920089,3,1871.03,173091,196215,0.066711140760507,0
2023-07-28 10:58:22,1875.0,920089,3,1871.03,173118,196316,0.066711140760507,0
2023-07-28 10:58:28,1874.9,920128,8,1871.03,173115,195934,0.061374249499671296,0
2023-07-28 10:58:28,1874.6,920128,1,1871.03,173115,195934,0.045363575717139906,0
2023-07-28 10:58:28,1874.6,920134,1,1871.03,173138,195901,0.045363575717139906,0
2023-07-28 10:58:28,1874.6,920134,1,1871.03,173081,195821,0.045363575717139906,0
2023-07-28 10:58:28,1874.6,920134,1,1871.03,173081,196154,0.045363575717139906,0
2023-07-28 10:58:28,1874.9,920134,1,1871.03,173037,197097,0.061374249499671296,0
2023-07-28 10:58:33,1874.75,920139,1,1871.03,173405,196992,0.0533689126084056,0
2023-07-28 10:58:33,1874.75,920139,1,1871.03,173467,196995,0.0533689126084056,0
2023-07-28 10:58:35,1874.75,920140,1,1871.03,173467,197124,0.0533689126084056,0
2023-07-28 10:58:35,1874.75,920140,2,1871.03,173493,196654,0.0533689126084056,0
2023-07-28 10:58:37,1874.6,920164,4,1871.03,173554,196724,0.045363575717139906,0
2023-07-28 10:58:38,1874.55,920168,51,1871.03,173574,196724,0.04269513008672206,0
2023-07-28 10:58:39,1874.55,920255,51,1871.03,173460,196725,0.04269513008672206,0
2023-07-28 10:58:39,1874.55,920255,51,1871.03,173407,197019,0.04269513008672206,0
2023-07-28 10:58:39,1874.55,920255,51,1871.03,173394,197019,0.04269513008672206,0
2023-07-28 10:58:43,1874.55,920269,14,1871.03,173340,197590,0.04269513008672206,0
2023-07-28 10:58:43,1874.2,920269,4,1871.03,173490,197587,0.02401601067378495,0
2023-07-28 10:58:45,1874.05,920423,28,1871.03,173511,197587,0.016010673782519254,0
2023-07-28 10:58:47,1873.9,920762,1,1871.03,173806,197555,0.008005336891265695,0
2023-07-28 10:58:47,1873.65,920772,9,1871.03,174473,197755,-0.005336891260835706,0
2023-07-28 10:58:48,1873.9,920852,3,1871.03,175588,196886,0.008005336891265695,0
2023-07-28 10:58:49,1873.7,920885,8,1871.03,175711,196559,-0.002668445630417853,0
2023-07-28 10:58:49,1873.6,920885,4,1871.03,175711,196559,-0.008005336891265695,0
2023-07-28 10:58:50,1873.6,920889,4,1871.03,175500,197297,-0.008005336891265695,0
2023-07-28 10:58:51,1873.6,920895,6,1871.03,175538,196403,-0.008005336891265695,0
2023-07-28 10:58:51,1873.7,920895,5,1871.03,175544,196906,-0.002668445630417853,0
2023-07-28 10:58:51,1873.7,920895,19,1871.03,175544,196906,-0.002668445630417853,0
2023-07-28 10:58:54,1873.7,921454,19,1871.03,174652,197042,-0.002668445630417853,0
2023-07-28 10:58:54,1873.65,921454,6,1871.03,174652,197042,-0.005336891260835706,0
2023-07-28 10:58:55,1873.65,921460,6,1871.03,174765,196923,-0.005336891260835706,0
2023-07-28 10:58:55,1873.65,921460,6,1871.03,174904,196908,-0.005336891260835706,0
2023-07-28 10:58:58,1873.7,921490,10,1871.03,174894,196908,-0.002668445630417853,0
2023-07-28 10:58:59,1874.2,921500,10,1871.03,174998,196898,0.02401601067378495,0
2023-07-28 10:59:00,1873.75,921505,5,1871.03,175252,196665,0.0,0
2023-07-28 10:59:02,1873.8,921506,1,1871.03,175252,196665,0.002668445630417853,0
2023-07-28 10:59:02,1874.0,921506,3,1871.03,174908,197095,0.0133422281521014,0
2023-07-28 10:59:04,1873.55,923641,5,1871.04,175084,194497,-0.010673782521683549,0
2023-07-28 10:59:05,1874.2,924168,42,1871.04,175513,194042,0.02401601067378495,0
2023-07-28 10:59:05,1873.7,924168,7,1871.04,175513,194042,-0.002668445630417853,0
2023-07-28 10:59:06,1874.2,924196,39,1871.04,176058,193924,0.02401601067378495,0
2023-07-28 10:59:06,1874.2,924255,39,1871.04,171932,190356,0.02401601067378495,0
2023-07-28 10:59:07,1874.0,924305,4,1871.04,174669,194852,0.0133422281521014,0
2023-07-28 10:59:07,1874.0,924305,4,1871.04,174675,194944,0.0133422281521014,0
2023-07-28 10:59:09,1874.0,924315,10,1871.04,174665,192944,0.0133422281521014,0
2023-07-28 10:59:09,1874.0,924315,10,1871.04,174665,194944,0.0133422281521014,0
2023-07-28 10:59:09,1874.05,924315,12,1871.04,174945,194911,0.016010673782519254,0
2023-07-28 10:59:12,1874.05,924327,12,1871.04,175035,194925,0.016010673782519254,0
2023-07-28 10:59:12,1874.05,924327,25,1871.04,175035,194925,0.016010673782519254,0
2023-07-28 10:59:12,1874.0,924327,12,1871.04,175035,194925,0.0133422281521014,0
2023-07-28 10:59:15,1874.0,924364,12,1871.04,175070,194958,0.0133422281521014,0
2023-07-28 10:59:15,1874.05,924364,8,1871.04,175070,194958,0.016010673782519254,0
2023-07-28 10:59:16,1874.05,924382,8,1871.04,174936,195122,0.016010673782519254,0
2023-07-28 10:59:18,1874.7,924402,20,1871.04,175773,195095,0.05070046697798775,0
2023-07-28 10:59:19,1874.4,924407,4,1871.04,175762,195095,0.0346897931954685,0
2023-07-28 10:59:20,1874.4,924408,1,1871.04,174578,195429,0.0346897931954685,0
2023-07-28 10:59:20,1874.4,924408,2,1871.04,174295,195618,0.0346897931954685,0
2023-07-28 10:59:20,1874.4,924408,2,1871.04,174295,195618,0.0346897931954685,0
2023-07-28 10:59:22,1874.4,924411,2,1871.04,175061,196059,0.0346897931954685,0
2023-07-28 10:59:22,1874.4,924411,2,1871.04,175257,196059,0.0346897931954685,0
2023-07-28 10:59:22,1874.95,924411,1,1871.04,175257,196059,0.06404269513008914,0
2023-07-28 10:59:24,1874.95,924413,1,1871.04,175293,196106,0.06404269513008914,0
2023-07-28 10:59:24,1874.95,924413,1,1871.04,175422,196061,0.06404269513008914,0
2023-07-28 10:59:24,1874.95,924413,1,1871.04,175422,196061,0.06404269513008914,0
2023-07-28 10:59:26,1874.95,924419,1,1871.04,175287,195310,0.06404269513008914,0
2023-07-28 10:59:26,1874.95,924419,1,1871.04,175287,195310,0.06404269513008914,0
2023-07-28 10:59:26,1875.0,924419,1,1871.04,175287,195310,0.066711140760507,0
2023-07-28 10:59:29,1875.0,924420,1,1871.04,175287,195166,0.066711140760507,0
2023-07-28 10:59:29,1875.0,924420,1,1871.04,175023,195564,0.066711140760507,0
2023-07-28 10:59:30,1875.0,924421,1,1871.04,175289,195563,0.066711140760507,0
2023-07-28 10:59:30,1875.0,924421,1,1871.04,175296,195528,0.066711140760507,0
2023-07-28 10:59:34,1875.45,924974,231,1871.04,175731,195365,0.09072715143429196,0
2023-07-28 10:59:34,1874.6,924984,8,1871.04,175551,195989,0.045363575717139906,0
2023-07-28 10:59:35,1875.3,925134,98,1871.04,175729,196046,0.08272181454302625,0
2023-07-28 10:59:35,1874.8,925134,11,1871.04,175739,196348,0.056037358238823456,0
2023-07-28 10:59:37,1874.8,925145,11,1871.05,175462,195948,0.056037358238823456,0
2023-07-28 10:59:39,1875.3,925172,1,1871.05,175747,195894,0.08272181454302625,0
2023-07-28 10:59:39,1875.35,925174,2,1871.05,175610,196461,0.08539026017344412,0
2023-07-28 10:59:40,1875.0,925176,2,1871.05,175784,195969,0.066711140760507,0
2023-07-28 10:59:42,1875.3,925186,1,1871.05,175632,195947,0.08272181454302625,0
2023-07-28 10:59:42,1875.3,925186,1,1871.05,175632,195947,0.08272181454302625,0
2023-07-28 10:59:43,1875.35,925191,5,1871.05,175861,196255,0.08539026017344412,0
2023-07-28 10:59:43,1875.35,925191,5,1871.05,175861,196221,0.08539026017344412,0
2023-07-28 10:59:45,1875.35,925195,4,1871.05,175862,196218,0.08539026017344412,0
2023-07-28 10:59:45,1875.35,925195,4,1871.05,175858,196218,0.08539026017344412,0
2023-07-28 10:59:47,1875.0,925196,1,1871.05,175857,196218,0.066711140760507,0
2023-07-28 10:59:47,1875.0,925196,1,1871.05,175457,196218,0.066711140760507,0
2023-07-28 10:59:47,1875.0,925196,1,1871.05,175523,196240,0.066711140760507,0
2023-07-28 10:59:47,1875.0,925196,1,1871.05,175856,196240,0.066711140760507,0
2023-07-28 10:59:47,1875.0,925196,1,1871.05,175926,196327,0.066711140760507,0
2023-07-28 10:59:47,1875.5,925196,40,1871.05,175926,196327,0.0933955970647098,0
2023-07-28 10:59:52,1874.9,925696,7,1871.05,174891,196370,0.061374249499671296,0
2023-07-28 10:59:52,1874.9,925751,6,1871.05,174734,196553,0.061374249499671296,0
2023-07-28 10:59:53,1874.9,925757,6,1871.05,174492,195868,0.061374249499671296,0
2023-07-28 10:59:53,1874.9,925757,6,1871.05,174539,195764,0.061374249499671296,0
2023-07-28 10:59:53,1874.9,925757,6,1871.05,174549,195721,0.061374249499671296,0
2023-07-28 10:59:56,1874.85,925769,3,1871.05,174817,196833,0.05870580386924131,0
2023-07-28 10:59:58,1875.5,925770,1,1871.05,174831,196328,0.0933955970647098,0
2023-07-28 10:59:58,1875.5,925770,1,1871.05,174831,196329,0.0933955970647098,0
2023-07-28 10:59:58,1875.5,925770,1,1871.05,174858,196330,0.0933955970647098,0
2023-07-28 10:59:58,1875.5,925770,1,1871.05,174858,196330,0.0933955970647098,0
2023-07-28 11:00:01,1875.5,925773,2,1871.05,174978,196357,0.0933955970647098,0
2023-07-28 11:00:01,1875.5,925774,1,1871.05,175254,196278,0.0933955970647098,0
2023-07-28 11:00:02,1875.5,925776,1,1871.05,175266,196247,0.0933955970647098,0
2023-07-28 11:00:04,1875.6,926212,1,1871.05,171729,195338,0.09873248832554551,0
2023-07-28 11:00:04,1874.85,926261,49,1871.05,171474,195424,0.05870580386924131,0
2023-07-28 11:00:04,1874.85,926261,49,1871.05,171474,195424,0.05870580386924131,0
2023-07-28 11:00:04,1874.85,926261,49,1871.05,171396,195930,0.05870580386924131,0
2023-07-28 11:00:04,1875.5,926261,3,1871.05,171396,195930,0.0933955970647098,0
2023-07-28 11:00:07,1875.5,926264,3,1871.05,171587,195591,0.0933955970647098,0
2023-07-28 11:00:07,1875.5,926264,3,1871.05,171587,195591,0.0933955970647098,0
2023-07-28 11:00:07,1875.5,926264,3,1871.05,171587,195591,0.0933955970647098,0
2023-07-28 11:00:07,1875.5,926264,3,1871.05,175127,196396,0.0933955970647098,0
2023-07-28 11:00:13,1875.75,926265,1,1871.05,175128,196395,0.1067378252168112,0
2023-07-28 11:00:13,1875.75,926265,1,1871.05,175128,196395,0.1067378252168112,0
2023-07-28 11:00:15,1875.75,926269,4,1871.05,175044,196227,0.1067378252168112,0
2023-07-28 11:00:15,1875.75,926269,4,1871.05,175173,196228,0.1067378252168112,0
2023-07-28 11:00:15,1875.0,926269,2,1871.05,175121,197056,0.066711140760507,0
2023-07-28 11:00:19,1875.0,926272,2,1871.05,174817,197056,0.066711140760507,0
2023-07-28 11:00:19,1875.0,926272,2,1871.05,174210,196891,0.066711140760507,0
2023-07-28 11:00:19,1875.0,926272,3,1871.05,174737,197316,0.066711140760507,0
2023-07-28 11:00:24,1875.0,926277,1,1871.05,174841,197331,0.066711140760507,0
2023-07-28 11:00:24,1875.0,926277,1,1871.05,174841,197331,0.066711140760507,0
2023-07-28 11:00:24,1875.45,926277,1,1871.05,174841,197331,0.09072715143429196,0
2023-07-28 11:00:25,1875.45,926278,1,1871.05,174841,197351,0.09072715143429196,0
2023-07-28 11:00:25,1875.45,926278,1,1871.05,174841,197351,0.09072715143429196,0
2023-07-28 11:00:25,1875.45,926278,1,1871.05,174786,197747,0.09072715143429196,0
2023-07-28 11:00:29,1875.0,926279,1,1871.05,174773,197772,0.066711140760507,0
2023-07-28 11:00:29,1875.0,926279,1,1871.05,174757,197805,0.066711140760507,0
2023-07-28 11:00:29,1875.0,926279,1,1871.05,174795,197804,0.066711140760507,0
2023-07-28 11:00:29,1875.0,926279,1,1871.05,174800,197804,0.066711140760507,0
2023-07-28 11:00:29,1875.0,926279,1,1871.05,174467,197804,0.066711140760507,0
2023-07-28 11:00:29,1875.0,926279,1,1871.05,174780,197804,0.066711140760507,0
2023-07-28 11:00:29,1875.0,926279,1,1871.05,174780,197795,0.066711140760507,0
2023-07-28 11:00:29,1875.0,926279,3,1871.05,174786,197795,0.066711140760507,0
2023-07-28 11:00:37,1875.0,926282,3,1871.05,174783,197795,0.066711140760507,0
2023-07-28 11:00:37,1875.0,926282,3,1871.05,174722,197854,0.066711140760507,0
2023-07-28 11:00:40,1875.1,926283,1,1871.05,174723,197853,0.07204803202134272,0
2023-07-28 11:00:40,1875.0,926284,1,1871.05,174721,197853,0.066711140760507,0
2023-07-28 11:00:41,1874.45,926319,8,1871.05,174662,198067,0.03735823882588635,0
2023-07-28 11:00:41,1874.45,926319,8,1871.05,174655,197985,0.03735823882588635,0
2023-07-28 11:00:41,1874.45,926319,8,1871.05,174695,198086,0.03735823882588635,0
2023-07-28 11:00:41,1874.45,926319,8,1871.05,174749,198086,0.03735823882588635,0
2023-07-28 11:00:49,1874.45,926349,20,1871.05,167788,197122,0.03735823882588635,0
2023-07-28 11:00:49,1874.45,926349,20,1871.05,171480,197072,0.03735823882588635,0
2023-07-28 11:00:49,1873.85,926357,7,1871.05,174070,197059,0.005336891260835706,0
2023-07-28 11:00:49,1874.65,926357,7,1871.05,174070,197059,0.0480320213475699,0
2023-07-28 11:00:51,1873.95,926418,2,1871.05,170646,196017,0.010673782521683549,0
2023-07-28 11:00:51,1873.95,926418,2,1871.05,170629,195978,0.010673782521683549,0
2023-07-28 11:00:51,1873.95,926418,2,1871.05,170789,195919,0.010673782521683549,0
2023-07-28 11:00:51,1873.95,926418,2,1871.05,170789,195919,0.010673782521683549,0
2023-07-28 11:00:56,1873.95,926421,8,1871.05,170960,195625,0.010673782521683549,0
2023-07-28 11:00:56,1874.65,926430,1,1871.05,171025,195032,0.0480320213475699,0
2023-07-28 11:00:56,1874.65,926430,1,1871.05,171025,195032,0.0480320213475699,0
2023-07-28 11:00:57,1874.65,926431,1,1871.05,174670,196008,0.0480320213475699,0
2023-07-28 11:00:57,1874.65,926431,1,1871.05,174671,196045,0.0480320213475699,0
2023-07-28 11:00:57,1874.1,926431,2,1871.05,172945,196007,0.01867911941293711,0
2023-07-28 11:01:01,1874.1,926433,2,1871.05,174268,196180,0.01867911941293711,0
2023-07-28 11:01:01,1874.1,926433,2,1871.05,174447,196278,0.01867911941293711,0
2023-07-28 11:01:01,1874.1,926433,2,1871.05,174352,195680,0.01867911941293711,0
2023-07-28 11:01:01,1874.8,926433,46,1871.05,174379,196051,0.056037358238823456,0
2023-07-28 11:01:06,1874.05,926678,7,1871.05,173510,195381,0.016010673782519254,0
2023-07-28 11:01:06,1874.05,926688,7,1871.05,173099,195632,0.016010673782519254,0
2023-07-28 11:01:06,1874.25,926688,16,1871.05,173099,195632,0.0266844563042028,0
2023-07-28 11:01:07,1874.25,926704,2,1871.05,173177,195680,0.0266844563042028,0
2023-07-28 11:01:07,1874.4,926704,1,1871.05,173177,195680,0.0346897931954685,0
2023-07-28 11:01:10,1874.4,926707,1,1871.05,173175,195450,0.0346897931954685,0
2023-07-28 11:01:10,1874.4,926707,1,1871.05,173175,195301,0.0346897931954685,0
2023-07-28 11:01:10,1874.4,926707,1,1871.05,173175,195301,0.0346897931954685,0
2023-07-28 11:01:10,1874.4,926707,1,1871.05,173186,195301,0.0346897931954685,0
2023-07-28 11:01:10,1874.4,926707,1,1871.05,173011,195222,0.0346897931954685,0
2023-07-28 11:01:10,1873.85,926707,11,1871.05,173011,195222,0.005336891260835706,0
2023-07-28 11:01:16,1873.85,926835,11,1871.05,170333,194804,0.005336891260835706,0
2023-07-28 11:01:16,1873.7,926835,14,1871.05,170333,194804,-0.002668445630417853,0
2023-07-28 11:01:17,1873.7,926849,14,1871.05,172677,195647,-0.002668445630417853,0
2023-07-28 11:01:17,1873.7,926849,14,1871.05,173157,195206,-0.002668445630417853,0
2023-07-28 11:01:19,1874.35,926999,39,1871.05,173931,195051,0.03202134756503851,0
2023-07-28 11:01:19,1874.35,926999,39,1871.05,173931,195003,0.03202134756503851,0
2023-07-28 11:01:19,1874.35,926999,39,1871.05,174031,195003,0.03202134756503851,0
2023-07-28 11:01:19,1874.35,926999,39,1871.05,174344,195153,0.03202134756503851,0
2023-07-28 11:01:19,1874.35,926999,39,1871.05,175366,196267,0.03202134756503851,0
2023-07-28 11:01:27,1873.65,927016,17,1871.05,174315,196462,-0.005336891260835706,0
2023-07-28 11:01:27,1874.25,927028,10,1871.05,174354,196462,0.0266844563042028,0
2023-07-28 11:01:28,1873.45,927079,1,1871.05,174384,196151,-0.016010673782519254,0
2023-07-28 11:01:29,1874.0,927084,5,1871.05,173626,195120,0.0133422281521014,0
2023-07-28 11:01:29,1874.0,927084,5,1871.05,174239,195766,0.0133422281521014,0
2023-07-28 11:01:32,1874.4,927085,1,1871.05,174239,195811,0.0346897931954685,0
2023-07-28 11:01:32,1874.4,927085,1,1871.05,173739,195856,0.0346897931954685,0
2023-07-28 11:01:32,1874.0,927085,10,1871.05,173739,195856,0.0133422281521014,0
2023-07-28 11:01:34,1874.0,927102,10,1871.05,173029,195502,0.0133422281521014,0
2023-07-28 11:01:34,1873.4,927102,1,1871.05,173029,195502,-0.01867911941293711,0
2023-07-28 11:01:34,1873.4,927103,1,1871.05,173329,193948,-0.01867911941293711,0
2023-07-28 11:01:34,1874.0,927103,15,1871.05,172829,193996,0.0133422281521014,0
2023-07-28 11:01:37,1874.0,927118,15,1871.05,173329,194429,0.0133422281521014,0
2023-07-28 11:01:37,1874.0,927118,15,1871.05,172057,194574,0.0133422281521014,0
2023-07-28 11:01:37,1874.0,927118,15,1871.05,173355,194470,0.0133422281521014,0
2023-07-28 11:01:37,1874.0,927118,15,1871.05,173354,194421,0.0133422281521014,0
2023-07-28 11:01:37,1874.0,927118,1,1871.05,173553,194457,0.0133422281521014,0
2023-07-28 11:01:42,1874.0,927119,1,1871.05,173553,194456,0.0133422281521014,0
2023-07-28 11:01:42,1874.0,927119,1,1871.05,173553,194595,0.0133422281521014,0
2023-07-28 11:01:42,1873.25,927119,4,1871.05,173553,194595,-0.0266844563042028,0
2023-07-28 11:01:45,1874.0,927525,80,1871.05,173306,194826,0.0133422281521014,0
2023-07-28 11:01:45,1873.25,927525,2,1871.05,173306,194826,-0.0266844563042028,0
2023-07-28 11:01:45,1873.25,927529,2,1871.05,173266,194868,-0.0266844563042028,0
2023-07-28 11:01:45,1873.25,927529,9,1871.05,173266,194868,-0.0266844563042028,0
2023-07-28 11:01:46,1873.9,927539,10,1871.05,173333,194897,0.008005336891265695,0
2023-07-28 11:01:47,1873.9,927597,10,1871.05,173525,195061,0.008005336891265695,0
2023-07-28 11:01:47,1873.3,927597,1,1871.05,173525,195061,-0.02401601067378495,0
2023-07-28 11:01:49,1873.3,927598,1,1871.05,173245,195014,-0.02401601067378495,0
2023-07-28 11:01:49,1873.3,927598,1,1871.05,173245,195024,-0.02401601067378495,0
2023-07-28 11:01:49,1873.3,927598,1,1871.05,173245,195024,-0.02401601067378495,0
2023-07-28 11:01:49,1873.6,927598,31,1871.05,173245,195024,-0.008005336891265695,0
2023-07-28 11:01:52,1873.05,927635,2,1871.05,173303,194271,-0.03735823882588635,0
2023-07-28 11:01:52,1873.05,927635,2,1871.05,173303,194271,-0.03735823882588635,0
2023-07-28 11:01:52,1873.05,927635,2,1871.05,173303,194148,-0.03735823882588635,0
2023-07-28 11:01:52,1873.0,927635,2,1871.05,173303,194148,-0.0400266844563042,0
2023-07-28 11:01:54,1872.65,928282,18,1871.06,172428,193914,-0.05870580386924131,0
2023-07-28 11:01:56,1873.85,930510,96,1871.06,172942,192827,0.005336891260835706,0
2023-07-28 11:01:56,1874.45,930611,1,1871.06,170782,193295,0.03735823882588635,0
2023-07-28 11:01:57,1873.7,930634,23,1871.06,173125,192739,-0.002668445630417853,0
2023-07-28 11:01:58,1873.85,930644,10,1871.06,172855,193344,0.005336891260835706,0
2023-07-28 11:01:59,1874.5,930646,2,1871.06,173101,193048,0.0400266844563042,0
2023-07-28 11:01:59,1873.8,930646,2,1871.06,172918,193348,0.002668445630417853,0
2023-07-28 11:02:01,1873.8,930650,2,1871.06,172675,193524,0.002668445630417853,0
2023-07-28 11:02:01,1873.8,930650,2,1871.06,172664,193524,0.002668445630417853,0
2023-07-28 11:02:01,1873.65,930650,7,1871.06,172664,193524,-0.005336891260835706,0
2023-07-28 11:02:04,1873.65,930660,7,1871.06,173219,193483,-0.005336891260835706,0
2023-07-28 11:02:04,1873.65,930660,7,1871.06,173124,193275,-0.005336891260835706,0
2023-07-28 11:02:04,1873.65,930660,7,1871.06,173030,193462,-0.005336891260835706,0
2023-07-28 11:02:04,1873.5,930660,3,1871.06,173220,193360,-0.0133422281521014,0
2023-07-28 11:02:07,1873.5,930663,3,1871.06,173092,193359,-0.0133422281521014,0
2023-07-28 11:02:07,1873.5,930663,3,1871.06,173198,193359,-0.0133422281521014,0
2023-07-28 11:02:10,1874.0,930669,1,1871.06,173986,194347,0.0133422281521014,0
2023-07-28 11:02:10,1874.0,930669,1,1871.06,173986,194347,0.0133422281521014,0
2023-07-28 11:02:11,1874.0,930712,5,1871.06,174042,195038,0.0133422281521014,0
2023-07-28 11:02:11,1874.0,930712,44,1871.06,174042,195038,0.0133422281521014,0
2023-07-28 11:02:12,1874.0,930827,44,1871.06,174110,194698,0.0133422281521014,0
2023-07-28 11:02:12,1874.05,930827,21,1871.06,174110,194698,0.016010673782519254,0
2023-07-28 11:02:13,1874.05,930852,21,1871.06,173769,194696,0.016010673782519254,0
2023-07-28 11:02:13,1874.05,930852,21,1871.06,173661,194809,0.016010673782519254,0
2023-07-28 11:02:13,1874.05,930852,21,1871.06,173661,194809,0.016010673782519254,0
2023-07-28 11:02:13,1874.05,930852,21,1871.06,173474,194742,0.016010673782519254,0
2023-07-28 11:02:13,1874.7,930852,22,1871.06,173474,194742,0.05070046697798775,0
2023-07-28 11:02:18,1875.45,931109,23,1871.06,174684,194295,0.09072715143429196,0
2023-07-28 11:02:19,1875.45,931142,5,1871.07,174712,194419,0.09072715143429196,0
2023-07-28 11:02:19,1875.45,931142,5,1871.07,175037,194204,0.09072715143429196,0
2023-07-28 11:02:19,1875.45,931142,5,1871.07,175037,194204,0.09072715143429196,0
2023-07-28 11:02:19,1875.0,931142,4,1871.07,175037,194204,0.066711140760507,0
2023-07-28 11:02:23,1875.45,931151,2,1871.07,175157,194101,0.09072715143429196,0
2023-07-28 11:02:24,1875.25,932162,25,1871.07,175348,194347,0.0800533689126084,0
2023-07-28 11:02:24,1875.15,932162,2,1871.07,175348,194347,0.0747164776517727,0
2023-07-28 11:02:24,1875.15,932162,2,1871.07,175348,194347,0.0747164776517727,0
2023-07-28 11:02:25,1875.1,932440,7,1871.07,175113,194669,0.07204803202134272,0
2023-07-28 11:02:25,1875.1,932469,7,1871.07,174515,194314,0.07204803202134272,0
2023-07-28 11:02:25,1875.8,932469,14,1871.07,174515,194314,0.10940627084722906,0
2023-07-28 11:02:27,1875.8,932483,2,1871.07,175035,194282,0.10940627084722906,0
2023-07-28 11:02:29,1875.6,932495,1,1871.07,174555,194729,0.09873248832554551,0
2023-07-28 11:02:29,1875.6,932495,1,1871.07,174509,194965,0.09873248832554551,0
2023-07-28 11:02:29,1875.6,932495,1,1871.07,174528,195065,0.09873248832554551,0
2023-07-28 11:02:29,1875.6,932495,3,1871.07,174528,195065,0.09873248832554551,0
2023-07-28 11:02:31,1875.6,932498,3,1871.07,174628,194919,0.09873248832554551,0
2023-07-28 11:02:33,1875.6,932500,2,1871.07,174626,194634,0.09873248832554551,0
2023-07-28 11:02:33,1875.6,932500,2,1871.07,174678,194612,0.09873248832554551,0
2023-07-28 11:02:33,1875.9,932500,400,1871.07,174678,194612,0.1147431621080769,0
2023-07-28 11:02:33,1876.5,932500,263,1871.07,174678,194612,0.1467645096731154,0
2023-07-28 11:02:36,1875.9,936983,431,1871.09,174829,193422,0.1147431621080769,0
2023-07-28 11:02:36,1876.2,936983,5,1871.09,174829,193422,0.13075383589059617,0
2023-07-28 11:02:37,1876.2,937126,4,1871.1,174875,196369,0.13075383589059617,0
2023-07-28 11:02:37,1876.2,937126,1,1871.1,174875,196369,0.13075383589059617,0
2023-07-28 11:02:38,1876.2,937128,1,1871.1,174894,196357,0.13075383589059617,0
2023-07-28 11:02:38,1876.2,937128,1,1871.1,174864,196239,0.13075383589059617,0
2023-07-28 11:02:40,1876.15,937353,140,1871.1,174873,196657,0.1280853902601783,0
2023-07-28 11:02:40,1876.15,937353,40,1871.1,174873,196657,0.1280853902601783,0
2023-07-28 11:02:41,1876.3,939167,32,1871.11,175514,189141,0.13609072715143186,0
2023-07-28 11:02:43,1876.15,939602,9,1871.11,174203,194989,0.1280853902601783,0
2023-07-28 11:02:44,1876.4,939695,10,1871.11,173736,195027,0.14142761841227972,0
2023-07-28 11:02:45,1876.15,939799,34,1871.11,173331,195141,0.1280853902601783,0
2023-07-28 11:02:45,1876.4,939799,4,1871.11,173331,195141,0.14142761841227972,0
2023-07-28 11:02:46,1876.55,939805,2,1871.11,173700,194918,0.14943295530353326,0
2023-07-28 11:02:46,1876.55,939805,1,1871.11,173700,194918,0.14943295530353326,0
2023-07-28 11:02:47,1876.55,939813,1,1871.11,173706,194808,0.14943295530353326,0
2023-07-28 11:02:47,1876.55,939813,1,1871.11,173706,194808,0.14943295530353326,0
2023-07-28 11:02:47,1876.15,939813,2,1871.11,173706,194808,0.1280853902601783,0
2023-07-28 11:02:49,1876.15,939815,223,1871.11,172934,195523,0.1280853902601783,0
2023-07-28 11:02:50,1876.5,940137,29,1871.11,173480,194763,0.1467645096731154,0
2023-07-28 11:02:51,1876.15,940187,50,1871.11,173434,194820,0.1280853902601783,0
2023-07-28 11:02:51,1876.95,941794,89,1871.12,173489,195197,0.17078052034690036,0
2023-07-28 11:02:53,1876.45,941894,1,1871.12,173600,195591,0.14409606404269756,0
2023-07-28 11:02:53,1875.7,941894,29,1871.12,173600,195591,0.10406937958639335,0
2023-07-28 11:02:53,1875.7,942053,29,1871.12,173762,195268,0.10406937958639335,0
2023-07-28 11:02:53,1876.55,942053,23,1871.12,173762,195268,0.14943295530353326,0
2023-07-28 11:02:55,1876.55,942121,23,1871.13,173490,194423,0.14943295530353326,0
2023-07-28 11:02:56,1875.9,942126,3,1871.13,173733,194835,0.1147431621080769,0
2023-07-28 11:02:56,1876.6,942127,1,1871.13,173905,194936,0.1521014009339511,0
2023-07-28 11:02:56,1876.6,942127,1,1871.13,173923,195358,0.1521014009339511,0
2023-07-28 11:02:56,1876.15,942127,10,1871.13,173923,195358,0.1280853902601783,0
2023-07-28 11:02:59,1875.7,942142,9,1871.13,173177,195001,0.10406937958639335,0
2023-07-28 11:03:00,1875.55,942152,1,1871.13,173648,195428,0.09606404269512767,0
2023-07-28 11:03:01,1876.15,942154,1,1871.13,173988,195385,0.1280853902601783,0
2023-07-28 11:03:01,1876.15,942154,1,1871.13,173988,195385,0.1280853902601783,0
2023-07-28 11:03:03,1876.15,943795,72,1871.14,175667,194383,0.1280853902601783,0
2023-07-28 11:03:03,1876.3,943795,20,1871.14,175667,194383,0.13609072715143186,0
2023-07-28 11:03:03,1876.3,944009,20,1871.14,174805,194677,0.13609072715143186,0
2023-07-28 11:03:05,1877.1,944032,2,1871.14,175383,194442,0.1787858572381539,0
2023-07-28 11:03:06,1876.8,944074,4,1871.14,175207,195149,0.16277518345563466,0
2023-07-28 11:03:06,1876.8,944074,4,1871.14,175207,195149,0.16277518345563466,0
2023-07-28 11:03:07,1876.9,944086,2,1871.14,174678,195331,0.1681120747164825,0
2023-07-28 11:03:08,1876.9,944088,2,1871.14,174678,195325,0.1681120747164825,0
2023-07-28 11:03:09,1876.9,944138,4,1871.14,174936,195050,0.1681120747164825,0
2023-07-28 11:03:10,1876.95,944253,15,1871.14,174907,194921,0.17078052034690036,0
2023-07-28 11:03:10,1876.45,944253,13,1871.14,174907,194921,0.14409606404269756,0
2023-07-28 11:03:11,1876.4,944269,14,1871.14,174577,195677,0.14142761841227972,0
2023-07-28 11:03:13,1876.4,944294,2,1871.14,174637,195602,0.14142761841227972,0
2023-07-28 11:03:13,1876.4,944301,1,1871.14,174636,195758,0.14142761841227972,0
2023-07-28 11:03:13,1876.4,944301,1,1871.14,174637,195858,0.14142761841227972,0
2023-07-28 11:03:13,1876.4,944301,1,1871.14,174637,195858,0.14142761841227972,0
2023-07-28 11:03:13,1876.4,944301,1,1871.14,174630,195858,0.14142761841227972,0
2023-07-28 11:03:18,1875.95,944507,18,1871.14,173819,195547,0.11741160773849475,0
2023-07-28 11:03:18,1876.55,944507,2,1871.14,173819,195547,0.14943295530353326,0
2023-07-28 11:03:19,1876.55,944553,21,1871.14,174056,195643,0.14943295530353326,0
2023-07-28 11:03:20,1876.55,944555,2,1871.14,174005,195669,0.14943295530353326,0
2023-07-28 11:03:20,1876.55,944555,2,1871.14,174005,195669,0.14943295530353326,0
2023-07-28 11:03:20,1876.55,944555,2,1871.14,173992,195669,0.14943295530353326,0
2023-07-28 11:03:20,1876.55,944555,2,1871.14,174129,195773,0.14943295530353326,0
2023-07-28 11:03:20,1876.55,944555,2,1871.14,174119,195773,0.14943295530353326,0
2023-07-28 11:03:20,1876.3,944555,7,1871.14,174335,194512,0.13609072715143186,0
2023-07-28 11:03:20,1876.9,944555,3,1871.14,174335,194512,0.1681120747164825,0
2023-07-28 11:03:25,1876.9,944566,1,1871.14,174418,195410,0.1681120747164825,0
2023-07-28 11:03:25,1876.9,944566,1,1871.14,174418,195410,0.1681120747164825,0
2023-07-28 11:03:25,1876.9,944567,1,1871.14,174529,195397,0.1681120747164825,0
2023-07-28 11:03:25,1876.2,944567,2,1871.14,174529,195397,0.13075383589059617,0
2023-07-28 11:03:27,1876.2,944569,2,1871.14,174547,195547,0.13075383589059617,0
2023-07-28 11:03:27,1876.2,944569,2,1871.14,174358,195547,0.13075383589059617,0
2023-07-28 11:03:29,1877.0,944589,19,1871.14,174462,195572,0.1734489659773182,0
2023-07-28 11:03:29,1877.0,944591,2,1871.14,174462,195769,0.1734489659773182,0
2023-07-28 11:03:29,1877.0,944591,2,1871.14,174462,195826,0.1734489659773182,0
2023-07-28 11:03:29,1877.0,944591,2,1871.14,174224,196283,0.1734489659773182,0
2023-07-28 11:03:33,1876.6,944594,1,1871.14,174389,196287,0.1521014009339511,0
2023-07-28 11:03:33,1876.6,944594,1,1871.14,174328,196172,0.1521014009339511,0
2023-07-28 11:03:36,1876.9,944644,49,1871.14,174507,196291,0.1681120747164825,0
2023-07-28 11:03:36,1876.9,944649,5,1871.14,174608,196142,0.1681120747164825,0
2023-07-28 11:03:36,1876.9,944649,5,1871.14,174598,196251,0.1681120747164825,0
2023-07-28 11:03:36,1876.3,944649,9,1871.14,174370,196255,0.13609072715143186,0
2023-07-28 11:03:40,1876.75,944659,1,1871.14,174335,196274,0.1601067378252168,0
2023-07-28 11:03:41,1876.75,944791,12,1871.14,174157,196306,0.1601067378252168,0
2023-07-28 11:03:41,1876.3,944791,11,1871.14,174157,196306,0.13609072715143186,0
2023-07-28 11:03:42,1876.6,944805,3,1871.14,174191,196269,0.1521014009339511,0
2023-07-28 11:03:42,1876.6,944805,3,1871.14,174211,196269,0.1521014009339511,0
2023-07-28 11:03:42,1876.6,944805,3,1871.14,172093,196157,0.1521014009339511,0
2023-07-28 11:03:42,1876.6,944805,3,1871.14,174125,196218,0.1521014009339511,0
2023-07-28 11:03:42,1876.6,944805,3,1871.14,174125,196186,0.1521014009339511,0
2023-07-28 11:03:42,1876.6,944805,3,1871.14,174125,196186,0.1521014009339511,0
2023-07-28 11:03:42,1876.6,944805,3,1871.14,174016,196320,0.1521014009339511,0
2023-07-28 11:03:42,1876.15,944805,2,1871.14,174016,196320,0.1280853902601783,0
2023-07-28 11:03:49,1876.15,944807,2,1871.14,173969,196106,0.1280853902601783,0
2023-07-28 11:03:49,1875.8,944807,2,1871.14,173969,196106,0.10940627084722906,0
2023-07-28 11:03:52,1875.8,944811,2,1871.14,174003,196110,0.10940627084722906,0
2023-07-28 11:03:52,1875.8,944819,1,1871.14,174068,196170,0.10940627084722906,0
2023-07-28 11:03:52,1875.8,944819,1,1871.14,173703,196317,0.10940627084722906,0
2023-07-28 11:03:52,1875.8,944819,1,1871.14,174089,196317,0.10940627084722906,0
2023-07-28 11:03:52,1875.8,944819,1,1871.14,174088,196317,0.10940627084722906,0
2023-07-28 11:03:52,1875.8,944819,1,1871.14,174252,196317,0.10940627084722906,0
2023-07-28 11:03:52,1875.8,944819,1,1871.14,174403,196317,0.10940627084722906,0
2023-07-28 11:03:52,1876.4,944819,8,1871.14,174403,196317,0.14142761841227972,0
2023-07-28 11:03:59,1876.4,944827,8,1871.14,174375,196310,0.14142761841227972,0
2023-07-28 11:03:59,1876.4,944827,1,1871.14,174375,196310,0.14142761841227972,0
2023-07-28 11:03:59,1876.4,944828,1,1871.14,173787,196346,0.14142761841227972,0
2023-07-28 11:04:01,1876.4,944829,1,1871.14,174107,196526,0.14142761841227972,0
2023-07-28 11:04:01,1876.4,944829,1,1871.14,174107,196526,0.14142761841227972,0
2023-07-28 11:04:01,1876.4,944829,1,1871.14,174107,196548,0.14142761841227972,0
2023-07-28 11:04:01,1876.4,944829,1,1871.14,174107,196548,0.14142761841227972,0
2023-07-28 11:04:03,1876.4,944830,1,1871.14,174056,196393,0.14142761841227972,0
2023-07-28 11:04:03,1876.4,944830,1,1871.14,174018,196320,0.14142761841227972,0
2023-07-28 11:04:03,1876.4,944830,1,1871.14,174018,196320,0.14142761841227972,0
2023-07-28 11:04:03,1876.1,944830,1,1871.14,174018,196320,0.1254169446297483,0
2023-07-28 11:04:06,1876.1,944831,3,1871.14,174018,196320,0.1254169446297483,0
2023-07-28 11:04:07,1876.1,944865,10,1871.14,173845,196451,0.1254169446297483,0
2023-07-28 11:04:09,1875.8,944881,15,1871.14,173993,196122,0.10940627084722906,0
2023-07-28 11:04:09,1875.8,944881,15,1871.14,173993,196122,0.10940627084722906,0
2023-07-28 11:04:10,1876.1,944892,10,1871.14,174094,196111,0.1254169446297483,0
2023-07-28 11:04:10,1876.45,944892,2,1871.14,174094,196111,0.14409606404269756,0
2023-07-28 11:04:11,1876.45,944896,2,1871.14,174181,196107,0.14409606404269756,0
2023-07-28 11:04:11,1876.45,944896,2,1871.14,174456,196271,0.14409606404269756,0
2023-07-28 11:04:11,1876.45,944896,2,1871.14,174466,196271,0.14409606404269756,0
2023-07-28 11:04:11,1876.45,944896,2,1871.14,174466,196315,0.14409606404269756,0
2023-07-28 11:04:11,1876.45,944896,2,1871.14,174456,196480,0.14409606404269756,0
2023-07-28 11:04:11,1876.45,944896,2,1871.14,174456,196460,0.14409606404269756,0
2023-07-28 11:04:11,1876.45,944896,2,1871.14,174456,196317,0.14409606404269756,0
2023-07-28 11:04:11,1876.45,944896,2,1871.14,174461,196317,0.14409606404269756,0
2023-07-28 11:04:11,1876.45,944896,2,1871.14,174243,196484,0.14409606404269756,0
2023-07-28 11:04:11,1875.8,944896,1,1871.14,174265,196484,0.10940627084722906,0
2023-07-28 11:04:22,1875.8,944899,1,1871.14,174263,196469,0.10940627084722906,0
2023-07-28 11:04:24,1876.15,944900,1,1871.14,174264,196469,0.1280853902601783,0
2023-07-28 11:04:25,1876.15,944905,5,1871.14,174258,196464,0.1280853902601783,0
2023-07-28 11:04:25,1876.15,944905,1,1871.14,174385,196464,0.1280853902601783,0
2023-07-28 11:04:27,1876.15,944909,3,1871.14,174385,196460,0.1280853902601783,0
2023-07-28 11:04:28,1876.15,944917,1,1871.14,174379,196659,0.1280853902601783,0
2023-07-28 11:04:28,1876.15,944917,1,1871.14,174378,196659,0.1280853902601783,0
2023-07-28 11:04:28,1876.15,944917,1,1871.14,174378,196659,0.1280853902601783,0
2023-07-28 11:04:30,1876.15,944918,1,1871.14,174378,197059,0.1280853902601783,0
2023-07-28 11:04:31,1875.8,944919,1,1871.14,174377,197059,0.10940627084722906,0
2023-07-28 11:04:31,1875.8,944919,5,1871.14,174309,197139,0.10940627084722906,0
2023-07-28 11:04:34,1875.8,944927,5,1871.14,174301,197139,0.10940627084722906,0
2023-07-28 11:04:34,1876.0,944927,1,1871.14,174301,197139,0.12008005336891261,0
2023-07-28 11:04:35,1876.15,944958,28,1871.14,174336,197110,0.1280853902601783,0
2023-07-28 11:04:36,1876.15,944966,4,1871.14,174344,197106,0.1280853902601783,0
2023-07-28 11:04:37,1876.15,944967,1,1871.14,174437,197105,0.1280853902601783,0
2023-07-28 11:04:37,1876.15,944967,1,1871.14,174437,197105,0.1280853902601783,0
2023-07-28 11:04:37,1876.2,944967,98,1871.14,174535,195882,0.13075383589059617,0
2023-07-28 11:04:39,1875.8,945067,2,1871.14,174413,196871,0.10940627084722906,0
2023-07-28 11:04:41,1876.0,945090,11,1871.14,174314,196875,0.12008005336891261,0
2023-07-28 11:04:42,1875.8,945109,4,1871.14,174100,197195,0.10940627084722906,0
2023-07-28 11:04:43,1876.0,945111,2,1871.14,174100,197177,0.12008005336891261,0
2023-07-28 11:04:43,1876.0,945111,2,1871.14,174100,197247,0.12008005336891261,0
2023-07-28 11:04:43,1876.0,945111,2,1871.14,174100,197248,0.12008005336891261,0
2023-07-28 11:04:43,1876.1,945111,61,1871.14,174224,197184,0.1254169446297483,0
2023-07-28 11:04:47,1876.15,946433,1,1871.15,171318,196253,0.1280853902601783,0
2023-07-28 11:04:48,1875.45,946557,14,1871.15,171176,196531,0.09072715143429196,0
2023-07-28 11:04:49,1875.45,946724,14,1871.15,171309,196625,0.09072715143429196,0
2023-07-28 11:04:49,1876.15,946724,19,1871.15,171309,196625,0.1280853902601783,0
2023-07-28 11:04:51,1876.0,946764,2,1871.15,170824,196744,0.12008005336891261,0
2023-07-28 11:04:51,1876.0,946764,2,1871.15,171074,196718,0.12008005336891261,0
2023-07-28 11:04:51,1876.0,946764,2,1871.15,171170,196558,0.12008005336891261,0
2023-07-28 11:04:51,1876.0,946764,2,1871.15,171147,196558,0.12008005336891261,0
2023-07-28 11:04:51,1876.0,946764,2,1871.15,171015,196611,0.12008005336891261,0
2023-07-28 11:04:51,1876.0,946764,2,1871.15,174458,197522,0.12008005336891261,0
2023-07-28 11:04:51,1876.0,946764,1,1871.15,174458,197522,0.12008005336891261,0
2023-07-28 11:04:57,1875.35,946775,4,1871.15,175084,197466,0.08539026017344412,0
2023-07-28 11:04:58,1876.0,946780,1,1871.15,174898,197599,0.12008005336891261,0
2023-07-28 11:04:58,1876.0,946780,1,1871.15,174898,197599,0.12008005336891261,0
2023-07-28 11:04:58,1876.0,946780,1,1871.15,174795,197600,0.12008005336891261,0
2023-07-28 11:05:01,1875.35,946781,1,1871.15,174784,197600,0.08539026017344412,0
2023-07-28 11:05:01,1875.35,946781,1,1871.15,174727,197600,0.08539026017344412,0
2023-07-28 11:05:01,1875.35,946781,1,1871.15,174379,197538,0.08539026017344412,0
2023-07-28 11:05:01,1875.7,946781,2,1871.15,174434,197438,0.10406937958639335,0
2023-07-28 11:05:05,1875.7,946784,1,1871.15,174556,197439,0.10406937958639335,0
2023-07-28 11:05:05,1875.7,946784,1,1871.15,174556,197439,0.10406937958639335,0
2023-07-28 11:05:07,1875.7,946785,1,1871.15,174554,196588,0.10406937958639335,0
2023-07-28 11:05:07,1875.7,946785,1,1871.15,174726,196420,0.10406937958639335,0
2023-07-28 11:05:07,1875.7,946785,1,1871.15,174760,196454,0.10406937958639335,0
2023-07-28 11:05:07,1875.35,946785,1,1871.15,174760,196454,0.08539026017344412,0
2023-07-28 11:05:07,1875.35,946785,3,1871.15,174760,196454,0.08539026017344412,0
2023-07-28 11:05:07,1875.35,946785,3,1871.15,174760,196454,0.08539026017344412,0
2023-07-28 11:05:07,1875.55,946785,10,1871.15,174760,196454,0.09606404269512767,0
2023-07-28 11:05:07,1875.55,946785,10,1871.15,174760,196454,0.09606404269512767,0
2023-07-28 11:05:24,1875.55,946800,1,1871.15,174935,196357,0.09606404269512767,0
2023-07-28 11:05:24,1875.55,946800,1,1871.15,174935,196357,0.09606404269512767,0
2023-07-28 11:05:24,1875.55,946800,1,1871.15,174935,196357,0.09606404269512767,0
2023-07-28 11:05:24,1875.55,946800,1,1871.15,174935,196357,0.09606404269512767,0
2023-07-28 11:05:29,1875.55,946810,1,1871.15,174930,196841,0.09606404269512767,0
2023-07-28 11:05:29,1875.55,946816,1,1871.15,174886,196845,0.09606404269512767,0
2023-07-28 11:05:38,1875.35,946819,3,1871.15,174219,196844,0.08539026017344412,0
2023-07-28 11:05:38,1875.05,946819,105,1871.15,174219,196844,0.06937958639092486,0
2023-07-28 11:05:41,1875.05,947064,105,1871.15,174141,196721,0.06937958639092486,0
2023-07-28 11:05:41,1875.55,947064,11,1871.15,174141,196721,0.09606404269512767,0
2023-07-28 11:05:41,1875.55,947064,2,1871.15,174141,196721,0.09606404269512767,0
2023-07-28 11:05:41,1875.55,947064,1,1871.15,174141,196721,0.09606404269512767,0
2023-07-28 11:05:41,1875.55,947064,1,1871.15,174141,196721,0.09606404269512767,0
2023-07-28 11:05:50,1875.0,947126,2,1871.15,174149,196996,0.066711140760507,0
2023-07-28 11:05:50,1875.0,947126,3,1871.15,174149,196996,0.066711140760507,0
2023-07-28 11:05:53,1875.0,947129,3,1871.15,173732,197083,0.066711140760507,0
2023-07-28 11:05:53,1875.0,947129,5,1871.15,173732,197083,0.066711140760507,0
2023-07-28 11:05:53,1875.3,947129,1,1871.15,173732,197083,0.08272181454302625,0
2023-07-28 11:05:58,1875.3,947135,1,1871.15,173746,197159,0.08272181454302625,0
2023-07-28 11:05:58,1875.3,947135,1,1871.15,174031,196749,0.08272181454302625,0
2023-07-28 11:05:58,1875.15,947135,1,1871.15,174031,196749,0.0747164776517727,0
2023-07-28 11:05:58,1875.3,947135,8,1871.15,174031,196749,0.08272181454302625,0
2023-07-28 11:05:58,1875.3,947135,1,1871.15,174031,196749,0.08272181454302625,0
2023-07-28 11:06:08,1875.1,947178,2,1871.15,174267,213474,0.07204803202134272,0
2023-07-28 11:06:08,1875.3,947178,4,1871.15,174267,213474,0.08272181454302625,0
2023-07-28 11:06:08,1875.3,947178,1,1871.15,174267,213474,0.08272181454302625,0
2023-07-28 11:06:10,1875.2,947196,12,1871.15,173934,211519,0.07738492328219056,0
2023-07-28 11:06:10,1875.3,947196,1,1871.15,173934,211519,0.08272181454302625,0
2023-07-28 11:06:15,1875.25,947209,1,1871.15,173911,214080,0.0800533689126084,0
2023-07-28 11:06:15,1875.2,947209,4,1871.15,173911,214080,0.07738492328219056,0
2023-07-28 11:06:15,1875.25,947209,2,1871.15,173911,214080,0.0800533689126084,0
2023-07-28 11:06:24,1875.2,947236,4,1871.15,173778,213534,0.07738492328219056,0
2023-07-28 11:06:24,1875.25,947236,1,1871.15,173778,213534,0.0800533689126084,0
2023-07-28 11:06:27,1875.25,947241,1,1871.15,173162,213829,0.0800533689126084,0
2023-07-28 11:06:27,1875.25,947241,1,1871.15,173162,213829,0.0800533689126084,0
2023-07-28 11:06:27,1875.2,947241,1,1871.15,173162,213829,0.07738492328219056,0
2023-07-28 11:06:27,1875.25,947241,50,1871.15,173162,213829,0.0800533689126084,0
2023-07-28 11:06:40,1875.25,947301,1,1871.15,171262,211699,0.0800533689126084,0
2023-07-28 11:06:40,1875.3,947301,1,1871.15,171262,211699,0.08272181454302625,0
2023-07-28 11:06:40,1875.3,947301,1,1871.15,171262,211699,0.08272181454302625,0
2023-07-28 11:06:40,1875.2,947301,1,1871.15,171262,211699,0.07738492328219056,0
2023-07-28 11:06:44,1875.2,947314,1,1871.15,173469,212994,0.07738492328219056,0
2023-07-28 11:06:44,1875.2,947314,2,1871.15,173469,212994,0.07738492328219056,0
2023-07-28 11:06:44,1875.3,947314,10,1871.15,173469,212994,0.08272181454302625,0
2023-07-28 11:06:48,1875.3,947326,10,1871.15,173186,213425,0.08272181454302625,0
2023-07-28 11:06:48,1875.25,947326,1,1871.15,173186,213425,0.0800533689126084,0
2023-07-28 11:06:48,1875.2,947326,2,1871.15,173186,213425,0.07738492328219056,0
2023-07-28 11:06:53,1875.2,947329,2,1871.15,173502,213514,0.07738492328219056,0
2023-07-28 11:06:58,1875.05,947529,25,1871.15,173258,213129,0.06937958639092486,0
2023-07-28 11:06:58,1875.3,947529,7,1871.15,173258,213129,0.08272181454302625,0
2023-07-28 11:06:58,1875.3,947529,2,1871.15,173258,213129,0.08272181454302625,0
2023-07-28 11:06:59,1875.3,947579,2,1871.15,173366,213478,0.08272181454302625,0
2023-07-28 11:06:59,1875.3,947579,2,1871.15,173332,213205,0.08272181454302625,0
2023-07-28 11:06:59,1875.3,947579,2,1871.15,173332,213205,0.08272181454302625,0
2023-07-28 11:07:08,1875.0,947582,3,1871.15,173285,213206,0.066711140760507,0
2023-07-28 11:07:08,1875.3,947582,1,1871.15,173285,213206,0.08272181454302625,0
2023-07-28 11:07:08,1875.3,947583,1,1871.15,173346,213271,0.08272181454302625,0
2023-07-28 11:07:08,1875.3,947583,1,1871.15,173047,213271,0.08272181454302625,0
2023-07-28 11:07:08,1875.3,947583,1,1871.15,173052,213271,0.08272181454302625,0
2023-07-28 11:07:08,1875.3,947583,1,1871.15,173052,213271,0.08272181454302625,0
2023-07-28 11:07:08,1875.3,947583,1,1871.15,172615,211850,0.08272181454302625,0
2023-07-28 11:07:08,1875.3,947583,1,1871.15,172948,212115,0.08272181454302625,0
2023-07-28 11:07:08,1875.3,947583,1,1871.15,171077,212172,0.08272181454302625,0
2023-07-28 11:07:08,1875.3,947583,1,1871.15,173148,212172,0.08272181454302625,0
2023-07-28 11:07:08,1875.3,947583,1,1871.15,173148,212172,0.08272181454302625,0
2023-07-28 11:07:08,1875.3,947583,1,1871.15,173148,212172,0.08272181454302625,0
2023-07-28 11:07:08,1875.15,947583,2,1871.15,173148,212172,0.0747164776517727,0
2023-07-28 11:07:19,1875.15,947609,2,1871.15,172913,212214,0.0747164776517727,0
2023-07-28 11:07:19,1875.3,947609,1,1871.15,172913,212214,0.08272181454302625,0
2023-07-28 11:07:19,1875.3,947611,1,1871.15,172909,212210,0.08272181454302625,0
2023-07-28 11:07:19,1875.3,947611,1,1871.15,172904,212239,0.08272181454302625,0
2023-07-28 11:07:19,1875.3,947611,1,1871.15,172904,212184,0.08272181454302625,0
2023-07-28 11:07:19,1875.3,947611,1,1871.15,172913,212042,0.08272181454302625,0
2023-07-28 11:07:19,1875.3,947611,9,1871.15,172913,212042,0.08272181454302625,0
2023-07-28 11:07:25,1875.3,947620,9,1871.15,172913,212141,0.08272181454302625,0
2023-07-28 11:07:27,1875.3,947621,1,1871.15,172922,212184,0.08272181454302625,0
2023-07-28 11:07:27,1875.3,947621,2,1871.15,173113,211632,0.08272181454302625,0
2023-07-28 11:07:29,1875.3,947646,10,1871.15,173367,211651,0.08272181454302625,0
2023-07-28 11:07:30,1875.3,947657,1,1871.15,173247,211679,0.08272181454302625,0
2023-07-28 11:07:31,1875.3,947670,1,1871.15,173302,211646,0.08272181454302625,0
2023-07-28 11:07:31,1875.3,947670,1,1871.15,173403,211646,0.08272181454302625,0
2023-07-28 11:07:31,1875.3,947670,1,1871.15,172958,211699,0.08272181454302625,0
2023-07-28 11:07:31,1875.3,947670,1,1871.15,172920,211665,0.08272181454302625,0
2023-07-28 11:07:31,1875.15,947670,1,1871.15,172920,211665,0.0747164776517727,0
2023-07-28 11:07:35,1875.95,947724,6,1871.15,173659,211925,0.11741160773849475,0
2023-07-28 11:07:36,1876.0,947738,1,1871.15,173818,211234,0.12008005336891261,0
2023-07-28 11:07:36,1876.0,947738,1,1871.15,173818,211234,0.12008005336891261,0
2023-07-28 11:07:36,1876.0,947738,1,1871.15,173751,211395,0.12008005336891261,0
2023-07-28 11:07:36,1876.0,947738,1,1871.15,173751,211395,0.12008005336891261,0
2023-07-28 11:07:36,1876.0,947738,1,1871.15,173709,211579,0.12008005336891261,0
2023-07-28 11:07:36,1876.0,947738,1,1871.15,173709,211700,0.12008005336891261,0
2023-07-28 11:07:36,1876.0,947738,1,1871.15,173709,211700,0.12008005336891261,0
2023-07-28 11:07:36,1876.0,947738,1,1871.15,173688,211625,0.12008005336891261,0
2023-07-28 11:07:36,1876.0,947738,1,1871.15,173688,211565,0.12008005336891261,0
2023-07-28 11:07:36,1876.0,947738,1,1871.15,173713,211635,0.12008005336891261,0
2023-07-28 11:07:36,1876.0,947738,1,1871.15,173713,211635,0.12008005336891261,0
2023-07-28 11:07:36,1876.0,947738,15,1871.15,173713,211635,0.12008005336891261,0
2023-07-28 11:07:46,1876.0,947755,2,1871.16,173715,211563,0.12008005336891261,0
2023-07-28 11:07:47,1875.35,947925,9,1871.16,173217,211972,0.08539026017344412,0
2023-07-28 11:07:48,1875.75,947949,3,1871.16,173362,211952,0.1067378252168112,0
2023-07-28 11:07:49,1876.0,947966,2,1871.16,173246,211828,0.12008005336891261,0
2023-07-28 11:07:50,1875.4,947978,12,1871.16,173244,211828,0.0880587058038741,0
2023-07-28 11:07:52,1876.0,947980,2,1871.16,173247,211983,0.12008005336891261,0
2023-07-28 11:07:53,1876.0,947981,1,1871.16,173245,211982,0.12008005336891261,0
2023-07-28 11:07:53,1876.0,947981,1,1871.16,173245,211982,0.12008005336891261,0
2023-07-28 11:07:53,1876.0,947981,1,1871.16,173245,212046,0.12008005336891261,0
2023-07-28 11:07:53,1876.0,947981,1,1871.16,172629,211651,0.12008005336891261,0
2023-07-28 11:07:53,1876.0,947981,1,1871.16,173429,211651,0.12008005336891261,0
2023-07-28 11:07:53,1876.0,947981,1,1871.16,173429,211651,0.12008005336891261,0
2023-07-28 11:07:53,1876.0,947981,1,1871.16,173414,211651,0.12008005336891261,0
2023-07-28 11:07:53,1876.0,947981,3,1871.16,172693,211887,0.12008005336891261,0
2023-07-28 11:07:59,1876.0,947994,1,1871.16,173028,211787,0.12008005336891261,0
2023-07-28 11:08:01,1876.0,947998,1,1871.16,173043,211916,0.12008005336891261,0
2023-07-28 11:08:01,1876.0,947998,1,1871.16,173043,211916,0.12008005336891261,0
2023-07-28 11:08:01,1876.0,947998,1,1871.16,173088,211875,0.12008005336891261,0
2023-07-28 11:08:01,1876.0,947998,1,1871.16,173115,211746,0.12008005336891261,0
2023-07-28 11:08:06,1875.75,948106,1,1871.16,173214,211671,0.1067378252168112,0
2023-07-28 11:08:06,1875.75,948106,1,1871.16,173214,211671,0.1067378252168112,0
2023-07-28 11:08:07,1876.0,948118,11,1871.16,173474,211755,0.12008005336891261,0
2023-07-28 11:08:07,1876.0,948118,11,1871.16,173474,211755,0.12008005336891261,0
2023-07-28 11:08:07,1876.0,948118,1,1871.16,173364,211729,0.12008005336891261,0
2023-07-28 11:08:09,1876.0,948119,1,1871.16,173369,211780,0.12008005336891261,0
2023-07-28 11:08:11,1876.55,949117,96,1871.16,174055,211550,0.14943295530353326,0
2023-07-28 11:08:11,1876.55,949293,1,1871.16,173963,211798,0.14943295530353326,0
2023-07-28 11:08:11,1876.55,949293,1,1871.16,172787,213091,0.14943295530353326,0
2023-07-28 11:08:13,1876.75,949334,36,1871.16,172952,212783,0.1601067378252168,0
2023-07-28 11:08:13,1877.0,949334,5,1871.16,172952,212783,0.1734489659773182,0
2023-07-28 11:08:13,1877.1,949334,13,1871.16,172952,212783,0.1787858572381539,0
2023-07-28 11:08:16,1877.15,949485,2,1871.16,172837,213427,0.1814543028685839,0
2023-07-28 11:08:16,1877.15,949485,13,1871.16,172837,213427,0.1814543028685839,0
2023-07-28 11:08:16,1877.1,949485,2,1871.16,172837,213427,0.1787858572381539,0
2023-07-28 11:08:18,1877.1,949517,3,1871.16,173110,213573,0.1787858572381539,0
2023-07-28 11:08:18,1877.1,949517,3,1871.16,173110,213573,0.1787858572381539,0
2023-07-28 11:08:19,1877.0,949576,8,1871.16,173011,213667,0.1734489659773182,0
2023-07-28 11:08:20,1877.15,949778,15,1871.17,173105,213991,0.1814543028685839,0
2023-07-28 11:08:21,1877.15,949849,7,1871.17,173189,213884,0.1814543028685839,0
2023-07-28 11:08:22,1877.0,949905,49,1871.17,173294,214095,0.1734489659773182,0
2023-07-28 11:08:22,1877.15,949905,6,1871.17,173294,214095,0.1814543028685839,0
2023-07-28 11:08:22,1877.15,949911,6,1871.17,173464,214089,0.1814543028685839,0
2023-07-28 11:08:22,1877.0,949911,4,1871.17,173464,214089,0.1734489659773182,0
2023-07-28 11:08:22,1877.0,949911,4,1871.17,173464,214089,0.1734489659773182,0
2023-07-28 11:08:25,1877.15,950150,6,1871.17,173248,214079,0.1814543028685839,0
2023-07-28 11:08:25,1877.0,950150,13,1871.17,173248,214079,0.1734489659773182,0
2023-07-28 11:08:26,1877.2,950173,1,1871.17,173285,213953,0.18412274849900176,0
2023-07-28 11:08:26,1877.2,950173,1,1871.17,173285,213953,0.18412274849900176,0
2023-07-28 11:08:26,1877.2,950173,1,1871.17,173232,213998,0.18412274849900176,0
2023-07-28 11:08:26,1877.2,950173,11,1871.17,173232,213998,0.18412274849900176,0
2023-07-28 11:08:28,1877.0,950291,35,1871.17,173248,213939,0.1734489659773182,0
2023-07-28 11:08:29,1877.2,950381,50,1871.17,173213,213885,0.18412274849900176,0
2023-07-28 11:08:31,1877.0,950475,2,1871.17,173265,213806,0.1734489659773182,0
2023-07-28 11:08:32,1877.2,950501,8,1871.17,173278,213363,0.18412274849900176,0
2023-07-28 11:08:32,1877.2,950501,8,1871.17,173278,213363,0.18412274849900176,0
2023-07-28 11:08:32,1877.2,950501,8,1871.17,173289,213363,0.18412274849900176,0
2023-07-28 11:08:32,1877.2,950501,8,1871.17,172861,213363,0.18412274849900176,0
2023-07-28 11:08:36,1877.2,950502,1,1871.17,173194,213362,0.18412274849900176,0
2023-07-28 11:08:37,1877.2,950503,1,1871.17,173197,213361,0.18412274849900176,0
2023-07-28 11:08:38,1877.2,950525,2,1871.17,173177,213359,0.18412274849900176,0
2023-07-28 11:08:38,1877.2,950525,2,1871.17,173174,213369,0.18412274849900176,0
2023-07-28 11:08:40,1876.65,950526,1,1871.17,173176,213417,0.1547698465643811,0
2023-07-28 11:08:40,1877.45,950526,141,1871.17,173176,213417,0.19746497665110316,0
2023-07-28 11:08:41,1877.45,951603,23,1871.18,173218,212821,0.19746497665110316,0
2023-07-28 11:08:42,1877.4,951750,22,1871.18,172814,213070,0.1947965310206853,0
2023-07-28 11:08:43,1877.4,951802,18,1871.18,173278,212968,0.1947965310206853,0
2023-07-28 11:08:44,1877.4,951804,2,1871.18,173459,212912,0.1947965310206853,0
2023-07-28 11:08:44,1877.4,951804,2,1871.18,173459,212912,0.1947965310206853,0
2023-07-28 11:08:44,1877.4,951804,2,1871.18,173343,212894,0.1947965310206853,0
2023-07-28 11:08:44,1877.4,951804,2,1871.18,173343,212895,0.1947965310206853,0
2023-07-28 11:08:48,1877.45,951815,1,1871.18,173465,212950,0.19746497665110316,0
2023-07-28 11:08:48,1877.45,951815,1,1871.18,173477,212950,0.19746497665110316,0
2023-07-28 11:08:48,1877.45,951815,1,1871.18,173477,212950,0.19746497665110316,0
2023-07-28 11:08:48,1877.5,951815,76,1871.18,173477,212950,0.200133422281521,0
2023-07-28 11:08:50,1877.5,951925,3,1871.18,173566,213304,0.200133422281521,0
2023-07-28 11:08:51,1877.75,953225,100,1871.19,173108,212072,0.2134756504336224,0
2023-07-28 11:08:51,1877.75,953652,100,1871.19,173296,212193,0.2134756504336224,0
2023-07-28 11:08:53,1877.8,954495,66,1871.2,172605,212565,0.21614409606404028,0
2023-07-28 11:08:53,1877.0,954495,36,1871.2,172605,212565,0.1734489659773182,0
2023-07-28 11:08:54,1877.8,954553,5,1871.2,172819,212675,0.21614409606404028,0
2023-07-28 11:08:54,1877.0,954553,52,1871.2,172819,212675,0.1734489659773182,0
2023-07-28 11:08:55,1877.15,954661,1,1871.2,173265,212357,0.1814543028685839,0
2023-07-28 11:08:56,1877.8,954687,20,1871.2,173286,212825,0.21614409606404028,0
2023-07-28 11:08:56,1877.8,954687,20,1871.2,173286,212825,0.21614409606404028,0
2023-07-28 11:08:56,1877.8,954687,20,1871.2,173097,212882,0.21614409606404028,0
2023-07-28 11:08:58,1877.9,954689,2,1871.2,173080,212824,0.2214809873248881,0
2023-07-28 11:08:58,1877.9,954689,2,1871.2,173125,212014,0.2214809873248881,0
2023-07-28 11:09:00,1877.1,954745,15,1871.2,173035,212311,0.1787858572381539,0
2023-07-28 11:09:01,1877.1,954760,15,1871.2,172977,212612,0.1787858572381539,0
2023-07-28 11:09:01,1877.7,954760,3,1871.2,172977,212612,0.21080720480320456,0
2023-07-28 11:09:01,1877.7,954771,3,1871.2,172540,212332,0.21080720480320456,0
2023-07-28 11:09:01,1876.95,954771,2,1871.2,172615,212340,0.17078052034690036,0
