2023-07-28 10:49:22,627.6,176102,15,629.29,129802,261972,-0.4204680682268905,0
2023-07-28 10:49:22,628.0,176102,1,629.29,129802,261972,-0.3570011900039667,0
2023-07-28 10:49:33,627.65,176119,1,629.29,129807,261908,-0.4125347084490318,0
2023-07-28 10:49:33,627.6,176119,7,629.29,129807,261908,-0.4204680682268905,0
2023-07-28 10:49:33,627.55,176119,21,629.29,129807,261908,-0.4284014280047672,0
2023-07-28 10:49:36,627.55,176161,21,629.29,130039,261920,-0.4284014280047672,0
2023-07-28 10:49:36,627.95,176161,20,629.29,130039,261920,-0.3649345497818254,0
2023-07-28 10:49:39,627.95,176181,20,629.29,129771,262101,-0.3649345497818254,0
2023-07-28 10:49:39,627.55,176181,3,629.29,129771,262101,-0.4284014280047672,0
2023-07-28 10:49:39,627.95,176181,2,629.29,129771,262101,-0.3649345497818254,0
2023-07-28 10:49:39,627.6,176181,15,629.29,129771,262101,-0.4204680682268905,0
2023-07-28 10:49:46,628.0,176407,10,629.28,130000,261920,-0.3570011900039667,0
2023-07-28 10:49:46,627.65,176407,14,629.28,130000,261920,-0.4125347084490318,0
2023-07-28 10:49:46,628.0,176407,17,629.28,130000,261920,-0.3570011900039667,0
2023-07-28 10:49:49,627.65,176494,15,629.28,130903,261777,-0.4125347084490318,0
2023-07-28 10:49:49,628.0,176494,1,629.28,130903,261777,-0.3570011900039667,0
2023-07-28 10:49:49,628.0,176494,5,629.28,130903,261777,-0.3570011900039667,0
2023-07-28 10:49:49,627.95,176494,30,629.28,130903,261777,-0.3649345497818254,0
2023-07-28 10:49:49,627.7,176494,20,629.28,130903,261777,-0.40460134867115505,0
2023-07-28 10:49:53,627.7,176580,20,629.28,130176,261773,-0.40460134867115505,0
2023-07-28 10:49:53,627.7,176580,20,629.28,129947,261706,-0.40460134867115505,0
2023-07-28 10:50:02,627.7,176582,2,629.28,129921,261656,-0.40460134867115505,0
2023-07-28 10:50:02,627.7,176582,9,629.28,129921,261656,-0.40460134867115505,0
2023-07-28 10:50:04,627.7,176591,9,629.28,130431,261720,-0.40460134867115505,0
2023-07-28 10:50:04,627.7,176591,9,629.28,129959,261727,-0.40460134867115505,0
2023-07-28 10:50:04,627.7,176591,9,629.28,130154,261727,-0.40460134867115505,0
2023-07-28 10:50:04,627.7,176591,11,629.28,130154,261727,-0.40460134867115505,0
2023-07-28 10:50:04,628.0,176591,13,629.28,130154,261727,-0.3570011900039667,0
2023-07-28 10:50:20,627.7,176630,15,629.28,129937,261745,-0.40460134867115505,0
2023-07-28 10:50:20,627.7,176630,15,629.28,129942,261750,-0.40460134867115505,0
2023-07-28 10:50:20,628.0,176630,1,629.28,129942,261750,-0.3570011900039667,0
2023-07-28 10:50:28,628.0,176980,1,629.28,130004,261448,-0.3570011900039667,0
2023-07-28 10:50:28,627.75,176980,95,629.28,130004,261448,-0.3966679888932963,0
2023-07-28 10:50:30,627.75,177080,95,629.28,129892,261731,-0.3966679888932963,0
2023-07-28 10:50:39,627.7,177090,5,629.28,130148,262161,-0.40460134867115505,0
2023-07-28 10:50:39,627.7,177090,5,629.28,130366,261828,-0.40460134867115505,0
2023-07-28 10:50:39,627.6,177090,10,629.28,130366,261828,-0.4204680682268905,0
2023-07-28 10:50:45,627.6,177100,10,629.28,130269,262063,-0.4204680682268905,0
2023-07-28 10:50:45,628.0,177100,10,629.28,130269,262063,-0.3570011900039667,0
2023-07-28 10:50:45,627.95,177100,2,629.28,130269,262063,-0.3649345497818254,0
2023-07-28 10:50:53,627.95,177112,2,629.28,130230,262036,-0.3649345497818254,0
2023-07-28 10:50:53,627.95,177112,2,629.28,130325,261577,-0.3649345497818254,0
2023-07-28 10:50:53,627.6,177112,3,629.28,130325,261577,-0.4204680682268905,0
2023-07-28 10:51:05,627.6,177212,3,629.28,130871,261664,-0.4204680682268905,0
2023-07-28 10:51:05,627.35,177212,7,629.28,130871,261664,-0.4601348671162201,0
2023-07-28 10:51:08,627.35,178712,7,629.26,128498,261694,-0.4601348671162201,0
2023-07-28 10:51:08,627.85,178712,10,629.26,128498,261694,-0.38080126933756087,0
2023-07-28 10:51:12,627.85,178732,10,629.26,128862,261668,-0.38080126933756087,0
2023-07-28 10:51:12,627.85,178732,10,629.26,129242,261668,-0.38080126933756087,0
2023-07-28 10:51:12,627.45,178732,6,629.26,129242,261668,-0.44426814756048466,0
2023-07-28 10:51:24,627.45,178782,6,629.26,128709,261636,-0.44426814756048466,0
2023-07-28 10:51:24,627.45,178782,6,629.26,128816,261561,-0.44426814756048466,0
2023-07-28 10:51:24,627.45,178782,6,629.26,129206,261573,-0.44426814756048466,0
2023-07-28 10:51:38,627.7,178797,13,629.26,129403,261529,-0.40460134867115505,0
2023-07-28 10:51:38,627.9,178802,5,629.26,129368,261534,-0.3728679095597021,0
2023-07-28 10:51:38,627.9,178802,10,629.26,129368,261534,-0.3728679095597021,0
2023-07-28 10:51:38,627.9,178802,1,629.26,129368,261534,-0.3728679095597021,0
2023-07-28 10:51:51,627.9,178813,5,629.26,129400,261598,-0.3728679095597021,0
2023-07-28 10:51:51,627.9,178813,2,629.26,129400,261598,-0.3728679095597021,0
2023-07-28 10:51:58,627.9,178820,2,629.26,129425,261567,-0.3728679095597021,0
2023-07-28 10:51:58,627.9,178820,2,629.26,129820,261580,-0.3728679095597021,0
2023-07-28 10:51:58,627.55,178820,37,629.26,129820,261580,-0.4284014280047672,0
2023-07-28 10:52:06,627.95,178901,1,629.26,129503,261471,-0.3649345497818254,0
2023-07-28 10:52:06,627.95,178901,1,629.26,129503,261471,-0.3649345497818254,0
2023-07-28 10:52:06,627.95,178901,1,629.26,129537,261769,-0.3649345497818254,0
2023-07-28 10:52:06,627.95,178901,1,629.26,129511,261525,-0.3649345497818254,0
2023-07-28 10:52:22,627.85,178905,4,629.26,129511,261481,-0.38080126933756087,0
2023-07-28 10:52:22,627.9,178905,19,629.26,129511,261481,-0.3728679095597021,0
2023-07-28 10:52:26,627.9,178935,19,629.26,130070,261580,-0.3728679095597021,0
2023-07-28 10:52:26,627.95,178935,297,629.26,130070,261580,-0.3649345497818254,0
2023-07-28 10:52:26,627.95,178935,20,629.26,130070,261580,-0.3649345497818254,0
2023-07-28 10:52:38,627.8,179456,1,629.26,130232,261426,-0.3887346291154376,0
2023-07-28 10:52:38,627.6,179456,8,629.26,130232,261426,-0.4204680682268905,0
2023-07-28 10:52:40,627.6,179471,8,629.26,129862,261966,-0.4204680682268905,0
2023-07-28 10:52:40,627.6,179471,8,629.26,129958,261900,-0.4204680682268905,0
2023-07-28 10:52:40,627.55,179471,10,629.26,129958,261900,-0.4284014280047672,0
2023-07-28 10:52:40,627.5,179471,8,629.26,129958,261900,-0.43633478778262597,0
2023-07-28 10:52:40,627.85,179471,1,629.26,129958,261900,-0.38080126933756087,0
2023-07-28 10:52:50,627.85,179497,1,629.26,131195,261909,-0.38080126933756087,0
2023-07-28 10:52:50,627.55,179497,10,629.26,131195,261909,-0.4284014280047672,0
2023-07-28 10:52:54,627.55,179507,10,629.26,130889,262075,-0.4284014280047672,0
2023-07-28 10:52:54,627.55,179507,15,629.26,130889,262075,-0.4284014280047672,0
2023-07-28 10:52:54,627.85,179507,10,629.26,130889,262075,-0.38080126933756087,0
2023-07-28 10:52:57,627.85,179532,1,629.26,130450,260827,-0.38080126933756087,0
2023-07-28 10:53:04,627.55,179555,20,629.26,131025,260838,-0.4284014280047672,0
2023-07-28 10:53:04,627.55,179555,20,629.26,130549,261155,-0.4284014280047672,0
2023-07-28 10:53:04,627.55,179555,20,629.26,130800,260982,-0.4284014280047672,0
2023-07-28 10:53:04,627.5,179555,20,629.26,130800,260982,-0.43633478778262597,0
2023-07-28 10:53:04,627.5,179555,2,629.26,130800,260982,-0.43633478778262597,0
2023-07-28 10:53:04,627.5,179555,3,629.26,130800,260982,-0.43633478778262597,0
2023-07-28 10:53:04,627.55,179555,50,629.26,130800,260982,-0.4284014280047672,0
2023-07-28 10:53:18,627.55,179630,50,629.25,130506,261395,-0.4284014280047672,0
2023-07-28 10:53:18,627.8,179630,1,629.25,130506,261395,-0.3887346291154376,0
2023-07-28 10:53:18,627.55,179630,1,629.25,130506,261395,-0.4284014280047672,0
2023-07-28 10:53:22,627.55,179632,1,629.25,130486,261494,-0.4284014280047672,0
2023-07-28 10:53:22,627.55,179632,1,629.25,130766,261494,-0.4284014280047672,0
2023-07-28 10:53:22,627.8,179632,2,629.25,130766,261494,-0.3887346291154376,0
2023-07-28 10:53:22,627.55,179632,29,629.25,130766,261494,-0.4284014280047672,0
2023-07-28 10:53:32,627.55,179663,29,629.25,130574,261513,-0.4284014280047672,0
2023-07-28 10:53:32,627.55,179663,5,629.25,130627,261499,-0.4284014280047672,0
2023-07-28 10:53:32,627.55,179663,1,629.25,130627,261499,-0.4284014280047672,0
2023-07-28 10:53:42,627.55,179669,1,629.25,130618,261406,-0.4284014280047672,0
2023-07-28 10:53:42,627.55,179669,2,629.25,130618,261406,-0.4284014280047672,0
2023-07-28 10:53:45,627.55,179711,1,629.25,130564,261406,-0.4284014280047672,0
2023-07-28 10:53:50,627.55,179712,1,629.25,130380,261236,-0.4284014280047672,0
2023-07-28 10:53:50,627.55,179712,25,629.25,130380,261236,-0.4284014280047672,0
2023-07-28 10:53:50,627.55,179712,7,629.25,130380,261236,-0.4284014280047672,0
2023-07-28 10:53:57,627.55,179744,7,629.25,130392,261216,-0.4284014280047672,0
2023-07-28 10:53:57,627.55,179744,2,629.25,130392,261216,-0.4284014280047672,0
2023-07-28 10:53:57,627.55,179744,25,629.25,130392,261216,-0.4284014280047672,0
2023-07-28 10:54:03,627.6,179856,15,629.25,130319,261280,-0.4204680682268905,0
2023-07-28 10:54:03,627.45,179856,94,629.25,130319,261280,-0.44426814756048466,0
2023-07-28 10:54:03,627.45,180106,94,629.25,129990,261495,-0.44426814756048466,0
2023-07-28 10:54:03,627.4,180106,27,629.25,129990,261495,-0.4522015073383614,0
2023-07-28 10:54:03,627.3,180106,15,629.25,129990,261495,-0.4680682268940969,0
2023-07-28 10:54:12,627.3,180346,12,629.25,129332,260967,-0.4680682268940969,0
2023-07-28 10:54:12,627.25,180346,2,629.25,129332,260967,-0.4760015866719556,0
2023-07-28 10:54:16,627.25,180446,2,629.25,129755,261024,-0.4760015866719556,0
2023-07-28 10:54:16,627.75,180446,40,629.25,129755,261024,-0.3966679888932963,0
2023-07-28 10:54:16,627.25,180446,21,629.25,129755,261024,-0.4760015866719556,0
2023-07-28 10:54:19,627.25,180586,21,629.25,129404,261311,-0.4760015866719556,0
2023-07-28 10:54:19,627.7,180586,5,629.25,129404,261311,-0.40460134867115505,0
2023-07-28 10:54:19,627.25,180586,37,629.25,129404,261311,-0.4760015866719556,0
2023-07-28 10:54:19,627.3,180586,15,629.25,129404,261311,-0.4680682268940969,0
2023-07-28 10:54:30,627.3,180666,15,629.24,129071,261503,-0.4680682268940969,0
2023-07-28 10:54:30,627.25,180666,10,629.24,129011,261361,-0.4760015866719556,0
2023-07-28 10:54:30,627.25,180666,30,629.24,129011,261361,-0.4760015866719556,0
2023-07-28 10:54:38,627.25,180736,30,629.24,128952,261758,-0.4760015866719556,0
2023-07-28 10:54:38,627.25,180736,20,629.24,128952,261758,-0.4760015866719556,0
2023-07-28 10:54:42,627.25,180756,20,629.24,129224,261709,-0.4760015866719556,0
2023-07-28 10:54:47,627.55,180761,5,629.24,129257,261302,-0.4284014280047672,0
2023-07-28 10:54:47,627.55,180761,5,629.24,129657,261534,-0.4284014280047672,0
2023-07-28 10:54:47,627.55,180761,99,629.24,129657,261534,-0.4284014280047672,0
2023-07-28 10:54:54,627.55,180860,99,629.24,130644,261273,-0.4284014280047672,0
2023-07-28 10:54:54,627.65,180860,20,629.24,130644,261273,-0.4125347084490318,0
2023-07-28 10:55:00,627.65,180895,15,629.24,130105,261645,-0.4125347084490318,0
2023-07-28 10:55:00,627.65,180895,2,629.24,130105,261645,-0.4125347084490318,0
2023-07-28 10:55:00,627.3,180895,2,629.24,130105,261645,-0.4680682268940969,0
2023-07-28 10:55:00,627.65,180895,10,629.24,130105,261645,-0.4125347084490318,0
2023-07-28 10:55:03,627.65,180944,10,629.24,130392,261857,-0.4125347084490318,0
2023-07-28 10:55:03,627.65,180944,2,629.24,130392,261857,-0.4125347084490318,0
2023-07-28 10:55:03,627.75,180944,37,629.24,130392,261857,-0.3966679888932963,0
2023-07-28 10:55:03,627.55,180944,4,629.24,130392,261857,-0.4284014280047672,0
2023-07-28 10:55:12,627.55,181078,8,629.24,130548,261796,-0.4284014280047672,0
2023-07-28 10:55:12,627.35,181078,37,629.24,130548,261796,-0.4601348671162201,0
2023-07-28 10:55:13,627.35,181167,37,629.24,130122,261932,-0.4601348671162201,0
2023-07-28 10:55:13,627.3,181167,15,629.24,130122,261932,-0.4680682268940969,0
2023-07-28 10:55:13,627.35,181167,1,629.24,130122,261932,-0.4601348671162201,0
2023-07-28 10:55:19,627.35,181198,1,629.24,130631,261908,-0.4601348671162201,0
2023-07-28 10:55:19,627.35,181198,170,629.24,130631,261908,-0.4601348671162201,0
2023-07-28 10:55:25,627.35,181397,170,629.24,129609,261994,-0.4601348671162201,0
2023-07-28 10:55:31,627.3,181412,15,629.24,129874,262135,-0.4680682268940969,0
2023-07-28 10:55:31,627.3,181412,15,629.24,130120,262119,-0.4680682268940969,0
2023-07-28 10:55:31,627.25,181412,10,629.24,130120,262119,-0.4760015866719556,0
2023-07-28 10:55:38,627.25,181468,10,629.24,129586,262386,-0.4760015866719556,0
2023-07-28 10:55:38,627.25,181468,15,629.24,129586,262386,-0.4760015866719556,0
2023-07-28 10:55:44,627.25,181483,15,629.24,130184,262481,-0.4760015866719556,0
2023-07-28 10:55:44,627.55,181483,2,629.24,130184,262481,-0.4284014280047672,0
2023-07-28 10:55:47,627.25,181485,30,629.24,130192,262196,-0.4760015866719556,0
2023-07-28 10:55:50,627.25,181515,30,629.24,129659,262209,-0.4760015866719556,0
2023-07-28 10:55:50,627.25,181515,15,629.24,129659,262209,-0.4760015866719556,0
2023-07-28 10:55:50,627.55,181515,30,629.24,129659,262209,-0.4284014280047672,0
2023-07-28 10:55:58,627.55,181560,30,629.24,129688,262256,-0.4284014280047672,0
2023-07-28 10:55:58,627.3,181560,5,629.24,129688,262256,-0.4680682268940969,0
2023-07-28 10:55:58,627.6,181560,10,629.24,129688,262256,-0.4204680682268905,0
2023-07-28 10:56:04,627.6,181576,10,629.24,129676,262485,-0.4204680682268905,0
2023-07-28 10:56:04,627.6,181576,10,629.24,129676,262710,-0.4204680682268905,0
2023-07-28 10:56:04,627.3,181576,5,629.24,129676,262710,-0.4680682268940969,0
2023-07-28 10:56:13,627.3,181581,5,629.23,129691,262716,-0.4680682268940969,0
2023-07-28 10:56:13,627.6,181581,1,629.23,129691,262716,-0.4204680682268905,0
2023-07-28 10:56:13,627.6,181581,71,629.23,129691,262716,-0.4204680682268905,0
2023-07-28 10:56:13,627.25,181581,87,629.23,129691,262716,-0.4760015866719556,0
2023-07-28 10:56:13,627.65,181581,30,629.23,129691,262716,-0.4125347084490318,0
2023-07-28 10:56:23,627.65,181829,30,629.23,130333,263156,-0.4125347084490318,0
2023-07-28 10:56:23,627.3,181829,25,629.23,130333,263156,-0.4680682268940969,0
2023-07-28 10:56:23,627.65,181829,1,629.23,130333,263156,-0.4125347084490318,0
2023-07-28 10:56:27,627.65,181870,1,629.23,130580,263144,-0.4125347084490318,0
2023-07-28 10:56:27,627.7,181870,30,629.23,130580,263144,-0.40460134867115505,0
2023-07-28 10:56:33,627.7,181900,30,629.23,129839,263312,-0.40460134867115505,0
2023-07-28 10:56:33,627.5,181900,10,629.23,129892,263248,-0.43633478778262597,0
2023-07-28 10:56:33,627.5,181900,190,629.23,129892,263248,-0.43633478778262597,0
2023-07-28 10:56:40,627.5,182110,190,629.23,130334,263556,-0.43633478778262597,0
2023-07-28 10:56:40,627.25,182110,46,629.23,130372,263904,-0.4760015866719556,0
2023-07-28 10:56:48,627.25,182342,46,629.23,130005,264030,-0.4760015866719556,0
2023-07-28 10:56:56,627.65,182542,13,629.23,129797,263937,-0.4125347084490318,0
2023-07-28 10:56:56,627.25,182542,50,629.23,129797,263937,-0.4760015866719556,0
2023-07-28 10:56:57,627.25,182592,50,629.23,130187,263953,-0.4760015866719556,0
2023-07-28 10:56:57,627.25,182592,5,629.23,130187,263953,-0.4760015866719556,0
2023-07-28 10:57:03,627.25,182597,5,629.22,130332,263953,-0.4760015866719556,0
2023-07-28 10:57:10,627.25,182662,35,629.22,129913,264338,-0.4760015866719556,0
2023-07-28 10:57:10,627.2,182662,10,629.22,129913,264338,-0.4839349464498143,0
2023-07-28 10:57:14,627.2,182672,10,629.22,129956,264100,-0.4839349464498143,0
2023-07-28 10:57:17,627.2,182674,2,629.22,130399,264100,-0.4839349464498143,0
2023-07-28 10:57:17,627.2,182674,15,629.22,130399,264100,-0.4839349464498143,0
2023-07-28 10:57:23,627.2,182689,15,629.22,130404,264185,-0.4839349464498143,0
2023-07-28 10:57:23,627.1,182689,30,629.22,130404,264185,-0.49980166600554976,0
2023-07-28 10:57:29,627.05,185045,3,629.2,127830,264761,-0.5077350257834264,0
2023-07-28 10:57:29,627.05,185045,5,629.2,127830,264761,-0.5077350257834264,0
2023-07-28 10:57:29,627.05,185045,13,629.2,127830,264761,-0.5077350257834264,0
2023-07-28 10:57:40,627.05,185065,13,629.2,128152,264564,-0.5077350257834264,0
2023-07-28 10:57:40,627.05,185065,9,629.2,128152,264564,-0.5077350257834264,0
2023-07-28 10:57:40,627.05,185065,4,629.2,128152,264564,-0.5077350257834264,0
2023-07-28 10:57:40,627.05,185065,60,629.2,128152,264564,-0.5077350257834264,0
2023-07-28 10:57:40,627.4,185065,4,629.2,128152,264564,-0.4522015073383614,0
2023-07-28 10:57:51,627.1,185194,5,629.2,127968,264647,-0.49980166600554976,0
2023-07-28 10:57:51,627.1,185194,5,629.2,127968,264647,-0.49980166600554976,0
2023-07-28 10:57:51,627.1,185194,5,629.2,128013,264802,-0.49980166600554976,0
2023-07-28 10:57:51,627.2,185194,4,629.2,128013,264802,-0.4839349464498143,0
2023-07-28 10:57:51,627.2,185194,10,629.2,128013,264802,-0.4839349464498143,0
2023-07-28 10:57:59,627.2,185208,10,629.2,128719,264599,-0.4839349464498143,0
2023-07-28 10:57:59,627.2,185208,55,629.2,128719,264599,-0.4839349464498143,0
2023-07-28 10:58:02,627.2,185268,55,629.2,128198,264524,-0.4839349464498143,0
2023-07-28 10:58:02,627.2,185268,11,629.2,128198,264524,-0.4839349464498143,0
2023-07-28 10:58:10,627.2,185279,11,629.2,128198,264524,-0.4839349464498143,0
2023-07-28 10:58:10,627.2,185279,15,629.2,128198,264524,-0.4839349464498143,0
2023-07-28 10:58:10,627.2,185279,50,629.2,128198,264524,-0.4839349464498143,0
2023-07-28 10:58:15,627.2,185344,50,629.19,128173,264620,-0.4839349464498143,0
2023-07-28 10:58:15,627.2,185344,50,629.19,128197,264533,-0.4839349464498143,0
2023-07-28 10:58:15,627.05,185344,190,629.19,128197,264533,-0.5077350257834264,0
2023-07-28 10:58:27,626.35,186084,110,629.19,127658,264643,-0.6188020626735387,0
2023-07-28 10:58:27,626.6,186084,1,629.19,127658,264643,-0.579135263784209,0
2023-07-28 10:58:27,626.65,186084,3,629.19,127658,264643,-0.5712019040063503,0
2023-07-28 10:58:27,626.65,186084,4,629.19,127658,264643,-0.5712019040063503,0
2023-07-28 10:58:31,626.7,192810,2,629.1,121015,266505,-0.5632685442284735,0
2023-07-28 10:58:31,626.3,192810,10,629.1,121015,266505,-0.6267354224514153,0
2023-07-28 10:58:31,626.65,192810,15,629.1,121015,266505,-0.5712019040063503,0
2023-07-28 10:58:33,626.65,192966,15,629.1,121133,266756,-0.5712019040063503,0
2023-07-28 10:58:33,626.65,192966,15,629.1,121484,265570,-0.5712019040063503,0
2023-07-28 10:58:33,626.65,192966,15,629.1,121752,265876,-0.5712019040063503,0
2023-07-28 10:58:33,626.65,192966,5,629.1,121752,265876,-0.5712019040063503,0
2023-07-28 10:58:33,626.65,192966,5,629.1,121752,265876,-0.5712019040063503,0
2023-07-28 10:58:33,626.4,192966,10,629.1,121752,265876,-0.61086870289568,0
2023-07-28 10:58:49,626.4,193101,15,629.1,121971,265834,-0.61086870289568,0
2023-07-28 10:58:49,626.65,193101,1,629.1,121971,265834,-0.5712019040063503,0
2023-07-28 10:58:50,626.65,193402,1,629.09,122349,266069,-0.5712019040063503,0
2023-07-28 10:58:50,626.6,193402,1,629.09,122349,266069,-0.579135263784209,0
2023-07-28 10:58:55,626.6,193403,1,629.09,121669,266051,-0.579135263784209,0
2023-07-28 10:58:55,626.6,193403,1,629.09,121864,266522,-0.579135263784209,0
2023-07-28 10:58:55,626.5,193403,1,629.09,121864,266522,-0.5950019833399445,0
2023-07-28 10:59:06,626.5,193429,1,629.09,122102,265786,-0.5950019833399445,0
2023-07-28 10:59:06,626.6,193429,21,629.09,122102,265786,-0.579135263784209,0
2023-07-28 10:59:06,626.3,193429,8,629.09,122102,265786,-0.6267354224514153,0
2023-07-28 10:59:06,626.4,193429,35,629.09,122102,265786,-0.61086870289568,0
2023-07-28 10:59:10,626.4,193585,35,629.09,122221,265559,-0.61086870289568,0
2023-07-28 10:59:10,626.6,193585,10,629.09,122221,265559,-0.579135263784209,0
2023-07-28 10:59:14,626.6,193604,9,629.09,122072,264845,-0.579135263784209,0
2023-07-28 10:59:19,626.6,195954,100,629.05,121423,265287,-0.579135263784209,0
2023-07-28 10:59:19,626.6,196054,100,629.05,121433,265401,-0.579135263784209,0
2023-07-28 10:59:19,626.5,196054,41,629.05,121433,265401,-0.5950019833399445,0
2023-07-28 10:59:19,626.45,196054,7,629.05,121433,265401,-0.6029353431178032,0
2023-07-28 10:59:28,626.65,196512,1,629.05,121692,265063,-0.5712019040063503,0
2023-07-28 10:59:28,626.45,196512,90,629.05,121692,265063,-0.6029353431178032,0
2023-07-28 10:59:28,626.4,196512,20,629.05,121692,265063,-0.61086870289568,0
2023-07-28 10:59:29,626.4,196647,20,629.05,121558,265264,-0.61086870289568,0
2023-07-28 10:59:29,626.65,196647,3,629.05,121558,265264,-0.5712019040063503,0
2023-07-28 10:59:35,626.75,196650,48,629.04,121571,265571,-0.5553351844506148,0
2023-07-28 10:59:37,626.75,196700,48,629.04,121698,265525,-0.5553351844506148,0
2023-07-28 10:59:37,626.65,196700,5,629.04,121698,265525,-0.5712019040063503,0
2023-07-28 10:59:44,626.65,196707,5,629.04,121837,265680,-0.5712019040063503,0
2023-07-28 10:59:44,626.65,196707,2,629.04,121837,265680,-0.5712019040063503,0
2023-07-28 10:59:49,626.25,196909,14,629.04,122617,265690,-0.6346687822292741,0
2023-07-28 10:59:49,626.65,196909,35,629.04,122617,265690,-0.5712019040063503,0
2023-07-28 10:59:49,626.75,196909,5,629.04,122617,265690,-0.5553351844506148,0
2023-07-28 10:59:53,626.75,197094,5,629.04,122389,265451,-0.5553351844506148,0
2023-07-28 10:59:53,626.5,197094,15,629.04,122389,265451,-0.5950019833399445,0
2023-07-28 10:59:55,626.5,197109,15,629.04,122596,265720,-0.5950019833399445,0
2023-07-28 10:59:55,626.85,197109,30,629.04,122596,265720,-0.5394684648948794,0
2023-07-28 10:59:55,626.55,197109,15,629.04,122596,265720,-0.5870686235620858,0
2023-07-28 10:59:55,626.85,197109,1,629.04,122596,265720,-0.5394684648948794,0
2023-07-28 11:00:01,626.85,197185,1,629.04,123315,265412,-0.5394684648948794,0
2023-07-28 11:00:01,626.85,197185,2,629.04,123315,265412,-0.5394684648948794,0
2023-07-28 11:00:01,626.55,197185,48,629.04,123315,265412,-0.5870686235620858,0
2023-07-28 11:00:07,626.55,197235,48,629.04,123314,265564,-0.5870686235620858,0
2023-07-28 11:00:07,626.9,197235,3,629.04,123314,265564,-0.5315351051170206,0
2023-07-28 11:00:07,626.6,197235,20,629.04,123314,265564,-0.579135263784209,0
2023-07-28 11:00:11,626.6,197415,20,629.04,123461,266490,-0.579135263784209,0
2023-07-28 11:00:11,626.6,197415,20,629.04,123460,265890,-0.579135263784209,0
2023-07-28 11:00:11,626.6,197415,20,629.04,123566,265313,-0.579135263784209,0
2023-07-28 11:00:11,626.6,197415,15,629.04,123566,265313,-0.579135263784209,0
2023-07-28 11:00:23,626.6,197430,15,629.04,123658,265372,-0.579135263784209,0
2023-07-28 11:00:23,626.6,197430,1,629.04,123658,265372,-0.579135263784209,0
2023-07-28 11:00:23,626.6,197430,8,629.04,123658,265372,-0.579135263784209,0
2023-07-28 11:00:23,626.6,197430,30,629.04,123658,265372,-0.579135263784209,0
2023-07-28 11:00:30,626.6,197498,30,629.03,123552,265500,-0.579135263784209,0
2023-07-28 11:00:30,626.6,197498,30,629.03,123673,266084,-0.579135263784209,0
2023-07-28 11:00:30,626.9,197498,19,629.03,123673,266084,-0.5315351051170206,0
2023-07-28 11:00:30,626.6,197498,15,629.03,123673,266084,-0.579135263784209,0
2023-07-28 11:00:40,626.55,197558,1,629.03,123824,265704,-0.5870686235620858,0
2023-07-28 11:00:40,626.95,197558,10,629.03,123824,265704,-0.5236017453391439,0
2023-07-28 11:00:40,626.95,197568,10,629.03,123943,265322,-0.5236017453391439,0
2023-07-28 11:00:40,626.6,197568,100,629.03,123943,265322,-0.579135263784209,0
2023-07-28 11:00:51,626.6,197668,100,629.03,123948,265860,-0.579135263784209,0
2023-07-28 11:00:51,626.95,197668,3,629.03,123948,265860,-0.5236017453391439,0
2023-07-28 11:00:51,627.0,197668,24,629.03,123948,265860,-0.5156683855612852,0
2023-07-28 11:00:51,626.65,197668,14,629.03,123948,265860,-0.5712019040063503,0
2023-07-28 11:00:51,627.0,197668,1,629.03,123948,265860,-0.5156683855612852,0
2023-07-28 11:00:56,627.0,197912,1,629.03,124251,265283,-0.5156683855612852,0
2023-07-28 11:00:56,627.0,197912,4,629.03,124251,265283,-0.5156683855612852,0
2023-07-28 11:00:59,627.0,197916,4,629.03,123894,265299,-0.5156683855612852,0
2023-07-28 11:01:06,626.95,197921,5,629.03,124080,265735,-0.5236017453391439,0
2023-07-28 11:01:06,626.95,197921,20,629.03,124080,265735,-0.5236017453391439,0
2023-07-28 11:01:06,626.95,197921,51,629.03,124080,265735,-0.5236017453391439,0
2023-07-28 11:01:10,626.95,198041,51,629.03,123995,265683,-0.5236017453391439,0
2023-07-28 11:01:10,626.6,198041,15,629.03,123995,265683,-0.579135263784209,0
2023-07-28 11:01:10,626.6,198041,50,629.03,123995,265683,-0.579135263784209,0
2023-07-28 11:01:13,626.6,198106,50,629.03,123932,266418,-0.579135263784209,0
2023-07-28 11:01:13,626.65,198106,5,629.03,123932,266418,-0.5712019040063503,0
2023-07-28 11:01:13,626.95,198106,5,629.03,123932,266418,-0.5236017453391439,0
2023-07-28 11:01:13,626.65,198106,5,629.03,123932,266418,-0.5712019040063503,0
2023-07-28 11:01:13,627.0,198106,261,629.03,123932,266418,-0.5156683855612852,0
2023-07-28 11:01:23,626.65,198622,1,629.02,124160,265151,-0.5712019040063503,0
2023-07-28 11:01:23,626.65,198622,1,629.02,124165,265143,-0.5712019040063503,0
2023-07-28 11:01:23,626.65,198622,10,629.02,124165,265143,-0.5712019040063503,0
2023-07-28 11:01:29,626.65,198632,10,629.02,124226,265336,-0.5712019040063503,0
2023-07-28 11:01:29,626.65,198632,10,629.02,124481,265328,-0.5712019040063503,0
2023-07-28 11:01:29,627.0,198632,15,629.02,124481,265328,-0.5156683855612852,0
2023-07-28 11:01:37,627.0,198647,15,629.02,124739,265377,-0.5156683855612852,0
2023-07-28 11:01:37,626.7,198647,15,629.02,124739,265377,-0.5632685442284735,0
2023-07-28 11:01:39,626.7,198662,15,629.02,124262,265384,-0.5632685442284735,0
2023-07-28 11:01:39,626.7,198662,40,629.02,124262,265384,-0.5632685442284735,0
2023-07-28 11:01:46,626.7,198723,21,629.02,124525,265364,-0.5632685442284735,0
2023-07-28 11:01:46,626.7,198723,21,629.02,124289,265367,-0.5632685442284735,0
2023-07-28 11:01:46,626.7,198723,21,629.02,124514,265312,-0.5632685442284735,0
2023-07-28 11:01:46,627.0,198723,20,629.02,124514,265312,-0.5156683855612852,0
2023-07-28 11:01:58,627.0,198743,20,629.02,125363,265178,-0.5156683855612852,0
2023-07-28 11:01:58,627.0,198743,1,629.02,125363,265178,-0.5156683855612852,0
2023-07-28 11:02:03,627.0,198744,1,629.02,125159,265192,-0.5156683855612852,0
2023-07-28 11:02:03,627.0,198744,1,629.02,125159,265192,-0.5156683855612852,0
2023-07-28 11:02:03,627.0,198744,152,629.02,125159,265192,-0.5156683855612852,0
2023-07-28 11:02:08,627.0,198897,152,629.02,126007,265079,-0.5156683855612852,0
2023-07-28 11:02:08,627.0,198897,152,629.02,125970,265080,-0.5156683855612852,0
2023-07-28 11:02:08,627.0,198897,152,629.02,126196,264900,-0.5156683855612852,0
2023-07-28 11:02:08,627.0,198897,152,629.02,126392,264975,-0.5156683855612852,0
2023-07-28 11:02:08,627.2,198897,1,629.02,126392,264975,-0.4839349464498143,0
2023-07-28 11:02:31,627.2,198898,1,629.02,126258,265024,-0.4839349464498143,0
2023-07-28 11:02:31,627.2,198898,1,629.02,126258,265024,-0.4839349464498143,0
2023-07-28 11:02:31,627.05,198898,15,629.02,126258,265024,-0.5077350257834264,0
2023-07-28 11:02:36,627.05,198914,15,629.02,125879,265091,-0.5077350257834264,0
2023-07-28 11:02:36,627.2,198914,1,629.02,125879,265091,-0.4839349464498143,0
2023-07-28 11:02:40,627.2,198945,10,629.02,126315,265061,-0.4839349464498143,0
2023-07-28 11:02:40,627.05,198945,10,629.02,126315,265061,-0.5077350257834264,0
2023-07-28 11:02:44,627.05,198955,10,629.02,126052,265067,-0.5077350257834264,0
2023-07-28 11:02:44,627.2,198955,7,629.02,126052,265067,-0.4839349464498143,0
2023-07-28 11:02:44,627.2,198955,50,629.02,126052,265067,-0.4839349464498143,0
2023-07-28 11:02:48,627.2,199012,50,629.02,126704,265060,-0.4839349464498143,0
2023-07-28 11:02:48,627.2,199012,50,629.02,126226,265060,-0.4839349464498143,0
2023-07-28 11:02:48,627.2,199012,50,629.02,126177,265804,-0.4839349464498143,0
2023-07-28 11:02:48,627.2,199012,16,629.02,126177,265804,-0.4839349464498143,0
2023-07-28 11:02:59,627.2,199028,16,629.02,126361,265349,-0.4839349464498143,0
2023-07-28 11:02:59,627.4,199028,30,629.02,126361,265349,-0.4522015073383614,0
2023-07-28 11:03:05,627.4,199058,30,629.02,126525,265021,-0.4522015073383614,0
2023-07-28 11:03:05,627.2,199058,15,629.02,126525,265021,-0.4839349464498143,0
2023-07-28 11:03:05,627.1,199058,13,629.02,126525,265021,-0.49980166600554976,0
2023-07-28 11:03:09,627.1,199098,13,629.02,126683,265131,-0.49980166600554976,0
2023-07-28 11:03:09,627.1,199098,13,629.02,126212,265156,-0.49980166600554976,0
2023-07-28 11:03:09,627.1,199098,13,629.02,126773,265179,-0.49980166600554976,0
2023-07-28 11:03:09,627.1,199098,13,629.02,125320,265107,-0.49980166600554976,0
2023-07-28 11:03:09,627.1,199098,13,629.02,125547,265183,-0.49980166600554976,0
2023-07-28 11:03:09,627.05,199098,2,629.02,125547,265183,-0.5077350257834264,0
2023-07-28 11:03:09,627.4,199098,1,629.02,125547,265183,-0.4522015073383614,0
2023-07-28 11:03:30,627.4,199108,1,629.02,125451,265182,-0.4522015073383614,0
2023-07-28 11:03:30,627.4,199108,1,629.02,125978,265169,-0.4522015073383614,0
2023-07-28 11:03:30,627.1,199108,1,629.02,125978,265169,-0.49980166600554976,0
2023-07-28 11:03:30,627.4,199108,5,629.02,125978,265169,-0.4522015073383614,0
2023-07-28 11:03:39,627.4,199114,5,629.02,125593,265219,-0.4522015073383614,0
2023-07-28 11:03:39,627.4,199114,7,629.02,125593,265219,-0.4522015073383614,0
2023-07-28 11:03:42,627.4,199121,7,629.02,125929,265217,-0.4522015073383614,0
2023-07-28 11:03:42,627.4,199121,7,629.02,125843,265228,-0.4522015073383614,0
2023-07-28 11:03:42,627.4,199121,12,629.02,125843,265228,-0.4522015073383614,0
2023-07-28 11:03:51,627.4,199133,12,629.02,125596,265190,-0.4522015073383614,0
2023-07-28 11:03:51,627.1,199133,4,629.02,125596,265190,-0.49980166600554976,0
2023-07-28 11:03:51,627.0,199133,2,629.02,125596,265190,-0.5156683855612852,0
2023-07-28 11:03:53,627.0,199161,2,629.02,125764,265273,-0.5156683855612852,0
2023-07-28 11:03:53,627.0,199161,10,629.02,125764,265273,-0.5156683855612852,0
2023-07-28 11:03:58,627.0,199171,10,629.02,125520,265283,-0.5156683855612852,0
2023-07-28 11:03:58,627.0,199171,10,629.02,125573,265300,-0.5156683855612852,0
2023-07-28 11:03:58,627.0,199171,7,629.02,125573,265300,-0.5156683855612852,0
2023-07-28 11:03:58,627.25,199171,54,629.02,125573,265300,-0.4760015866719556,0
2023-07-28 11:04:06,627.25,199261,54,629.02,125617,265473,-0.4760015866719556,0
2023-07-28 11:04:06,627.25,199261,54,629.02,125342,265403,-0.4760015866719556,0
2023-07-28 11:04:06,627.1,199261,9,629.02,125342,265403,-0.49980166600554976,0
2023-07-28 11:04:16,627.1,199271,9,629.02,126137,265092,-0.49980166600554976,0
2023-07-28 11:04:16,627.05,199271,15,629.02,126137,265092,-0.5077350257834264,0
2023-07-28 11:04:18,627.05,199286,15,629.02,125249,265213,-0.5077350257834264,0
2023-07-28 11:04:18,627.05,199286,15,629.02,125254,265482,-0.5077350257834264,0
2023-07-28 11:04:18,627.4,199286,2,629.02,125254,265482,-0.4522015073383614,0
2023-07-28 11:04:28,627.4,199288,2,629.02,125260,265367,-0.4522015073383614,0
2023-07-28 11:04:28,627.4,199288,5,629.02,125260,265367,-0.4522015073383614,0
2023-07-28 11:04:34,627.4,199294,1,629.02,125326,265549,-0.4522015073383614,0
2023-07-28 11:04:34,627.05,199294,2,629.02,125326,265549,-0.5077350257834264,0
2023-07-28 11:04:36,627.05,199297,2,629.02,125555,265341,-0.5077350257834264,0
2023-07-28 11:04:36,627.05,199297,15,629.02,125555,265341,-0.5077350257834264,0
2023-07-28 11:04:43,627.05,199337,25,629.02,125349,265348,-0.5077350257834264,0
2023-07-28 11:04:43,627.1,199337,1,629.02,125349,265348,-0.49980166600554976,0
2023-07-28 11:04:45,627.1,199338,1,629.02,125208,265800,-0.49980166600554976,0
2023-07-28 11:04:45,627.05,199338,8,629.02,125208,265800,-0.5077350257834264,0
2023-07-28 11:04:52,627.05,199426,80,629.01,125135,265500,-0.5077350257834264,0
2023-07-28 11:04:52,627.05,199426,80,629.01,125436,265540,-0.5077350257834264,0
2023-07-28 11:04:52,627.05,199426,80,629.01,125185,266295,-0.5077350257834264,0
2023-07-28 11:04:52,627.05,199426,80,629.01,125185,265642,-0.5077350257834264,0
2023-07-28 11:04:52,627.0,199426,106,629.01,125185,265642,-0.5156683855612852,0
2023-07-28 11:05:07,627.0,199626,106,629.01,125438,265779,-0.5156683855612852,0
2023-07-28 11:05:07,627.1,199626,40,629.01,125438,265779,-0.49980166600554976,0
2023-07-28 11:05:11,627.1,199697,40,629.01,125421,265350,-0.49980166600554976,0
2023-07-28 11:05:11,627.1,199697,40,629.01,126122,265370,-0.49980166600554976,0
2023-07-28 11:05:11,627.1,199697,15,629.01,125626,265370,-0.49980166600554976,0
2023-07-28 11:05:11,627.1,199697,2,629.01,125626,265370,-0.49980166600554976,0
2023-07-28 11:05:11,627.35,199697,5,629.01,125626,265370,-0.4601348671162201,0
2023-07-28 11:05:25,627.35,199719,5,629.01,125368,265437,-0.4601348671162201,0
2023-07-28 11:05:25,627.35,199719,1,629.01,125368,265437,-0.4601348671162201,0
2023-07-28 11:05:27,627.35,199720,1,629.01,125699,265436,-0.4601348671162201,0
2023-07-28 11:05:27,627.1,199720,40,629.01,125699,265436,-0.49980166600554976,0
2023-07-28 11:05:32,627.1,199760,40,629.01,125272,265502,-0.49980166600554976,0
2023-07-28 11:05:32,627.1,199760,15,629.01,125272,265502,-0.49980166600554976,0
2023-07-28 11:05:37,627.1,199775,15,629.01,125844,265502,-0.49980166600554976,0
2023-07-28 11:05:37,627.1,199775,15,629.01,125660,265602,-0.49980166600554976,0
2023-07-28 11:05:37,627.1,199775,5,629.01,125660,265602,-0.49980166600554976,0
2023-07-28 11:05:44,627.1,199780,5,629.01,125896,265602,-0.49980166600554976,0
2023-07-28 11:05:44,627.1,199780,5,629.01,125434,265610,-0.49980166600554976,0
2023-07-28 11:05:44,627.1,199780,5,629.01,125755,265610,-0.49980166600554976,0
2023-07-28 11:06:01,626.65,200503,1,629.0,124237,266090,-0.5712019040063503,0
2023-07-28 11:06:01,626.65,200503,1,629.0,124237,266090,-0.5712019040063503,0
2023-07-28 11:06:01,627.1,200503,313,629.0,124237,266090,-0.49980166600554976,0
2023-07-28 11:06:04,627.1,200903,313,629.0,124993,265933,-0.49980166600554976,0
2023-07-28 11:06:04,627.1,200903,313,629.0,124631,266152,-0.49980166600554976,0
2023-07-28 11:06:04,627.2,200903,5,629.0,124631,266152,-0.4839349464498143,0
2023-07-28 11:06:14,627.2,200908,5,629.0,124684,266174,-0.4839349464498143,0
2023-07-28 11:06:14,627.35,200908,17,629.0,124684,266174,-0.4601348671162201,0
2023-07-28 11:06:14,627.4,200908,6,629.0,124684,266174,-0.4522015073383614,0
2023-07-28 11:06:18,627.4,200995,6,629.0,125316,266056,-0.4522015073383614,0
2023-07-28 11:06:18,627.15,200995,1,629.0,125316,266056,-0.491868306227691,0
2023-07-28 11:06:23,627.15,201021,1,629.0,125297,265773,-0.491868306227691,0
2023-07-28 11:06:23,627.35,201021,6,629.0,125297,265773,-0.4601348671162201,0
2023-07-28 11:06:25,627.35,201027,6,629.0,125345,265530,-0.4601348671162201,0
2023-07-28 11:06:25,627.35,201027,6,629.0,125387,265530,-0.4601348671162201,0
2023-07-28 11:06:25,627.15,201027,22,629.0,125387,265530,-0.491868306227691,0
2023-07-28 11:06:25,627.15,201027,2,629.0,125387,265530,-0.491868306227691,0
2023-07-28 11:06:25,627.0,201027,13,629.0,125387,265530,-0.5156683855612852,0
2023-07-28 11:06:25,627.35,201027,58,629.0,125387,265530,-0.4601348671162201,0
2023-07-28 11:06:40,627.35,201186,58,629.0,125799,265572,-0.4601348671162201,0
2023-07-28 11:06:40,627.35,201186,58,629.0,125904,265572,-0.4601348671162201,0
2023-07-28 11:06:40,627.35,201186,3,629.0,125904,265572,-0.4601348671162201,0
2023-07-28 11:06:40,627.35,201186,15,629.0,125904,265572,-0.4601348671162201,0
2023-07-28 11:06:48,627.35,201204,15,629.0,126358,265392,-0.4601348671162201,0
2023-07-28 11:06:48,627.35,201204,15,629.0,126358,265617,-0.4601348671162201,0
2023-07-28 11:06:48,627.35,201204,283,629.0,126358,265617,-0.4601348671162201,0
2023-07-28 11:06:59,627.35,202628,283,628.99,126199,265268,-0.4601348671162201,0
2023-07-28 11:06:59,627.35,202628,283,628.99,126350,264653,-0.4601348671162201,0
2023-07-28 11:06:59,627.35,202628,283,628.99,126383,264462,-0.4601348671162201,0
2023-07-28 11:06:59,627.35,202628,4,628.99,126383,264462,-0.4601348671162201,0
2023-07-28 11:06:59,626.9,202628,13,628.99,126383,264462,-0.5315351051170206,0
2023-07-28 11:06:59,627.2,202628,10,628.99,126383,264462,-0.4839349464498143,0
2023-07-28 11:07:12,627.2,202932,10,628.98,125028,265417,-0.4839349464498143,0
2023-07-28 11:07:12,627.2,202932,10,628.98,125028,265417,-0.4839349464498143,0
2023-07-28 11:07:12,627.05,202932,5,628.98,125028,265417,-0.5077350257834264,0
2023-07-28 11:07:12,627.05,202932,3,628.98,125028,265417,-0.5077350257834264,0
2023-07-28 11:07:20,627.05,202950,3,628.98,124960,265147,-0.5077350257834264,0
2023-07-28 11:07:20,627.05,202950,3,628.98,124001,265680,-0.5077350257834264,0
2023-07-28 11:07:20,627.35,202950,2,628.98,124001,265680,-0.4601348671162201,0
2023-07-28 11:07:26,627.35,202952,2,628.98,123581,265410,-0.4601348671162201,0
2023-07-28 11:07:26,627.0,202952,16,628.98,123581,265410,-0.5156683855612852,0
2023-07-28 11:07:37,627.0,203010,16,628.98,123591,265111,-0.5156683855612852,0
2023-07-28 11:07:37,627.35,203010,10,628.98,123591,265111,-0.4601348671162201,0
2023-07-28 11:07:37,627.35,203010,5,628.98,123591,265111,-0.4601348671162201,0
2023-07-28 11:07:37,627.35,203010,5,628.98,123591,265111,-0.4601348671162201,0
2023-07-28 11:07:42,627.35,203030,5,628.98,123863,265128,-0.4601348671162201,0
2023-07-28 11:07:42,627.0,203030,10,628.98,123863,265128,-0.5156683855612852,0
2023-07-28 11:07:42,627.35,203030,2,628.98,123863,265128,-0.4601348671162201,0
2023-07-28 11:07:45,627.35,203042,2,628.98,124138,265119,-0.4601348671162201,0
2023-07-28 11:07:45,627.35,203042,2,628.98,124138,265119,-0.4601348671162201,0
2023-07-28 11:07:50,627.35,203044,2,628.98,123915,265361,-0.4601348671162201,0
2023-07-28 11:07:50,627.35,203044,1,628.98,123915,265361,-0.4601348671162201,0
2023-07-28 11:07:50,627.35,203044,38,628.98,123915,265361,-0.4601348671162201,0
2023-07-28 11:07:55,627.35,203145,38,628.98,123986,265314,-0.4601348671162201,0
2023-07-28 11:07:55,627.05,203145,18,628.98,123986,265314,-0.5077350257834264,0
2023-07-28 11:07:55,627.35,203145,40,628.98,123986,265314,-0.4601348671162201,0
2023-07-28 11:07:58,627.35,203295,40,628.98,124356,264971,-0.4601348671162201,0
2023-07-28 11:07:58,626.8,203295,282,628.98,124356,264971,-0.5474018246727561,0
2023-07-28 11:08:05,627.3,203811,1,628.98,124004,265272,-0.4680682268940969,0
2023-07-28 11:08:05,626.8,203811,14,628.98,124004,265272,-0.5474018246727561,0
2023-07-28 11:08:09,627.35,203861,10,628.98,124030,265124,-0.4601348671162201,0
2023-07-28 11:08:09,627.35,203861,8,628.98,124030,265124,-0.4601348671162201,0
2023-07-28 11:08:09,627.0,203861,2,628.98,124030,265124,-0.5156683855612852,0
2023-07-28 11:08:09,627.35,203861,1,628.98,124030,265124,-0.4601348671162201,0
2023-07-28 11:08:09,627.35,203861,3,628.98,124030,265124,-0.4601348671162201,0
2023-07-28 11:08:14,627.0,203897,10,628.98,124117,265536,-0.5156683855612852,0
2023-07-28 11:08:14,627.0,203897,10,628.98,124218,265043,-0.5156683855612852,0
2023-07-28 11:08:14,627.0,203897,9,628.98,124218,265043,-0.5156683855612852,0
2023-07-28 11:08:20,627.0,203912,9,628.98,124204,265536,-0.5156683855612852,0
2023-07-28 11:08:20,627.0,203912,9,628.98,124304,265094,-0.5156683855612852,0
2023-07-28 11:08:20,627.0,203912,9,628.98,124543,265094,-0.5156683855612852,0
2023-07-28 11:08:20,627.35,203912,12,628.98,124543,265094,-0.4601348671162201,0
2023-07-28 11:08:34,627.35,203924,12,628.98,124317,265541,-0.4601348671162201,0
2023-07-28 11:08:41,627.0,203975,40,628.97,124266,265205,-0.5156683855612852,0
2023-07-28 11:08:41,627.1,203975,10,628.97,124266,265205,-0.49980166600554976,0
2023-07-28 11:08:41,626.85,203975,2,628.97,124266,265205,-0.5394684648948794,0
2023-07-28 11:08:44,626.85,204037,2,628.97,124202,265158,-0.5394684648948794,0
2023-07-28 11:08:44,626.85,204037,2,628.97,124213,265223,-0.5394684648948794,0
2023-07-28 11:08:44,626.9,204037,12,628.97,124213,265223,-0.5315351051170206,0
2023-07-28 11:08:44,626.85,204037,91,628.97,124213,265223,-0.5394684648948794,0
2023-07-28 11:08:54,626.8,204173,24,628.97,124550,265318,-0.5474018246727561,0
2023-07-28 11:08:54,626.8,204173,24,628.97,124468,265318,-0.5474018246727561,0
2023-07-28 11:08:54,626.8,204173,24,628.97,124404,265408,-0.5474018246727561,0
2023-07-28 11:08:54,626.8,204173,15,628.97,124404,265408,-0.5474018246727561,0
2023-07-28 11:09:05,626.8,204203,5,628.97,124413,265515,-0.5474018246727561,0
2023-07-28 11:09:05,626.8,204203,5,628.97,124205,266115,-0.5474018246727561,0
2023-07-28 11:09:05,627.3,204203,10,628.97,124205,266115,-0.4680682268940969,0
2023-07-28 11:09:05,626.85,204203,8,628.97,124205,266115,-0.5394684648948794,0
2023-07-28 11:09:05,627.3,204203,3,628.97,124205,266115,-0.4680682268940969,0
2023-07-28 11:09:13,627.3,204234,3,628.97,123991,265499,-0.4680682268940969,0
2023-07-28 11:09:17,626.95,204236,2,628.97,124407,266095,-0.5236017453391439,0
2023-07-28 11:09:17,626.75,204236,1,628.97,124407,266095,-0.5553351844506148,0
2023-07-28 11:09:21,626.75,204251,1,628.97,124052,266193,-0.5553351844506148,0
2023-07-28 11:09:21,627.0,204251,288,628.97,124052,266193,-0.5156683855612852,0
2023-07-28 11:09:25,627.0,204599,288,628.97,123783,266106,-0.5156683855612852,0
2023-07-28 11:09:25,626.85,204599,1,628.97,123783,266106,-0.5394684648948794,0
2023-07-28 11:09:25,626.75,204599,7,628.97,123783,266106,-0.5553351844506148,0
2023-07-28 11:09:28,626.75,204616,7,628.97,123767,266399,-0.5553351844506148,0
2023-07-28 11:09:28,626.65,204616,19,628.97,123767,266399,-0.5712019040063503,0
2023-07-28 11:09:28,626.95,204616,8,628.97,123767,266399,-0.5236017453391439,0
2023-07-28 11:09:32,626.95,204649,8,628.97,123644,266386,-0.5236017453391439,0
2023-07-28 11:09:32,626.95,204649,10,628.97,123644,266386,-0.5236017453391439,0
2023-07-28 11:09:38,626.95,204659,10,628.97,123714,266316,-0.5236017453391439,0
2023-07-28 11:09:38,627.0,204659,1,628.97,123714,266316,-0.5156683855612852,0
2023-07-28 11:09:41,627.0,204660,1,628.97,123725,265840,-0.5156683855612852,0
2023-07-28 11:09:41,627.0,204660,1,628.97,123756,265855,-0.5156683855612852,0
2023-07-28 11:09:41,627.0,204660,1,628.97,123790,266120,-0.5156683855612852,0
2023-07-28 11:09:41,627.0,204660,2,628.97,123790,266120,-0.5156683855612852,0
2023-07-28 11:09:52,626.75,204662,19,628.97,123790,266076,-0.5553351844506148,0
2023-07-28 11:09:52,627.0,204662,6,628.97,123790,266076,-0.5156683855612852,0
2023-07-28 11:09:52,627.0,204662,1,628.97,123790,266076,-0.5156683855612852,0
2023-07-28 11:09:57,627.0,204738,1,628.97,123830,266211,-0.5156683855612852,0
2023-07-28 11:09:57,627.0,204738,1,628.97,123847,265891,-0.5156683855612852,0
2023-07-28 11:09:57,626.7,204738,7,628.97,123847,265891,-0.5632685442284735,0
2023-07-28 11:10:08,626.7,204757,7,628.97,123821,266003,-0.5632685442284735,0
2023-07-28 11:10:08,627.0,204757,152,628.97,123821,266003,-0.5156683855612852,0
2023-07-28 11:10:10,627.0,204909,152,628.97,123751,266010,-0.5156683855612852,0
2023-07-28 11:10:10,627.05,204909,2,628.97,123751,266010,-0.5077350257834264,0
2023-07-28 11:10:10,627.05,204909,8,628.97,123751,266010,-0.5077350257834264,0
2023-07-28 11:10:17,627.05,204919,8,628.97,124326,265885,-0.5077350257834264,0
2023-07-28 11:10:17,626.85,204919,15,628.97,124562,265950,-0.5394684648948794,0
2023-07-28 11:10:17,627.05,204919,9,628.97,124562,265950,-0.5077350257834264,0
2023-07-28 11:10:17,627.05,204919,10,628.97,124562,265950,-0.5077350257834264,0
2023-07-28 11:10:26,627.05,205057,2,628.96,124281,266809,-0.5077350257834264,0
2023-07-28 11:10:26,627.05,205057,2,628.96,124281,266809,-0.5077350257834264,0
2023-07-28 11:10:26,626.8,205057,5,628.96,124281,266809,-0.5474018246727561,0
2023-07-28 11:10:28,626.8,205062,5,628.96,125256,265892,-0.5474018246727561,0
2023-07-28 11:10:28,626.75,205062,47,628.96,125256,265892,-0.5553351844506148,0
2023-07-28 11:10:34,626.7,205135,15,628.96,124297,265991,-0.5632685442284735,0
2023-07-28 11:10:34,626.8,205135,286,628.96,124297,265991,-0.5474018246727561,0
2023-07-28 11:10:36,626.8,205421,286,628.96,124245,266798,-0.5474018246727561,0
2023-07-28 11:10:36,626.95,205421,15,628.96,124245,266798,-0.5236017453391439,0
2023-07-28 11:10:39,626.95,205436,15,628.96,124359,266504,-0.5236017453391439,0
2023-07-28 11:10:39,626.95,205436,15,628.96,124359,266012,-0.5236017453391439,0
2023-07-28 11:10:39,627.0,205436,2,628.96,124359,266012,-0.5156683855612852,0
2023-07-28 11:10:39,627.0,205436,5,628.96,124359,266012,-0.5156683855612852,0
2023-07-28 11:10:48,627.0,205443,5,628.96,124361,266397,-0.5156683855612852,0
2023-07-28 11:10:48,627.0,205443,2,628.96,124361,266397,-0.5156683855612852,0
2023-07-28 11:10:48,627.0,205443,1,628.96,124361,266397,-0.5156683855612852,0
2023-07-28 11:10:48,627.0,205443,5,628.96,124361,266397,-0.5156683855612852,0
2023-07-28 11:10:48,627.0,205443,50,628.96,124361,266397,-0.5156683855612852,0
2023-07-28 11:10:54,627.0,205501,50,628.96,124298,265681,-0.5156683855612852,0
2023-07-28 11:10:54,627.0,205501,50,628.96,124403,265681,-0.5156683855612852,0
2023-07-28 11:10:54,627.05,205501,1,628.96,124403,265681,-0.5077350257834264,0
2023-07-28 11:10:54,627.05,205501,46,628.96,124403,265681,-0.5077350257834264,0
2023-07-28 11:11:02,627.05,205548,46,628.96,124939,265347,-0.5077350257834264,0
2023-07-28 11:11:07,627.05,205552,4,628.96,124547,266072,-0.5077350257834264,0
2023-07-28 11:11:12,627.45,205747,28,628.96,124827,265404,-0.44426814756048466,0
2023-07-28 11:11:12,627.45,205747,28,628.96,125017,265650,-0.44426814756048466,0
2023-07-28 11:11:12,627.45,205747,9,628.96,125017,265650,-0.44426814756048466,0
2023-07-28 11:11:12,626.9,205747,49,628.96,125017,265650,-0.5315351051170206,0
2023-07-28 11:11:20,626.9,205907,49,628.96,124865,265491,-0.5315351051170206,0
2023-07-28 11:11:20,627.4,205907,2,628.96,124865,265491,-0.4522015073383614,0
2023-07-28 11:11:24,626.95,205924,13,628.96,124925,265456,-0.5236017453391439,0
2023-07-28 11:11:24,627.45,205924,35,628.96,124925,265456,-0.44426814756048466,0
2023-07-28 11:11:24,627.0,205924,22,628.96,124925,265456,-0.5156683855612852,0
2023-07-28 11:11:28,627.0,206041,22,628.95,124610,265476,-0.5156683855612852,0
2023-07-28 11:11:28,626.95,206041,24,628.95,124610,265476,-0.5236017453391439,0
2023-07-28 11:11:28,627.45,206041,13,628.95,124610,265476,-0.44426814756048466,0
2023-07-28 11:11:31,627.45,206166,13,628.95,124586,265536,-0.44426814756048466,0
2023-07-28 11:11:31,627.4,206166,5,628.95,124586,265536,-0.4522015073383614,0
2023-07-28 11:11:31,627.4,206166,5,628.95,124586,265536,-0.4522015073383614,0
2023-07-28 11:11:35,627.4,206176,5,628.95,124626,266051,-0.4522015073383614,0
2023-07-28 11:11:35,627.4,206176,5,628.95,125091,265569,-0.4522015073383614,0
2023-07-28 11:11:35,627.4,206176,5,628.95,124626,265690,-0.4522015073383614,0
2023-07-28 11:11:35,627.4,206176,5,628.95,124752,265691,-0.4522015073383614,0
2023-07-28 11:11:51,627.45,206177,10,628.95,124844,265707,-0.44426814756048466,0
2023-07-28 11:11:54,627.45,206187,10,628.95,124844,265475,-0.44426814756048466,0
2023-07-28 11:11:54,627.1,206187,60,628.95,124844,265475,-0.49980166600554976,0
2023-07-28 11:11:59,627.1,206247,60,628.95,124770,265841,-0.49980166600554976,0
2023-07-28 11:11:59,627.1,206247,2,628.95,124770,265841,-0.49980166600554976,0
2023-07-28 11:12:02,627.1,206249,2,628.95,124793,265838,-0.49980166600554976,0
2023-07-28 11:12:02,627.1,206249,2,628.95,125521,265837,-0.49980166600554976,0
2023-07-28 11:12:02,627.1,206249,3,628.95,125521,265837,-0.49980166600554976,0
2023-07-28 11:12:02,627.05,206249,24,628.95,125521,265837,-0.5077350257834264,0
2023-07-28 11:12:13,627.05,206316,24,628.95,124474,265973,-0.5077350257834264,0
2023-07-28 11:12:13,627.05,206316,100,628.95,124474,265973,-0.5077350257834264,0
2023-07-28 11:12:13,627.05,206316,9,628.95,124474,265973,-0.5077350257834264,0
2023-07-28 11:12:19,627.05,206435,10,628.95,124434,266013,-0.5077350257834264,0
2023-07-28 11:12:24,627.05,206436,1,628.95,124788,265944,-0.5077350257834264,0
2023-07-28 11:12:24,627.05,206436,1,628.95,124548,265940,-0.5077350257834264,0
2023-07-28 11:12:24,627.65,206436,31,628.95,124548,265940,-0.4125347084490318,0
2023-07-28 11:12:29,627.65,207436,31,628.94,124772,265703,-0.4125347084490318,0
2023-07-28 11:12:29,627.25,207436,1,628.94,124772,265703,-0.4760015866719556,0
2023-07-28 11:12:36,627.25,207437,1,628.94,124679,265557,-0.4760015866719556,0
2023-07-28 11:12:36,627.25,207437,15,628.94,124679,265557,-0.4760015866719556,0
2023-07-28 11:12:36,627.45,207437,46,628.94,124679,265557,-0.44426814756048466,0
2023-07-28 11:12:36,627.1,207437,8,628.94,124679,265557,-0.49980166600554976,0
2023-07-28 11:12:41,627.4,207561,3,628.94,124572,265555,-0.4522015073383614,0
2023-07-28 11:12:41,627.45,207561,3,628.94,124572,265555,-0.44426814756048466,0
2023-07-28 11:12:41,627.4,207561,1,628.94,124572,265555,-0.4522015073383614,0
2023-07-28 11:12:43,627.4,207787,1,628.94,124766,265640,-0.4522015073383614,0
2023-07-28 11:12:43,627.4,207787,16,628.94,124766,265640,-0.4522015073383614,0
2023-07-28 11:12:47,627.4,207806,16,628.94,124505,265606,-0.4522015073383614,0
2023-07-28 11:12:47,627.4,207806,1,628.94,124505,265606,-0.4522015073383614,0
2023-07-28 11:12:47,627.1,207806,10,628.94,124505,265606,-0.49980166600554976,0
2023-07-28 11:12:52,627.4,207817,3,628.94,125661,265507,-0.4522015073383614,0
2023-07-28 11:12:52,627.4,207817,3,628.94,125661,265507,-0.4522015073383614,0
2023-07-28 11:12:52,627.45,207817,8,628.94,125661,265507,-0.44426814756048466,0
2023-07-28 11:12:52,627.4,207817,5,628.94,125661,265507,-0.4522015073383614,0
2023-07-28 11:12:57,627.4,208003,5,628.94,124490,265610,-0.4522015073383614,0
2023-07-28 11:12:57,626.95,208003,51,628.94,124490,265610,-0.5236017453391439,0
2023-07-28 11:13:00,626.95,208054,51,628.94,124609,265674,-0.5236017453391439,0
2023-07-28 11:13:00,626.85,208054,16,628.94,124609,265674,-0.5394684648948794,0
2023-07-28 11:13:00,627.25,208054,5,628.94,124609,265674,-0.4760015866719556,0
2023-07-28 11:13:00,627.25,208054,1,628.94,124609,265674,-0.4760015866719556,0
2023-07-28 11:13:07,627.25,208078,2,628.94,124735,266012,-0.4760015866719556,0
2023-07-28 11:13:07,627.25,208078,2,628.94,124735,266012,-0.4760015866719556,0
2023-07-28 11:13:07,626.85,208078,19,628.94,124735,266012,-0.5394684648948794,0
2023-07-28 11:13:10,626.8,208097,6,628.94,124678,265844,-0.5474018246727561,0
2023-07-28 11:13:11,626.85,208297,15,628.94,124291,266391,-0.5394684648948794,0
2023-07-28 11:13:16,626.85,208312,15,628.94,124077,266578,-0.5394684648948794,0
2023-07-28 11:13:16,626.95,208312,200,628.94,124077,266578,-0.5236017453391439,0
2023-07-28 11:13:16,626.75,208312,11,628.94,124077,266578,-0.5553351844506148,0
2023-07-28 11:13:16,626.75,208312,1,628.94,124077,266578,-0.5553351844506148,0
2023-07-28 11:13:24,626.75,208538,1,628.93,123990,266415,-0.5553351844506148,0
2023-07-28 11:13:24,626.65,208538,5,628.93,123990,266415,-0.5712019040063503,0
2023-07-28 11:13:24,626.95,208538,20,628.93,123990,266415,-0.5236017453391439,0
2023-07-28 11:13:29,626.95,209060,20,628.93,123415,265933,-0.5236017453391439,0
2023-07-28 11:13:29,627.0,209060,1,628.93,123415,265933,-0.5156683855612852,0
2023-07-28 11:13:34,627.0,209061,1,628.93,123686,265979,-0.5156683855612852,0
2023-07-28 11:13:34,627.0,209061,2,628.93,123686,265979,-0.5156683855612852,0
2023-07-28 11:13:35,627.0,209163,2,628.93,123833,265985,-0.5156683855612852,0
2023-07-28 11:13:35,626.65,209163,3,628.93,123833,265985,-0.5712019040063503,0
2023-07-28 11:13:35,626.6,209163,28,628.93,123833,265985,-0.579135263784209,0
2023-07-28 11:13:39,626.6,209264,28,628.93,124118,265928,-0.579135263784209,0
2023-07-28 11:13:39,627.0,209264,1,628.93,124118,265928,-0.5156683855612852,0
2023-07-28 11:13:39,627.0,209264,10,628.93,124118,265928,-0.5156683855612852,0
2023-07-28 11:13:43,627.0,209275,10,628.93,124881,266032,-0.5156683855612852,0
2023-07-28 11:13:43,627.0,209275,4,628.93,124881,266032,-0.5156683855612852,0
2023-07-28 11:13:43,626.7,209275,3,628.93,124881,266032,-0.5632685442284735,0
2023-07-28 11:13:49,626.7,209283,3,628.93,123935,266791,-0.5632685442284735,0
2023-07-28 11:13:49,626.7,209283,3,628.93,123953,267072,-0.5632685442284735,0
2023-07-28 11:13:49,626.95,209283,5,628.93,123953,267072,-0.5236017453391439,0
2023-07-28 11:13:49,626.6,209283,4,628.93,123953,267072,-0.579135263784209,0
2023-07-28 11:14:01,626.95,209443,50,628.92,124837,266223,-0.5236017453391439,0
2023-07-28 11:14:01,626.95,209443,50,628.92,124837,266223,-0.5236017453391439,0
2023-07-28 11:14:01,626.6,209443,15,628.92,124837,266223,-0.579135263784209,0
2023-07-28 11:14:04,626.6,209458,15,628.92,124145,266223,-0.579135263784209,0
2023-07-28 11:14:04,626.6,209458,15,628.92,123939,266463,-0.579135263784209,0
2023-07-28 11:14:04,627.0,209458,3,628.92,124104,266457,-0.5156683855612852,0
2023-07-28 11:14:04,626.95,209458,14,628.92,124104,266457,-0.5236017453391439,0
2023-07-28 11:14:16,627.0,209475,1,628.92,123879,266505,-0.5156683855612852,0
2023-07-28 11:14:18,627.0,209476,1,628.92,123879,267022,-0.5156683855612852,0
2023-07-28 11:14:18,626.95,209476,1,628.92,123879,267022,-0.5236017453391439,0
2023-07-28 11:14:26,626.95,209477,1,628.92,123892,267107,-0.5236017453391439,0
2023-07-28 11:14:26,627.0,209477,1,628.92,123892,267107,-0.5156683855612852,0
2023-07-28 11:14:28,627.0,209479,1,628.92,124285,266649,-0.5156683855612852,0
2023-07-28 11:14:28,627.0,209479,3,628.92,124285,266649,-0.5156683855612852,0
2023-07-28 11:14:28,627.0,209479,25,628.92,124285,266649,-0.5156683855612852,0
2023-07-28 11:14:28,626.65,209479,73,628.92,124285,266649,-0.5712019040063503,0
2023-07-28 11:14:28,626.95,209479,5,628.92,124285,266649,-0.5236017453391439,0
2023-07-28 11:14:35,626.95,209622,10,628.92,123868,266620,-0.5236017453391439,0
2023-07-28 11:14:35,626.95,209622,2,628.92,123868,266620,-0.5236017453391439,0
2023-07-28 11:14:36,626.95,209624,2,628.92,123869,266859,-0.5236017453391439,0
2023-07-28 11:14:36,626.65,209624,15,628.92,123869,266859,-0.5712019040063503,0
2023-07-28 11:14:41,626.65,209654,15,628.92,123867,266616,-0.5712019040063503,0
2023-07-28 11:14:41,627.0,209654,10,628.92,123867,266616,-0.5156683855612852,0
2023-07-28 11:14:47,627.0,209664,10,628.92,124420,266916,-0.5156683855612852,0
2023-07-28 11:14:47,626.7,209664,15,628.92,124420,266916,-0.5632685442284735,0
2023-07-28 11:14:51,626.7,209679,15,628.92,125042,266699,-0.5632685442284735,0
2023-07-28 11:14:51,626.7,209679,15,628.92,125731,266773,-0.5632685442284735,0
2023-07-28 11:14:51,627.0,209679,2,628.92,125731,266773,-0.5156683855612852,0
2023-07-28 11:14:51,626.85,209679,44,628.92,125731,266773,-0.5394684648948794,0
2023-07-28 11:15:00,626.85,209725,44,628.92,125333,266773,-0.5394684648948794,0
2023-07-28 11:15:00,627.0,209725,3,628.92,125333,266773,-0.5156683855612852,0
2023-07-28 11:15:00,627.0,209725,1,628.92,125333,266773,-0.5156683855612852,0
2023-07-28 11:15:05,627.0,209730,1,628.92,125110,266410,-0.5156683855612852,0
2023-07-28 11:15:05,627.05,209730,20,628.92,125110,266410,-0.5077350257834264,0
2023-07-28 11:15:05,627.25,209730,1,628.92,125110,266410,-0.4760015866719556,0
2023-07-28 11:15:09,627.25,210051,1,628.92,124892,266494,-0.4760015866719556,0
2023-07-28 11:15:09,627.0,210051,450,628.92,124892,266494,-0.5156683855612852,0
2023-07-28 11:15:09,627.05,210051,2,628.92,124892,266494,-0.5077350257834264,0
2023-07-28 11:15:11,627.05,210551,5,628.91,124286,266822,-0.5077350257834264,0
2023-07-28 11:15:15,627.05,210556,5,628.91,124346,266792,-0.5077350257834264,0
2023-07-28 11:15:15,627.05,210556,5,628.91,124426,266788,-0.5077350257834264,0
2023-07-28 11:15:15,627.05,210556,5,628.91,124426,266791,-0.5077350257834264,0
2023-07-28 11:15:15,627.05,210556,5,628.91,124253,266788,-0.5077350257834264,0
2023-07-28 11:15:15,627.05,210556,5,628.91,124709,266787,-0.5077350257834264,0
2023-07-28 11:15:15,627.05,210556,25,628.91,124709,266787,-0.5077350257834264,0
2023-07-28 11:15:39,627.05,210681,100,628.91,124366,266631,-0.5077350257834264,0
2023-07-28 11:15:39,627.15,210681,10,628.91,124366,266631,-0.491868306227691,0
2023-07-28 11:15:42,627.15,210691,10,628.91,124362,266692,-0.491868306227691,0
2023-07-28 11:15:42,626.75,210691,5,628.91,124362,266692,-0.5553351844506148,0
2023-07-28 11:15:51,626.75,210706,5,628.91,125633,266575,-0.5553351844506148,0
2023-07-28 11:15:51,626.65,210706,10,628.91,125633,266575,-0.5712019040063503,0
2023-07-28 11:15:51,627.05,210706,8,628.91,125633,266575,-0.5077350257834264,0
2023-07-28 11:15:56,627.1,210729,30,628.91,124689,266172,-0.49980166600554976,0
2023-07-28 11:15:56,627.1,210729,1,628.91,124689,266172,-0.49980166600554976,0
2023-07-28 11:15:58,627.1,210760,1,628.91,124854,266144,-0.49980166600554976,0
2023-07-28 11:15:58,626.75,210760,2,628.91,124854,266144,-0.5553351844506148,0
2023-07-28 11:16:04,627.05,210862,50,628.91,124749,265958,-0.5077350257834264,0
2023-07-28 11:16:04,627.05,210862,50,628.91,124749,265958,-0.5077350257834264,0
2023-07-28 11:16:04,627.15,210862,1,628.91,124749,265958,-0.491868306227691,0
2023-07-28 11:16:04,627.05,210862,3,628.91,124749,265958,-0.5077350257834264,0
2023-07-28 11:16:07,627.05,210866,3,628.91,124904,266172,-0.5077350257834264,0
2023-07-28 11:16:07,627.05,210866,3,628.91,125284,266172,-0.5077350257834264,0
2023-07-28 11:16:07,627.05,210866,3,628.91,125896,266203,-0.5077350257834264,0
2023-07-28 11:16:07,627.05,210866,3,628.91,124957,266203,-0.5077350257834264,0
2023-07-28 11:16:07,627.05,210866,3,628.91,125177,266203,-0.5077350257834264,0
2023-07-28 11:16:07,627.05,210866,3,628.91,124846,266235,-0.5077350257834264,0
2023-07-28 11:16:07,627.05,210866,3,628.91,125251,266239,-0.5077350257834264,0
2023-07-28 11:16:07,627.0,210866,2,628.91,125251,266239,-0.5156683855612852,0
2023-07-28 11:16:07,627.0,210866,4,628.91,125251,266239,-0.5156683855612852,0
2023-07-28 11:16:07,626.8,210866,20,628.91,125251,266239,-0.5474018246727561,0
2023-07-28 11:16:41,627.0,210893,1,628.91,125084,266235,-0.5156683855612852,0
2023-07-28 11:16:41,627.0,210893,1,628.91,125542,266235,-0.5156683855612852,0
2023-07-28 11:16:41,627.0,210893,1,628.91,125542,266235,-0.5156683855612852,0
2023-07-28 11:16:51,627.0,210904,2,628.91,125072,266256,-0.5156683855612852,0
2023-07-28 11:16:56,626.8,210905,1,628.91,125695,266493,-0.5474018246727561,0
2023-07-28 11:16:56,627.0,210905,5,628.91,125695,266493,-0.5156683855612852,0
2023-07-28 11:16:56,627.0,210905,15,628.91,125695,266493,-0.5156683855612852,0
2023-07-28 11:16:57,627.0,210925,15,628.91,125201,266445,-0.5156683855612852,0
2023-07-28 11:16:57,627.0,210925,15,628.91,125201,266445,-0.5156683855612852,0
2023-07-28 11:16:57,627.15,210925,2,628.91,125201,266445,-0.491868306227691,0
2023-07-28 11:17:02,627.15,210942,2,628.91,125124,266619,-0.491868306227691,0
2023-07-28 11:17:02,626.85,210942,13,628.91,125124,266619,-0.5394684648948794,0
2023-07-28 11:17:02,626.8,210942,15,628.91,125124,266619,-0.5474018246727561,0
2023-07-28 11:17:08,626.8,211007,15,628.91,125144,266791,-0.5474018246727561,0
2023-07-28 11:17:08,627.0,211007,37,628.91,125144,266791,-0.5156683855612852,0
2023-07-28 11:17:12,627.1,211069,20,628.91,124910,267019,-0.49980166600554976,0
2023-07-28 11:17:12,627.1,211069,10,628.91,124910,267019,-0.49980166600554976,0
2023-07-28 11:17:12,627.1,211069,15,628.91,124910,267019,-0.49980166600554976,0
2023-07-28 11:17:17,627.15,211098,4,628.91,125083,266664,-0.491868306227691,0
2023-07-28 11:17:17,627.15,211098,4,628.91,125152,266629,-0.491868306227691,0
2023-07-28 11:17:17,627.15,211098,4,628.91,125152,267053,-0.491868306227691,0
2023-07-28 11:17:17,627.15,211098,4,628.91,125022,266990,-0.491868306227691,0
2023-07-28 11:17:17,626.8,211098,3,628.91,125022,266990,-0.5474018246727561,0
2023-07-28 11:17:17,627.15,211098,5,628.91,125022,266990,-0.491868306227691,0
2023-07-28 11:17:32,627.15,211106,5,628.91,125700,266633,-0.491868306227691,0
2023-07-28 11:17:32,627.1,211106,200,628.91,125700,266633,-0.49980166600554976,0
2023-07-28 11:17:32,627.0,211106,2,628.91,125700,266633,-0.5156683855612852,0
2023-07-28 11:17:40,627.0,211308,2,628.91,125216,266642,-0.5156683855612852,0
2023-07-28 11:17:40,626.8,211308,14,628.91,125216,266642,-0.5474018246727561,0
2023-07-28 11:17:44,626.8,211323,14,628.91,125510,266666,-0.5474018246727561,0
2023-07-28 11:17:44,626.8,211323,14,628.91,125186,266666,-0.5474018246727561,0
2023-07-28 11:17:44,627.0,211323,1,628.91,125186,266666,-0.5156683855612852,0
2023-07-28 11:17:52,627.0,211324,1,628.91,124910,267000,-0.5156683855612852,0
2023-07-28 11:17:52,626.85,211324,12,628.91,124910,267000,-0.5394684648948794,0
2023-07-28 11:17:52,626.85,211324,55,628.91,124910,267000,-0.5394684648948794,0
2023-07-28 11:17:55,626.85,211479,55,628.9,125101,266828,-0.5394684648948794,0
2023-07-28 11:17:55,626.85,211479,1,628.9,125101,266828,-0.5394684648948794,0
2023-07-28 11:17:55,626.85,211479,4,628.9,125101,266828,-0.5394684648948794,0
2023-07-28 11:18:02,626.8,211514,15,628.9,125102,267107,-0.5474018246727561,0
2023-07-28 11:18:02,626.8,211514,15,628.9,125102,267107,-0.5474018246727561,0
2023-07-28 11:18:02,626.8,211514,15,628.9,125559,267057,-0.5474018246727561,0
2023-07-28 11:18:02,626.8,211514,40,628.9,125559,267057,-0.5474018246727561,0
2023-07-28 11:18:02,627.0,211514,11,628.9,125559,267057,-0.5156683855612852,0
2023-07-28 11:18:08,627.0,211590,11,628.9,124868,267109,-0.5156683855612852,0
2023-07-28 11:18:08,626.7,211590,13,628.9,124868,267109,-0.5632685442284735,0
2023-07-28 11:18:08,626.7,211590,15,628.9,124868,267109,-0.5632685442284735,0
2023-07-28 11:18:13,626.7,211620,15,628.9,125666,267358,-0.5632685442284735,0
2023-07-28 11:18:13,627.0,211620,5,628.9,125666,267358,-0.5156683855612852,0
2023-07-28 11:18:19,627.0,211625,5,628.9,125657,267045,-0.5156683855612852,0
2023-07-28 11:18:19,627.0,211625,100,628.9,125657,267045,-0.5156683855612852,0
2023-07-28 11:18:24,627.0,211733,100,628.9,125836,266936,-0.5156683855612852,0
2023-07-28 11:18:24,627.0,211733,10,628.9,125836,266936,-0.5156683855612852,0
2023-07-28 11:18:28,627.0,211743,10,628.9,125849,266934,-0.5156683855612852,0
2023-07-28 11:18:28,626.7,211743,50,628.9,125849,266934,-0.5632685442284735,0
2023-07-28 11:18:33,626.7,211943,88,628.9,125760,267162,-0.5632685442284735,0
2023-07-28 11:18:33,626.7,211943,88,628.9,125760,267162,-0.5632685442284735,0
2023-07-28 11:18:33,626.7,211943,1,628.9,125760,267162,-0.5632685442284735,0
2023-07-28 11:18:36,626.7,211944,1,628.9,125596,266783,-0.5632685442284735,0
2023-07-28 11:18:36,626.65,211944,30,628.9,125596,266783,-0.5712019040063503,0
2023-07-28 11:18:36,626.65,211944,3,628.9,125596,266783,-0.5712019040063503,0
2023-07-28 11:18:41,626.65,211984,3,628.9,125688,266955,-0.5712019040063503,0
2023-07-28 11:18:41,626.6,211984,103,628.9,125688,266955,-0.579135263784209,0
2023-07-28 11:18:45,626.6,212184,103,628.9,124257,266955,-0.579135263784209,0
2023-07-28 11:18:45,626.6,212184,103,628.9,124482,266955,-0.579135263784209,0
2023-07-28 11:18:45,626.6,212184,103,628.9,124309,266965,-0.579135263784209,0
2023-07-28 11:18:45,626.55,212184,5,628.9,124309,266965,-0.5870686235620858,0
2023-07-28 11:19:00,626.55,212214,15,628.9,124380,266959,-0.5870686235620858,0
2023-07-28 11:19:00,626.6,212214,45,628.9,124380,266959,-0.579135263784209,0
2023-07-28 11:19:03,626.6,212259,50,628.9,124628,267103,-0.579135263784209,0
2023-07-28 11:19:03,626.95,212259,9,628.9,124628,267103,-0.5236017453391439,0
2023-07-28 11:19:03,626.6,212259,25,628.9,124628,267103,-0.579135263784209,0
2023-07-28 11:19:08,626.6,212354,25,628.9,124628,267088,-0.579135263784209,0
2023-07-28 11:19:08,626.6,212354,25,628.9,125028,267136,-0.579135263784209,0
2023-07-28 11:19:08,626.6,212354,15,628.9,125028,267136,-0.579135263784209,0
2023-07-28 11:19:08,626.95,212354,223,628.9,125028,267136,-0.5236017453391439,0
2023-07-28 11:19:08,627.0,212354,4,628.9,125028,267136,-0.5156683855612852,0
2023-07-28 11:19:21,627.0,212676,4,628.89,124751,267488,-0.5156683855612852,0
2023-07-28 11:19:21,627.0,212676,4,628.89,124743,267320,-0.5156683855612852,0
2023-07-28 11:19:21,626.5,212676,269,628.89,124743,267320,-0.5950019833399445,0
2023-07-28 11:19:27,626.5,213176,269,628.89,124282,267218,-0.5950019833399445,0
2023-07-28 11:19:27,626.5,213176,269,628.89,124007,267676,-0.5950019833399445,0
2023-07-28 11:19:27,626.5,213176,269,628.89,124489,267449,-0.5950019833399445,0
2023-07-28 11:19:27,626.5,213176,269,628.89,124027,267470,-0.5950019833399445,0
2023-07-28 11:19:27,626.6,213176,30,628.89,124027,267470,-0.579135263784209,0
2023-07-28 11:19:46,626.6,213226,30,628.89,124302,267319,-0.579135263784209,0
2023-07-28 11:19:46,627.0,213226,1,628.89,124302,267319,-0.5156683855612852,0
2023-07-28 11:19:51,626.55,213237,9,628.89,124324,267470,-0.5870686235620858,0
2023-07-28 11:19:51,626.55,213237,9,628.89,124402,267608,-0.5870686235620858,0
2023-07-28 11:19:51,626.55,213237,9,628.89,124571,267272,-0.5870686235620858,0
2023-07-28 11:19:51,626.55,213237,9,628.89,124797,267047,-0.5870686235620858,0
2023-07-28 11:19:51,626.55,213237,9,628.89,124585,267048,-0.5870686235620858,0
2023-07-28 11:19:51,626.55,213237,9,628.89,124590,267049,-0.5870686235620858,0
2023-07-28 11:19:51,626.65,213237,1,628.89,124590,267049,-0.5712019040063503,0
2023-07-28 11:20:14,626.65,213238,1,628.89,124562,267112,-0.5712019040063503,0
2023-07-28 11:20:14,626.7,213238,1,628.89,124562,267112,-0.5632685442284735,0
2023-07-28 11:20:21,626.7,213254,1,628.89,125079,267063,-0.5632685442284735,0
2023-07-28 11:20:21,626.65,213254,8,628.89,125079,267063,-0.5712019040063503,0
2023-07-28 11:20:21,626.95,213254,14,628.89,125079,267063,-0.5236017453391439,0
2023-07-28 11:20:25,626.5,213310,166,628.89,125670,267168,-0.5950019833399445,0
2023-07-28 11:20:25,626.9,213310,1,628.89,125670,267168,-0.5315351051170206,0
2023-07-28 11:20:26,626.9,215311,1,628.86,123904,267346,-0.5315351051170206,0
2023-07-28 11:20:26,626.85,215311,15,628.86,123904,267346,-0.5394684648948794,0
2023-07-28 11:20:32,627.0,215326,77,628.86,123947,267242,-0.5156683855612852,0
2023-07-28 11:20:32,626.65,215326,7,628.86,123947,267242,-0.5712019040063503,0
2023-07-28 11:20:37,626.65,215583,7,628.86,125624,267884,-0.5712019040063503,0
2023-07-28 11:20:43,626.6,215621,38,628.86,124575,267812,-0.579135263784209,0
2023-07-28 11:20:43,626.6,215621,38,628.86,127493,267769,-0.579135263784209,0
2023-07-28 11:20:43,626.3,215621,42,628.86,127493,267769,-0.6267354224514153,0
2023-07-28 11:20:43,626.6,215621,200,628.86,127493,267769,-0.579135263784209,0
2023-07-28 11:20:50,626.6,217002,200,628.85,125644,267640,-0.579135263784209,0
2023-07-28 11:20:50,626.5,217002,1,628.85,125644,267640,-0.5950019833399445,0
2023-07-28 11:20:50,626.5,217002,10,628.85,125644,267640,-0.5950019833399445,0
2023-07-28 11:20:54,626.5,217013,10,628.85,125985,267431,-0.5950019833399445,0
2023-07-28 11:20:54,626.5,217013,8,628.85,125985,267431,-0.5950019833399445,0
2023-07-28 11:20:58,626.5,217021,8,628.85,125760,267676,-0.5950019833399445,0
2023-07-28 11:20:58,626.5,217021,8,628.85,126055,267934,-0.5950019833399445,0
2023-07-28 11:20:58,626.6,217021,15,628.85,126055,267934,-0.579135263784209,0
2023-07-28 11:20:58,626.55,217021,65,628.85,126055,267934,-0.5870686235620858,0
2023-07-28 11:21:10,626.55,217180,65,628.84,125858,266965,-0.5870686235620858,0
2023-07-28 11:21:10,626.95,217180,10,628.84,125858,266965,-0.5236017453391439,0
2023-07-28 11:21:11,626.95,217190,10,628.84,125944,266886,-0.5236017453391439,0
2023-07-28 11:21:11,626.95,217190,2,628.84,125944,266886,-0.5236017453391439,0
2023-07-28 11:21:11,626.55,217190,1,628.84,125944,266886,-0.5870686235620858,0
2023-07-28 11:21:16,626.55,217208,1,628.84,125965,266926,-0.5870686235620858,0
2023-07-28 11:21:16,626.55,217208,1,628.84,126148,266820,-0.5870686235620858,0
2023-07-28 11:21:16,626.95,217208,7,628.84,126148,266820,-0.5236017453391439,0
2023-07-28 11:21:16,626.55,217208,5,628.84,126148,266820,-0.5870686235620858,0
2023-07-28 11:21:27,626.55,217300,5,628.84,126151,267065,-0.5870686235620858,0
2023-07-28 11:21:27,626.45,217300,26,628.84,126151,267065,-0.6029353431178032,0
2023-07-28 11:21:27,626.95,217300,10,628.84,126151,267065,-0.5236017453391439,0
2023-07-28 11:21:31,626.95,217460,10,628.84,126040,267069,-0.5236017453391439,0
2023-07-28 11:21:31,626.95,217460,140,628.84,126040,267069,-0.5236017453391439,0
2023-07-28 11:21:31,626.95,217460,10,628.84,126040,267069,-0.5236017453391439,0
2023-07-28 11:21:36,626.55,217691,21,628.84,126071,267315,-0.5870686235620858,0
2023-07-28 11:21:36,626.9,217691,6,628.84,126071,267315,-0.5315351051170206,0
2023-07-28 11:21:38,626.9,217699,6,628.84,126640,267248,-0.5315351051170206,0
2023-07-28 11:21:38,626.45,217699,23,628.84,126640,267248,-0.6029353431178032,0
2023-07-28 11:21:43,626.45,217799,23,628.84,126515,267274,-0.6029353431178032,0
2023-07-28 11:21:43,626.9,217799,30,628.84,126665,267282,-0.5315351051170206,0
2023-07-28 11:21:43,626.5,217799,30,628.84,126665,267282,-0.5950019833399445,0
2023-07-28 11:21:52,626.5,217859,30,628.84,126879,267470,-0.5950019833399445,0
2023-07-28 11:21:52,626.5,217859,30,628.84,127008,267218,-0.5950019833399445,0
2023-07-28 11:21:52,626.5,217859,30,628.84,126909,267351,-0.5950019833399445,0
2023-07-28 11:21:52,626.9,217859,1,628.84,126909,267351,-0.5315351051170206,0
2023-07-28 11:21:52,626.9,217859,20,628.84,126909,267351,-0.5315351051170206,0
2023-07-28 11:21:52,626.55,217859,7,628.84,126909,267351,-0.5870686235620858,0
2023-07-28 11:22:07,626.55,217896,1,628.84,126871,267528,-0.5870686235620858,0
2023-07-28 11:22:07,626.85,217896,1,628.84,126871,267528,-0.5394684648948794,0
2023-07-28 11:22:08,626.85,217897,1,628.84,128135,267405,-0.5394684648948794,0
2023-07-28 11:22:08,626.9,217897,8,628.84,128135,267405,-0.5315351051170206,0
2023-07-28 11:22:08,626.6,217897,33,628.84,128135,267405,-0.579135263784209,0
2023-07-28 11:22:21,626.6,217940,33,628.84,127822,267335,-0.579135263784209,0
2023-07-28 11:22:21,626.6,217940,33,628.84,128033,267234,-0.579135263784209,0
2023-07-28 11:22:21,626.6,217940,33,628.84,128081,267361,-0.579135263784209,0
2023-07-28 11:22:21,626.9,217940,5,628.84,128081,267361,-0.5315351051170206,0
2023-07-28 11:22:33,626.9,217955,5,628.84,128098,267161,-0.5315351051170206,0
2023-07-28 11:22:33,626.6,217955,77,628.84,128098,267161,-0.579135263784209,0
2023-07-28 11:22:39,626.6,218080,77,628.83,128241,267027,-0.579135263784209,0
2023-07-28 11:22:39,626.95,218080,1,628.83,128241,267027,-0.5236017453391439,0
2023-07-28 11:22:39,627.0,218080,10,628.83,128241,267027,-0.5156683855612852,0
2023-07-28 11:22:43,627.0,218096,10,628.83,128576,267009,-0.5156683855612852,0
2023-07-28 11:22:43,627.0,218096,10,628.83,128349,267009,-0.5156683855612852,0
2023-07-28 11:22:43,627.0,218096,10,628.83,128347,267206,-0.5156683855612852,0
2023-07-28 11:22:43,626.65,218096,10,628.83,128347,267206,-0.5712019040063503,0
2023-07-28 11:22:57,626.65,218119,15,628.83,128311,267309,-0.5712019040063503,0
2023-07-28 11:22:58,626.65,218134,15,628.83,128589,267457,-0.5712019040063503,0
2023-07-28 11:22:58,626.95,218134,13,628.83,128589,267457,-0.5236017453391439,0
2023-07-28 11:23:09,626.95,218148,13,628.83,128921,267333,-0.5236017453391439,0
2023-07-28 11:23:13,627.0,218348,57,628.83,128325,267477,-0.5156683855612852,0
2023-07-28 11:23:13,627.1,218348,2,628.83,128325,267477,-0.49980166600554976,0
2023-07-28 11:23:16,627.1,218350,2,628.83,128249,267656,-0.49980166600554976,0
2023-07-28 11:23:16,627.0,218350,15,628.83,128249,267656,-0.5156683855612852,0
2023-07-28 11:23:16,627.0,218350,2,628.83,128249,267656,-0.5156683855612852,0
2023-07-28 11:23:20,627.0,218367,2,628.83,128248,267998,-0.5156683855612852,0
2023-07-28 11:23:20,627.0,218367,13,628.83,128248,267998,-0.5156683855612852,0
2023-07-28 11:23:24,627.0,218400,13,628.83,127987,267684,-0.5156683855612852,0
2023-07-28 11:23:24,627.0,218400,13,628.83,127987,267684,-0.5156683855612852,0
2023-07-28 11:23:24,627.1,218400,3,628.83,127987,267684,-0.49980166600554976,0
2023-07-28 11:23:32,626.7,218403,30,628.83,127992,267681,-0.5632685442284735,0
2023-07-28 11:23:32,626.7,218403,25,628.83,127992,267681,-0.5632685442284735,0
2023-07-28 11:23:32,626.6,218403,92,628.83,127992,267681,-0.579135263784209,0
2023-07-28 11:23:36,626.6,218558,92,628.83,127845,267419,-0.579135263784209,0
2023-07-28 11:23:36,626.6,218558,92,628.83,127902,267419,-0.579135263784209,0
2023-07-28 11:23:36,626.6,218558,92,628.83,128371,267419,-0.579135263784209,0
2023-07-28 11:23:36,626.6,218558,92,628.83,128603,267419,-0.579135263784209,0
2023-07-28 11:23:36,627.1,218558,1,628.83,128603,267419,-0.49980166600554976,0
2023-07-28 11:23:52,627.1,218559,1,628.83,128108,267948,-0.49980166600554976,0
2023-07-28 11:23:52,627.1,218559,1,628.83,128168,267503,-0.49980166600554976,0
2023-07-28 11:23:52,627.1,218559,1,628.83,128684,267502,-0.49980166600554976,0
2023-07-28 11:23:52,627.0,218559,9,628.83,128684,267502,-0.5156683855612852,0
2023-07-28 11:24:04,627.0,218568,9,628.83,129147,267437,-0.5156683855612852,0
2023-07-28 11:24:04,626.6,218568,8,628.83,129147,267437,-0.579135263784209,0
2023-07-28 11:24:04,627.1,218568,22,628.83,129147,267437,-0.49980166600554976,0
2023-07-28 11:24:11,627.1,218762,22,628.83,128137,267333,-0.49980166600554976,0
2023-07-28 11:24:11,627.1,218762,22,628.83,128394,267420,-0.49980166600554976,0
2023-07-28 11:24:11,627.05,218762,1,628.83,128394,267420,-0.5077350257834264,0
2023-07-28 11:24:11,626.7,218762,20,628.83,128394,267420,-0.5632685442284735,0
2023-07-28 11:24:11,626.7,218762,36,628.83,128394,267420,-0.5632685442284735,0
2023-07-28 11:24:19,626.7,218819,36,628.83,128443,267379,-0.5632685442284735,0
2023-07-28 11:24:19,626.7,218819,36,628.83,128238,266379,-0.5632685442284735,0
2023-07-28 11:24:19,627.05,218819,20,628.83,128238,266379,-0.5077350257834264,0
2023-07-28 11:24:19,627.05,218819,1,628.83,128238,266379,-0.5077350257834264,0
2023-07-28 11:24:26,627.05,218840,1,628.83,128257,268067,-0.5077350257834264,0
2023-07-28 11:24:26,627.05,218840,1,628.83,128344,268067,-0.5077350257834264,0
2023-07-28 11:24:26,626.65,218840,72,628.83,128344,268067,-0.5712019040063503,0
2023-07-28 11:24:34,627.0,218912,1,628.83,128244,268383,-0.5156683855612852,0
2023-07-28 11:24:34,627.0,218912,2,628.83,128244,268383,-0.5156683855612852,0
2023-07-28 11:24:39,627.0,218931,16,628.83,128261,268299,-0.5156683855612852,0
2023-07-28 11:24:39,627.0,218931,16,628.83,128309,268301,-0.5156683855612852,0
2023-07-28 11:24:39,626.8,218931,6,628.83,128309,268301,-0.5474018246727561,0
2023-07-28 11:24:48,627.0,218952,1,628.83,128495,268623,-0.5156683855612852,0
2023-07-28 11:24:48,627.0,218952,1,628.83,128495,268623,-0.5156683855612852,0
2023-07-28 11:24:48,627.0,218952,10,628.83,128495,268623,-0.5156683855612852,0
2023-07-28 11:24:49,627.0,218962,1,628.83,128923,268026,-0.5156683855612852,0
2023-07-28 11:24:49,627.0,218962,19,628.83,128923,268026,-0.5156683855612852,0
2023-07-28 11:24:55,627.0,219034,19,628.83,128443,268216,-0.5156683855612852,0
2023-07-28 11:24:55,626.8,219034,14,628.83,128443,268216,-0.5474018246727561,0
2023-07-28 11:24:55,627.0,219034,1,628.83,128443,268216,-0.5156683855612852,0
2023-07-28 11:25:00,627.0,219060,10,628.83,128515,268307,-0.5156683855612852,0
2023-07-28 11:25:00,627.05,219060,9,628.83,128515,268307,-0.5077350257834264,0
2023-07-28 11:25:00,627.1,219060,5,628.83,128515,268307,-0.49980166600554976,0
2023-07-28 11:25:04,627.1,219075,5,628.83,129090,267690,-0.49980166600554976,0
2023-07-28 11:25:04,627.1,219075,47,628.83,128645,267642,-0.49980166600554976,0
2023-07-28 11:25:10,627.1,219125,47,628.83,128720,267558,-0.49980166600554976,0
2023-07-28 11:25:10,627.1,219125,47,628.83,127998,267568,-0.49980166600554976,0
2023-07-28 11:25:10,627.1,219125,47,628.83,127830,267769,-0.49980166600554976,0
2023-07-28 11:25:10,627.1,219125,6,628.83,127830,267769,-0.49980166600554976,0
2023-07-28 11:25:26,627.0,219166,9,628.83,127804,267542,-0.5156683855612852,0
2023-07-28 11:25:26,627.05,219166,27,628.83,127804,267542,-0.5077350257834264,0
2023-07-28 11:25:26,627.1,219166,8,628.83,127804,267542,-0.49980166600554976,0
2023-07-28 11:25:30,627.1,219218,8,628.82,127932,267559,-0.49980166600554976,0
2023-07-28 11:25:30,627.1,219218,10,628.82,127932,267559,-0.49980166600554976,0
2023-07-28 11:25:33,627.1,219238,10,628.82,127712,267728,-0.49980166600554976,0
2023-07-28 11:25:33,627.1,219238,5,628.82,127712,267728,-0.49980166600554976,0
2023-07-28 11:25:33,627.1,219238,10,628.82,127712,267728,-0.49980166600554976,0
2023-07-28 11:25:36,627.1,219253,10,628.82,128354,267506,-0.49980166600554976,0
2023-07-28 11:25:36,627.0,219253,27,628.82,128354,267506,-0.5156683855612852,0
2023-07-28 11:25:41,627.0,219283,27,628.82,128243,267565,-0.5156683855612852,0
2023-07-28 11:25:41,627.1,219283,10,628.82,128243,267565,-0.49980166600554976,0
2023-07-28 11:25:48,626.65,219524,8,628.82,127628,268103,-0.5712019040063503,0
2023-07-28 11:25:48,626.65,219524,8,628.82,127842,267912,-0.5712019040063503,0
2023-07-28 11:25:48,626.65,219524,8,628.82,127855,267912,-0.5712019040063503,0
2023-07-28 11:25:48,626.75,219524,10,628.82,127855,267912,-0.5553351844506148,0
2023-07-28 11:26:04,626.75,219575,15,628.82,127956,268690,-0.5553351844506148,0
2023-07-28 11:26:04,627.1,219575,25,628.82,127956,268690,-0.49980166600554976,0
2023-07-28 11:26:04,626.75,219575,30,628.82,127956,268690,-0.5553351844506148,0
2023-07-28 11:26:06,626.75,219630,30,628.82,127961,267825,-0.5553351844506148,0
2023-07-28 11:26:06,626.75,219630,30,628.82,127958,268893,-0.5553351844506148,0
2023-07-28 11:26:06,626.75,219630,30,628.82,128027,267909,-0.5553351844506148,0
2023-07-28 11:26:06,626.75,219630,30,628.82,128254,267909,-0.5553351844506148,0
2023-07-28 11:26:06,627.1,219630,2,628.82,128254,267909,-0.49980166600554976,0
2023-07-28 11:26:06,627.2,219630,83,628.82,128254,267909,-0.4839349464498143,0
2023-07-28 11:26:23,627.2,219854,83,628.82,128562,267634,-0.4839349464498143,0
2023-07-28 11:26:23,626.8,219854,1,628.82,128102,267892,-0.5474018246727561,0
2023-07-28 11:26:23,626.8,219854,15,628.82,128102,267892,-0.5474018246727561,0
2023-07-28 11:26:23,627.1,219854,2,628.82,128102,267892,-0.49980166600554976,0
2023-07-28 11:26:33,627.1,219873,1,628.82,127882,267805,-0.49980166600554976,0
2023-07-28 11:26:33,627.1,219873,1,628.82,127883,267870,-0.49980166600554976,0
2023-07-28 11:26:33,626.75,219873,49,628.82,127883,267870,-0.5553351844506148,0
2023-07-28 11:26:38,626.75,219922,49,628.82,127847,267876,-0.5553351844506148,0
2023-07-28 11:26:38,626.75,219922,49,628.82,127835,268122,-0.5553351844506148,0
2023-07-28 11:26:38,626.75,219922,5,628.82,127835,268122,-0.5553351844506148,0
2023-07-28 11:26:38,626.75,219922,5,628.82,127835,268122,-0.5553351844506148,0
2023-07-28 11:26:49,626.75,219932,5,628.82,127871,267788,-0.5553351844506148,0
2023-07-28 11:26:49,627.1,219932,41,628.82,128544,267830,-0.49980166600554976,0
2023-07-28 11:26:49,626.8,219932,3,628.82,128544,267830,-0.5474018246727561,0
2023-07-28 11:26:56,626.8,219977,3,628.82,127952,267530,-0.5474018246727561,0
2023-07-28 11:26:56,626.8,219977,3,628.82,128198,267543,-0.5474018246727561,0
2023-07-28 11:26:56,626.8,219977,13,628.82,128198,267543,-0.5474018246727561,0
2023-07-28 11:27:06,626.8,220036,5,628.82,127885,267819,-0.5474018246727561,0
2023-07-28 11:27:06,626.45,220036,4,628.82,127885,267819,-0.6029353431178032,0
2023-07-28 11:27:13,626.45,220866,4,628.81,127508,268156,-0.6029353431178032,0
2023-07-28 11:27:13,626.45,220866,4,628.81,127511,269156,-0.6029353431178032,0
2023-07-28 11:27:13,626.65,220866,20,628.81,127511,269156,-0.5712019040063503,0
2023-07-28 11:27:22,626.65,220886,20,628.81,127572,269190,-0.5712019040063503,0
2023-07-28 11:27:22,626.65,220886,1,628.81,127572,269190,-0.5712019040063503,0
2023-07-28 11:27:22,626.8,220886,15,628.81,127572,269190,-0.5474018246727561,0
2023-07-28 11:27:26,626.8,220902,15,628.81,127584,268932,-0.5474018246727561,0
2023-07-28 11:27:26,627.05,220902,15,628.81,127584,268932,-0.5077350257834264,0
2023-07-28 11:27:31,627.05,221222,15,628.81,130699,268491,-0.5077350257834264,0
2023-07-28 11:27:31,627.0,221222,5,628.81,130699,268491,-0.5156683855612852,0
2023-07-28 11:27:31,627.0,221222,201,628.81,130699,268491,-0.5156683855612852,0
2023-07-28 11:27:34,627.0,221428,201,628.8,130369,268079,-0.5156683855612852,0
2023-07-28 11:27:34,627.2,221428,3,628.8,130369,268079,-0.4839349464498143,0
2023-07-28 11:27:39,627.2,221436,3,628.8,131160,268189,-0.4839349464498143,0
2023-07-28 11:27:39,627.2,221436,3,628.8,131239,268190,-0.4839349464498143,0
2023-07-28 11:27:39,627.2,221436,3,628.8,131237,268157,-0.4839349464498143,0
2023-07-28 11:27:39,627.2,221436,3,628.8,131237,268157,-0.4839349464498143,0
2023-07-28 11:27:39,627.25,221436,1,628.8,131237,268157,-0.4760015866719556,0
2023-07-28 11:28:01,627.25,221630,1,628.8,131283,267872,-0.4760015866719556,0
2023-07-28 11:28:01,627.25,221630,2,628.8,131283,267872,-0.4760015866719556,0
2023-07-28 11:28:08,627.25,221642,2,628.8,131407,267649,-0.4760015866719556,0
2023-07-28 11:28:14,627.3,221682,40,628.8,131434,267631,-0.4680682268940969,0
2023-07-28 11:28:14,627.3,221682,40,628.8,131378,268624,-0.4680682268940969,0
2023-07-28 11:28:14,627.3,221682,40,628.8,131583,268838,-0.4680682268940969,0
2023-07-28 11:28:14,627.3,221682,10,628.8,131583,268838,-0.4680682268940969,0
2023-07-28 11:28:14,627.35,221682,5,628.8,131583,268838,-0.4601348671162201,0
2023-07-28 11:28:14,627.25,221682,10,628.8,131583,268838,-0.4760015866719556,0
2023-07-28 11:28:26,627.25,221733,10,628.8,131373,268847,-0.4760015866719556,0
2023-07-28 11:28:26,627.2,221733,2,628.8,131373,268847,-0.4839349464498143,0
2023-07-28 11:28:30,627.2,221735,2,628.8,131197,269308,-0.4839349464498143,0
2023-07-28 11:28:30,627.05,221735,8,628.8,131197,269308,-0.5077350257834264,0
2023-07-28 11:28:30,627.05,221735,20,628.8,131197,269308,-0.5077350257834264,0
2023-07-28 11:28:37,627.05,221792,15,628.8,131169,269453,-0.5077350257834264,0
2023-07-28 11:28:37,627.05,221792,1,628.8,131169,269453,-0.5077350257834264,0
2023-07-28 11:28:40,627.05,221793,1,628.8,131480,268964,-0.5077350257834264,0
2023-07-28 11:28:40,627.2,221793,15,628.8,131480,268964,-0.4839349464498143,0
2023-07-28 11:28:40,627.35,221793,1,628.8,131480,268964,-0.4601348671162201,0
2023-07-28 11:28:43,627.05,221809,15,628.8,131254,269051,-0.5077350257834264,0
2023-07-28 11:28:43,627.1,221809,8,628.8,131254,269051,-0.49980166600554976,0
2023-07-28 11:28:46,627.1,221832,8,628.8,131705,268769,-0.49980166600554976,0
2023-07-28 11:28:46,627.1,221832,2,628.8,131705,268769,-0.49980166600554976,0
2023-07-28 11:28:46,627.1,221832,15,628.8,131705,268769,-0.49980166600554976,0
2023-07-28 11:28:53,627.1,221854,5,628.8,131244,269366,-0.49980166600554976,0
2023-07-28 11:28:53,627.4,221854,12,628.8,131244,269366,-0.4522015073383614,0
2023-07-28 11:28:53,627.45,221854,2,628.8,131244,269366,-0.44426814756048466,0
2023-07-28 11:28:53,627.1,221854,15,628.8,131244,269366,-0.49980166600554976,0
2023-07-28 11:28:56,627.1,222317,15,628.8,130896,268453,-0.49980166600554976,0
2023-07-28 11:28:56,627.1,222317,15,628.8,131138,268474,-0.49980166600554976,0
2023-07-28 11:28:56,627.1,222317,15,628.8,130897,268479,-0.49980166600554976,0
2023-07-28 11:28:56,627.1,222317,10,628.8,130897,268479,-0.49980166600554976,0
2023-07-28 11:29:10,627.1,222327,10,628.8,130631,269341,-0.49980166600554976,0
2023-07-28 11:29:10,627.1,222327,10,628.8,130651,268853,-0.49980166600554976,0
2023-07-28 11:29:10,627.1,222327,10,628.8,130650,268853,-0.49980166600554976,0
2023-07-28 11:29:10,627.1,222327,10,628.8,130762,269236,-0.49980166600554976,0
2023-07-28 11:29:10,627.1,222327,10,628.8,130763,268789,-0.49980166600554976,0
2023-07-28 11:29:10,627.1,222327,10,628.8,130772,268793,-0.49980166600554976,0
2023-07-28 11:29:10,627.1,222327,10,628.8,131032,268803,-0.49980166600554976,0
2023-07-28 11:29:10,627.1,222327,10,628.8,130773,269039,-0.49980166600554976,0
2023-07-28 11:29:10,627.1,222327,10,628.8,130773,268831,-0.49980166600554976,0
2023-07-28 11:29:10,627.1,222327,25,628.8,130773,268831,-0.49980166600554976,0
2023-07-28 11:29:48,627.1,222352,25,628.8,130787,268909,-0.49980166600554976,0
2023-07-28 11:29:48,627.4,222352,8,628.8,130787,268909,-0.4522015073383614,0
2023-07-28 11:29:52,627.1,222360,1,628.8,130782,268836,-0.49980166600554976,0
2023-07-28 11:29:54,627.5,222361,661,628.8,130781,269103,-0.43633478778262597,0
2023-07-28 11:29:54,627.5,222361,8,628.8,130781,269103,-0.43633478778262597,0
2023-07-28 11:30:01,627.5,223988,8,628.79,129621,268915,-0.43633478778262597,0
2023-07-28 11:30:06,627.5,223991,3,628.79,129235,268766,-0.43633478778262597,0
2023-07-28 11:30:06,627.45,223991,2,628.79,129235,268766,-0.44426814756048466,0
2023-07-28 11:30:11,626.3,239882,2,628.6,119889,270040,-0.6267354224514153,0
2023-07-28 11:30:11,625.85,239882,7,628.6,119889,270040,-0.6981356604521979,0
2023-07-28 11:30:11,625.8,239882,3,628.6,119889,270040,-0.7060690202300747,0
2023-07-28 11:30:11,626.0,239882,10,628.6,119889,270040,-0.6743355811186037,0
2023-07-28 11:30:14,626.0,240530,10,628.59,120645,271781,-0.6743355811186037,0
2023-07-28 11:30:19,625.5,240534,4,628.59,121065,271516,-0.753669178897263,0
2023-07-28 11:30:19,625.5,240534,1,628.59,121065,271516,-0.753669178897263,0
2023-07-28 11:30:21,625.5,240559,1,628.59,121014,272275,-0.753669178897263,0
2023-07-28 11:30:21,625.5,240559,35,628.59,121014,272275,-0.753669178897263,0
2023-07-28 11:30:21,626.15,240559,12,628.59,121014,272275,-0.6505355017850095,0
2023-07-28 11:30:21,626.1,240559,1,628.59,121014,272275,-0.6584688615628683,0
2023-07-28 11:30:28,626.1,246810,1,628.54,122934,269556,-0.6584688615628683,0
2023-07-28 11:30:28,626.1,246810,154,628.54,122934,269556,-0.6584688615628683,0
2023-07-28 11:30:30,626.1,247010,154,628.54,123208,269843,-0.6584688615628683,0
2023-07-28 11:30:30,626.1,247010,154,628.54,123212,270100,-0.6584688615628683,0
2023-07-28 11:30:30,626.5,247010,2,628.54,123212,270100,-0.5950019833399445,0
2023-07-28 11:30:37,626.1,247012,1,628.54,123272,269963,-0.6584688615628683,0
2023-07-28 11:30:37,626.5,247012,10,628.54,123272,269963,-0.5950019833399445,0
2023-07-28 11:30:37,626.1,247012,10,628.54,123272,269963,-0.6584688615628683,0
2023-07-28 11:30:43,626.1,247034,15,628.54,123570,270014,-0.6584688615628683,0
2023-07-28 11:30:43,626.5,247034,1,628.54,123570,270014,-0.5950019833399445,0
2023-07-28 11:30:48,626.5,247050,1,628.54,124143,269957,-0.5950019833399445,0
2023-07-28 11:30:48,626.1,247050,3,628.54,124143,269957,-0.6584688615628683,0
2023-07-28 11:30:52,626.1,247080,3,628.54,124234,269603,-0.6584688615628683,0
2023-07-28 11:30:52,626.05,247080,68,628.54,124234,269603,-0.666402221340745,0
2023-07-28 11:30:55,626.05,247148,68,628.54,123563,270810,-0.666402221340745,0
2023-07-28 11:30:55,626.05,247148,68,628.54,123344,271329,-0.666402221340745,0
2023-07-28 11:30:55,626.05,247148,68,628.54,123755,270733,-0.666402221340745,0
2023-07-28 11:30:55,626.2,247148,15,628.54,123755,270733,-0.6426021420071328,0
2023-07-28 11:31:05,626.2,247163,15,628.54,123994,270733,-0.6426021420071328,0
2023-07-28 11:31:05,626.2,247163,15,628.54,123537,270733,-0.6426021420071328,0
2023-07-28 11:31:05,626.2,247163,15,628.54,123637,270733,-0.6426021420071328,0
2023-07-28 11:31:05,626.5,247163,1,628.54,123637,270733,-0.5950019833399445,0
2023-07-28 11:31:11,626.6,247213,15,628.54,124039,270614,-0.579135263784209,0
2023-07-28 11:31:12,626.6,247228,15,628.54,124091,270874,-0.579135263784209,0
2023-07-28 11:31:12,626.6,247228,15,628.54,124112,270577,-0.579135263784209,0
2023-07-28 11:31:12,626.6,247228,15,628.54,124112,270309,-0.579135263784209,0
2023-07-28 11:31:15,626.55,247229,1,628.54,124060,268844,-0.5870686235620858,0
2023-07-28 11:31:15,626.55,247229,1,628.54,124061,268805,-0.5870686235620858,0
2023-07-28 11:31:15,626.55,247229,1,628.54,124061,269057,-0.5870686235620858,0
2023-07-28 11:31:15,626.55,247229,1,628.54,124061,268359,-0.5870686235620858,0
2023-07-28 11:31:15,626.55,247229,1,628.54,124061,268578,-0.5870686235620858,0
2023-07-28 11:31:15,626.55,247229,1,628.54,124061,268838,-0.5870686235620858,0
2023-07-28 11:31:15,626.55,247229,1,628.54,124133,268362,-0.5870686235620858,0
2023-07-28 11:31:24,626.55,247259,30,628.54,124232,268381,-0.5870686235620858,0
2023-07-28 11:31:24,626.55,247259,30,628.54,124311,268381,-0.5870686235620858,0
2023-07-28 11:31:24,626.55,247259,30,628.54,124312,268381,-0.5870686235620858,0
2023-07-28 11:31:24,626.55,247259,30,628.54,124313,268605,-0.5870686235620858,0
2023-07-28 11:31:29,626.3,247274,14,628.54,124212,268707,-0.6267354224514153,0
2023-07-28 11:31:30,626.3,247282,8,628.54,124113,268652,-0.6267354224514153,0
2023-07-28 11:31:31,626.55,247287,5,628.54,124199,268658,-0.5870686235620858,0
2023-07-28 11:31:31,626.25,247337,41,628.54,124326,268709,-0.6346687822292741,0
2023-07-28 11:31:31,626.2,247337,7,628.54,124326,268709,-0.6426021420071328,0
2023-07-28 11:31:33,626.2,247352,7,628.54,124774,268702,-0.6426021420071328,0
2023-07-28 11:31:33,626.2,247352,7,628.54,125174,268955,-0.6426021420071328,0
2023-07-28 11:31:33,626.2,247352,7,628.54,125029,268980,-0.6426021420071328,0
2023-07-28 11:31:33,626.2,247352,7,628.54,125297,268938,-0.6426021420071328,0
2023-07-28 11:31:38,626.55,247362,10,628.54,125295,268920,-0.5870686235620858,0
2023-07-28 11:31:38,626.55,247362,10,628.54,124366,268903,-0.5870686235620858,0
2023-07-28 11:31:38,626.55,247362,10,628.54,124364,269122,-0.5870686235620858,0
2023-07-28 11:31:41,626.2,247377,9,628.54,124284,268897,-0.6426021420071328,0
2023-07-28 11:31:41,626.55,247377,6,628.54,124351,268897,-0.5870686235620858,0
2023-07-28 11:31:42,626.55,247387,6,628.54,124421,268980,-0.5870686235620858,0
2023-07-28 11:31:44,625.95,248387,323,628.53,124070,269385,-0.6822689408964624,0
2023-07-28 11:31:44,625.95,248387,323,628.53,124214,269385,-0.6822689408964624,0
2023-07-28 11:31:44,625.95,248387,323,628.53,124388,269182,-0.6822689408964624,0
2023-07-28 11:31:44,626.55,248387,50,628.53,124388,269182,-0.5870686235620858,0
2023-07-28 11:31:47,626.55,248437,50,628.53,124559,268887,-0.5870686235620858,0
2023-07-28 11:31:47,626.55,248437,50,628.53,124146,268932,-0.5870686235620858,0
2023-07-28 11:31:47,626.55,248437,50,628.53,124146,269404,-0.5870686235620858,0
2023-07-28 11:31:47,626.55,248437,50,628.53,124184,269635,-0.5870686235620858,0
2023-07-28 11:31:47,626.25,248437,2,628.53,124184,269635,-0.6346687822292741,0
2023-07-28 11:31:50,626.25,248439,2,628.53,124184,268905,-0.6346687822292741,0
2023-07-28 11:31:50,626.25,248439,2,628.53,124184,269140,-0.6346687822292741,0
2023-07-28 11:31:50,626.2,248439,1,628.53,124184,269140,-0.6426021420071328,0
2023-07-28 11:31:53,626.2,248454,1,628.52,124353,269405,-0.6426021420071328,0
2023-07-28 11:31:54,626.65,248744,122,628.52,125108,268952,-0.5712019040063503,0
2023-07-28 11:31:54,626.65,248744,122,628.52,125109,269032,-0.5712019040063503,0
2023-07-28 11:31:54,626.65,248744,122,628.52,124373,269371,-0.5712019040063503,0
2023-07-28 11:31:54,626.65,248744,122,628.52,124234,269816,-0.5712019040063503,0
2023-07-28 11:31:54,626.65,248744,122,628.52,124234,269068,-0.5712019040063503,0
2023-07-28 11:31:54,626.65,248744,122,628.52,124876,269187,-0.5712019040063503,0
2023-07-28 11:31:54,626.65,248744,122,628.52,124432,269187,-0.5712019040063503,0
2023-07-28 11:31:54,626.65,248744,122,628.52,124429,269429,-0.5712019040063503,0
2023-07-28 11:31:54,627.15,248744,11,628.52,124429,269429,-0.491868306227691,0
2023-07-28 11:32:02,627.15,265424,11,628.47,123532,264337,-0.491868306227691,0
2023-07-28 11:32:02,627.15,265424,11,628.47,123519,264313,-0.491868306227691,0
2023-07-28 11:32:03,626.7,265439,15,628.47,123627,264486,-0.5632685442284735,0
2023-07-28 11:32:03,626.7,265439,15,628.47,124112,264638,-0.5632685442284735,0
2023-07-28 11:32:03,626.7,265439,15,628.47,123750,264812,-0.5632685442284735,0
2023-07-28 11:32:03,626.7,265439,15,628.47,123750,264957,-0.5632685442284735,0
2023-07-28 11:32:03,626.7,265439,15,628.47,124005,265207,-0.5632685442284735,0
2023-07-28 11:32:03,626.7,265439,15,628.47,124255,265327,-0.5632685442284735,0
2023-07-28 11:32:03,626.55,265439,1,628.47,124255,265327,-0.5870686235620858,0
2023-07-28 11:32:17,626.95,265441,1,628.47,125139,265468,-0.5236017453391439,0
2023-07-28 11:32:17,627.0,265441,9,628.47,125139,265468,-0.5156683855612852,0
2023-07-28 11:32:22,627.05,265529,17,628.47,124171,265569,-0.5077350257834264,0
2023-07-28 11:32:22,626.7,265529,14,628.47,124171,265569,-0.5632685442284735,0
2023-07-28 11:32:22,626.6,265529,2,628.47,124171,265569,-0.579135263784209,0
2023-07-28 11:32:22,626.95,265529,4,628.47,124171,265569,-0.5236017453391439,0
2023-07-28 11:32:25,626.95,265593,4,628.47,124438,265673,-0.5236017453391439,0
2023-07-28 11:32:25,626.65,265593,1,628.47,124438,265673,-0.5712019040063503,0
2023-07-28 11:32:25,626.6,265593,3,628.47,124438,265673,-0.579135263784209,0
2023-07-28 11:32:30,626.55,265626,31,628.47,124492,265700,-0.5870686235620858,0
2023-07-28 11:32:30,626.35,265626,1,628.47,124492,265700,-0.6188020626735387,0
2023-07-28 11:32:33,626.35,265828,1,628.47,123788,265744,-0.6188020626735387,0
2023-07-28 11:32:33,626.7,265828,2,628.47,123788,265744,-0.5632685442284735,0
2023-07-28 11:32:41,626.7,265845,2,628.47,123832,266420,-0.5632685442284735,0
2023-07-28 11:32:41,626.7,265845,2,628.47,124084,265937,-0.5632685442284735,0
2023-07-28 11:32:41,626.55,265845,1,628.47,124084,265937,-0.5870686235620858,0
2023-07-28 11:32:49,626.55,266146,1,628.47,123931,265628,-0.5870686235620858,0
2023-07-28 11:32:49,626.55,266146,1,628.47,124240,265678,-0.5870686235620858,0
2023-07-28 11:32:49,626.55,266146,1,628.47,124240,265674,-0.5870686235620858,0
2023-07-28 11:32:49,626.55,266146,1,628.47,125413,265840,-0.5870686235620858,0
2023-07-28 11:32:49,627.0,266146,9,628.47,125413,265840,-0.5156683855612852,0
2023-07-28 11:32:49,627.0,266146,34,628.47,125413,265840,-0.5156683855612852,0
2023-07-28 11:33:04,626.6,266211,13,628.47,125667,265772,-0.579135263784209,0
2023-07-28 11:33:04,627.0,266211,2,628.47,125667,265772,-0.5156683855612852,0
2023-07-28 11:33:10,627.0,266226,2,628.47,125666,265797,-0.5156683855612852,0
2023-07-28 11:33:10,627.0,266226,2,628.47,125666,265797,-0.5156683855612852,0
2023-07-28 11:33:10,627.0,266226,6,628.47,125666,265797,-0.5156683855612852,0
2023-07-28 11:33:18,627.0,266243,6,628.47,125721,265780,-0.5156683855612852,0
2023-07-28 11:33:18,626.55,266243,1,628.47,125706,265786,-0.5870686235620858,0
2023-07-28 11:33:18,626.6,266243,21,628.47,125706,265786,-0.579135263784209,0
2023-07-28 11:33:23,626.6,266265,21,628.47,126643,265628,-0.579135263784209,0
2023-07-28 11:33:23,627.0,266265,20,628.47,126643,265628,-0.5156683855612852,0
2023-07-28 11:33:33,627.0,266285,20,628.47,125965,265874,-0.5156683855612852,0
2023-07-28 11:33:33,627.0,266285,10,628.47,125965,265874,-0.5156683855612852,0
2023-07-28 11:33:35,627.0,266295,10,628.47,126333,265733,-0.5156683855612852,0
2023-07-28 11:33:35,626.55,266295,2,628.47,126333,265733,-0.5870686235620858,0
2023-07-28 11:33:42,626.7,266421,1,628.47,135351,265699,-0.5632685442284735,0
2023-07-28 11:33:42,626.7,266421,1,628.47,135522,266496,-0.5632685442284735,0
2023-07-28 11:33:42,626.7,266421,1,628.47,135626,266004,-0.5632685442284735,0
2023-07-28 11:33:42,626.65,266421,5,628.47,135626,266004,-0.5712019040063503,0
2023-07-28 11:33:53,626.65,266526,5,628.47,135499,266192,-0.5712019040063503,0
2023-07-28 11:33:53,626.7,266526,8,628.47,135499,266192,-0.5632685442284735,0
2023-07-28 11:33:58,626.7,266534,8,628.47,136578,265914,-0.5632685442284735,0
2023-07-28 11:33:58,626.7,266534,1,628.47,136578,265914,-0.5632685442284735,0
2023-07-28 11:33:58,626.7,266534,20,628.47,136578,265914,-0.5632685442284735,0
2023-07-28 11:34:01,626.7,266555,20,628.47,135576,265967,-0.5632685442284735,0
2023-07-28 11:34:01,626.7,266555,20,628.47,136576,265970,-0.5632685442284735,0
2023-07-28 11:34:01,626.7,266555,20,628.47,136826,265928,-0.5632685442284735,0
2023-07-28 11:34:01,626.7,266555,20,628.47,136436,265880,-0.5632685442284735,0
2023-07-28 11:34:01,626.7,266555,20,628.47,136416,265880,-0.5632685442284735,0
2023-07-28 11:34:01,626.7,266555,20,628.47,136958,265880,-0.5632685442284735,0
2023-07-28 11:34:01,626.7,266555,20,628.47,137210,265871,-0.5632685442284735,0
2023-07-28 11:34:01,626.7,266555,10,628.47,137210,265871,-0.5632685442284735,0
2023-07-28 11:34:26,626.7,266565,10,628.47,137589,265878,-0.5632685442284735,0
2023-07-28 11:34:26,626.7,266565,10,628.47,137442,265879,-0.5632685442284735,0
2023-07-28 11:34:26,626.7,266565,10,628.47,138967,265831,-0.5632685442284735,0
2023-07-28 11:34:26,627.0,266565,15,628.47,138967,265831,-0.5156683855612852,0
2023-07-28 11:34:36,627.0,266580,15,628.47,138498,267128,-0.5156683855612852,0
2023-07-28 11:34:36,627.0,266580,15,628.47,138791,267126,-0.5156683855612852,0
2023-07-28 11:34:36,627.0,266580,15,628.47,138794,267187,-0.5156683855612852,0
2023-07-28 11:34:36,627.0,266580,5,628.47,138794,267187,-0.5156683855612852,0
2023-07-28 11:34:50,627.0,266585,5,628.47,138570,267182,-0.5156683855612852,0
2023-07-28 11:34:55,626.7,266609,3,628.47,138566,267178,-0.5632685442284735,0
2023-07-28 11:34:55,626.7,266609,3,628.47,139865,267179,-0.5632685442284735,0
2023-07-28 11:34:55,626.7,266609,3,628.47,138683,268117,-0.5632685442284735,0
2023-07-28 11:34:55,626.7,266609,15,628.47,138683,268117,-0.5632685442284735,0
2023-07-28 11:35:06,627.0,266649,25,628.47,138549,268416,-0.5156683855612852,0
2023-07-28 11:35:06,626.7,266649,1,628.47,138549,268416,-0.5632685442284735,0
2023-07-28 11:35:08,626.7,266652,1,628.47,138568,269494,-0.5632685442284735,0
2023-07-28 11:35:08,626.7,266652,1,628.47,138568,270718,-0.5632685442284735,0
2023-07-28 11:35:20,627.0,266677,6,628.47,138569,270117,-0.5156683855612852,0
2023-07-28 11:35:20,627.0,266677,6,628.47,138582,270032,-0.5156683855612852,0
2023-07-28 11:35:20,627.0,266677,6,628.47,138747,270054,-0.5156683855612852,0
2023-07-28 11:35:20,627.0,266677,6,628.47,138796,270054,-0.5156683855612852,0
2023-07-28 11:35:20,627.0,266677,1,628.47,138796,270054,-0.5156683855612852,0
2023-07-28 11:35:20,627.0,266677,1,628.47,138796,270054,-0.5156683855612852,0
2023-07-28 11:35:35,627.0,266689,1,628.47,139472,270046,-0.5156683855612852,0
2023-07-28 11:35:35,626.65,266689,98,628.47,139472,270046,-0.5712019040063503,0
2023-07-28 11:35:39,626.65,266889,98,628.46,139452,269838,-0.5712019040063503,0
2023-07-28 11:35:39,626.65,266889,98,628.46,138815,269838,-0.5712019040063503,0
2023-07-28 11:35:39,626.65,266889,98,628.46,139058,269838,-0.5712019040063503,0
2023-07-28 11:35:39,627.0,266889,16,628.46,139058,269838,-0.5156683855612852,0
2023-07-28 11:35:39,626.7,266889,1,628.46,139058,269838,-0.5632685442284735,0
2023-07-28 11:35:49,626.7,266906,1,628.46,138969,269975,-0.5632685442284735,0
2023-07-28 11:35:49,626.7,266906,8,628.46,138969,269975,-0.5632685442284735,0
2023-07-28 11:35:52,626.7,266914,8,628.46,139457,269965,-0.5632685442284735,0
2023-07-28 11:35:52,627.0,266914,5,628.46,139457,269965,-0.5156683855612852,0
2023-07-28 11:35:58,627.0,266919,5,628.46,138971,270185,-0.5156683855612852,0
2023-07-28 11:36:03,627.0,266939,20,628.46,139233,269947,-0.5156683855612852,0
2023-07-28 11:36:03,627.0,266939,20,628.46,140163,270235,-0.5156683855612852,0
2023-07-28 11:36:03,627.0,266939,3,628.46,140163,270235,-0.5156683855612852,0
2023-07-28 11:36:09,627.0,266942,3,628.46,138996,270273,-0.5156683855612852,0
