2023-07-28 10:49:27,2663.65,393195,9,2658.72,110529,142624,0.12968949703030874,0
2023-07-28 10:49:27,2663.65,393195,40,2658.72,110529,142624,0.12968949703030874,0
2023-07-28 10:49:32,2663.65,393235,40,2658.72,110142,142639,0.12968949703030874,0
2023-07-28 10:49:32,2663.65,393235,22,2658.72,110142,142639,0.12968949703030874,0
2023-07-28 10:49:32,2663.65,393235,5,2658.72,110142,142639,0.12968949703030874,0
2023-07-28 10:49:32,2663.65,393235,1,2658.72,110142,142639,0.12968949703030874,0
2023-07-28 10:49:36,2663.65,393263,1,2658.72,110190,142723,0.12968949703030874,0
2023-07-28 10:49:36,2663.65,393263,10,2658.72,110190,142723,0.12968949703030874,0
2023-07-28 10:49:36,2663.6,393263,24,2658.72,110190,142723,0.12780993910232655,0
2023-07-28 10:49:36,2663.6,393263,1,2658.72,110190,142723,0.12780993910232655,0
2023-07-28 10:49:41,2663.6,393378,1,2658.73,110118,143010,0.12780993910232655,0
2023-07-28 10:49:41,2663.35,393378,19,2658.73,110118,143010,0.11841214946244986,0
2023-07-28 10:49:41,2663.35,393378,1,2658.73,110118,143010,0.11841214946244986,0
2023-07-28 10:49:41,2663.0,393378,3,2658.73,110118,143010,0.1052552439666259,0
2023-07-28 10:49:46,2663.6,393472,2,2658.73,110180,142862,0.12780993910232655,0
2023-07-28 10:49:46,2663.6,393472,5,2658.73,110180,142862,0.12780993910232655,0
2023-07-28 10:49:46,2663.6,393472,1,2658.73,110180,142862,0.12780993910232655,0
2023-07-28 10:49:50,2663.6,393498,1,2658.73,110202,143003,0.12780993910232655,0
2023-07-28 10:49:50,2663.6,393498,8,2658.73,110202,143003,0.12780993910232655,0
2023-07-28 10:49:50,2663.6,393498,1,2658.73,110202,143003,0.12780993910232655,0
2023-07-28 10:49:50,2663.6,393498,2,2658.73,110202,143003,0.12780993910232655,0
2023-07-28 10:49:50,2663.6,393498,4,2658.73,110202,143003,0.12780993910232655,0
2023-07-28 10:49:55,2663.6,393576,2,2658.73,110231,142987,0.12780993910232655,0
2023-07-28 10:49:55,2663.65,393576,42,2658.73,110231,142987,0.12968949703030874,0
2023-07-28 10:49:55,2663.9,393576,22,2658.73,110231,142987,0.13908728667018544,0
2023-07-28 10:49:55,2663.95,393576,3,2658.73,110231,142987,0.14096684459815054,0
2023-07-28 10:49:55,2663.95,393576,21,2658.73,110231,142987,0.14096684459815054,0
2023-07-28 10:50:00,2663.8,393746,10,2658.73,110268,143385,0.13532817081423817,0
2023-07-28 10:50:00,2663.8,393746,5,2658.73,110268,143385,0.13532817081423817,0
2023-07-28 10:50:00,2663.8,393746,20,2658.73,110268,143385,0.13532817081423817,0
2023-07-28 10:50:00,2663.6,393746,10,2658.73,110268,143385,0.12780993910232655,0
2023-07-28 10:50:00,2663.2,393746,126,2658.73,110268,143385,0.11277347567852042,0
2023-07-28 10:50:03,2663.0,393981,10,2658.73,110269,143551,0.1052552439666259,0
2023-07-28 10:50:08,2663.2,394076,17,2658.73,110177,143231,0.11277347567852042,0
2023-07-28 10:50:08,2663.6,394076,1,2658.73,110177,143231,0.12780993910232655,0
2023-07-28 10:50:08,2663.6,394076,1,2658.73,110177,143231,0.12780993910232655,0
2023-07-28 10:50:08,2663.6,394076,1,2658.73,110177,143231,0.12780993910232655,0
2023-07-28 10:50:13,2663.2,394090,1,2658.73,108695,143287,0.11277347567852042,0
2023-07-28 10:50:13,2663.2,394090,1,2658.73,108695,143287,0.11277347567852042,0
2023-07-28 10:50:13,2663.6,394090,1,2658.73,108695,143287,0.12780993910232655,0
2023-07-28 10:50:13,2663.8,394090,5,2658.73,108695,143287,0.13532817081423817,0
2023-07-28 10:50:13,2663.6,394090,1,2658.73,108695,143287,0.12780993910232655,0
2023-07-28 10:50:17,2663.95,394175,12,2658.74,110187,143144,0.14096684459815054,0
2023-07-28 10:50:17,2663.95,394175,12,2658.74,110187,143144,0.14096684459815054,0
2023-07-28 10:50:17,2663.95,394175,2,2658.74,110187,143144,0.14096684459815054,0
2023-07-28 10:50:17,2663.95,394175,1,2658.74,110187,143144,0.14096684459815054,0
2023-07-28 10:50:17,2663.95,394175,2,2658.74,110187,143144,0.14096684459815054,0
2023-07-28 10:50:21,2663.95,394189,5,2658.74,110212,143027,0.14096684459815054,0
2023-07-28 10:50:21,2663.95,394189,1,2658.74,110212,143027,0.14096684459815054,0
2023-07-28 10:50:21,2663.95,394189,1,2658.74,110212,143027,0.14096684459815054,0
2023-07-28 10:50:21,2663.55,394189,8,2658.74,110212,143027,0.12593038117436148,0
2023-07-28 10:50:21,2663.55,394189,8,2658.74,110212,143027,0.12593038117436148,0
2023-07-28 10:50:21,2663.55,394189,8,2658.74,110212,143027,0.12593038117436148,0
2023-07-28 10:50:21,2663.95,394189,10,2658.74,110212,143027,0.14096684459815054,0
2023-07-28 10:50:21,2663.95,394189,10,2658.74,110212,143027,0.14096684459815054,0
2023-07-28 10:50:25,2663.95,394253,4,2658.74,110283,143148,0.14096684459815054,0
2023-07-28 10:50:25,2664.85,394253,52,2658.74,110283,143148,0.17479888730171006,0
2023-07-28 10:50:25,2663.95,394253,1,2658.74,110283,143148,0.14096684459815054,0
2023-07-28 10:50:25,2664.8,394253,2,2658.74,110283,143148,0.172919329373745,0
2023-07-28 10:50:25,2663.6,394253,13,2658.74,110283,143148,0.12780993910232655,0
2023-07-28 10:50:30,2664.9,395244,1,2658.75,109575,142846,0.17667844522969225,0
2023-07-28 10:50:30,2663.1,395244,17,2658.75,109575,142846,0.10901435982257315,0
2023-07-28 10:50:30,2664.7,395244,4,2658.75,109575,142846,0.16916021351778063,0
2023-07-28 10:50:30,2664.7,395244,16,2658.75,109575,142846,0.16916021351778063,0
2023-07-28 10:50:30,2664.9,395244,1,2658.75,109575,142846,0.17667844522969225,0
2023-07-28 10:50:30,2664.9,395244,5,2658.75,109575,142846,0.17667844522969225,0
2023-07-28 10:50:34,2663.45,395888,14,2658.76,110110,142904,0.12217126531839712,0
2023-07-28 10:50:34,2664.85,395888,1,2658.76,110110,142904,0.17479888730171006,0
2023-07-28 10:50:34,2664.7,395888,10,2658.76,110110,142904,0.16916021351778063,0
2023-07-28 10:50:34,2664.95,395888,2,2658.76,110110,142904,0.17855800315765732,0
2023-07-28 10:50:39,2664.95,395979,2,2658.76,110049,141520,0.17855800315765732,0
2023-07-28 10:50:39,2664.1,395979,73,2658.76,110049,141520,0.14660551838207997,0
2023-07-28 10:50:39,2664.9,395979,1,2658.76,110049,141520,0.17667844522969225,0
2023-07-28 10:50:39,2664.1,395979,1,2658.76,110049,141520,0.14660551838207997,0
2023-07-28 10:50:45,2664.8,396079,25,2658.76,110130,142812,0.172919329373745,0
2023-07-28 10:50:45,2663.95,396079,72,2658.76,110130,142812,0.14096684459815054,0
2023-07-28 10:50:45,2664.8,396079,4,2658.76,110130,142812,0.172919329373745,0
2023-07-28 10:50:45,2664.8,396079,1,2658.76,110130,142812,0.172919329373745,0
2023-07-28 10:50:45,2664.1,396079,1,2658.76,110130,142812,0.14660551838207997,0
2023-07-28 10:50:45,2664.1,396079,1,2658.76,110130,142812,0.14660551838207997,0
2023-07-28 10:50:50,2664.1,396435,9,2658.77,110730,142828,0.14660551838207997,0
2023-07-28 10:50:50,2664.1,396435,75,2658.77,110730,142828,0.14660551838207997,0
2023-07-28 10:50:50,2664.5,396435,4,2658.77,110730,142828,0.1616419818058861,0
2023-07-28 10:50:50,2664.85,396435,1,2658.77,110730,142828,0.17479888730171006,0
2023-07-28 10:50:50,2663.95,396435,4,2658.77,110730,142828,0.14096684459815054,0
2023-07-28 10:50:54,2664.9,396558,1,2658.77,110493,143103,0.17667844522969225,0
2023-07-28 10:50:54,2664.9,396558,60,2658.77,110493,143103,0.17667844522969225,0
2023-07-28 10:50:54,2663.95,396558,6,2658.77,110493,143103,0.14096684459815054,0
2023-07-28 10:50:54,2664.9,396558,20,2658.77,110493,143103,0.17667844522969225,0
2023-07-28 10:50:57,2664.9,396738,20,2658.77,108604,142799,0.17667844522969225,0
2023-07-28 10:50:57,2664.1,396738,1,2658.77,108604,142799,0.14660551838207997,0
2023-07-28 10:51:02,2664.1,396739,1,2658.77,109916,142899,0.14660551838207997,0
2023-07-28 10:51:02,2664.1,396739,1,2658.77,110017,143125,0.14660551838207997,0
2023-07-28 10:51:07,2664.05,396849,10,2658.77,109884,143383,0.14472596045411487,0
2023-07-28 10:51:07,2664.1,396849,1,2658.77,109884,143383,0.14660551838207997,0
2023-07-28 10:51:08,2664.1,396851,1,2658.77,109961,143325,0.14660551838207997,0
2023-07-28 10:51:09,2664.0,396861,3,2658.77,109870,143611,0.1428464025261327,0
2023-07-28 10:51:09,2664.0,396861,3,2658.77,109899,143640,0.1428464025261327,0
2023-07-28 10:51:11,2663.95,396869,6,2658.77,109996,143593,0.14096684459815054,0
2023-07-28 10:51:12,2664.1,396871,1,2658.77,110016,143495,0.14660551838207997,0
2023-07-28 10:51:12,2664.1,396871,1,2658.77,110102,143489,0.14660551838207997,0
2023-07-28 10:51:12,2663.95,396871,32,2658.77,110102,143489,0.14096684459815054,0
2023-07-28 10:51:14,2663.95,396923,32,2658.77,110102,143510,0.14096684459815054,0
2023-07-28 10:51:14,2663.95,396923,32,2658.77,110071,143721,0.14096684459815054,0
2023-07-28 10:51:14,2663.95,396923,12,2658.77,110071,143721,0.14096684459815054,0
2023-07-28 10:51:17,2664.1,397186,2,2658.78,110107,143895,0.14660551838207997,0
2023-07-28 10:51:19,2664.0,397207,20,2658.78,110269,143564,0.1428464025261327,0
2023-07-28 10:51:19,2664.2,397257,7,2658.78,110234,143978,0.15036463423802723,0
2023-07-28 10:51:20,2664.05,397260,1,2658.78,110213,143949,0.14472596045411487,0
2023-07-28 10:51:22,2663.95,397325,65,2658.78,110252,143960,0.14096684459815054,0
2023-07-28 10:51:22,2664.2,397325,2,2658.78,110252,143960,0.15036463423802723,0
2023-07-28 10:51:22,2664.2,397327,2,2658.78,110188,144199,0.15036463423802723,0
2023-07-28 10:51:22,2664.2,397327,2,2658.78,110184,143884,0.15036463423802723,0
2023-07-28 10:51:25,2663.1,397328,1,2658.78,110201,143902,0.10901435982257315,0
2023-07-28 10:51:25,2663.1,397328,15,2658.78,110201,143902,0.10901435982257315,0
2023-07-28 10:51:26,2664.05,397343,1,2658.78,110185,143902,0.14472596045411487,0
2023-07-28 10:51:27,2664.05,397344,1,2658.78,110301,143651,0.14472596045411487,0
2023-07-28 10:51:27,2664.05,397344,1,2658.78,110301,143600,0.14472596045411487,0
2023-07-28 10:51:27,2664.05,397344,1,2658.78,110301,143600,0.14472596045411487,0
2023-07-28 10:51:27,2664.05,397344,1,2658.78,110287,143589,0.14472596045411487,0
2023-07-28 10:51:32,2663.95,397345,1,2658.78,110233,143583,0.14096684459815054,0
2023-07-28 10:51:32,2664.5,397345,5,2658.78,110233,143583,0.1616419818058861,0
2023-07-28 10:51:32,2664.5,397360,5,2658.78,110317,143538,0.1616419818058861,0
2023-07-28 10:51:32,2664.5,397360,5,2658.78,110290,143538,0.1616419818058861,0
2023-07-28 10:51:35,2663.95,397370,1,2658.78,110249,143545,0.14096684459815054,0
2023-07-28 10:51:35,2663.95,397370,1,2658.78,110206,143537,0.14096684459815054,0
2023-07-28 10:51:35,2663.95,397370,1,2658.78,110182,143511,0.14096684459815054,0
2023-07-28 10:51:35,2664.5,397370,10,2658.78,110182,143511,0.1616419818058861,0
2023-07-28 10:51:39,2664.65,397437,44,2658.78,110262,143738,0.16728065558981556,0
2023-07-28 10:51:39,2664.65,397437,1,2658.78,110262,143738,0.16728065558981556,0
2023-07-28 10:51:41,2664.7,397736,8,2658.78,110178,143752,0.16916021351778063,0
2023-07-28 10:51:42,2664.55,397842,2,2658.79,110029,144365,0.1635215397338683,0
2023-07-28 10:51:42,2664.5,397842,1,2658.79,110029,144365,0.1616419818058861,0
2023-07-28 10:51:42,2664.5,397844,1,2658.79,109797,144224,0.1616419818058861,0
2023-07-28 10:51:42,2664.5,397844,42,2658.79,109797,144224,0.1616419818058861,0
2023-07-28 10:51:42,2664.0,397844,5,2658.79,109797,144224,0.1428464025261327,0
2023-07-28 10:51:45,2664.0,397989,94,2658.79,110016,143997,0.1428464025261327,0
2023-07-28 10:51:45,2664.5,397989,7,2658.79,110016,143997,0.1616419818058861,0
2023-07-28 10:51:46,2663.95,398017,16,2658.79,109934,143997,0.14096684459815054,0
2023-07-28 10:51:46,2663.95,398017,16,2658.79,109934,143997,0.14096684459815054,0
2023-07-28 10:51:46,2663.95,398017,16,2658.79,109934,143997,0.14096684459815054,0
2023-07-28 10:51:46,2664.5,398017,1,2658.79,109934,143997,0.1616419818058861,0
2023-07-28 10:51:47,2664.5,398018,1,2658.79,109978,144021,0.1616419818058861,0
2023-07-28 10:51:47,2664.5,398018,55,2658.79,109978,144021,0.1616419818058861,0
2023-07-28 10:51:49,2664.5,398148,55,2658.79,109951,143924,0.1616419818058861,0
2023-07-28 10:51:50,2664.5,398153,5,2658.79,109801,143722,0.1616419818058861,0
2023-07-28 10:51:52,2664.3,398163,10,2658.79,109899,143812,0.1541237500939916,0
2023-07-28 10:51:52,2664.65,398163,18,2658.79,109899,143812,0.16728065558981556,0
2023-07-28 10:51:53,2664.65,398184,18,2658.79,109841,143860,0.16728065558981556,0
2023-07-28 10:51:53,2664.65,398184,18,2658.79,109936,143885,0.16728065558981556,0
2023-07-28 10:51:53,2664.75,398184,8,2658.79,109936,143885,0.1710397714457628,0
2023-07-28 10:51:55,2664.75,398193,8,2658.79,109867,143879,0.1710397714457628,0
2023-07-28 10:51:55,2664.75,398193,8,2658.79,109867,143879,0.1710397714457628,0
2023-07-28 10:51:55,2663.6,398193,19,2658.79,109867,143889,0.12780993910232655,0
2023-07-28 10:51:58,2663.6,398212,19,2658.79,109695,143933,0.12780993910232655,0
2023-07-28 10:51:58,2664.3,398212,7,2658.79,109695,143933,0.1541237500939916,0
2023-07-28 10:52:00,2664.3,398237,7,2658.79,109701,143877,0.1541237500939916,0
2023-07-28 10:52:00,2664.3,398237,7,2658.79,109635,143942,0.1541237500939916,0
2023-07-28 10:52:00,2664.3,398237,5,2658.79,109635,143942,0.1541237500939916,0
2023-07-28 10:52:03,2664.3,398245,2,2658.79,109645,143914,0.1541237500939916,0
2023-07-28 10:52:03,2664.3,398245,2,2658.79,109645,143899,0.1541237500939916,0
2023-07-28 10:52:05,2664.3,398295,25,2658.79,109547,143999,0.1541237500939916,0
2023-07-28 10:52:06,2664.7,398296,1,2658.79,109563,144022,0.16916021351778063,0
2023-07-28 10:52:06,2663.25,398296,1,2658.79,109563,144022,0.1146530336065026,0
2023-07-28 10:52:08,2663.45,398437,2,2658.79,109600,144674,0.12217126531839712,0
2023-07-28 10:52:08,2663.95,398437,1,2658.79,109600,144674,0.14096684459815054,0
2023-07-28 10:52:10,2663.95,398460,3,2658.79,109625,144704,0.14096684459815054,0
2023-07-28 10:52:10,2663.95,398477,3,2658.79,109735,144291,0.14096684459815054,0
2023-07-28 10:52:11,2664.15,398495,5,2658.79,109861,144171,0.14848507631006214,0
2023-07-28 10:52:13,2664.15,398603,1,2658.8,109779,144154,0.14848507631006214,0
2023-07-28 10:52:13,2664.15,398603,21,2658.8,109779,144154,0.14848507631006214,0
2023-07-28 10:52:14,2664.2,398647,14,2658.8,109642,144282,0.15036463423802723,0
2023-07-28 10:52:14,2664.2,398647,14,2658.8,109679,144303,0.15036463423802723,0
2023-07-28 10:52:14,2663.3,398647,100,2658.8,109679,144323,0.11653259153448478,0
2023-07-28 10:52:16,2664.0,398749,2,2658.8,109639,144205,0.1428464025261327,0
2023-07-28 10:52:17,2664.15,398757,4,2658.8,109800,144182,0.14848507631006214,0
2023-07-28 10:52:17,2664.15,398757,4,2658.8,109855,144199,0.14848507631006214,0
2023-07-28 10:52:20,2664.2,398790,1,2658.8,109902,144171,0.15036463423802723,0
2023-07-28 10:52:20,2664.2,398790,1,2658.8,109802,144059,0.15036463423802723,0
2023-07-28 10:52:20,2664.2,398790,1,2658.8,109802,144059,0.15036463423802723,0
2023-07-28 10:52:21,2664.2,398812,1,2658.8,109752,144048,0.15036463423802723,0
2023-07-28 10:52:23,2664.2,398821,1,2658.8,109928,143866,0.15036463423802723,0
2023-07-28 10:52:24,2664.2,398830,1,2658.8,109782,143686,0.15036463423802723,0
2023-07-28 10:52:24,2664.2,398830,1,2658.8,109842,142274,0.15036463423802723,0
2023-07-28 10:52:26,2664.15,398841,2,2658.8,109895,143757,0.14848507631006214,0
2023-07-28 10:52:27,2664.15,398860,8,2658.8,109852,143762,0.14848507631006214,0
2023-07-28 10:52:27,2664.15,398860,8,2658.8,109852,143762,0.14848507631006214,0
2023-07-28 10:52:28,2664.0,398906,42,2658.8,109983,143726,0.1428464025261327,0
2023-07-28 10:52:29,2663.95,398916,1,2658.8,109778,143850,0.14096684459815054,0
2023-07-28 10:52:30,2663.95,398917,1,2658.8,109743,143904,0.14096684459815054,0
2023-07-28 10:52:31,2664.0,398931,2,2658.8,109671,143762,0.1428464025261327,0
2023-07-28 10:52:32,2663.95,398935,3,2658.8,109687,143773,0.14096684459815054,0
2023-07-28 10:52:32,2663.95,398935,1,2658.8,109687,143773,0.14096684459815054,0
2023-07-28 10:52:34,2663.95,398936,1,2658.8,109739,143785,0.14096684459815054,0
2023-07-28 10:52:34,2664.0,398936,1,2658.8,109739,143785,0.1428464025261327,0
2023-07-28 10:52:35,2664.0,398937,1,2658.8,109759,143779,0.1428464025261327,0
2023-07-28 10:52:36,2663.95,398962,25,2658.8,109766,143779,0.14096684459815054,0
2023-07-28 10:52:37,2664.0,398968,1,2658.8,109762,143778,0.1428464025261327,0
2023-07-28 10:52:38,2663.95,398969,1,2658.8,109760,143780,0.14096684459815054,0
2023-07-28 10:52:39,2663.75,399039,11,2658.8,109501,144410,0.133448612886256,0
2023-07-28 10:52:40,2663.75,399053,14,2658.8,109589,144433,0.133448612886256,0
2023-07-28 10:52:41,2663.75,399066,3,2658.8,109595,144344,0.133448612886256,0
2023-07-28 10:52:42,2663.75,399071,1,2658.8,109675,144170,0.133448612886256,0
2023-07-28 10:52:42,2663.75,399071,1,2658.8,109744,144170,0.133448612886256,0
2023-07-28 10:52:42,2663.75,399071,1,2658.8,109600,143871,0.133448612886256,0
2023-07-28 10:52:42,2662.75,399071,8,2658.8,109600,143871,0.09585745432674919,0
2023-07-28 10:52:45,2662.5,399440,1,2658.81,109912,144236,0.0864596646868725,0
2023-07-28 10:52:46,2662.6,399700,30,2658.81,109779,144662,0.09021878054281976,0
2023-07-28 10:52:47,2661.5,400009,22,2658.81,109729,144354,0.048868506127365686,0
2023-07-28 10:52:48,2662.0,400023,7,2658.81,109664,144110,0.06766408540711909,0
2023-07-28 10:52:48,2662.0,400023,7,2658.81,109666,144109,0.06766408540711909,0
2023-07-28 10:52:48,2662.0,400023,7,2658.81,109618,144138,0.06766408540711909,0
2023-07-28 10:52:48,2662.0,400023,23,2658.81,109618,144138,0.06766408540711909,0
2023-07-28 10:52:51,2662.0,400102,2,2658.81,109679,144089,0.06766408540711909,0
2023-07-28 10:52:52,2661.65,400107,5,2658.81,109640,144148,0.054507179911295126,0
2023-07-28 10:52:53,2661.95,400109,1,2658.81,109665,144068,0.0657845274791369,0
2023-07-28 10:52:54,2661.7,400149,16,2658.81,109854,144003,0.05638673783926021,0
2023-07-28 10:52:55,2661.95,400150,1,2658.81,109749,144046,0.0657845274791369,0
2023-07-28 10:52:56,2662.0,400256,6,2658.81,110300,144034,0.06766408540711909,0
2023-07-28 10:52:57,2662.0,400264,4,2658.81,110272,144154,0.06766408540711909,0
2023-07-28 10:52:57,2661.75,400264,1,2658.81,110272,144169,0.05826629576724239,0
2023-07-28 10:52:59,2661.75,400266,1,2658.81,110219,144134,0.05826629576724239,0
2023-07-28 10:52:59,2662.0,400266,2,2658.81,110219,144134,0.06766408540711909,0
2023-07-28 10:53:01,2662.7,400272,2,2658.81,110354,144074,0.09397789639876701,0
2023-07-28 10:53:01,2662.7,400274,2,2658.81,110355,144119,0.09397789639876701,0
2023-07-28 10:53:02,2662.0,400275,1,2658.81,110341,144090,0.06766408540711909,0
2023-07-28 10:53:03,2662.7,400356,1,2658.81,110289,144107,0.09397789639876701,0
2023-07-28 10:53:04,2662.65,400376,1,2658.81,110176,144214,0.09209833847080193,0
2023-07-28 10:53:05,2661.65,400562,3,2658.81,108989,144643,0.054507179911295126,0
2023-07-28 10:53:06,2661.4,400661,5,2658.82,109026,144601,0.04510939027141842,0
2023-07-28 10:53:07,2660.5,400774,15,2658.82,109226,144593,0.01127734756785888,0
2023-07-28 10:53:08,2660.9,400777,1,2658.82,109387,144679,0.02631381099166502,0
2023-07-28 10:53:08,2661.4,400777,20,2658.82,109387,144679,0.04510939027141842,0
2023-07-28 10:53:10,2661.35,400818,1,2658.82,109545,144689,0.04322983234343625,0
2023-07-28 10:53:11,2661.35,400819,1,2658.82,109556,144297,0.04322983234343625,0
2023-07-28 10:53:11,2661.35,400819,1,2658.82,109556,144297,0.04322983234343625,0
2023-07-28 10:53:12,2661.35,400821,1,2658.82,109594,144088,0.04322983234343625,0
2023-07-28 10:53:12,2661.35,400821,1,2658.82,109594,144088,0.04322983234343625,0
2023-07-28 10:53:12,2661.35,400821,1,2658.82,109577,144266,0.04322983234343625,0
2023-07-28 10:53:14,2661.35,400822,1,2658.82,109608,144266,0.04322983234343625,0
2023-07-28 10:53:14,2661.35,400822,1,2658.82,109636,144218,0.04322983234343625,0
2023-07-28 10:53:14,2661.4,400822,1,2658.82,109636,144218,0.04510939027141842,0
2023-07-28 10:53:15,2661.4,400824,1,2658.82,109600,144215,0.04510939027141842,0
2023-07-28 10:53:15,2661.4,400824,1,2658.82,109589,144215,0.04510939027141842,0
2023-07-28 10:53:15,2660.5,400824,47,2658.82,109589,144215,0.01127734756785888,0
2023-07-28 10:53:18,2661.4,401028,1,2658.82,109460,144331,0.04510939027141842,0
2023-07-28 10:53:19,2661.4,401032,1,2658.82,109549,144373,0.04510939027141842,0
2023-07-28 10:53:20,2661.55,401052,14,2658.82,109623,144452,0.05074806405534787,0
2023-07-28 10:53:20,2661.55,401052,14,2658.82,109608,144469,0.05074806405534787,0
2023-07-28 10:53:20,2661.4,401052,11,2658.82,109608,144469,0.04510939027141842,0
2023-07-28 10:53:20,2661.4,401052,11,2658.82,109608,144469,0.04510939027141842,0
2023-07-28 10:53:22,2661.4,401074,11,2658.82,109711,144467,0.04510939027141842,0
2023-07-28 10:53:22,2661.4,401074,11,2658.82,109309,144519,0.04510939027141842,0
2023-07-28 10:53:24,2661.4,401077,3,2658.82,109539,144744,0.04510939027141842,0
2023-07-28 10:53:24,2661.4,401077,3,2658.82,109539,144744,0.04510939027141842,0
2023-07-28 10:53:25,2661.4,401101,3,2658.82,109656,144544,0.04510939027141842,0
2023-07-28 10:53:25,2661.4,401101,3,2658.82,109656,144544,0.04510939027141842,0
2023-07-28 10:53:26,2660.7,401126,25,2658.82,109641,144594,0.018795579279753404,0
2023-07-28 10:53:27,2661.4,401128,1,2658.82,109587,144593,0.04510939027141842,0
2023-07-28 10:53:28,2661.4,401146,9,2658.82,109770,144581,0.04510939027141842,0
2023-07-28 10:53:28,2661.4,401146,9,2658.82,109770,144581,0.04510939027141842,0
2023-07-28 10:53:30,2661.4,401148,1,2658.82,109776,144610,0.04510939027141842,0
2023-07-28 10:53:30,2661.4,401148,2,2658.82,109776,144610,0.04510939027141842,0
2023-07-28 10:53:31,2661.4,401150,2,2658.82,109774,144603,0.04510939027141842,0
2023-07-28 10:53:32,2660.7,401160,10,2658.82,107684,144905,0.018795579279753404,0
2023-07-28 10:53:33,2661.2,401240,23,2658.82,109140,144726,0.03759115855950681,0
2023-07-28 10:53:34,2661.15,401242,1,2658.82,109087,144757,0.035711600631541725,0
2023-07-28 10:53:34,2661.15,401242,1,2658.82,109146,144784,0.035711600631541725,0
2023-07-28 10:53:34,2660.65,401242,1,2658.82,109146,144784,0.01691602135178832,0
2023-07-28 10:53:37,2661.0,401309,1,2658.82,109228,144687,0.030072926847612282,0
2023-07-28 10:53:37,2661.0,401309,1,2658.82,109228,144687,0.030072926847612282,0
2023-07-28 10:53:37,2660.65,401309,5,2658.82,109228,144687,0.01691602135178832,0
2023-07-28 10:53:39,2661.1,401364,10,2658.82,109216,144649,0.033832042703559544,0
2023-07-28 10:53:40,2661.1,401380,1,2658.82,109089,144782,0.033832042703559544,0
2023-07-28 10:53:40,2661.1,401381,1,2658.82,109083,144756,0.033832042703559544,0
2023-07-28 10:53:40,2661.1,401381,1,2658.82,109223,144758,0.033832042703559544,0
2023-07-28 10:53:40,2661.1,401381,1,2658.82,109223,144758,0.033832042703559544,0
2023-07-28 10:53:44,2661.1,401384,1,2658.82,109499,144613,0.033832042703559544,0
2023-07-28 10:53:44,2661.1,401384,1,2658.82,109499,144613,0.033832042703559544,0
2023-07-28 10:53:45,2661.1,401385,1,2658.82,109528,144490,0.033832042703559544,0
2023-07-28 10:53:45,2661.1,401385,1,2658.82,108049,144293,0.033832042703559544,0
2023-07-28 10:53:45,2661.1,401385,1,2658.82,109549,144462,0.033832042703559544,0
2023-07-28 10:53:49,2661.1,401387,1,2658.82,109429,144595,0.033832042703559544,0
2023-07-28 10:53:49,2661.1,401387,1,2658.82,109431,144595,0.033832042703559544,0
2023-07-28 10:53:49,2661.1,401387,1,2658.82,109420,144595,0.033832042703559544,0
2023-07-28 10:53:49,2661.1,401387,2,2658.82,109363,144636,0.033832042703559544,0
2023-07-28 10:53:52,2661.55,401427,1,2658.82,109395,144479,0.05074806405534787,0
2023-07-28 10:53:53,2661.55,401506,1,2658.82,109385,144416,0.05074806405534787,0
2023-07-28 10:53:53,2661.1,401506,2,2658.82,109385,144416,0.033832042703559544,0
2023-07-28 10:53:55,2662.0,402300,4,2658.83,109706,144693,0.06766408540711909,0
2023-07-28 10:53:56,2661.3,402325,3,2658.83,110120,144724,0.041350274415471164,0
2023-07-28 10:53:56,2661.3,402330,3,2658.83,110118,144727,0.041350274415471164,0
2023-07-28 10:53:56,2661.3,402330,3,2658.83,109968,144768,0.041350274415471164,0
2023-07-28 10:53:56,2661.3,402330,3,2658.83,109955,145014,0.041350274415471164,0
2023-07-28 10:53:56,2661.3,402330,3,2658.83,110005,144549,0.041350274415471164,0
2023-07-28 10:54:02,2661.55,402341,9,2658.83,109740,144609,0.05074806405534787,0
2023-07-28 10:54:02,2661.55,402341,9,2658.83,110332,144599,0.05074806405534787,0
2023-07-28 10:54:02,2661.55,402341,2,2658.83,110332,144599,0.05074806405534787,0
2023-07-28 10:54:05,2661.55,402351,2,2658.83,110295,144509,0.05074806405534787,0
2023-07-28 10:54:05,2661.55,402351,2,2658.83,110007,144509,0.05074806405534787,0
2023-07-28 10:54:05,2661.55,402351,2,2658.83,110017,144509,0.05074806405534787,0
2023-07-28 10:54:05,2661.55,402351,2,2658.83,110023,144574,0.05074806405534787,0
2023-07-28 10:54:09,2660.2,402512,19,2658.83,109908,145078,0.0,0
2023-07-28 10:54:09,2660.2,402512,19,2658.83,109908,145078,0.0,0
2023-07-28 10:54:09,2660.2,402512,19,2658.83,109994,145117,0.0,0
2023-07-28 10:54:09,2660.2,402512,19,2658.83,110093,144961,0.0,0
2023-07-28 10:54:09,2660.2,402512,19,2658.83,110150,144952,0.0,0
2023-07-28 10:54:09,2661.1,402512,9,2658.83,110150,144952,0.033832042703559544,0
2023-07-28 10:54:13,2661.1,402531,9,2658.83,109973,145146,0.033832042703559544,0
2023-07-28 10:54:13,2661.1,402531,9,2658.83,110161,144664,0.033832042703559544,0
2023-07-28 10:54:17,2661.1,402537,5,2658.83,110161,144674,0.033832042703559544,0
2023-07-28 10:54:17,2661.1,402537,5,2658.83,110250,144634,0.033832042703559544,0
2023-07-28 10:54:17,2661.35,402537,1,2658.83,110250,144634,0.04322983234343625,0
2023-07-28 10:54:18,2661.35,402547,1,2658.83,110329,144631,0.04322983234343625,0
2023-07-28 10:54:19,2661.35,402548,1,2658.83,110181,144785,0.04322983234343625,0
2023-07-28 10:54:21,2661.1,402603,52,2658.83,110162,144690,0.033832042703559544,0
2023-07-28 10:54:22,2661.1,402604,1,2658.83,110386,144586,0.033832042703559544,0
2023-07-28 10:54:22,2661.1,402604,1,2658.83,110271,144732,0.033832042703559544,0
2023-07-28 10:54:22,2660.2,402604,45,2658.83,110271,144732,0.0,0
2023-07-28 10:54:24,2660.2,402750,45,2658.83,110192,144704,0.0,0
2023-07-28 10:54:24,2660.2,402750,45,2658.83,110202,144702,0.0,0
2023-07-28 10:54:24,2660.2,402750,45,2658.83,110225,144693,0.0,0
2023-07-28 10:54:24,2660.2,402750,45,2658.83,110388,144553,0.0,0
2023-07-28 10:54:24,2660.2,402750,45,2658.83,110410,144549,0.0,0
2023-07-28 10:54:24,2661.25,402750,7,2658.83,110410,144549,0.03947071648748898,0
2023-07-28 10:54:30,2661.25,402781,1,2658.83,110403,144588,0.03947071648748898,0
2023-07-28 10:54:30,2661.25,402781,1,2658.83,110403,144589,0.03947071648748898,0
2023-07-28 10:54:30,2661.25,402781,1,2658.83,110393,144555,0.03947071648748898,0
2023-07-28 10:54:30,2661.0,402781,1,2658.83,110393,144555,0.030072926847612282,0
2023-07-28 10:54:32,2661.0,402782,1,2658.83,110384,144554,0.030072926847612282,0
2023-07-28 10:54:32,2661.0,402782,1,2658.83,110381,144554,0.030072926847612282,0
2023-07-28 10:54:35,2661.0,402783,1,2658.83,110391,144490,0.030072926847612282,0
2023-07-28 10:54:35,2661.0,402783,1,2658.83,110381,144490,0.030072926847612282,0
2023-07-28 10:54:35,2661.0,402783,1,2658.83,110378,144517,0.030072926847612282,0
2023-07-28 10:54:35,2661.0,402783,1,2658.83,110368,144517,0.030072926847612282,0
2023-07-28 10:54:35,2661.2,402783,8,2658.83,110368,144517,0.03759115855950681,0
2023-07-28 10:54:39,2662.0,402793,10,2658.83,110390,144530,0.06766408540711909,0
2023-07-28 10:54:40,2662.0,402850,10,2658.83,110435,144440,0.06766408540711909,0
2023-07-28 10:54:40,2662.0,402850,10,2658.83,110436,144358,0.06766408540711909,0
2023-07-28 10:54:40,2662.0,402850,10,2658.83,110436,144518,0.06766408540711909,0
2023-07-28 10:54:44,2661.1,402870,4,2658.83,110339,144522,0.033832042703559544,0
2023-07-28 10:54:44,2661.1,402870,4,2658.83,110419,144602,0.033832042703559544,0
2023-07-28 10:54:44,2661.1,402870,4,2658.83,110429,144625,0.033832042703559544,0
2023-07-28 10:54:44,2662.0,402870,1,2658.83,110466,144605,0.06766408540711909,0
2023-07-28 10:54:48,2662.0,402871,1,2658.83,110446,144611,0.06766408540711909,0
2023-07-28 10:54:48,2662.0,402871,1,2658.83,110446,144611,0.06766408540711909,0
2023-07-28 10:54:48,2662.0,402871,29,2658.83,110446,144611,0.06766408540711909,0
2023-07-28 10:54:51,2662.0,402902,29,2658.83,108961,144598,0.06766408540711909,0
2023-07-28 10:54:51,2662.0,402902,29,2658.83,108923,144597,0.06766408540711909,0
2023-07-28 10:54:51,2661.2,402902,20,2658.83,110462,144614,0.03759115855950681,0
2023-07-28 10:54:54,2661.2,402922,20,2658.83,110463,144604,0.03759115855950681,0
2023-07-28 10:54:54,2661.2,402922,20,2658.83,110463,144604,0.03759115855950681,0
2023-07-28 10:54:54,2661.2,402922,20,2658.83,110466,144638,0.03759115855950681,0
2023-07-28 10:54:54,2661.2,402922,20,2658.83,110281,144766,0.03759115855950681,0
2023-07-28 10:54:54,2661.2,402922,20,2658.83,110474,144516,0.03759115855950681,0
2023-07-28 10:54:54,2661.2,402922,1,2658.83,110479,144516,0.03759115855950681,0
2023-07-28 10:55:00,2661.2,402923,1,2658.83,110387,144613,0.03759115855950681,0
2023-07-28 10:55:00,2661.2,402923,2,2658.83,110387,144613,0.03759115855950681,0
2023-07-28 10:55:01,2661.2,402925,2,2658.83,110447,144778,0.03759115855950681,0
2023-07-28 10:55:01,2661.2,402925,5,2658.83,110447,144778,0.03759115855950681,0
2023-07-28 10:55:02,2661.2,402992,5,2658.83,110236,144726,0.03759115855950681,0
2023-07-28 10:55:02,2661.3,402992,6,2658.83,110236,144726,0.041350274415471164,0
2023-07-28 10:55:03,2661.3,402998,6,2658.83,110389,144599,0.041350274415471164,0
2023-07-28 10:55:03,2661.25,402998,1,2658.83,110389,144603,0.03947071648748898,0
2023-07-28 10:55:06,2661.2,403003,1,2658.83,110364,144649,0.03759115855950681,0
2023-07-28 10:55:06,2661.2,403003,1,2658.83,110364,144649,0.03759115855950681,0
2023-07-28 10:55:06,2661.2,403003,1,2658.83,110330,144654,0.03759115855950681,0
2023-07-28 10:55:08,2661.2,403004,1,2658.83,110242,143216,0.03759115855950681,0
2023-07-28 10:55:08,2661.2,403004,1,2658.83,110242,143216,0.03759115855950681,0
2023-07-28 10:55:08,2661.2,403004,1,2658.83,110361,144531,0.03759115855950681,0
2023-07-28 10:55:08,2661.2,403004,1,2658.83,110427,144401,0.03759115855950681,0
2023-07-28 10:55:08,2661.2,403004,1,2658.83,110295,144620,0.03759115855950681,0
2023-07-28 10:55:08,2661.2,403004,1,2658.83,110295,144707,0.03759115855950681,0
2023-07-28 10:55:08,2661.2,403004,1,2658.83,110309,144778,0.03759115855950681,0
2023-07-28 10:55:08,2661.2,403004,1,2658.83,110170,144770,0.03759115855950681,0
2023-07-28 10:55:08,2661.25,403004,1,2658.83,110170,144770,0.03947071648748898,0
2023-07-28 10:55:15,2661.25,403005,1,2658.83,110172,144597,0.03947071648748898,0
2023-07-28 10:55:15,2661.25,403005,1,2658.83,110330,144659,0.03947071648748898,0
2023-07-28 10:55:15,2661.25,403005,1,2658.83,110216,144691,0.03947071648748898,0
2023-07-28 10:55:19,2661.25,403090,41,2658.83,110369,144648,0.03947071648748898,0
2023-07-28 10:55:19,2661.25,403090,41,2658.83,110216,144723,0.03947071648748898,0
2023-07-28 10:55:19,2661.25,403090,41,2658.83,110275,144844,0.03947071648748898,0
2023-07-28 10:55:21,2661.25,403091,1,2658.83,110336,144826,0.03947071648748898,0
2023-07-28 10:55:21,2661.25,403091,1,2658.83,110306,144867,0.03947071648748898,0
2023-07-28 10:55:23,2661.25,403109,7,2658.83,110348,144876,0.03947071648748898,0
2023-07-28 10:55:23,2661.25,403109,7,2658.83,110201,144967,0.03947071648748898,0
2023-07-28 10:55:23,2661.25,403109,7,2658.83,110241,144851,0.03947071648748898,0
2023-07-28 10:55:23,2661.25,403109,7,2658.83,110246,144862,0.03947071648748898,0
2023-07-28 10:55:23,2661.25,403109,7,2658.83,108045,144828,0.03947071648748898,0
2023-07-28 10:55:29,2661.2,403110,1,2658.83,110455,144776,0.03759115855950681,0
2023-07-28 10:55:29,2661.2,403111,1,2658.83,108954,144819,0.03759115855950681,0
2023-07-28 10:55:29,2661.2,403111,4,2658.83,108954,144819,0.03759115855950681,0
2023-07-28 10:55:32,2661.2,403135,1,2658.83,110447,144819,0.03759115855950681,0
2023-07-28 10:55:33,2661.25,403164,5,2658.83,110472,144868,0.03947071648748898,0
2023-07-28 10:55:33,2661.25,403164,5,2658.83,110472,144868,0.03947071648748898,0
2023-07-28 10:55:34,2661.25,403165,1,2658.83,110495,144851,0.03947071648748898,0
2023-07-28 10:55:34,2661.25,403165,1,2658.83,110495,144851,0.03947071648748898,0
2023-07-28 10:55:35,2661.15,403226,10,2658.83,110251,144961,0.035711600631541725,0
2023-07-28 10:55:36,2661.3,403230,1,2658.83,110393,144919,0.041350274415471164,0
2023-07-28 10:55:39,2661.15,403261,30,2658.83,110600,143109,0.035711600631541725,0
2023-07-28 10:55:39,2661.3,403269,2,2658.83,110603,143282,0.041350274415471164,0
2023-07-28 10:55:39,2661.0,403269,1,2658.83,110603,143282,0.030072926847612282,0
2023-07-28 10:55:40,2661.0,403271,1,2658.83,110270,144995,0.030072926847612282,0
2023-07-28 10:55:42,2661.3,403273,5,2658.83,110280,145025,0.041350274415471164,0
2023-07-28 10:55:42,2661.3,403278,5,2658.83,110260,145069,0.041350274415471164,0
2023-07-28 10:55:42,2661.0,403278,1,2658.83,110260,145069,0.030072926847612282,0
2023-07-28 10:55:43,2661.0,403279,1,2658.83,110331,144931,0.030072926847612282,0
2023-07-28 10:55:43,2661.0,403279,1,2658.83,110386,144907,0.030072926847612282,0
2023-07-28 10:55:43,2661.0,403279,1,2658.83,110220,145014,0.030072926847612282,0
2023-07-28 10:55:43,2661.0,403279,1,2658.83,110418,144869,0.030072926847612282,0
2023-07-28 10:55:43,2661.0,403279,1,2658.83,110418,143368,0.030072926847612282,0
2023-07-28 10:55:49,2661.15,403281,2,2658.83,110535,144817,0.035711600631541725,0
2023-07-28 10:55:49,2661.15,403281,2,2658.83,110436,144863,0.035711600631541725,0
2023-07-28 10:55:51,2661.0,403283,2,2658.83,110557,144979,0.030072926847612282,0
2023-07-28 10:55:51,2661.0,403283,2,2658.83,110561,145002,0.030072926847612282,0
2023-07-28 10:55:51,2661.0,403283,2,2658.83,110564,145002,0.030072926847612282,0
2023-07-28 10:55:51,2661.0,403283,2,2658.83,110695,144858,0.030072926847612282,0
2023-07-28 10:55:51,2661.0,403283,2,2658.83,110711,144849,0.030072926847612282,0
2023-07-28 10:55:51,2661.0,403283,2,2658.83,110826,144857,0.030072926847612282,0
2023-07-28 10:55:57,2660.7,403287,2,2658.83,110633,145081,0.018795579279753404,0
2023-07-28 10:55:58,2660.7,403288,1,2658.83,110632,145073,0.018795579279753404,0
2023-07-28 10:55:58,2660.7,403288,1,2658.83,110632,144927,0.018795579279753404,0
2023-07-28 10:56:00,2660.7,403304,8,2658.83,110124,145328,0.018795579279753404,0
2023-07-28 10:56:00,2660.7,403304,2,2658.83,110124,145328,0.018795579279753404,0
2023-07-28 10:56:01,2660.7,403350,1,2658.83,110262,145449,0.018795579279753404,0
2023-07-28 10:56:02,2660.7,403353,2,2658.83,110293,145452,0.018795579279753404,0
2023-07-28 10:56:02,2660.7,403353,2,2658.83,110229,145456,0.018795579279753404,0
2023-07-28 10:56:02,2660.7,403353,2,2658.83,108719,145544,0.018795579279753404,0
2023-07-28 10:56:02,2660.7,403353,2,2658.83,110235,145354,0.018795579279753404,0
2023-07-28 10:56:06,2661.1,403388,1,2658.83,110276,145152,0.033832042703559544,0
2023-07-28 10:56:06,2660.7,403399,2,2658.83,110289,144992,0.018795579279753404,0
2023-07-28 10:56:07,2660.7,403403,2,2658.83,110263,145158,0.018795579279753404,0
2023-07-28 10:56:08,2660.7,403421,5,2658.83,110152,145246,0.018795579279753404,0
2023-07-28 10:56:10,2660.7,403425,1,2658.83,110258,145011,0.018795579279753404,0
2023-07-28 10:56:10,2660.7,403425,1,2658.83,110258,145011,0.018795579279753404,0
2023-07-28 10:56:10,2660.7,403425,1,2658.83,110300,145050,0.018795579279753404,0
2023-07-28 10:56:10,2660.7,403425,1,2658.83,110315,145127,0.018795579279753404,0
2023-07-28 10:56:13,2660.7,403443,5,2658.83,110331,144989,0.018795579279753404,0
2023-07-28 10:56:14,2660.7,403447,3,2658.83,110338,144930,0.018795579279753404,0
2023-07-28 10:56:14,2660.7,403447,1,2658.83,110338,144930,0.018795579279753404,0
2023-07-28 10:56:15,2660.3,403537,8,2658.83,110250,144347,0.003759115855964356,0
2023-07-28 10:56:16,2660.3,403558,3,2658.83,110445,144633,0.003759115855964356,0
2023-07-28 10:56:17,2660.3,403559,1,2658.83,110444,144632,0.003759115855964356,0
2023-07-28 10:56:18,2660.3,403560,1,2658.83,110486,144632,0.003759115855964356,0
2023-07-28 10:56:18,2660.3,403560,1,2658.83,110643,144860,0.003759115855964356,0
2023-07-28 10:56:18,2660.3,403560,1,2658.83,110468,144999,0.003759115855964356,0
2023-07-28 10:56:22,2660.3,403572,2,2658.83,108946,145007,0.003759115855964356,0
2023-07-28 10:56:22,2660.3,403572,2,2658.83,108946,145007,0.003759115855964356,0
2023-07-28 10:56:23,2660.3,403573,1,2658.83,110398,145021,0.003759115855964356,0
2023-07-28 10:56:23,2660.3,403573,1,2658.83,110398,145021,0.003759115855964356,0
2023-07-28 10:56:24,2660.3,403629,9,2658.83,110396,144980,0.003759115855964356,0
2023-07-28 10:56:25,2660.3,403631,2,2658.83,110394,144888,0.003759115855964356,0
2023-07-28 10:56:25,2660.3,403631,2,2658.83,110394,144888,0.003759115855964356,0
2023-07-28 10:56:25,2660.3,403631,2,2658.83,110384,144888,0.003759115855964356,0
2023-07-28 10:56:25,2660.3,403631,19,2658.83,110384,144888,0.003759115855964356,0
2023-07-28 10:56:27,2660.25,403657,1,2658.83,110574,144611,0.001879557927982178,0
2023-07-28 10:56:28,2660.25,403662,4,2658.83,110639,144702,0.001879557927982178,0
2023-07-28 10:56:28,2660.25,403662,27,2658.83,110639,144702,0.001879557927982178,0
2023-07-28 10:56:30,2660.65,403696,1,2658.83,110423,144898,0.01691602135178832,0
2023-07-28 10:56:31,2660.25,403697,1,2658.83,110423,144896,0.001879557927982178,0
2023-07-28 10:56:32,2660.25,403698,1,2658.83,110398,144907,0.001879557927982178,0
2023-07-28 10:56:32,2660.65,403698,1,2658.83,110398,144907,0.01691602135178832,0
2023-07-28 10:56:34,2660.65,403711,5,2658.83,110287,144719,0.01691602135178832,0
2023-07-28 10:56:35,2660.0,404206,27,2658.83,109911,144851,-0.007518231711894524,0
2023-07-28 10:56:36,2660.0,404315,3,2658.83,110038,144772,-0.007518231711894524,0
2023-07-28 10:56:36,2660.0,404315,10,2658.83,110038,144772,-0.007518231711894524,0
2023-07-28 10:56:38,2660.0,404339,4,2658.83,110107,144842,-0.007518231711894524,0
2023-07-28 10:56:39,2660.0,404340,1,2658.83,110195,145027,-0.007518231711894524,0
2023-07-28 10:56:39,2660.0,404340,1,2658.83,110195,145027,-0.007518231711894524,0
2023-07-28 10:56:39,2660.0,404340,1,2658.83,110130,144871,-0.007518231711894524,0
2023-07-28 10:56:41,2660.0,404344,1,2658.83,110149,144880,-0.007518231711894524,0
2023-07-28 10:56:41,2660.0,404345,1,2658.83,110146,144882,-0.007518231711894524,0
2023-07-28 10:56:41,2660.0,404345,16,2658.83,110146,144882,-0.007518231711894524,0
2023-07-28 10:56:43,2660.0,404436,2,2658.83,110008,145084,-0.007518231711894524,0
2023-07-28 10:56:44,2660.0,404450,11,2658.83,109994,145105,-0.007518231711894524,0
2023-07-28 10:56:45,2660.0,404453,3,2658.83,110020,145179,-0.007518231711894524,0
2023-07-28 10:56:46,2660.0,404454,1,2658.83,110205,145031,-0.007518231711894524,0
2023-07-28 10:56:46,2660.0,404454,2,2658.83,110205,145031,-0.007518231711894524,0
2023-07-28 10:56:47,2660.0,404654,2,2658.84,108705,144846,-0.007518231711894524,0
2023-07-28 10:56:48,2660.0,404696,1,2658.84,110222,144867,-0.007518231711894524,0
2023-07-28 10:56:49,2660.0,404704,8,2658.84,110214,144865,-0.007518231711894524,0
2023-07-28 10:56:51,2660.0,404729,4,2658.84,110243,144712,-0.007518231711894524,0
2023-07-28 10:56:52,2660.0,404736,2,2658.84,108741,144701,-0.007518231711894524,0
2023-07-28 10:56:52,2660.0,404736,2,2658.84,108712,144719,-0.007518231711894524,0
2023-07-28 10:56:53,2660.0,404742,1,2658.84,110063,144836,-0.007518231711894524,0
2023-07-28 10:56:54,2660.0,404840,17,2658.84,110215,144617,-0.007518231711894524,0
2023-07-28 10:56:55,2660.0,404843,3,2658.84,110163,144800,-0.007518231711894524,0
2023-07-28 10:56:56,2660.0,404844,1,2658.84,110162,144801,-0.007518231711894524,0
2023-07-28 10:56:57,2660.0,404934,15,2658.84,110146,144778,-0.007518231711894524,0
2023-07-28 10:56:58,2660.0,404937,3,2658.84,110133,144666,-0.007518231711894524,0
2023-07-28 10:56:59,2660.3,404940,1,2658.84,110178,145009,0.003759115855964356,0
2023-07-28 10:56:59,2660.0,404940,1,2658.84,110178,145009,-0.007518231711894524,0
2023-07-28 10:57:00,2660.0,404941,4,2658.84,110151,145068,-0.007518231711894524,0
2023-07-28 10:57:01,2660.0,404964,4,2658.84,110148,145072,-0.007518231711894524,0
2023-07-28 10:57:01,2660.3,404964,3,2658.84,110148,145072,0.003759115855964356,0
2023-07-28 10:57:03,2660.0,404971,1,2658.84,110171,144979,-0.007518231711894524,0
2023-07-28 10:57:03,2660.0,404971,1,2658.84,110171,144979,-0.007518231711894524,0
2023-07-28 10:57:04,2660.0,404973,1,2658.84,110171,144958,-0.007518231711894524,0
2023-07-28 10:57:04,2660.0,404974,1,2658.84,110175,144975,-0.007518231711894524,0
2023-07-28 10:57:04,2660.0,404974,1,2658.84,110185,145001,-0.007518231711894524,0
2023-07-28 10:57:04,2660.3,404974,2,2658.84,110185,145001,0.003759115855964356,0
2023-07-28 10:57:06,2660.3,404976,2,2658.84,108709,144950,0.003759115855964356,0
2023-07-28 10:57:08,2660.0,405517,2,2658.84,109745,145642,-0.007518231711894524,0
2023-07-28 10:57:08,2660.0,405851,2,2658.84,110038,146306,-0.007518231711894524,0
2023-07-28 10:57:08,2660.0,405851,29,2658.84,110038,146306,-0.007518231711894524,0
2023-07-28 10:57:10,2660.0,406101,12,2658.84,110413,145569,-0.007518231711894524,0
2023-07-28 10:57:10,2660.0,406101,9,2658.84,110413,145569,-0.007518231711894524,0
2023-07-28 10:57:11,2660.0,406120,1,2658.84,110263,145705,-0.007518231711894524,0
2023-07-28 10:57:12,2660.0,406122,2,2658.84,110256,145765,-0.007518231711894524,0
2023-07-28 10:57:12,2660.0,406122,14,2658.84,110256,145765,-0.007518231711894524,0
2023-07-28 10:57:13,2660.0,406214,5,2658.84,110227,145667,-0.007518231711894524,0
2023-07-28 10:57:14,2660.0,406218,4,2658.84,110223,145527,-0.007518231711894524,0
2023-07-28 10:57:15,2660.1,406224,5,2658.84,110222,145711,-0.003759115855947262,0
2023-07-28 10:57:15,2660.1,406224,5,2658.84,110222,145711,-0.003759115855947262,0
2023-07-28 10:57:16,2660.0,406287,13,2658.84,110240,145703,-0.007518231711894524,0
2023-07-28 10:57:17,2660.0,406298,11,2658.84,110190,145731,-0.007518231711894524,0
2023-07-28 10:57:17,2660.0,406300,1,2658.84,110106,145567,-0.007518231711894524,0
2023-07-28 10:57:19,2660.0,406301,1,2658.84,110105,145717,-0.007518231711894524,0
2023-07-28 10:57:20,2660.0,406303,1,2658.84,110123,145719,-0.007518231711894524,0
2023-07-28 10:57:20,2660.0,406303,1,2658.84,110203,145719,-0.007518231711894524,0
2023-07-28 10:57:20,2660.0,406303,1,2658.84,110123,145719,-0.007518231711894524,0
2023-07-28 10:57:20,2660.0,406303,1,2658.84,108623,145568,-0.007518231711894524,0
2023-07-28 10:57:20,2660.0,406303,1,2658.84,110273,145570,-0.007518231711894524,0
2023-07-28 10:57:20,2660.0,406303,1,2658.84,110273,145517,-0.007518231711894524,0
2023-07-28 10:57:20,2660.0,406303,1,2658.84,110273,145492,-0.007518231711894524,0
2023-07-28 10:57:20,2660.0,406303,1,2658.84,110273,145502,-0.007518231711894524,0
2023-07-28 10:57:20,2660.0,406303,1,2658.84,110273,145527,-0.007518231711894524,0
2023-07-28 10:57:30,2660.0,406304,1,2658.84,110302,145529,-0.007518231711894524,0
2023-07-28 10:57:30,2660.0,406304,1,2658.84,108812,145560,-0.007518231711894524,0
2023-07-28 10:57:30,2660.0,406304,2,2658.84,108812,145560,-0.007518231711894524,0
2023-07-28 10:57:32,2660.0,406313,2,2658.84,110303,145560,-0.007518231711894524,0
2023-07-28 10:57:32,2660.0,406315,2,2658.84,110301,145561,-0.007518231711894524,0
2023-07-28 10:57:32,2660.0,406315,2,2658.84,110163,145651,-0.007518231711894524,0
2023-07-28 10:57:32,2660.0,406315,15,2658.84,110163,145651,-0.007518231711894524,0
2023-07-28 10:57:35,2660.0,406333,3,2658.84,110124,145714,-0.007518231711894524,0
2023-07-28 10:57:36,2660.0,406472,11,2658.84,110134,145534,-0.007518231711894524,0
2023-07-28 10:57:36,2660.7,406472,84,2658.84,110134,145534,0.018795579279753404,0
2023-07-28 10:57:37,2660.0,406682,20,2658.84,110274,145301,-0.007518231711894524,0
2023-07-28 10:57:37,2660.0,406682,20,2658.84,110274,145301,-0.007518231711894524,0
2023-07-28 10:57:38,2660.0,406690,8,2658.84,110322,145237,-0.007518231711894524,0
2023-07-28 10:57:39,2660.0,406691,1,2658.84,110304,145241,-0.007518231711894524,0
2023-07-28 10:57:39,2660.0,406691,1,2658.84,110304,145241,-0.007518231711894524,0
2023-07-28 10:57:41,2660.15,406703,6,2658.84,110393,145195,-0.0018795579279650837,0
2023-07-28 10:57:42,2660.0,406705,2,2658.84,110376,145221,-0.007518231711894524,0
2023-07-28 10:57:42,2660.0,406705,2,2658.84,110376,145221,-0.007518231711894524,0
2023-07-28 10:57:42,2660.0,406705,2,2658.84,110307,145295,-0.007518231711894524,0
2023-07-28 10:57:42,2660.0,406705,2,2658.84,110332,145353,-0.007518231711894524,0
2023-07-28 10:57:42,2660.0,406705,2,2658.84,108832,145304,-0.007518231711894524,0
2023-07-28 10:57:46,2660.0,406706,1,2658.84,110228,145320,-0.007518231711894524,0
2023-07-28 10:57:46,2660.0,406706,2,2658.84,110228,145188,-0.007518231711894524,0
2023-07-28 10:57:47,2660.0,406709,2,2658.84,110377,145197,-0.007518231711894524,0
2023-07-28 10:57:47,2660.0,406709,2,2658.84,110385,145197,-0.007518231711894524,0
2023-07-28 10:57:49,2660.0,406711,1,2658.84,110253,145211,-0.007518231711894524,0
2023-07-28 10:57:49,2660.0,406711,1,2658.84,110223,145329,-0.007518231711894524,0
2023-07-28 10:57:49,2660.0,406711,1,2658.84,110240,145331,-0.007518231711894524,0
2023-07-28 10:57:49,2660.1,406711,1,2658.84,110240,145331,-0.003759115855947262,0
2023-07-28 10:57:49,2660.1,406711,4,2658.84,110240,145331,-0.003759115855947262,0
2023-07-28 10:57:54,2660.1,406774,2,2658.84,110296,145304,-0.003759115855947262,0
2023-07-28 10:57:54,2660.1,406774,1,2658.84,110296,145304,-0.003759115855947262,0
2023-07-28 10:57:54,2660.1,406775,1,2658.84,110295,145305,-0.003759115855947262,0
2023-07-28 10:57:54,2660.1,406775,5,2658.84,110365,145153,-0.003759115855947262,0
2023-07-28 10:57:56,2660.1,406781,1,2658.84,110359,145301,-0.003759115855947262,0
2023-07-28 10:57:56,2660.1,406781,1,2658.84,110359,145301,-0.003759115855947262,0
2023-07-28 10:57:57,2660.1,406784,1,2658.84,110378,145277,-0.003759115855947262,0
2023-07-28 10:57:58,2660.6,406786,2,2658.84,110378,145279,0.015036463423806141,0
2023-07-28 10:57:58,2660.15,406786,9,2658.84,110378,145279,-0.0018795579279650837,0
2023-07-28 10:57:59,2660.15,406837,9,2658.84,110389,145200,-0.0018795579279650837,0
2023-07-28 10:57:59,2660.15,406837,2,2658.84,110389,145200,-0.0018795579279650837,0
2023-07-28 10:58:00,2660.15,406840,2,2658.84,110456,145218,-0.0018795579279650837,0
2023-07-28 10:58:00,2660.15,406840,2,2658.84,110456,145294,-0.0018795579279650837,0
2023-07-28 10:58:00,2660.15,406840,2,2658.84,110456,145298,-0.0018795579279650837,0
2023-07-28 10:58:00,2660.15,406840,2,2658.84,110456,145250,-0.0018795579279650837,0
2023-07-28 10:58:00,2660.15,406840,2,2658.84,110456,145248,-0.0018795579279650837,0
2023-07-28 10:58:06,2660.5,406874,2,2658.84,110407,143686,0.01127734756785888,0
2023-07-28 10:58:06,2660.5,406874,7,2658.84,110407,143686,0.01127734756785888,0
2023-07-28 10:58:07,2660.5,406885,2,2658.84,110973,144868,0.01127734756785888,0
2023-07-28 10:58:07,2660.5,406885,2,2658.84,110973,145027,0.01127734756785888,0
2023-07-28 10:58:08,2660.5,406902,3,2658.84,110959,145190,0.01127734756785888,0
2023-07-28 10:58:08,2660.5,406902,1,2658.84,110959,145190,0.01127734756785888,0
2023-07-28 10:58:10,2660.7,406953,1,2658.84,110965,145147,0.018795579279753404,0
2023-07-28 10:58:10,2660.45,406991,8,2658.84,110813,145089,0.009397789639876702,0
2023-07-28 10:58:10,2660.45,406991,5,2658.84,110813,145089,0.009397789639876702,0
2023-07-28 10:58:11,2660.45,407006,5,2658.84,110792,145241,0.009397789639876702,0
2023-07-28 10:58:12,2660.45,407007,1,2658.84,110791,145089,0.009397789639876702,0
2023-07-28 10:58:12,2660.45,407007,1,2658.84,110942,145089,0.009397789639876702,0
2023-07-28 10:58:12,2660.45,407007,1,2658.84,110942,145092,0.009397789639876702,0
2023-07-28 10:58:12,2660.45,407007,1,2658.84,110791,145165,0.009397789639876702,0
2023-07-28 10:58:12,2660.7,407007,5,2658.84,111002,145107,0.018795579279753404,0
2023-07-28 10:58:12,2660.45,407007,2,2658.84,111002,145107,0.009397789639876702,0
2023-07-28 10:58:19,2660.45,407021,2,2658.84,110869,145252,0.009397789639876702,0
2023-07-28 10:58:19,2660.1,407021,7,2658.84,110869,145252,-0.003759115855947262,0
2023-07-28 10:58:20,2660.1,407082,8,2658.84,110873,145252,-0.003759115855947262,0
2023-07-28 10:58:20,2660.1,407082,2,2658.84,110873,145252,-0.003759115855947262,0
2023-07-28 10:58:21,2660.2,407126,7,2658.84,110885,145174,0.0,0
2023-07-28 10:58:22,2660.9,407171,17,2658.84,110996,145137,0.02631381099166502,0
2023-07-28 10:58:24,2660.9,407200,1,2658.84,110906,145210,0.02631381099166502,0
2023-07-28 10:58:24,2660.7,407205,5,2658.84,110901,145210,0.018795579279753404,0
2023-07-28 10:58:25,2660.7,407206,1,2658.84,110900,145055,0.018795579279753404,0
2023-07-28 10:58:25,2660.7,407206,1,2658.84,110900,145055,0.018795579279753404,0
2023-07-28 10:58:26,2660.7,407207,1,2658.84,110899,144907,0.018795579279753404,0
2023-07-28 10:58:26,2660.7,407207,1,2658.84,110894,144907,0.018795579279753404,0
2023-07-28 10:58:26,2660.9,407207,40,2658.84,110894,144907,0.02631381099166502,0
2023-07-28 10:58:29,2660.7,407255,8,2658.84,110893,145103,0.018795579279753404,0
2023-07-28 10:58:30,2660.7,407256,1,2658.84,110902,145149,0.018795579279753404,0
2023-07-28 10:58:30,2660.7,407256,1,2658.84,110902,145149,0.018795579279753404,0
2023-07-28 10:58:31,2660.7,407257,1,2658.84,110934,145151,0.018795579279753404,0
2023-07-28 10:58:31,2660.7,407257,1,2658.84,110934,145151,0.018795579279753404,0
2023-07-28 10:58:32,2660.45,407277,2,2658.84,111156,144971,0.009397789639876702,0
2023-07-28 10:58:33,2660.45,407281,2,2658.84,110953,145038,0.009397789639876702,0
2023-07-28 10:58:33,2660.45,407281,1,2658.84,110953,145038,0.009397789639876702,0
2023-07-28 10:58:33,2660.45,407282,1,2658.84,110959,145119,0.009397789639876702,0
2023-07-28 10:58:33,2660.9,407282,1,2658.84,110959,145119,0.02631381099166502,0
2023-07-28 10:58:34,2660.9,407283,1,2658.84,111108,144948,0.02631381099166502,0
2023-07-28 10:58:34,2660.9,407283,1,2658.84,110997,144950,0.02631381099166502,0
2023-07-28 10:58:37,2660.35,407331,4,2658.84,110782,144956,0.00563867378392944,0
2023-07-28 10:58:37,2660.35,407331,4,2658.84,110790,144940,0.00563867378392944,0
2023-07-28 10:58:38,2660.35,407333,2,2658.84,109137,145067,0.00563867378392944,0
2023-07-28 10:58:39,2660.35,407382,2,2658.84,110618,145095,0.00563867378392944,0
2023-07-28 10:58:40,2660.9,407431,46,2658.84,109106,144997,0.02631381099166502,0
2023-07-28 10:58:40,2660.35,407431,7,2658.84,109106,144997,0.00563867378392944,0
2023-07-28 10:58:40,2660.35,407431,1,2658.84,109106,144997,0.00563867378392944,0
2023-07-28 10:58:42,2660.35,407444,1,2658.84,109151,145089,0.00563867378392944,0
2023-07-28 10:58:42,2660.35,407444,1,2658.84,109151,145093,0.00563867378392944,0
2023-07-28 10:58:45,2660.9,407484,10,2658.84,110786,145013,0.02631381099166502,0
2023-07-28 10:58:45,2660.35,407484,8,2658.84,110786,145013,0.00563867378392944,0
2023-07-28 10:58:46,2660.35,407494,2,2658.84,110749,146015,0.00563867378392944,0
2023-07-28 10:58:47,2660.35,407497,1,2658.84,110763,146013,0.00563867378392944,0
2023-07-28 10:58:47,2660.35,407497,1,2658.84,110764,146013,0.00563867378392944,0
2023-07-28 10:58:47,2660.35,407497,1,2658.84,110709,146136,0.00563867378392944,0
2023-07-28 10:58:50,2660.35,407563,10,2658.85,110749,146099,0.00563867378392944,0
2023-07-28 10:58:51,2660.35,407565,2,2658.85,110727,146137,0.00563867378392944,0
2023-07-28 10:58:52,2660.35,407585,19,2658.85,110729,146150,0.00563867378392944,0
2023-07-28 10:58:52,2660.35,407585,4,2658.85,110729,146150,0.00563867378392944,0
2023-07-28 10:58:54,2660.35,407591,1,2658.85,110724,146054,0.00563867378392944,0
2023-07-28 10:58:54,2660.5,407591,1,2658.85,110724,146054,0.01127734756785888,0
2023-07-28 10:58:54,2660.5,407592,1,2658.85,110712,146037,0.01127734756785888,0
2023-07-28 10:58:54,2660.5,407592,1,2658.85,110567,146196,0.01127734756785888,0
2023-07-28 10:58:54,2660.35,407592,10,2658.85,110567,146196,0.00563867378392944,0
2023-07-28 10:58:57,2660.35,407604,2,2658.85,110682,146109,0.00563867378392944,0
2023-07-28 10:58:57,2660.5,407604,1,2658.85,110682,146109,0.01127734756785888,0
2023-07-28 10:58:58,2660.35,407605,1,2658.85,110569,146196,0.00563867378392944,0
2023-07-28 10:58:58,2660.35,407606,1,2658.85,110568,146179,0.00563867378392944,0
2023-07-28 10:58:58,2660.35,407606,1,2658.85,110568,146179,0.00563867378392944,0
2023-07-28 10:59:00,2660.35,407607,1,2658.85,110686,146075,0.00563867378392944,0
2023-07-28 10:59:03,2660.5,407608,1,2658.85,110598,146108,0.01127734756785888,0
2023-07-28 10:59:03,2660.5,407608,1,2658.85,110598,146178,0.01127734756785888,0
2023-07-28 10:59:03,2660.35,407608,1,2658.85,110598,146178,0.00563867378392944,0
2023-07-28 10:59:05,2660.5,407611,1,2658.85,110597,146164,0.01127734756785888,0
2023-07-28 10:59:05,2660.5,407611,1,2658.85,110597,146164,0.01127734756785888,0
2023-07-28 10:59:06,2660.35,407640,1,2658.85,110681,146139,0.00563867378392944,0
2023-07-28 10:59:06,2661.4,407640,1,2658.85,110681,146139,0.04510939027141842,0
2023-07-28 10:59:06,2660.45,407640,2,2658.85,110681,146139,0.009397789639876702,0
2023-07-28 10:59:11,2661.55,407750,10,2658.85,110893,146419,0.05074806405534787,0
2023-07-28 10:59:15,2660.5,407754,1,2658.85,110671,146797,0.01127734756785888,0
2023-07-28 10:59:15,2661.0,407754,1,2658.85,110671,146797,0.030072926847612282,0
2023-07-28 10:59:15,2660.3,407754,9,2658.85,110671,146797,0.003759115855964356,0
2023-07-28 10:59:20,2660.3,407810,9,2658.85,110668,146937,0.003759115855964356,0
2023-07-28 10:59:20,2660.3,407810,1,2658.85,110668,146937,0.003759115855964356,0
2023-07-28 10:59:20,2661.0,407810,1,2658.85,110668,146937,0.030072926847612282,0
2023-07-28 10:59:20,2661.0,407810,1,2658.85,110668,146937,0.030072926847612282,0
2023-07-28 10:59:20,2661.0,407810,1,2658.85,110668,146937,0.030072926847612282,0
2023-07-28 10:59:20,2661.0,407810,1,2658.85,110668,146937,0.030072926847612282,0
2023-07-28 10:59:21,2661.0,407817,1,2658.85,110711,146819,0.030072926847612282,0
2023-07-28 10:59:21,2660.2,407817,6,2658.85,110711,146819,0.0,0
2023-07-28 10:59:21,2660.2,407817,6,2658.85,110711,146819,0.0,0
2023-07-28 10:59:21,2660.65,407817,2,2658.85,110711,146819,0.01691602135178832,0
2023-07-28 10:59:21,2660.65,407817,2,2658.85,110711,146819,0.01691602135178832,0
2023-07-28 10:59:26,2660.65,407871,2,2658.85,110789,147067,0.01691602135178832,0
2023-07-28 10:59:26,2660.65,407871,1,2658.85,110789,147067,0.01691602135178832,0
2023-07-28 10:59:32,2660.65,407873,1,2658.85,111003,146847,0.01691602135178832,0
2023-07-28 10:59:32,2660.65,407873,6,2658.85,111003,146847,0.01691602135178832,0
2023-07-28 10:59:32,2660.65,407873,2,2658.85,111003,146847,0.01691602135178832,0
2023-07-28 10:59:35,2660.65,407930,2,2658.85,111106,146967,0.01691602135178832,0
2023-07-28 10:59:35,2661.35,407930,1,2658.85,111106,146967,0.04322983234343625,0
2023-07-28 10:59:35,2660.65,407930,1,2658.85,111106,146967,0.01691602135178832,0
2023-07-28 10:59:35,2660.65,407930,2,2658.85,111106,146967,0.01691602135178832,0
2023-07-28 10:59:40,2660.65,407944,2,2658.85,111015,147090,0.01691602135178832,0
2023-07-28 10:59:40,2661.55,407944,1,2658.85,111015,147090,0.05074806405534787,0
2023-07-28 10:59:40,2660.65,407944,29,2658.85,111015,147090,0.01691602135178832,0
2023-07-28 10:59:40,2660.65,407944,6,2658.85,111015,147090,0.01691602135178832,0
2023-07-28 10:59:46,2660.3,408274,6,2658.85,109833,147038,0.003759115855964356,0
2023-07-28 10:59:46,2660.3,408274,6,2658.85,109833,147038,0.003759115855964356,0
2023-07-28 10:59:46,2660.3,408274,2,2658.85,109833,147038,0.003759115855964356,0
2023-07-28 10:59:51,2661.4,408290,1,2658.85,111555,146851,0.04510939027141842,0
2023-07-28 10:59:51,2661.4,408290,1,2658.85,111555,146851,0.04510939027141842,0
2023-07-28 10:59:51,2661.0,408290,1,2658.85,111555,146851,0.030072926847612282,0
2023-07-28 10:59:53,2660.65,408291,50,2658.85,111246,147077,0.01691602135178832,0
2023-07-28 10:59:53,2660.6,408291,1,2658.85,111246,147077,0.015036463423806141,0
2023-07-28 10:59:53,2660.6,408291,4,2658.85,111246,147077,0.015036463423806141,0
2023-07-28 10:59:53,2660.65,408291,5,2658.85,111246,147077,0.01691602135178832,0
2023-07-28 10:59:53,2660.6,408291,2,2658.85,111246,147077,0.015036463423806141,0
2023-07-28 10:59:58,2660.6,408369,2,2658.85,111518,146888,0.015036463423806141,0
2023-07-28 10:59:58,2660.6,408369,1,2658.85,111518,146888,0.015036463423806141,0
2023-07-28 10:59:58,2660.6,408369,6,2658.85,111518,146888,0.015036463423806141,0
2023-07-28 10:59:58,2661.55,408369,1,2658.85,111518,146888,0.05074806405534787,0
2023-07-28 11:00:03,2660.6,408418,1,2658.85,111529,146943,0.015036463423806141,0
2023-07-28 11:00:03,2661.75,408418,1,2658.85,111529,146943,0.05826629576724239,0
2023-07-28 11:00:06,2661.75,408452,24,2658.85,111738,146831,0.05826629576724239,0
2023-07-28 11:00:06,2661.75,408452,24,2658.85,111738,146831,0.05826629576724239,0
2023-07-28 11:00:07,2660.65,408460,1,2658.85,111749,146760,0.01691602135178832,0
2023-07-28 11:00:07,2660.65,408460,1,2658.85,111749,146760,0.01691602135178832,0
2023-07-28 11:00:08,2660.6,408464,2,2658.85,111778,146831,0.015036463423806141,0
2023-07-28 11:00:08,2660.6,408464,2,2658.85,111808,146835,0.015036463423806141,0
2023-07-28 11:00:08,2660.6,408464,2,2658.85,111807,146835,0.015036463423806141,0
2023-07-28 11:00:08,2661.75,408464,1,2658.85,111807,146835,0.05826629576724239,0
2023-07-28 11:00:11,2662.0,408476,26,2658.85,111808,146746,0.06766408540711909,0
2023-07-28 11:00:12,2660.85,409079,4,2658.85,111795,146808,0.024434253063682843,0
2023-07-28 11:00:13,2660.85,409135,4,2658.85,111585,146934,0.024434253063682843,0
2023-07-28 11:00:13,2660.85,409135,5,2658.85,111585,146934,0.024434253063682843,0
2023-07-28 11:00:14,2661.0,409142,2,2658.85,109938,146903,0.030072926847612282,0
2023-07-28 11:00:14,2661.0,409145,2,2658.85,111245,146900,0.030072926847612282,0
2023-07-28 11:00:14,2661.0,409145,2,2658.85,111327,146782,0.030072926847612282,0
2023-07-28 11:00:14,2661.0,409145,2,2658.85,111353,146782,0.030072926847612282,0
2023-07-28 11:00:14,2661.0,409145,2,2658.85,111353,146782,0.030072926847612282,0
2023-07-28 11:00:19,2661.0,409148,1,2658.85,111221,146865,0.030072926847612282,0
2023-07-28 11:00:19,2661.0,409148,1,2658.85,111227,146787,0.030072926847612282,0
2023-07-28 11:00:19,2661.0,409148,1,2658.85,111227,146787,0.030072926847612282,0
2023-07-28 11:00:20,2661.0,409149,1,2658.85,111466,146768,0.030072926847612282,0
2023-07-28 11:00:20,2661.0,409149,1,2658.85,111379,145404,0.030072926847612282,0
2023-07-28 11:00:23,2661.0,409151,1,2658.85,111280,146986,0.030072926847612282,0
2023-07-28 11:00:23,2662.0,409151,1,2658.85,111280,146986,0.06766408540711909,0
2023-07-28 11:00:24,2661.0,409772,3,2658.86,110482,147544,0.030072926847612282,0
2023-07-28 11:00:24,2661.1,409772,5,2658.86,110482,147544,0.033832042703559544,0
2023-07-28 11:00:25,2660.0,409823,16,2658.86,110741,147279,-0.007518231711894524,0
2023-07-28 11:00:26,2661.05,409832,3,2658.86,110612,147337,0.03195248477559446,0
2023-07-28 11:00:26,2660.15,409832,1,2658.86,110612,147337,-0.0018795579279650837,0
2023-07-28 11:00:26,2660.15,409833,1,2658.86,109132,147251,-0.0018795579279650837,0
2023-07-28 11:00:26,2660.15,409833,1,2658.86,109132,147251,-0.0018795579279650837,0
2023-07-28 11:00:27,2660.15,409834,1,2658.86,110705,147170,-0.0018795579279650837,0
2023-07-28 11:00:28,2661.05,409836,1,2658.86,110768,147168,0.03195248477559446,0
2023-07-28 11:00:28,2661.05,409836,1,2658.86,110677,147297,0.03195248477559446,0
2023-07-28 11:00:28,2661.05,409836,1,2658.86,110657,147297,0.03195248477559446,0
2023-07-28 11:00:32,2660.15,409837,1,2658.86,110686,147282,-0.0018795579279650837,0
2023-07-28 11:00:32,2660.15,409837,1,2658.86,109350,147281,-0.0018795579279650837,0
2023-07-28 11:00:32,2660.2,409837,8,2658.86,109350,147281,0.0,0
2023-07-28 11:00:34,2660.2,409921,5,2658.86,110832,147331,0.0,0
2023-07-28 11:00:34,2661.05,409921,7,2658.86,110832,147331,0.03195248477559446,0
2023-07-28 11:00:35,2660.2,409933,8,2658.86,110738,147332,0.0,0
2023-07-28 11:00:36,2660.2,410178,22,2658.86,110688,147211,0.0,0
2023-07-28 11:00:36,2660.2,410178,3,2658.86,110688,147211,0.0,0
2023-07-28 11:00:37,2660.15,410193,12,2658.86,110685,147187,-0.0018795579279650837,0
2023-07-28 11:00:38,2660.15,410196,1,2658.86,110681,147197,-0.0018795579279650837,0
2023-07-28 11:00:38,2660.2,410196,5,2658.86,110681,147197,0.0,0
2023-07-28 11:00:39,2660.2,410202,1,2658.86,110717,147134,0.0,0
2023-07-28 11:00:40,2660.0,410208,1,2658.86,110715,147176,-0.007518231711894524,0
2023-07-28 11:00:40,2660.0,410208,2,2658.86,110715,147176,-0.007518231711894524,0
2023-07-28 11:00:40,2660.0,410210,2,2658.86,110713,147178,-0.007518231711894524,0
2023-07-28 11:00:40,2660.0,410210,2,2658.86,109230,147193,-0.007518231711894524,0
2023-07-28 11:00:40,2660.0,410210,2,2658.86,109219,147230,-0.007518231711894524,0
2023-07-28 11:00:44,2660.2,410220,10,2658.86,110715,147180,0.0,0
2023-07-28 11:00:44,2660.0,410220,2,2658.86,110715,147180,-0.007518231711894524,0
2023-07-28 11:00:44,2660.0,410220,1,2658.86,110715,147180,-0.007518231711894524,0
2023-07-28 11:00:45,2660.0,410224,1,2658.86,110708,147139,-0.007518231711894524,0
2023-07-28 11:00:47,2660.0,410248,4,2658.86,110804,147190,-0.007518231711894524,0
2023-07-28 11:00:47,2660.0,410248,5,2658.86,110804,147190,-0.007518231711894524,0
2023-07-28 11:00:48,2660.0,410434,4,2658.86,110894,146969,-0.007518231711894524,0
2023-07-28 11:00:48,2660.2,410434,7,2658.86,110894,146969,0.0,0
2023-07-28 11:00:49,2660.0,410458,9,2658.86,110721,147093,-0.007518231711894524,0
2023-07-28 11:00:49,2660.0,410458,9,2658.86,110721,147093,-0.007518231711894524,0
2023-07-28 11:00:49,2660.0,410458,2,2658.86,110721,147093,-0.007518231711894524,0
2023-07-28 11:00:50,2660.0,410470,2,2658.86,110730,147122,-0.007518231711894524,0
2023-07-28 11:00:50,2660.2,410470,1,2658.86,110730,147122,0.0,0
2023-07-28 11:00:52,2660.0,410481,10,2658.86,109720,146151,-0.007518231711894524,0
2023-07-28 11:00:53,2660.2,410527,19,2658.86,109834,146061,0.0,0
2023-07-28 11:00:53,2660.1,410527,9,2658.86,109834,146061,-0.003759115855947262,0
2023-07-28 11:00:54,2660.1,410632,18,2658.86,108206,146175,-0.003759115855947262,0
2023-07-28 11:00:54,2660.1,410632,3,2658.86,108206,146175,-0.003759115855947262,0
2023-07-28 11:00:55,2660.1,410657,4,2658.86,109782,146095,-0.003759115855947262,0
2023-07-28 11:00:55,2660.1,410657,4,2658.86,109782,146095,-0.003759115855947262,0
2023-07-28 11:00:56,2660.1,410663,2,2658.86,109836,145988,-0.003759115855947262,0
2023-07-28 11:00:56,2660.1,410663,2,2658.86,109836,146129,-0.003759115855947262,0
2023-07-28 11:00:56,2660.1,410663,12,2658.86,109836,146129,-0.003759115855947262,0
2023-07-28 11:00:58,2660.1,410699,6,2658.86,109818,146191,-0.003759115855947262,0
2023-07-28 11:00:59,2661.15,410702,1,2658.86,109816,146127,0.035711600631541725,0
2023-07-28 11:01:01,2660.1,410709,1,2658.86,109851,146145,-0.003759115855947262,0
2023-07-28 11:01:02,2660.4,410710,1,2658.86,109958,146145,0.007518231711911618,0
2023-07-28 11:01:03,2660.0,410788,13,2658.86,109982,146076,-0.007518231711894524,0
2023-07-28 11:01:03,2660.65,410788,4,2658.86,109982,146076,0.01691602135178832,0
2023-07-28 11:01:03,2660.65,410798,4,2658.86,110034,146006,0.01691602135178832,0
2023-07-28 11:01:04,2660.0,410905,18,2658.86,110025,146042,-0.007518231711894524,0
2023-07-28 11:01:04,2660.05,410905,3,2658.86,110025,146042,-0.005638673783912345,0
2023-07-28 11:01:05,2660.05,410995,3,2658.86,109966,146107,-0.005638673783912345,0
2023-07-28 11:01:05,2660.05,410995,1,2658.86,109966,146107,-0.005638673783912345,0
2023-07-28 11:01:06,2660.05,411010,1,2658.86,109861,146086,-0.005638673783912345,0
2023-07-28 11:01:07,2661.1,411013,1,2658.86,109836,146065,0.033832042703559544,0
2023-07-28 11:01:07,2661.1,411013,1,2658.86,109836,146065,0.033832042703559544,0
2023-07-28 11:01:09,2661.25,411015,1,2658.86,110098,146037,0.03947071648748898,0
2023-07-28 11:01:09,2660.1,411015,5,2658.86,110098,146037,-0.003759115855947262,0
2023-07-28 11:01:09,2660.1,411040,5,2658.86,109919,146161,-0.003759115855947262,0
2023-07-28 11:01:09,2661.25,411040,1,2658.86,109919,146161,0.03947071648748898,0
2023-07-28 11:01:10,2661.25,411042,1,2658.86,109982,146190,0.03947071648748898,0
2023-07-28 11:01:11,2661.0,411043,1,2658.86,109895,146190,0.030072926847612282,0
2023-07-28 11:01:11,2661.0,411043,1,2658.86,109895,146180,0.030072926847612282,0
2023-07-28 11:01:11,2661.0,411043,1,2658.86,109895,146167,0.030072926847612282,0
2023-07-28 11:01:15,2661.0,411046,1,2658.86,109904,146188,0.030072926847612282,0
2023-07-28 11:01:15,2660.1,411046,12,2658.86,109904,146188,-0.003759115855947262,0
2023-07-28 11:01:16,2660.1,411116,12,2658.86,110036,146074,-0.003759115855947262,0
2023-07-28 11:01:16,2660.1,411116,2,2658.86,110036,146074,-0.003759115855947262,0
2023-07-28 11:01:16,2660.1,411118,1,2658.86,110034,146074,-0.003759115855947262,0
2023-07-28 11:01:17,2660.1,411119,1,2658.86,110053,146076,-0.003759115855947262,0
2023-07-28 11:01:17,2661.0,411119,1,2658.86,110053,146076,0.030072926847612282,0
2023-07-28 11:01:18,2661.0,411120,1,2658.86,110035,146073,0.030072926847612282,0
2023-07-28 11:01:18,2660.1,411120,2,2658.86,110035,146073,-0.003759115855947262,0
2023-07-28 11:01:19,2660.05,411124,1,2658.86,110052,146048,-0.005638673783912345,0
2023-07-28 11:01:20,2660.05,411127,1,2658.86,110192,145992,-0.005638673783912345,0
2023-07-28 11:01:20,2660.05,411127,6,2658.86,110192,145992,-0.005638673783912345,0
2023-07-28 11:01:21,2660.05,411133,6,2658.86,110040,145970,-0.005638673783912345,0
2023-07-28 11:01:23,2660.1,411136,1,2658.86,110021,146115,-0.003759115855947262,0
2023-07-28 11:01:23,2660.1,411136,1,2658.86,110145,145993,-0.003759115855947262,0
2023-07-28 11:01:23,2660.1,411136,1,2658.86,110160,146013,-0.003759115855947262,0
2023-07-28 11:01:23,2660.1,411136,1,2658.86,110160,146013,-0.003759115855947262,0
2023-07-28 11:01:25,2660.1,411137,1,2658.86,110163,146013,-0.003759115855947262,0
2023-07-28 11:01:25,2660.1,411137,1,2658.86,110123,146257,-0.003759115855947262,0
2023-07-28 11:01:28,2661.0,411183,40,2658.86,110152,146201,0.030072926847612282,0
2023-07-28 11:01:28,2660.1,411183,3,2658.86,110152,146201,-0.003759115855947262,0
2023-07-28 11:01:28,2660.1,411194,3,2658.86,110159,146155,-0.003759115855947262,0
2023-07-28 11:01:28,2660.1,411194,2,2658.86,110159,146155,-0.003759115855947262,0
2023-07-28 11:01:29,2661.0,411196,3,2658.86,110162,146249,0.030072926847612282,0
2023-07-28 11:01:31,2660.1,411200,1,2658.86,110205,146247,-0.003759115855947262,0
2023-07-28 11:01:32,2661.0,411201,1,2658.86,110077,146330,0.030072926847612282,0
2023-07-28 11:01:33,2660.1,411203,2,2658.86,110449,146170,-0.003759115855947262,0
2023-07-28 11:01:34,2660.1,411205,1,2658.86,110274,146374,-0.003759115855947262,0
2023-07-28 11:01:34,2660.1,411205,1,2658.86,110274,146374,-0.003759115855947262,0
2023-07-28 11:01:35,2660.1,411206,1,2658.86,110291,146257,-0.003759115855947262,0
2023-07-28 11:01:35,2660.1,411206,1,2658.86,110291,146287,-0.003759115855947262,0
2023-07-28 11:01:38,2660.1,411266,10,2658.86,110167,146288,-0.003759115855947262,0
2023-07-28 11:01:39,2660.1,411268,2,2658.86,110171,146290,-0.003759115855947262,0
2023-07-28 11:01:39,2660.1,411268,2,2658.86,110186,146269,-0.003759115855947262,0
2023-07-28 11:01:39,2660.1,411268,1,2658.86,110186,146269,-0.003759115855947262,0
2023-07-28 11:01:41,2660.1,411272,1,2658.86,110220,146063,-0.003759115855947262,0
2023-07-28 11:01:42,2660.1,411273,1,2658.86,108740,146029,-0.003759115855947262,0
2023-07-28 11:01:42,2660.1,411273,1,2658.86,108593,146179,-0.003759115855947262,0
2023-07-28 11:01:42,2660.1,411273,1,2658.86,110054,146222,-0.003759115855947262,0
2023-07-28 11:01:42,2660.95,411273,1,2658.86,110200,146070,0.028193368919630105,0
2023-07-28 11:01:46,2660.1,411279,1,2658.86,110052,146071,-0.003759115855947262,0
2023-07-28 11:01:47,2660.1,411283,1,2658.86,110050,146195,-0.003759115855947262,0
2023-07-28 11:01:47,2660.1,411283,1,2658.86,110120,146287,-0.003759115855947262,0
2023-07-28 11:01:47,2660.1,411283,1,2658.86,110146,146135,-0.003759115855947262,0
2023-07-28 11:01:47,2660.1,411283,1,2658.86,110026,146182,-0.003759115855947262,0
2023-07-28 11:01:47,2660.1,411283,1,2658.86,110195,146182,-0.003759115855947262,0
2023-07-28 11:01:47,2660.1,411283,1,2658.86,110050,146355,-0.003759115855947262,0
2023-07-28 11:01:47,2660.1,411283,27,2658.86,110050,146355,-0.003759115855947262,0
2023-07-28 11:01:53,2660.1,411328,8,2658.86,110197,146196,-0.003759115855947262,0
2023-07-28 11:01:53,2660.1,411328,1,2658.86,110197,146196,-0.003759115855947262,0
2023-07-28 11:01:54,2660.1,411330,1,2658.86,110196,145770,-0.003759115855947262,0
2023-07-28 11:01:54,2660.1,411330,1,2658.86,110196,145770,-0.003759115855947262,0
2023-07-28 11:01:56,2660.95,411334,2,2658.86,110468,144362,0.028193368919630105,0
2023-07-28 11:01:57,2660.95,411343,8,2658.86,110467,145769,0.028193368919630105,0
2023-07-28 11:01:57,2660.95,411343,2,2658.86,110467,145769,0.028193368919630105,0
2023-07-28 11:01:57,2660.95,411345,2,2658.86,110255,145886,0.028193368919630105,0
2023-07-28 11:01:57,2660.95,411345,2,2658.86,109992,145902,0.028193368919630105,0
2023-07-28 11:01:57,2660.95,411345,11,2658.86,109992,145902,0.028193368919630105,0
2023-07-28 11:02:00,2660.65,411427,14,2658.86,108466,145913,0.01691602135178832,0
2023-07-28 11:02:01,2660.65,411430,3,2658.86,109915,145938,0.01691602135178832,0
2023-07-28 11:02:02,2660.65,411431,1,2658.86,109307,145779,0.01691602135178832,0
2023-07-28 11:02:03,2660.65,411432,1,2658.86,110004,145927,0.01691602135178832,0
2023-07-28 11:02:03,2660.65,411432,1,2658.86,110004,145932,0.01691602135178832,0
2023-07-28 11:02:03,2660.25,411432,10,2658.86,110004,145932,0.001879557927982178,0
2023-07-28 11:02:06,2660.25,411456,4,2658.86,109781,146076,0.001879557927982178,0
2023-07-28 11:02:06,2660.25,411456,1,2658.86,109781,146076,0.001879557927982178,0
2023-07-28 11:02:06,2660.2,411456,6,2658.86,109781,146076,0.0,0
2023-07-28 11:02:06,2660.95,411456,22,2658.86,109781,146076,0.028193368919630105,0
2023-07-28 11:02:06,2660.2,411456,10,2658.86,109781,146076,0.0,0
2023-07-28 11:02:09,2660.2,411528,10,2658.86,109829,146069,0.0,0
2023-07-28 11:02:09,2660.3,411528,2,2658.86,109829,146069,0.003759115855964356,0
2023-07-28 11:02:09,2660.3,411528,1,2658.86,109829,146069,0.003759115855964356,0
2023-07-28 11:02:09,2660.95,411528,5,2658.86,109829,146069,0.028193368919630105,0
2023-07-28 11:02:09,2660.3,411528,2,2658.86,109829,146069,0.003759115855964356,0
2023-07-28 11:02:09,2660.3,411528,1,2658.86,109829,146069,0.003759115855964356,0
2023-07-28 11:02:09,2660.95,411528,1,2658.86,109829,146069,0.028193368919630105,0
2023-07-28 11:02:16,2660.3,411547,12,2658.86,109912,145948,0.003759115855964356,0
2023-07-28 11:02:16,2660.65,411547,4,2658.86,109912,145948,0.01691602135178832,0
2023-07-28 11:02:16,2660.95,411547,10,2658.86,109912,145948,0.028193368919630105,0
2023-07-28 11:02:16,2660.95,411547,10,2658.86,109912,145948,0.028193368919630105,0
2023-07-28 11:02:16,2660.3,411547,3,2658.86,109912,145948,0.003759115855964356,0
2023-07-28 11:02:23,2660.3,411672,1,2658.86,110130,145918,0.003759115855964356,0
2023-07-28 11:02:23,2660.3,411672,2,2658.86,110130,145918,0.003759115855964356,0
2023-07-28 11:02:23,2660.3,411672,2,2658.86,110130,145918,0.003759115855964356,0
2023-07-28 11:02:23,2660.3,411672,2,2658.86,110130,145918,0.003759115855964356,0
2023-07-28 11:02:23,2660.3,411672,2,2658.86,110130,145918,0.003759115855964356,0
2023-07-28 11:02:23,2660.3,411672,3,2658.86,110130,145918,0.003759115855964356,0
2023-07-28 11:02:28,2660.3,411800,3,2658.86,109088,146184,0.003759115855964356,0
2023-07-28 11:02:28,2660.6,411800,6,2658.86,109088,146184,0.015036463423806141,0
2023-07-28 11:02:28,2660.25,411800,5,2658.86,109088,146184,0.001879557927982178,0
2023-07-28 11:02:28,2660.25,411800,1,2658.86,109088,146184,0.001879557927982178,0
2023-07-28 11:02:28,2660.6,411800,10,2658.86,109088,146184,0.015036463423806141,0
2023-07-28 11:02:32,2660.25,411853,2,2658.86,109737,146220,0.001879557927982178,0
2023-07-28 11:02:32,2660.25,411853,1,2658.86,109737,146220,0.001879557927982178,0
2023-07-28 11:02:33,2660.25,411856,1,2658.86,109713,146012,0.001879557927982178,0
2023-07-28 11:02:33,2660.3,411856,1,2658.86,109713,146012,0.003759115855964356,0
2023-07-28 11:02:33,2660.25,411856,1,2658.86,109713,146012,0.001879557927982178,0
2023-07-28 11:02:40,2660.25,411858,1,2658.86,109727,146056,0.001879557927982178,0
2023-07-28 11:02:40,2660.25,411858,2,2658.86,109727,146056,0.001879557927982178,0
2023-07-28 11:02:40,2660.25,411858,10,2658.86,109727,146056,0.001879557927982178,0
2023-07-28 11:02:40,2660.25,411858,3,2658.86,109727,146056,0.001879557927982178,0
2023-07-28 11:02:40,2660.3,411858,1,2658.86,109727,146056,0.003759115855964356,0
2023-07-28 11:02:45,2660.3,411929,1,2658.86,109845,145900,0.003759115855964356,0
2023-07-28 11:02:45,2660.3,411929,1,2658.86,109845,145900,0.003759115855964356,0
2023-07-28 11:02:45,2660.25,411929,1,2658.86,109845,145900,0.001879557927982178,0
2023-07-28 11:02:45,2660.25,411929,1,2658.86,109845,145900,0.001879557927982178,0
2023-07-28 11:02:48,2660.3,411963,1,2658.86,109796,145913,0.003759115855964356,0
2023-07-28 11:02:48,2660.25,411963,1,2658.86,109796,145913,0.001879557927982178,0
2023-07-28 11:02:48,2660.3,411963,3,2658.86,109796,145913,0.003759115855964356,0
2023-07-28 11:02:54,2660.2,412079,4,2658.86,110019,145455,0.0,0
2023-07-28 11:02:54,2660.2,412079,3,2658.86,110019,145455,0.0,0
2023-07-28 11:02:55,2660.2,412092,3,2658.86,109820,145656,0.0,0
2023-07-28 11:02:55,2660.25,412092,1,2658.86,109820,145656,0.001879557927982178,0
2023-07-28 11:02:55,2660.2,412092,1,2658.86,109820,145656,0.0,0
2023-07-28 11:02:55,2660.2,412092,1,2658.86,109820,145656,0.0,0
2023-07-28 11:02:55,2660.2,412092,1,2658.86,109820,145656,0.0,0
2023-07-28 11:03:00,2660.2,412099,10,2658.86,109891,145617,0.0,0
2023-07-28 11:03:00,2660.2,412099,2,2658.86,109891,145617,0.0,0
2023-07-28 11:03:00,2660.2,412099,1,2658.86,109891,145617,0.0,0
2023-07-28 11:03:00,2660.25,412099,1,2658.86,109891,145617,0.001879557927982178,0
2023-07-28 11:03:00,2660.25,412099,1,2658.86,109891,145617,0.001879557927982178,0
2023-07-28 11:03:05,2660.25,412164,1,2658.87,110032,145638,0.001879557927982178,0
2023-07-28 11:03:05,2660.4,412164,6,2658.87,110032,145638,0.007518231711911618,0
2023-07-28 11:03:05,2660.25,412164,1,2658.87,110032,145638,0.001879557927982178,0
2023-07-28 11:03:05,2660.3,412164,1,2658.87,110032,145638,0.003759115855964356,0
2023-07-28 11:03:05,2660.4,412164,3,2658.87,110032,145638,0.007518231711911618,0
2023-07-28 11:03:11,2662.05,414955,5,2658.89,110298,145570,0.06954364333510127,0
2023-07-28 11:03:11,2660.65,414955,15,2658.89,110298,145570,0.01691602135178832,0
2023-07-28 11:03:11,2660.25,414955,44,2658.89,110298,145570,0.001879557927982178,0
2023-07-28 11:03:11,2660.3,414955,9,2658.89,110298,145570,0.003759115855964356,0
2023-07-28 11:03:11,2660.2,414955,33,2658.89,110298,145570,0.0,0
2023-07-28 11:03:15,2660.05,416101,13,2658.89,110292,146093,-0.005638673783912345,0
2023-07-28 11:03:15,2660.0,416101,11,2658.89,110292,146093,-0.007518231711894524,0
2023-07-28 11:03:15,2660.0,416101,40,2658.89,110292,146093,-0.007518231711894524,0
2023-07-28 11:03:15,2660.0,416101,8,2658.89,110292,146093,-0.007518231711894524,0
2023-07-28 11:03:15,2662.9,416101,11,2658.89,110292,146093,0.10149612811067864,0
2023-07-28 11:03:19,2660.7,419286,23,2658.91,110912,146107,0.018795579279753404,0
2023-07-28 11:03:19,2660.7,419286,41,2658.91,110912,146107,0.018795579279753404,0
2023-07-28 11:03:19,2660.15,419286,11,2658.91,110912,146107,-0.0018795579279650837,0
2023-07-28 11:03:19,2660.7,419286,1,2658.91,110912,146107,0.018795579279753404,0
2023-07-28 11:03:19,2660.15,419286,8,2658.91,110912,146107,-0.0018795579279650837,0
2023-07-28 11:03:23,2660.05,419821,133,2658.91,110471,144737,-0.005638673783912345,0
2023-07-28 11:03:23,2660.05,419821,3,2658.91,110471,144737,-0.005638673783912345,0
2023-07-28 11:03:23,2660.05,419821,1,2658.91,110471,144737,-0.005638673783912345,0
2023-07-28 11:03:23,2660.05,419821,7,2658.91,110471,144737,-0.005638673783912345,0
2023-07-28 11:03:27,2660.0,420136,23,2658.91,110407,146106,-0.007518231711894524,0
2023-07-28 11:03:27,2660.05,420136,1,2658.91,110407,146106,-0.005638673783912345,0
2023-07-28 11:03:27,2660.0,420136,22,2658.91,110407,146106,-0.007518231711894524,0
2023-07-28 11:03:27,2660.0,420136,1,2658.91,110407,146106,-0.007518231711894524,0
2023-07-28 11:03:32,2660.0,420201,1,2658.91,110233,146035,-0.007518231711894524,0
2023-07-28 11:03:32,2660.0,420201,1,2658.91,110233,146035,-0.007518231711894524,0
2023-07-28 11:03:32,2660.0,420201,4,2658.91,110233,146035,-0.007518231711894524,0
2023-07-28 11:03:32,2660.0,420201,1,2658.91,110233,146035,-0.007518231711894524,0
2023-07-28 11:03:32,2660.95,420201,23,2658.91,110233,146035,0.028193368919630105,0
2023-07-28 11:03:36,2660.45,422970,4,2658.93,110605,146141,0.009397789639876702,0
2023-07-28 11:03:36,2660.15,422970,7,2658.93,110605,146141,-0.0018795579279650837,0
2023-07-28 11:03:36,2660.0,422970,35,2658.93,110605,146141,-0.007518231711894524,0
2023-07-28 11:03:40,2660.15,423437,14,2658.93,110520,146020,-0.0018795579279650837,0
2023-07-28 11:03:40,2660.15,423437,5,2658.93,110520,146020,-0.0018795579279650837,0
2023-07-28 11:03:40,2660.7,423437,11,2658.93,110520,146020,0.018795579279753404,0
2023-07-28 11:03:40,2660.5,423437,34,2658.93,110520,146020,0.01127734756785888,0
2023-07-28 11:03:40,2660.0,423437,74,2658.93,110520,146020,-0.007518231711894524,0
2023-07-28 11:03:40,2660.0,423437,23,2658.93,110520,146020,-0.007518231711894524,0
2023-07-28 11:03:40,2660.0,423437,7,2658.93,110520,146020,-0.007518231711894524,0
2023-07-28 11:03:40,2660.0,423437,4,2658.93,110520,146020,-0.007518231711894524,0
2023-07-28 11:03:48,2660.8,427380,12,2658.95,110627,146104,0.02255469513571776,0
2023-07-28 11:03:48,2660.45,427380,21,2658.95,110627,146104,0.009397789639876702,0
2023-07-28 11:03:48,2660.05,427380,43,2658.95,110627,146104,-0.005638673783912345,0
2023-07-28 11:03:48,2661.45,427380,1,2658.95,110627,146104,0.046988948199383505,0
2023-07-28 11:03:52,2661.2,430578,29,2658.97,110806,145767,0.03759115855950681,0
2023-07-28 11:03:52,2660.5,430578,5,2658.97,110806,145767,0.01127734756785888,0
2023-07-28 11:03:52,2660.05,430578,8,2658.97,110806,145767,-0.005638673783912345,0
2023-07-28 11:03:52,2660.3,430578,14,2658.97,110806,145767,0.003759115855964356,0
2023-07-28 11:03:52,2660.75,430578,11,2658.97,110806,145767,0.020675137207735582,0
2023-07-28 11:03:56,2660.7,431893,4,2658.97,110460,146068,0.018795579279753404,0
2023-07-28 11:03:56,2660.7,431893,1,2658.97,110460,146068,0.018795579279753404,0
2023-07-28 11:03:56,2660.7,431893,4,2658.97,110460,146068,0.018795579279753404,0
2023-07-28 11:03:56,2660.2,431893,3,2658.97,110460,146068,0.0,0
2023-07-28 11:04:00,2660.2,431932,4,2658.97,108882,146141,0.0,0
2023-07-28 11:04:00,2660.7,431932,32,2658.97,108882,146141,0.018795579279753404,0
2023-07-28 11:04:00,2660.1,431932,1,2658.97,108882,146141,-0.003759115855947262,0
2023-07-28 11:04:04,2660.1,432014,2,2658.97,111496,146195,-0.003759115855947262,0
2023-07-28 11:04:04,2660.1,432014,2,2658.97,111496,146195,-0.003759115855947262,0
2023-07-28 11:04:04,2660.1,432014,1,2658.97,111496,146195,-0.003759115855947262,0
2023-07-28 11:04:05,2660.1,432015,1,2658.97,111522,146232,-0.003759115855947262,0
2023-07-28 11:04:06,2660.1,432016,1,2658.97,111936,146053,-0.003759115855947262,0
2023-07-28 11:04:06,2662.85,432016,62,2658.97,111936,146053,0.09961657018269646,0
2023-07-28 11:04:08,2660.7,434961,1,2658.99,111422,145935,0.018795579279753404,0
2023-07-28 11:04:09,2660.2,435114,21,2658.99,111879,145926,0.0,0
2023-07-28 11:04:09,2660.2,435114,21,2658.99,111879,145926,0.0,0
2023-07-28 11:04:10,2660.15,435145,1,2658.99,111633,146129,-0.0018795579279650837,0
2023-07-28 11:04:10,2660.15,435145,4,2658.99,111633,146129,-0.0018795579279650837,0
2023-07-28 11:04:11,2660.1,435151,1,2658.99,111769,146038,-0.003759115855947262,0
2023-07-28 11:04:12,2660.1,435165,3,2658.99,111745,146042,-0.003759115855947262,0
2023-07-28 11:04:12,2660.1,435165,3,2658.99,111568,146113,-0.003759115855947262,0
2023-07-28 11:04:12,2660.7,435165,5,2658.99,111568,146113,0.018795579279753404,0
2023-07-28 11:04:14,2660.1,435171,1,2658.99,111736,146007,-0.003759115855947262,0
2023-07-28 11:04:14,2660.1,435171,1,2658.99,111779,146007,-0.003759115855947262,0
2023-07-28 11:04:14,2661.05,435171,43,2658.99,111779,146007,0.03195248477559446,0
2023-07-28 11:04:15,2661.05,438196,43,2659.01,112043,145478,0.03195248477559446,0
2023-07-28 11:04:15,2661.0,438196,8,2659.01,112043,145478,0.030072926847612282,0
2023-07-28 11:04:17,2660.45,439080,12,2659.01,111429,145929,0.009397789639876702,0
2023-07-28 11:04:18,2660.45,439115,40,2659.01,111650,145894,0.009397789639876702,0
2023-07-28 11:04:19,2660.4,439182,9,2659.01,111584,145945,0.007518231711911618,0
2023-07-28 11:04:20,2660.3,439187,1,2659.01,109622,144372,0.003759115855964356,0
2023-07-28 11:04:21,2660.0,439188,1,2659.01,111361,145615,-0.007518231711894524,0
2023-07-28 11:04:21,2660.0,439188,1,2659.01,111470,145740,-0.007518231711894524,0
2023-07-28 11:04:21,2660.0,439188,1,2659.01,111480,145596,-0.007518231711894524,0
2023-07-28 11:04:21,2662.4,439188,17,2659.01,111480,145596,0.08270054883092523,0
2023-07-28 11:04:24,2661.0,442199,1,2659.03,111808,145502,0.030072926847612282,0
2023-07-28 11:04:25,2660.1,442319,1,2659.03,111566,145586,-0.003759115855947262,0
2023-07-28 11:04:26,2660.1,442325,5,2659.03,111570,145606,-0.003759115855947262,0
2023-07-28 11:04:27,2660.4,442328,1,2659.03,111560,145562,0.007518231711911618,0
2023-07-28 11:04:27,2660.4,442328,1,2659.03,111616,145513,0.007518231711911618,0
2023-07-28 11:04:29,2660.25,442356,5,2659.03,107422,145541,0.001879557927982178,0
2023-07-28 11:04:30,2660.2,442357,1,2659.03,111606,145524,0.0,0
2023-07-28 11:04:32,2660.4,442358,1,2659.03,111498,145706,0.007518231711911618,0
2023-07-28 11:04:32,2660.4,442358,1,2659.03,111839,145898,0.007518231711911618,0
2023-07-28 11:04:32,2660.4,442358,1,2659.03,111812,145748,0.007518231711911618,0
2023-07-28 11:04:32,2660.4,442358,1,2659.03,111813,145895,0.007518231711911618,0
2023-07-28 11:04:32,2660.2,442358,45,2659.03,111813,145895,0.0,0
2023-07-28 11:04:36,2660.2,442412,11,2659.03,111795,145857,0.0,0
2023-07-28 11:04:37,2660.2,442425,2,2659.03,109270,145738,0.0,0
2023-07-28 11:04:37,2660.2,442425,2,2659.03,109270,145738,0.0,0
2023-07-28 11:04:38,2660.2,442426,1,2659.03,111828,145748,0.0,0
2023-07-28 11:04:39,2660.1,445451,21,2659.05,110794,143513,-0.003759115855947262,0
2023-07-28 11:04:39,2661.05,445451,2,2659.05,110794,143513,0.03195248477559446,0
2023-07-28 11:04:41,2660.0,445559,22,2659.05,111975,145225,-0.007518231711894524,0
2023-07-28 11:04:42,2660.0,445585,4,2659.05,111907,143835,-0.007518231711894524,0
2023-07-28 11:04:43,2660.1,445586,1,2659.05,112383,145255,-0.003759115855947262,0
2023-07-28 11:04:44,2660.15,445587,1,2659.05,112158,145255,-0.0018795579279650837,0
2023-07-28 11:04:44,2660.15,445587,1,2659.05,112171,145255,-0.0018795579279650837,0
2023-07-28 11:04:44,2660.55,445587,13,2659.05,112168,145256,0.013156905495841057,0
2023-07-28 11:04:48,2660.5,450153,5,2659.07,112546,144921,0.01127734756785888,0
2023-07-28 11:04:49,2660.5,450306,5,2659.07,112537,145269,0.01127734756785888,0
2023-07-28 11:04:49,2660.5,450306,5,2659.07,112537,145269,0.01127734756785888,0
2023-07-28 11:04:50,2660.5,450342,1,2659.07,112509,145391,0.01127734756785888,0
2023-07-28 11:04:50,2660.5,450342,1,2659.07,112509,145389,0.01127734756785888,0
2023-07-28 11:04:50,2661.9,450342,1,2659.07,112509,145389,0.06390496955117182,0
2023-07-28 11:04:51,2661.9,450344,1,2659.07,112569,145270,0.06390496955117182,0
2023-07-28 11:04:52,2660.75,450345,1,2659.07,113189,145247,0.020675137207735582,0
2023-07-28 11:04:52,2660.75,450345,1,2659.07,113201,145229,0.020675137207735582,0
2023-07-28 11:04:52,2661.9,450345,3,2659.07,113201,145229,0.06390496955117182,0
2023-07-28 11:04:55,2660.75,450379,6,2659.07,113195,145231,0.020675137207735582,0
2023-07-28 11:04:55,2660.75,450379,6,2659.07,113195,145231,0.020675137207735582,0
2023-07-28 11:04:56,2660.7,450380,1,2659.07,113087,145274,0.018795579279753404,0
2023-07-28 11:04:56,2660.7,450380,1,2659.07,113087,145274,0.018795579279753404,0
2023-07-28 11:04:56,2660.7,450380,1,2659.07,113090,145323,0.018795579279753404,0
2023-07-28 11:04:58,2664.0,452880,70,2659.1,111258,144382,0.1428464025261327,0
2023-07-28 11:04:58,2661.9,452880,7,2659.1,111258,144382,0.06390496955117182,0
2023-07-28 11:04:59,2660.75,453752,4,2659.1,113449,144719,0.020675137207735582,0
2023-07-28 11:05:00,2660.85,453891,8,2659.1,113379,144691,0.024434253063682843,0
2023-07-28 11:05:02,2660.85,453924,3,2659.1,113321,144736,0.024434253063682843,0
2023-07-28 11:05:03,2660.65,453927,1,2659.1,113265,145174,0.01691602135178832,0
2023-07-28 11:05:03,2661.7,453927,1,2659.1,113265,145174,0.05638673783926021,0
2023-07-28 11:05:04,2661.65,453960,13,2659.1,113364,145127,0.054507179911295126,0
2023-07-28 11:05:04,2660.65,453960,6,2659.1,113364,145127,0.01691602135178832,0
2023-07-28 11:05:05,2660.65,453969,2,2659.1,113329,145204,0.01691602135178832,0
2023-07-28 11:05:06,2660.6,453975,1,2659.1,113370,145094,0.015036463423806141,0
2023-07-28 11:05:06,2660.6,453975,1,2659.1,113358,145075,0.015036463423806141,0
2023-07-28 11:05:06,2660.6,453975,599,2659.1,113358,145075,0.015036463423806141,0
2023-07-28 11:05:08,2661.45,457229,11,2659.12,113254,144137,0.046988948199383505,0
2023-07-28 11:05:09,2660.85,458190,79,2659.12,109366,144757,0.024434253063682843,0
2023-07-28 11:05:10,2660.3,458393,8,2659.12,112619,143071,0.003759115855964356,0
2023-07-28 11:05:10,2660.3,458393,8,2659.12,112619,143071,0.003759115855964356,0
2023-07-28 11:05:12,2660.75,458569,8,2659.12,112510,144503,0.020675137207735582,0
2023-07-28 11:05:13,2660.6,458598,1,2659.12,113438,144497,0.015036463423806141,0
2023-07-28 11:05:13,2660.9,458598,11,2659.12,113438,144497,0.02631381099166502,0
2023-07-28 11:05:14,2660.8,458640,5,2659.12,113423,144369,0.02255469513571776,0
2023-07-28 11:05:15,2660.8,458648,5,2659.12,113035,144571,0.02255469513571776,0
2023-07-28 11:05:15,2661.1,458648,1,2659.12,113035,144571,0.033832042703559544,0
2023-07-28 11:05:16,2661.9,458683,7,2659.12,113568,144456,0.06390496955117182,0
2023-07-28 11:05:17,2661.9,458693,2,2659.12,111808,144519,0.06390496955117182,0
2023-07-28 11:05:18,2661.9,458694,1,2659.12,113397,144378,0.06390496955117182,0
2023-07-28 11:05:18,2661.9,458694,1,2659.12,113376,144365,0.06390496955117182,0
2023-07-28 11:05:20,2661.9,458695,1,2659.12,113390,144373,0.06390496955117182,0
2023-07-28 11:05:22,2661.9,458696,1,2659.12,113264,144704,0.06390496955117182,0
2023-07-28 11:05:22,2661.55,458697,1,2659.12,113351,143184,0.05074806405534787,0
2023-07-28 11:05:22,2661.55,458697,1,2659.12,113330,144583,0.05074806405534787,0
2023-07-28 11:05:22,2661.55,458697,1,2659.12,113330,144583,0.05074806405534787,0
2023-07-28 11:05:22,2661.55,458697,1,2659.12,113326,144583,0.05074806405534787,0
2023-07-28 11:05:22,2661.55,458697,1,2659.12,113326,144583,0.05074806405534787,0
2023-07-28 11:05:22,2661.55,458697,1,2659.12,113326,144650,0.05074806405534787,0
2023-07-28 11:05:22,2661.85,458697,1,2659.12,113326,144650,0.06202541162318965,0
2023-07-28 11:05:26,2661.85,458698,6,2659.12,113327,144650,0.06202541162318965,0
2023-07-28 11:05:27,2661.5,458712,2,2659.12,113472,144642,0.048868506127365686,0
2023-07-28 11:05:29,2661.85,458714,1,2659.12,113460,144644,0.06202541162318965,0
2023-07-28 11:05:30,2661.5,458718,4,2659.12,113399,144647,0.048868506127365686,0
2023-07-28 11:05:30,2661.45,458718,1,2659.12,113399,144647,0.046988948199383505,0
2023-07-28 11:05:30,2661.45,458719,1,2659.12,113398,144725,0.046988948199383505,0
2023-07-28 11:05:30,2661.45,458719,1,2659.12,113398,144725,0.046988948199383505,0
2023-07-28 11:05:30,2661.45,458719,1,2659.12,113399,144724,0.046988948199383505,0
2023-07-28 11:05:30,2661.45,458719,1,2659.12,113406,144725,0.046988948199383505,0
2023-07-28 11:05:30,2661.5,458719,18,2659.12,113406,144725,0.048868506127365686,0
2023-07-28 11:05:30,2661.5,458719,4,2659.12,113406,144725,0.048868506127365686,0
2023-07-28 11:05:36,2661.5,458743,1,2659.12,113550,144650,0.048868506127365686,0
2023-07-28 11:05:38,2661.5,458863,20,2659.12,113464,144698,0.048868506127365686,0
2023-07-28 11:05:39,2661.5,458867,4,2659.12,113410,144734,0.048868506127365686,0
2023-07-28 11:05:40,2661.5,458868,1,2659.12,113409,144747,0.048868506127365686,0
2023-07-28 11:05:40,2661.5,458872,1,2659.12,113412,144747,0.048868506127365686,0
2023-07-28 11:05:40,2661.5,458872,1,2659.12,113266,144747,0.048868506127365686,0
2023-07-28 11:05:40,2661.5,458872,1,2659.12,113405,144747,0.048868506127365686,0
2023-07-28 11:05:45,2662.6,459097,2,2659.13,113588,144530,0.09021878054281976,0
2023-07-28 11:05:45,2661.45,459240,55,2659.13,111899,144718,0.046988948199383505,0
2023-07-28 11:05:46,2661.45,459252,12,2659.13,113426,144802,0.046988948199383505,0
2023-07-28 11:05:46,2661.45,459252,12,2659.13,113426,144802,0.046988948199383505,0
2023-07-28 11:05:47,2661.45,459255,3,2659.13,113433,144804,0.046988948199383505,0
2023-07-28 11:05:48,2661.85,459256,1,2659.13,113419,144802,0.06202541162318965,0
2023-07-28 11:05:49,2661.45,459257,1,2659.13,113416,144804,0.046988948199383505,0
2023-07-28 11:05:49,2661.45,459257,1,2659.13,112836,144956,0.046988948199383505,0
2023-07-28 11:05:51,2661.45,459307,10,2659.13,113158,144889,0.046988948199383505,0
2023-07-28 11:05:52,2661.45,459319,2,2659.13,113173,144905,0.046988948199383505,0
2023-07-28 11:05:52,2661.45,459319,1,2659.13,110473,144909,0.046988948199383505,0
2023-07-28 11:05:54,2661.45,459320,1,2659.13,113085,144923,0.046988948199383505,0
2023-07-28 11:05:54,2661.45,459320,1,2659.13,113002,144967,0.046988948199383505,0
2023-07-28 11:05:54,2661.45,459320,1,2659.13,113002,144967,0.046988948199383505,0
2023-07-28 11:05:56,2661.45,459322,1,2659.13,111560,144935,0.046988948199383505,0
2023-07-28 11:05:56,2661.45,459322,1,2659.13,113085,144939,0.046988948199383505,0
2023-07-28 11:05:56,2661.45,459322,1,2659.13,113090,144925,0.046988948199383505,0
2023-07-28 11:06:00,2661.45,459377,11,2659.13,111562,144983,0.046988948199383505,0
2023-07-28 11:06:00,2661.45,459377,2,2659.13,111562,144983,0.046988948199383505,0
2023-07-28 11:06:02,2661.45,459390,1,2659.13,113279,145151,0.046988948199383505,0
2023-07-28 11:06:02,2662.0,459390,1,2659.13,113279,145151,0.06766408540711909,0
2023-07-28 11:06:03,2662.0,459392,1,2659.13,113165,145084,0.06766408540711909,0
2023-07-28 11:06:05,2661.4,459405,6,2659.13,113024,145278,0.04510939027141842,0
2023-07-28 11:06:06,2661.4,459408,2,2659.13,113021,145289,0.04510939027141842,0
2023-07-28 11:06:06,2661.4,459408,2,2659.13,113021,145289,0.04510939027141842,0
2023-07-28 11:06:08,2661.4,459411,2,2659.13,110081,143816,0.04510939027141842,0
2023-07-28 11:06:08,2661.4,459411,1,2659.13,110081,143816,0.04510939027141842,0
2023-07-28 11:06:09,2661.4,459428,11,2659.13,113027,145243,0.04510939027141842,0
2023-07-28 11:06:09,2661.4,459432,3,2659.13,111598,145045,0.04510939027141842,0
2023-07-28 11:06:09,2661.4,459432,3,2659.13,113142,145045,0.04510939027141842,0
2023-07-28 11:06:09,2661.75,459432,1,2659.13,113142,145045,0.05826629576724239,0
2023-07-28 11:06:12,2661.4,459435,1,2659.13,113143,145020,0.04510939027141842,0
2023-07-28 11:06:12,2661.4,459435,1,2659.13,113143,145020,0.04510939027141842,0
2023-07-28 11:06:12,2661.4,459435,1,2659.13,113188,145420,0.04510939027141842,0
2023-07-28 11:06:12,2662.1,459435,1,2659.13,113188,145420,0.07142320126306635,0
2023-07-28 11:06:14,2662.1,459436,1,2659.13,113391,145381,0.07142320126306635,0
2023-07-28 11:06:15,2662.35,459437,1,2659.13,113366,145413,0.08082099090294305,0
2023-07-28 11:06:15,2662.35,459437,1,2659.13,113208,145450,0.08082099090294305,0
2023-07-28 11:06:15,2662.35,459437,1,2659.13,113272,145539,0.08082099090294305,0
2023-07-28 11:06:15,2662.35,459437,1,2659.13,113271,145538,0.08082099090294305,0
2023-07-28 11:06:15,2662.35,459437,1,2659.13,113251,145524,0.08082099090294305,0
2023-07-28 11:06:15,2661.4,459437,1,2659.13,113251,145524,0.04510939027141842,0
2023-07-28 11:06:20,2661.4,459439,1,2659.13,113285,145561,0.04510939027141842,0
2023-07-28 11:06:20,2661.4,459439,1,2659.13,113291,145573,0.04510939027141842,0
2023-07-28 11:06:20,2661.4,459439,1,2659.13,113297,145563,0.04510939027141842,0
2023-07-28 11:06:20,2661.4,459439,1,2659.13,112266,145545,0.04510939027141842,0
2023-07-28 11:06:20,2661.4,459439,1,2659.13,113441,145452,0.04510939027141842,0
2023-07-28 11:06:24,2661.4,459441,1,2659.13,113355,143943,0.04510939027141842,0
2023-07-28 11:06:24,2661.6,459441,1,2659.13,113355,143943,0.05262762198331295,0
2023-07-28 11:06:26,2661.6,459442,1,2659.13,111853,145463,0.05262762198331295,0
2023-07-28 11:06:26,2661.6,459442,1,2659.13,113364,145492,0.05262762198331295,0
2023-07-28 11:06:28,2661.7,459443,1,2659.13,113335,145496,0.05638673783926021,0
2023-07-28 11:06:29,2661.7,459445,1,2659.13,111852,145496,0.05638673783926021,0
2023-07-28 11:06:30,2661.7,459446,1,2659.13,113354,145496,0.05638673783926021,0
2023-07-28 11:06:31,2662.45,459448,1,2659.13,113345,145454,0.08458010675889031,0
2023-07-28 11:06:31,2661.7,459448,1,2659.13,113345,145454,0.05638673783926021,0
2023-07-28 11:06:31,2661.7,459449,1,2659.13,113310,143897,0.05638673783926021,0
2023-07-28 11:06:34,2661.65,462449,35,2659.16,113401,144607,0.054507179911295126,0
2023-07-28 11:06:34,2661.1,463110,5,2659.16,113126,144799,0.033832042703559544,0
2023-07-28 11:06:35,2661.1,463149,16,2659.16,113011,145076,0.033832042703559544,0
2023-07-28 11:06:35,2661.1,463149,2,2659.16,113011,145076,0.033832042703559544,0
2023-07-28 11:06:36,2661.15,463159,8,2659.16,112894,145108,0.035711600631541725,0
2023-07-28 11:06:37,2661.15,463161,2,2659.16,112898,145108,0.035711600631541725,0
2023-07-28 11:06:37,2661.15,463161,2,2659.16,112898,145108,0.035711600631541725,0
2023-07-28 11:06:37,2661.15,463161,2,2659.16,112768,145122,0.035711600631541725,0
2023-07-28 11:06:37,2661.6,463161,1,2659.16,112768,145122,0.05262762198331295,0
2023-07-28 11:06:39,2661.6,463163,1,2659.16,112780,145120,0.05262762198331295,0
2023-07-28 11:06:40,2661.1,463165,1,2659.16,112778,145120,0.033832042703559544,0
2023-07-28 11:06:40,2661.1,463165,1,2659.16,112778,145120,0.033832042703559544,0
2023-07-28 11:06:40,2661.1,463165,1,2659.16,112778,145130,0.033832042703559544,0
2023-07-28 11:06:42,2662.6,466364,13,2659.19,113414,144758,0.09021878054281976,0
2023-07-28 11:06:43,2661.25,466496,11,2659.19,113491,145015,0.03947071648748898,0
2023-07-28 11:06:43,2661.25,466496,16,2659.19,113491,145015,0.03947071648748898,0
2023-07-28 11:06:44,2661.25,466528,5,2659.19,113533,144937,0.03947071648748898,0
2023-07-28 11:06:45,2661.25,466533,2,2659.19,113506,144837,0.03947071648748898,0
2023-07-28 11:06:45,2661.25,466533,2,2659.19,113506,144855,0.03947071648748898,0
2023-07-28 11:06:45,2661.25,466533,1,2659.19,113506,144855,0.03947071648748898,0
2023-07-28 11:06:47,2661.25,466534,1,2659.19,113523,144795,0.03947071648748898,0
2023-07-28 11:06:48,2661.25,466642,18,2659.19,113612,144827,0.03947071648748898,0
2023-07-28 11:06:48,2662.45,466642,1,2659.19,113612,144827,0.08458010675889031,0
2023-07-28 11:06:49,2661.3,466648,4,2659.19,113612,144687,0.041350274415471164,0
2023-07-28 11:06:49,2661.3,466648,4,2659.19,113612,144687,0.041350274415471164,0
2023-07-28 11:06:50,2661.25,466649,1,2659.19,113581,144710,0.03947071648748898,0
2023-07-28 11:06:50,2661.25,466649,1,2659.19,113366,144774,0.03947071648748898,0
2023-07-28 11:06:50,2661.25,466649,1,2659.19,112417,144940,0.03947071648748898,0
2023-07-28 11:06:50,2661.25,466649,1,2659.19,113317,144942,0.03947071648748898,0
2023-07-28 11:06:50,2662.45,466649,1,2659.19,113317,144942,0.08458010675889031,0
2023-07-28 11:06:55,2662.45,466651,1,2659.19,113320,144811,0.08458010675889031,0
2023-07-28 11:06:55,2662.45,466651,1,2659.19,113318,144829,0.08458010675889031,0
2023-07-28 11:06:55,2662.45,466651,1,2659.19,113314,144814,0.08458010675889031,0
2023-07-28 11:06:55,2662.45,466651,1,2659.19,113314,144814,0.08458010675889031,0
2023-07-28 11:06:55,2662.45,466651,1,2659.19,113319,144851,0.08458010675889031,0
2023-07-28 11:06:55,2662.45,466651,1,2659.19,113319,144851,0.08458010675889031,0
2023-07-28 11:06:59,2662.45,466652,1,2659.19,113321,144854,0.08458010675889031,0
2023-07-28 11:06:59,2661.25,466652,1,2659.19,113321,144854,0.03947071648748898,0
2023-07-28 11:07:00,2664.55,466653,65,2659.19,113301,144854,0.1635215397338683,0
2023-07-28 11:07:02,2661.5,469412,41,2659.21,113155,143731,0.048868506127365686,0
2023-07-28 11:07:03,2661.45,469547,22,2659.21,113175,143824,0.046988948199383505,0
2023-07-28 11:07:03,2661.45,469547,22,2659.21,113175,143824,0.046988948199383505,0
2023-07-28 11:07:04,2661.4,469653,17,2659.21,113132,144016,0.04510939027141842,0
2023-07-28 11:07:05,2661.25,469754,21,2659.21,112912,144021,0.03947071648748898,0
2023-07-28 11:07:06,2661.25,469775,21,2659.21,112864,144007,0.03947071648748898,0
2023-07-28 11:07:06,2661.25,469775,4,2659.21,112864,144007,0.03947071648748898,0
2023-07-28 11:07:07,2661.25,469780,4,2659.21,112844,144013,0.03947071648748898,0
2023-07-28 11:07:07,2661.25,469781,1,2659.21,112843,144015,0.03947071648748898,0
2023-07-28 11:07:07,2661.25,469781,1,2659.21,112802,143961,0.03947071648748898,0
2023-07-28 11:07:07,2661.5,469781,22,2659.21,112802,143961,0.048868506127365686,0
2023-07-28 11:07:11,2661.5,470069,70,2659.21,112805,144600,0.048868506127365686,0
2023-07-28 11:07:11,2661.5,470092,1,2659.21,112788,144600,0.048868506127365686,0
2023-07-28 11:07:12,2661.25,470096,4,2659.21,112649,144750,0.03947071648748898,0
2023-07-28 11:07:13,2661.25,470097,1,2659.21,112648,144752,0.03947071648748898,0
2023-07-28 11:07:13,2661.25,470097,1,2659.21,112648,144603,0.03947071648748898,0
2023-07-28 11:07:13,2661.25,470097,1,2659.21,112769,144603,0.03947071648748898,0
2023-07-28 11:07:13,2661.25,470097,1,2659.21,112648,144633,0.03947071648748898,0
2023-07-28 11:07:13,2661.25,470097,1,2659.21,112648,144720,0.03947071648748898,0
2023-07-28 11:07:13,2661.25,470097,1,2659.21,112648,144603,0.03947071648748898,0
2023-07-28 11:07:13,2661.25,470097,1,2659.21,112648,144603,0.03947071648748898,0
2023-07-28 11:07:18,2661.25,470098,1,2659.21,112791,144610,0.03947071648748898,0
2023-07-28 11:07:18,2661.25,470098,11,2659.21,112791,144610,0.03947071648748898,0
2023-07-28 11:07:20,2661.25,470416,61,2659.22,112582,144639,0.03947071648748898,0
2023-07-28 11:07:21,2661.3,470478,1,2659.22,112351,144627,0.041350274415471164,0
2023-07-28 11:07:21,2661.4,470478,2,2659.22,112351,144627,0.04510939027141842,0
2023-07-28 11:07:22,2661.4,470492,2,2659.22,112374,144599,0.04510939027141842,0
2023-07-28 11:07:24,2661.0,470687,1,2659.22,112086,144674,0.030072926847612282,0
2023-07-28 11:07:24,2660.85,470687,4,2659.22,112086,144674,0.024434253063682843,0
2023-07-28 11:07:26,2661.25,470736,10,2659.22,111990,144705,0.03947071648748898,0
2023-07-28 11:07:26,2661.25,470736,5,2659.22,111990,144705,0.03947071648748898,0
2023-07-28 11:07:27,2660.85,470749,3,2659.22,111990,144680,0.024434253063682843,0
2023-07-28 11:07:27,2660.85,470749,3,2659.22,111990,144680,0.024434253063682843,0
2023-07-28 11:07:28,2661.25,470762,12,2659.22,111995,144685,0.03947071648748898,0
