2023-07-28 10:49:24,4847.7,56515,25,4862.46,31306,44249,-0.303345021542638,0
2023-07-28 10:49:24,4847.7,56515,25,4862.46,31259,44152,-0.303345021542638,0
2023-07-28 10:49:24,4847.7,56515,25,4862.46,31344,44235,-0.303345021542638,0
2023-07-28 10:49:24,4847.7,56515,25,4862.46,31294,44171,-0.303345021542638,0
2023-07-28 10:49:24,4847.7,56515,25,4862.46,31294,44177,-0.303345021542638,0
2023-07-28 10:49:24,4847.7,56515,25,4862.46,31089,44193,-0.303345021542638,0
2023-07-28 10:49:24,4847.7,56515,25,4862.46,31096,44199,-0.303345021542638,0
2023-07-28 10:49:24,4847.7,56515,25,4862.46,31061,44340,-0.303345021542638,0
2023-07-28 10:49:24,4847.7,56515,25,4862.46,31061,44318,-0.303345021542638,0
2023-07-28 10:49:24,4847.7,56515,25,4862.46,31113,44320,-0.303345021542638,0
2023-07-28 10:49:24,4847.7,56515,25,4862.46,31067,44198,-0.303345021542638,0
2023-07-28 10:49:39,4844.3,56565,5,4862.44,30921,44441,-0.3732686197287301,0
2023-07-28 10:49:39,4844.3,56565,5,4862.44,30952,44417,-0.3732686197287301,0
2023-07-28 10:49:39,4844.3,56565,5,4862.44,30966,44261,-0.3732686197287301,0
2023-07-28 10:49:39,4844.3,56565,5,4862.44,31009,44216,-0.3732686197287301,0
2023-07-28 10:49:39,4844.3,56565,5,4862.44,30243,44416,-0.3732686197287301,0
2023-07-28 10:49:39,4844.3,56565,5,4862.44,30993,44413,-0.3732686197287301,0
2023-07-28 10:49:39,4844.3,56565,5,4862.44,30243,44378,-0.3732686197287301,0
2023-07-28 10:49:39,4846.35,56565,2,4862.44,30997,44378,-0.3311088031753428,0
2023-07-28 10:49:47,4846.35,56567,2,4862.44,30994,44377,-0.3311088031753428,0
2023-07-28 10:49:47,4846.35,56567,2,4862.44,30264,44364,-0.3311088031753428,0
2023-07-28 10:49:47,4846.35,56567,2,4862.44,31014,44365,-0.3311088031753428,0
2023-07-28 10:49:47,4846.35,56567,2,4862.44,31015,44364,-0.3311088031753428,0
2023-07-28 10:49:47,4846.35,56567,2,4862.44,31013,44364,-0.3311088031753428,0
2023-07-28 10:49:47,4846.35,56567,2,4862.44,31013,44364,-0.3311088031753428,0
2023-07-28 10:49:47,4846.35,56567,2,4862.44,31016,44368,-0.3311088031753428,0
2023-07-28 10:49:47,4846.35,56567,2,4862.44,30263,44369,-0.3311088031753428,0
2023-07-28 10:49:47,4846.35,56567,2,4862.44,30263,44370,-0.3311088031753428,0
2023-07-28 10:49:47,4846.4,56567,1,4862.44,31180,44241,-0.3300805149667386,0
2023-07-28 10:49:57,4846.4,56568,1,4862.44,31166,44435,-0.3300805149667386,0
2023-07-28 10:49:57,4846.3,56568,1,4862.44,31166,44435,-0.33213709138396563,0
2023-07-28 10:49:58,4846.3,56569,1,4862.44,29585,44419,-0.33213709138396563,0
2023-07-28 10:49:59,4846.0,56576,6,4862.44,31054,44424,-0.33830682063568407,0
2023-07-28 10:49:59,4846.0,56576,6,4862.44,31054,44422,-0.33830682063568407,0
2023-07-28 10:49:59,4846.0,56576,6,4862.44,30318,44423,-0.33830682063568407,0
2023-07-28 10:49:59,4846.0,56576,6,4862.44,30323,44423,-0.33830682063568407,0
2023-07-28 10:49:59,4846.0,56576,6,4862.44,30321,44439,-0.33830682063568407,0
2023-07-28 10:49:59,4846.0,56576,6,4862.44,30319,44439,-0.33830682063568407,0
2023-07-28 10:49:59,4846.0,56576,1,4862.44,30319,44439,-0.33830682063568407,0
2023-07-28 10:50:05,4846.0,56577,1,4862.44,31081,44192,-0.33830682063568407,0
2023-07-28 10:50:05,4846.0,56577,1,4862.44,31102,44458,-0.33830682063568407,0
2023-07-28 10:50:05,4846.0,56577,1,4862.44,31102,44297,-0.33830682063568407,0
2023-07-28 10:50:05,4846.0,56577,1,4862.44,31102,44297,-0.33830682063568407,0
2023-07-28 10:50:05,4846.0,56577,22,4862.44,31102,44297,-0.33830682063568407,0
2023-07-28 10:50:11,4846.0,56618,22,4862.43,31231,44520,-0.33830682063568407,0
2023-07-28 10:50:11,4846.0,56618,22,4862.43,31241,44468,-0.33830682063568407,0
2023-07-28 10:50:11,4847.0,56618,1,4862.43,31241,44468,-0.3177410564633018,0
2023-07-28 10:50:13,4847.0,56619,1,4862.43,31263,44496,-0.3177410564633018,0
2023-07-28 10:50:13,4847.0,56619,1,4862.43,31322,44482,-0.3177410564633018,0
2023-07-28 10:50:16,4846.0,56620,1,4862.43,31299,44514,-0.33830682063568407,0
2023-07-28 10:50:16,4846.0,56620,1,4862.43,31299,44481,-0.33830682063568407,0
2023-07-28 10:50:16,4847.0,56620,2,4862.43,31299,44481,-0.3177410564633018,0
2023-07-28 10:50:18,4847.0,56622,2,4862.43,31265,44486,-0.3177410564633018,0
2023-07-28 10:50:18,4847.0,56622,2,4862.43,31280,44188,-0.3177410564633018,0
2023-07-28 10:50:18,4847.0,56622,2,4862.43,31280,44188,-0.3177410564633018,0
2023-07-28 10:50:21,4847.0,56625,3,4862.42,31280,44483,-0.3177410564633018,0
2023-07-28 10:50:21,4847.0,56625,3,4862.42,31280,44483,-0.3177410564633018,0
2023-07-28 10:50:21,4847.0,56625,3,4862.42,31280,44483,-0.3177410564633018,0
2023-07-28 10:50:21,4847.0,56625,3,4862.42,31280,44483,-0.3177410564633018,0
2023-07-28 10:50:21,4847.0,56625,3,4862.42,31280,44483,-0.3177410564633018,0
2023-07-28 10:50:21,4847.0,56625,3,4862.42,31280,44483,-0.3177410564633018,0
2023-07-28 10:50:21,4847.0,56625,3,4862.42,31280,44483,-0.3177410564633018,0
2023-07-28 10:50:21,4847.0,56625,3,4862.42,31269,44483,-0.3177410564633018,0
2023-07-28 10:50:21,4847.0,56625,3,4862.42,31304,44461,-0.3177410564633018,0
2023-07-28 10:50:21,4847.0,56625,20,4862.42,31304,44461,-0.3177410564633018,0
2023-07-28 10:50:27,4847.0,56649,20,4862.42,31304,44051,-0.3177410564633018,0
2023-07-28 10:50:27,4847.0,56649,10,4862.42,31304,44051,-0.3177410564633018,0
2023-07-28 10:50:29,4847.0,56669,10,4862.41,31306,44128,-0.3177410564633018,0
2023-07-28 10:50:29,4847.0,56669,10,4862.41,31309,43992,-0.3177410564633018,0
2023-07-28 10:50:30,4847.0,56670,1,4862.41,31320,43991,-0.3177410564633018,0
2023-07-28 10:50:31,4847.0,56677,6,4862.41,31326,44154,-0.3177410564633018,0
2023-07-28 10:50:32,4847.0,56681,2,4862.41,31325,44181,-0.3177410564633018,0
2023-07-28 10:50:32,4847.0,56681,2,4862.41,31317,43869,-0.3177410564633018,0
2023-07-28 10:50:35,4847.0,56689,8,4862.41,31321,43939,-0.3177410564633018,0
2023-07-28 10:50:35,4847.0,56689,8,4862.41,31348,44182,-0.3177410564633018,0
2023-07-28 10:50:35,4847.0,56689,8,4862.41,31346,44182,-0.3177410564633018,0
2023-07-28 10:50:35,4847.0,56689,8,4862.41,31357,44357,-0.3177410564633018,0
2023-07-28 10:50:35,4847.0,56689,8,4862.41,31379,44126,-0.3177410564633018,0
2023-07-28 10:50:35,4847.0,56689,8,4862.41,31368,44188,-0.3177410564633018,0
2023-07-28 10:50:35,4847.0,56689,8,4862.41,31368,44203,-0.3177410564633018,0
2023-07-28 10:50:35,4846.05,56689,4,4862.41,31368,44203,-0.3372785324270612,0
2023-07-28 10:50:42,4846.05,56739,4,4862.39,31411,44193,-0.3372785324270612,0
2023-07-28 10:50:42,4846.05,56739,4,4862.39,31398,43797,-0.3372785324270612,0
2023-07-28 10:50:46,4848.0,56742,3,4862.39,30065,44112,-0.29717529229091955,0
2023-07-28 10:50:46,4848.0,56742,3,4862.39,31413,44158,-0.29717529229091955,0
2023-07-28 10:50:46,4848.0,56742,3,4862.39,31381,44079,-0.29717529229091955,0
2023-07-28 10:50:46,4848.0,56742,3,4862.39,31386,44133,-0.29717529229091955,0
2023-07-28 10:50:46,4848.0,56742,3,4862.39,31379,43859,-0.29717529229091955,0
2023-07-28 10:50:46,4848.0,56742,3,4862.39,31337,44136,-0.29717529229091955,0
2023-07-28 10:50:46,4848.0,56742,3,4862.39,31337,43975,-0.29717529229091955,0
2023-07-28 10:50:46,4848.0,56742,3,4862.39,31345,43838,-0.29717529229091955,0
2023-07-28 10:50:46,4848.0,56742,45,4862.39,31345,43838,-0.29717529229091955,0
2023-07-28 10:50:54,4848.0,56787,45,4862.38,31392,43789,-0.29717529229091955,0
2023-07-28 10:50:54,4847.95,56787,2,4862.38,31392,43789,-0.29820358049954243,0
2023-07-28 10:50:56,4847.95,56789,2,4862.38,31379,44460,-0.29820358049954243,0
2023-07-28 10:50:56,4847.7,56789,2,4862.38,31379,44460,-0.303345021542638,0
2023-07-28 10:50:57,4848.65,56846,1,4862.37,31548,44074,-0.2838075455788786,0
2023-07-28 10:50:57,4848.65,56846,1,4862.37,30713,43858,-0.2838075455788786,0
2023-07-28 10:50:57,4848.65,56846,1,4862.37,31481,44152,-0.2838075455788786,0
2023-07-28 10:50:57,4848.5,56846,1,4862.37,31481,44152,-0.28689241020472844,0
2023-07-28 10:51:00,4848.5,56847,1,4862.37,31483,44200,-0.28689241020472844,0
2023-07-28 10:51:00,4848.5,56847,1,4862.37,30667,44366,-0.28689241020472844,0
2023-07-28 10:51:00,4848.5,56847,1,4862.37,31467,44111,-0.28689241020472844,0
2023-07-28 10:51:00,4848.5,56847,1,4862.37,31454,44079,-0.28689241020472844,0
2023-07-28 10:51:00,4848.5,56847,1,4862.37,31493,44001,-0.28689241020472844,0
2023-07-28 10:51:00,4848.5,56847,1,4862.37,31473,44335,-0.28689241020472844,0
2023-07-28 10:51:00,4848.0,56847,5,4862.37,31473,44335,-0.29717529229091955,0
2023-07-28 10:51:07,4847.95,56881,9,4862.36,31480,44207,-0.29820358049954243,0
2023-07-28 10:51:08,4846.7,56892,2,4862.35,31496,44138,-0.32391078571502024,0
2023-07-28 10:51:09,4848.95,56896,1,4862.35,31532,44039,-0.27763781632716017,0
2023-07-28 10:51:09,4848.95,56896,7,4862.35,31532,44039,-0.27763781632716017,0
2023-07-28 10:51:10,4848.95,56906,7,4862.35,31650,44270,-0.27763781632716017,0
2023-07-28 10:51:10,4848.95,56906,7,4862.35,31418,44198,-0.27763781632716017,0
2023-07-28 10:51:10,4848.95,56906,7,4862.35,31427,44220,-0.27763781632716017,0
2023-07-28 10:51:10,4848.95,56906,7,4862.35,31427,43935,-0.27763781632716017,0
2023-07-28 10:51:10,4848.95,56906,7,4862.35,31457,44214,-0.27763781632716017,0
2023-07-28 10:51:10,4848.95,56906,7,4862.35,30679,44175,-0.27763781632716017,0
2023-07-28 10:51:10,4848.95,56906,7,4862.35,31431,44178,-0.27763781632716017,0
2023-07-28 10:51:18,4849.0,56910,4,4862.35,31487,44148,-0.27660952811853734,0
2023-07-28 10:51:18,4849.0,56910,4,4862.35,31506,44138,-0.27660952811853734,0
2023-07-28 10:51:20,4849.0,56911,1,4862.35,31458,44191,-0.27660952811853734,0
2023-07-28 10:51:20,4849.0,56911,5,4862.35,31441,44292,-0.27660952811853734,0
2023-07-28 10:51:20,4849.0,56911,5,4862.35,31441,44292,-0.27660952811853734,0
2023-07-28 10:51:22,4849.0,56921,5,4862.35,31413,44125,-0.27660952811853734,0
2023-07-28 10:51:22,4849.0,56921,5,4862.35,31407,44263,-0.27660952811853734,0
2023-07-28 10:51:22,4849.0,56921,5,4862.35,31407,44263,-0.27660952811853734,0
2023-07-28 10:51:25,4849.0,56931,5,4862.34,31425,44257,-0.27660952811853734,0
2023-07-28 10:51:25,4849.0,56931,5,4862.34,31439,44246,-0.27660952811853734,0
2023-07-28 10:51:25,4849.0,56931,5,4862.34,31431,43793,-0.27660952811853734,0
2023-07-28 10:51:28,4849.0,56941,5,4862.34,31500,43830,-0.27660952811853734,0
2023-07-28 10:51:29,4848.55,56942,1,4862.34,31447,44111,-0.2858641219961056,0
2023-07-28 10:51:31,4849.0,56944,5,4862.34,31448,44229,-0.27660952811853734,0
2023-07-28 10:51:31,4849.0,56949,5,4862.34,31568,44167,-0.27660952811853734,0
2023-07-28 10:51:31,4849.5,56949,33,4862.34,31568,44167,-0.26632664603234624,0
2023-07-28 10:51:33,4850.0,57099,42,4862.31,31580,43993,-0.2560437639461551,0
2023-07-28 10:51:33,4850.0,57099,42,4862.31,31580,43993,-0.2560437639461551,0
2023-07-28 10:51:34,4850.0,57104,5,4862.31,31532,44171,-0.2560437639461551,0
2023-07-28 10:51:34,4850.0,57104,1,4862.31,31525,44315,-0.2560437639461551,0
2023-07-28 10:51:35,4850.0,57105,1,4862.31,31597,44192,-0.2560437639461551,0
2023-07-28 10:51:35,4850.0,57105,1,4862.31,31520,44230,-0.2560437639461551,0
2023-07-28 10:51:35,4850.0,57105,1,4862.31,31594,43721,-0.2560437639461551,0
2023-07-28 10:51:39,4848.0,57406,31,4862.24,31373,44028,-0.29717529229091955,0
2023-07-28 10:51:39,4848.0,57406,31,4862.24,31471,43974,-0.29717529229091955,0
2023-07-28 10:51:39,4848.0,57406,31,4862.24,31473,43885,-0.29717529229091955,0
2023-07-28 10:51:39,4848.0,57406,31,4862.24,31498,44027,-0.29717529229091955,0
2023-07-28 10:51:39,4848.0,57406,31,4862.24,31498,44051,-0.29717529229091955,0
2023-07-28 10:51:39,4848.0,57406,31,4862.24,31512,44038,-0.29717529229091955,0
2023-07-28 10:51:39,4848.0,57406,31,4862.24,31451,44038,-0.29717529229091955,0
2023-07-28 10:51:39,4848.0,57406,31,4862.24,31475,44048,-0.29717529229091955,0
2023-07-28 10:51:39,4848.0,57406,31,4862.24,31495,43997,-0.29717529229091955,0
2023-07-28 10:51:39,4848.0,57406,31,4862.24,31421,44041,-0.29717529229091955,0
2023-07-28 10:51:39,4848.0,57406,31,4862.24,31420,44121,-0.29717529229091955,0
2023-07-28 10:51:39,4848.0,57406,31,4862.24,31449,44112,-0.29717529229091955,0
2023-07-28 10:51:52,4848.0,57407,1,4862.23,31417,44110,-0.29717529229091955,0
2023-07-28 10:51:52,4848.0,57407,1,4862.23,31462,44100,-0.29717529229091955,0
2023-07-28 10:51:52,4848.0,57407,3,4862.23,31462,44100,-0.29717529229091955,0
2023-07-28 10:51:53,4848.0,57410,3,4862.23,31393,44013,-0.29717529229091955,0
2023-07-28 10:51:53,4848.0,57410,3,4862.23,31410,44146,-0.29717529229091955,0
2023-07-28 10:51:53,4848.0,57410,3,4862.23,31435,43994,-0.29717529229091955,0
2023-07-28 10:51:53,4849.45,57410,6,4862.23,31435,43994,-0.26735493424096907,0
2023-07-28 10:51:57,4849.45,57416,6,4862.23,31429,43838,-0.26735493424096907,0
2023-07-28 10:51:57,4849.45,57416,6,4862.23,30676,44138,-0.26735493424096907,0
2023-07-28 10:51:57,4849.45,57416,6,4862.23,31426,44138,-0.26735493424096907,0
2023-07-28 10:51:57,4849.45,57416,6,4862.23,31409,44138,-0.26735493424096907,0
2023-07-28 10:51:57,4849.45,57416,6,4862.23,31405,44138,-0.26735493424096907,0
2023-07-28 10:51:57,4849.45,57416,6,4862.23,30657,44138,-0.26735493424096907,0
2023-07-28 10:51:57,4849.45,57416,6,4862.23,31407,44138,-0.26735493424096907,0
2023-07-28 10:51:57,4849.45,57416,6,4862.23,31405,44138,-0.26735493424096907,0
2023-07-28 10:51:57,4849.45,57416,6,4862.23,31408,44147,-0.26735493424096907,0
2023-07-28 10:51:57,4848.0,57416,2,4862.23,31408,44147,-0.29717529229091955,0
2023-07-28 10:52:07,4848.0,57461,2,4862.22,31312,43998,-0.29717529229091955,0
2023-07-28 10:52:07,4848.0,57461,2,4862.22,31308,43673,-0.29717529229091955,0
2023-07-28 10:52:07,4848.0,57461,2,4862.22,31308,43689,-0.29717529229091955,0
2023-07-28 10:52:07,4848.0,57461,2,4862.22,31338,43994,-0.29717529229091955,0
2023-07-28 10:52:07,4848.0,57461,2,4862.22,31349,43994,-0.29717529229091955,0
2023-07-28 10:52:07,4848.0,57461,2,4862.22,31330,43714,-0.29717529229091955,0
2023-07-28 10:52:14,4848.7,57471,4,4862.22,30015,43998,-0.2827792573702557,0
2023-07-28 10:52:14,4848.7,57471,4,4862.22,31368,43998,-0.2827792573702557,0
2023-07-28 10:52:16,4849.0,57529,30,4862.21,31277,44012,-0.27660952811853734,0
2023-07-28 10:52:16,4849.0,57529,30,4862.21,31250,44045,-0.27660952811853734,0
2023-07-28 10:52:16,4849.0,57529,30,4862.21,31254,44066,-0.27660952811853734,0
2023-07-28 10:52:16,4849.0,57529,30,4862.21,31254,44067,-0.27660952811853734,0
2023-07-28 10:52:16,4849.0,57529,30,4862.21,31254,44062,-0.27660952811853734,0
2023-07-28 10:52:16,4849.0,57529,30,4862.21,31254,44062,-0.27660952811853734,0
2023-07-28 10:52:16,4849.0,57529,30,4862.21,31254,44062,-0.27660952811853734,0
2023-07-28 10:52:16,4849.0,57529,30,4862.21,31334,43910,-0.27660952811853734,0
2023-07-28 10:52:16,4849.0,57529,30,4862.21,31334,44059,-0.27660952811853734,0
2023-07-28 10:52:16,4849.0,57529,30,4862.21,31324,44056,-0.27660952811853734,0
2023-07-28 10:52:16,4849.0,57529,30,4862.21,31324,44056,-0.27660952811853734,0
2023-07-28 10:52:16,4849.0,57529,30,4862.21,31144,44060,-0.27660952811853734,0
2023-07-28 10:52:30,4849.0,57530,1,4862.21,31137,44023,-0.27660952811853734,0
2023-07-28 10:52:30,4849.0,57530,1,4862.21,31125,44030,-0.27660952811853734,0
2023-07-28 10:52:30,4849.0,57530,1,4862.21,31124,43880,-0.27660952811853734,0
2023-07-28 10:52:30,4849.0,57530,1,4862.21,31116,43733,-0.27660952811853734,0
2023-07-28 10:52:30,4849.0,57530,1,4862.21,31116,44036,-0.27660952811853734,0
2023-07-28 10:52:30,4849.0,57530,1,4862.21,31116,43539,-0.27660952811853734,0
2023-07-28 10:52:30,4849.0,57530,1,4862.21,31113,43976,-0.27660952811853734,0
2023-07-28 10:52:30,4849.0,57530,1,4862.21,31124,43978,-0.27660952811853734,0
2023-07-28 10:52:30,4849.2,57530,10,4862.21,31124,43978,-0.2724963752840646,0
2023-07-28 10:52:39,4849.2,57549,10,4862.2,31113,43997,-0.2724963752840646,0
2023-07-28 10:52:39,4846.6,57549,2,4862.2,31119,44029,-0.3259673621322472,0
2023-07-28 10:52:41,4846.6,57554,2,4862.2,31151,44010,-0.3259673621322472,0
2023-07-28 10:52:41,4846.6,57554,2,4862.2,31110,43888,-0.3259673621322472,0
2023-07-28 10:52:41,4846.6,57554,2,4862.2,30366,44031,-0.3259673621322472,0
2023-07-28 10:52:41,4846.6,57554,2,4862.2,31100,43909,-0.3259673621322472,0
2023-07-28 10:52:46,4846.5,57564,10,4862.2,31098,43668,-0.3280239385494929,0
2023-07-28 10:52:46,4846.5,57564,10,4862.2,31096,44097,-0.3280239385494929,0
2023-07-28 10:52:46,4846.5,57564,10,4862.2,31096,44082,-0.3280239385494929,0
2023-07-28 10:52:46,4846.5,57564,10,4862.2,31135,44073,-0.3280239385494929,0
2023-07-28 10:52:46,4846.5,57564,10,4862.2,31114,44062,-0.3280239385494929,0
2023-07-28 10:52:51,4848.4,57573,1,4862.19,31138,44064,-0.28894898662197416,0
2023-07-28 10:52:52,4848.4,57574,1,4862.19,31146,43623,-0.28894898662197416,0
2023-07-28 10:52:52,4848.4,57574,1,4862.19,31164,44049,-0.28894898662197416,0
2023-07-28 10:52:52,4846.05,57574,1,4862.19,31164,44049,-0.3372785324270612,0
2023-07-28 10:52:54,4846.05,57575,1,4862.19,31149,43613,-0.3372785324270612,0
2023-07-28 10:52:54,4846.05,57575,1,4862.19,31118,44121,-0.3372785324270612,0
2023-07-28 10:52:54,4846.05,57575,1,4862.19,31118,43968,-0.3372785324270612,0
2023-07-28 10:52:54,4846.05,57575,1,4862.19,31121,43638,-0.3372785324270612,0
2023-07-28 10:52:54,4848.6,57575,2,4862.19,31121,43638,-0.28483583378748273,0
2023-07-28 10:52:59,4848.6,57577,2,4862.19,31124,44101,-0.28483583378748273,0
2023-07-28 10:52:59,4848.6,57577,2,4862.19,31133,44084,-0.28483583378748273,0
2023-07-28 10:52:59,4848.6,57577,2,4862.19,31133,43633,-0.28483583378748273,0
2023-07-28 10:52:59,4848.6,57577,2,4862.19,31152,44092,-0.28483583378748273,0
2023-07-28 10:52:59,4848.6,57577,2,4862.19,31152,44092,-0.28483583378748273,0
2023-07-28 10:52:59,4848.6,57577,2,4862.19,31150,44092,-0.28483583378748273,0
2023-07-28 10:52:59,4848.6,57577,2,4862.19,31150,43609,-0.28483583378748273,0
2023-07-28 10:52:59,4848.6,57577,2,4862.19,31147,44066,-0.28483583378748273,0
2023-07-28 10:52:59,4848.6,57577,2,4862.19,31150,44060,-0.28483583378748273,0
2023-07-28 10:52:59,4848.6,57577,2,4862.19,31150,43910,-0.28483583378748273,0
2023-07-28 10:52:59,4848.6,57577,2,4862.19,31150,44061,-0.28483583378748273,0
2023-07-28 10:52:59,4848.6,57577,2,4862.19,31163,44065,-0.28483583378748273,0
2023-07-28 10:52:59,4848.5,57577,1,4862.19,31149,44065,-0.28689241020472844,0
2023-07-28 10:53:14,4848.5,57587,1,4862.19,31136,44055,-0.28689241020472844,0
2023-07-28 10:53:14,4848.5,57587,1,4862.19,31157,44054,-0.28689241020472844,0
2023-07-28 10:53:14,4848.5,57587,1,4862.19,31154,44056,-0.28689241020472844,0
2023-07-28 10:53:14,4848.5,57587,1,4862.19,31154,44064,-0.28689241020472844,0
2023-07-28 10:53:14,4848.5,57587,1,4862.19,31148,44075,-0.28689241020472844,0
2023-07-28 10:53:14,4848.5,57587,1,4862.19,31148,44088,-0.28689241020472844,0
2023-07-28 10:53:14,4848.5,57587,1,4862.19,31146,44088,-0.28689241020472844,0
2023-07-28 10:53:14,4848.5,57587,1,4862.19,31146,44088,-0.28689241020472844,0
2023-07-28 10:53:14,4848.5,57587,1,4862.19,30403,44034,-0.28689241020472844,0
2023-07-28 10:53:14,4848.5,57587,1,4862.19,30403,44034,-0.28689241020472844,0
2023-07-28 10:53:14,4848.5,57587,1,4862.19,31134,44069,-0.28689241020472844,0
2023-07-28 10:53:14,4848.5,57587,1,4862.19,31134,44069,-0.28689241020472844,0
2023-07-28 10:53:14,4848.5,57587,1,4862.19,31210,44110,-0.28689241020472844,0
2023-07-28 10:53:14,4848.5,57587,1,4862.19,31215,44076,-0.28689241020472844,0
2023-07-28 10:53:14,4848.5,57587,1,4862.19,31215,44076,-0.28689241020472844,0
2023-07-28 10:53:14,4848.5,57587,1,4862.19,31205,44093,-0.28689241020472844,0
2023-07-28 10:53:14,4848.5,57587,1,4862.19,29856,44074,-0.28689241020472844,0
2023-07-28 10:53:14,4848.5,57587,1,4862.19,30585,44066,-0.28689241020472844,0
2023-07-28 10:53:14,4848.5,57587,1,4862.19,31192,44011,-0.28689241020472844,0
2023-07-28 10:53:14,4848.5,57587,1,4862.19,31194,43905,-0.28689241020472844,0
2023-07-28 10:53:14,4848.5,57587,1,4862.19,31194,44055,-0.28689241020472844,0
2023-07-28 10:53:14,4848.5,57587,1,4862.19,31195,43755,-0.28689241020472844,0
2023-07-28 10:53:33,4849.45,57595,8,4862.19,30419,44035,-0.26735493424096907,0
2023-07-28 10:53:33,4849.45,57595,8,4862.19,31180,44032,-0.26735493424096907,0
2023-07-28 10:53:33,4849.4,57595,3,4862.19,31171,44113,-0.2683832224495919,0
2023-07-28 10:53:35,4849.4,57600,3,4862.19,31181,44069,-0.2683832224495919,0
2023-07-28 10:53:38,4848.15,57606,5,4862.19,31120,43960,-0.2940904276650697,0
2023-07-28 10:53:38,4848.15,57606,5,4862.19,31134,43996,-0.2940904276650697,0
2023-07-28 10:53:38,4848.15,57606,5,4862.19,31123,43855,-0.2940904276650697,0
2023-07-28 10:53:38,4848.15,57606,5,4862.19,31133,44064,-0.2940904276650697,0
2023-07-28 10:53:38,4848.15,57606,5,4862.19,31147,43984,-0.2940904276650697,0
2023-07-28 10:53:38,4848.15,57606,5,4862.19,31143,44006,-0.2940904276650697,0
2023-07-28 10:53:38,4848.15,57606,5,4862.19,31143,43704,-0.2940904276650697,0
2023-07-28 10:53:38,4848.15,57606,5,4862.19,31151,43856,-0.2940904276650697,0
2023-07-28 10:53:38,4848.15,57606,5,4862.19,31144,44006,-0.2940904276650697,0
2023-07-28 10:53:49,4848.6,57611,4,4862.19,31148,44001,-0.28483583378748273,0
2023-07-28 10:53:50,4848.6,57622,11,4862.18,31184,43986,-0.28483583378748273,0
2023-07-28 10:53:51,4848.6,57624,2,4862.18,31234,43986,-0.28483583378748273,0
2023-07-28 10:53:51,4848.6,57624,2,4862.18,31234,43931,-0.28483583378748273,0
2023-07-28 10:53:51,4848.6,57624,2,4862.18,31217,44073,-0.28483583378748273,0
2023-07-28 10:53:51,4848.6,57624,2,4862.18,31219,44089,-0.28483583378748273,0
2023-07-28 10:53:56,4848.15,57625,1,4862.18,31206,43953,-0.2940904276650697,0
2023-07-28 10:53:56,4848.15,57625,1,4862.18,31168,43999,-0.2940904276650697,0
2023-07-28 10:53:58,4848.6,57626,1,4862.18,31170,43998,-0.28483583378748273,0
2023-07-28 10:53:58,4848.6,57626,1,4862.18,31159,43998,-0.28483583378748273,0
2023-07-28 10:53:58,4849.2,57626,9,4862.18,31159,43998,-0.2724963752840646,0
2023-07-28 10:54:00,4849.2,57636,9,4862.18,31203,43914,-0.2724963752840646,0
2023-07-28 10:54:00,4849.2,57636,9,4862.18,31173,43923,-0.2724963752840646,0
2023-07-28 10:54:02,4848.0,57639,3,4862.18,31198,44078,-0.29717529229091955,0
2023-07-28 10:54:02,4848.0,57639,3,4862.18,31191,44078,-0.29717529229091955,0
2023-07-28 10:54:02,4849.35,57639,4,4862.18,31191,44078,-0.2694115106581961,0
2023-07-28 10:54:05,4849.35,57643,4,4862.18,31200,44092,-0.2694115106581961,0
2023-07-28 10:54:07,4849.35,57648,3,4862.18,31214,44085,-0.2694115106581961,0
2023-07-28 10:54:08,4849.45,57650,1,4862.18,31182,44305,-0.26735493424096907,0
2023-07-28 10:54:08,4849.45,57650,1,4862.18,31212,44329,-0.26735493424096907,0
2023-07-28 10:54:08,4849.45,57650,1,4862.18,31160,43847,-0.26735493424096907,0
2023-07-28 10:54:08,4849.45,57650,1,4862.18,31229,43997,-0.26735493424096907,0
2023-07-28 10:54:08,4849.45,57650,1,4862.18,31229,43997,-0.26735493424096907,0
2023-07-28 10:54:08,4849.45,57650,1,4862.18,31243,44003,-0.26735493424096907,0
2023-07-28 10:54:08,4849.45,57650,1,4862.18,31243,44003,-0.26735493424096907,0
2023-07-28 10:54:08,4849.45,57650,1,4862.18,31243,44009,-0.26735493424096907,0
2023-07-28 10:54:08,4849.45,57650,1,4862.18,31227,43998,-0.26735493424096907,0
2023-07-28 10:54:08,4849.45,57650,1,4862.18,31227,43998,-0.26735493424096907,0
2023-07-28 10:54:24,4849.45,57651,1,4862.18,31221,43989,-0.26735493424096907,0
2023-07-28 10:54:24,4849.45,57651,1,4862.18,31221,43672,-0.26735493424096907,0
2023-07-28 10:54:27,4849.45,57657,1,4862.18,31222,43966,-0.26735493424096907,0
2023-07-28 10:54:27,4849.45,57657,1,4862.18,31221,43966,-0.26735493424096907,0
2023-07-28 10:54:27,4849.45,57657,1,4862.18,31221,43966,-0.26735493424096907,0
2023-07-28 10:54:27,4849.45,57657,1,4862.18,31188,43966,-0.26735493424096907,0
2023-07-28 10:54:27,4849.45,57657,1,4862.18,31188,43955,-0.26735493424096907,0
2023-07-28 10:54:27,4848.0,57657,1,4862.18,31190,43955,-0.29717529229091955,0
2023-07-28 10:54:32,4848.0,57658,1,4862.18,31204,43967,-0.29717529229091955,0
2023-07-28 10:54:32,4848.0,57658,1,4862.18,31206,43967,-0.29717529229091955,0
2023-07-28 10:54:32,4848.0,57658,1,4862.18,31206,43967,-0.29717529229091955,0
2023-07-28 10:54:32,4848.0,57658,1,4862.18,31204,43967,-0.29717529229091955,0
2023-07-28 10:54:32,4848.0,57658,1,4862.18,31206,43749,-0.29717529229091955,0
2023-07-28 10:54:32,4848.0,57658,1,4862.18,31172,44071,-0.29717529229091955,0
2023-07-28 10:54:32,4848.0,57658,1,4862.18,31206,44067,-0.29717529229091955,0
2023-07-28 10:54:32,4848.0,57658,1,4862.18,31206,44151,-0.29717529229091955,0
2023-07-28 10:54:32,4848.0,57658,1,4862.18,31207,44194,-0.29717529229091955,0
2023-07-28 10:54:32,4848.0,57658,1,4862.18,31207,44194,-0.29717529229091955,0
2023-07-28 10:54:32,4849.2,57658,4,4862.18,31207,44194,-0.2724963752840646,0
2023-07-28 10:54:46,4849.2,57663,4,4862.17,31282,44098,-0.2724963752840646,0
2023-07-28 10:54:46,4849.2,57663,4,4862.17,31282,44098,-0.2724963752840646,0
2023-07-28 10:54:46,4849.2,57663,4,4862.17,31282,44163,-0.2724963752840646,0
2023-07-28 10:54:46,4849.2,57663,4,4862.17,31282,44167,-0.2724963752840646,0
2023-07-28 10:54:46,4849.2,57663,4,4862.17,31282,44167,-0.2724963752840646,0
2023-07-28 10:54:46,4849.2,57663,4,4862.17,31280,44291,-0.2724963752840646,0
2023-07-28 10:54:46,4849.2,57663,4,4862.17,31291,44366,-0.2724963752840646,0
2023-07-28 10:54:46,4849.2,57663,1,4862.17,31292,44366,-0.2724963752840646,0
2023-07-28 10:54:55,4849.2,57664,1,4862.17,31174,44341,-0.2724963752840646,0
2023-07-28 10:54:55,4849.2,57664,1,4862.17,31166,44355,-0.2724963752840646,0
2023-07-28 10:54:55,4849.2,57664,1,4862.17,31166,44355,-0.2724963752840646,0
2023-07-28 10:55:02,4848.8,57668,4,4862.17,31159,44351,-0.28072268095301006,0
2023-07-28 10:55:02,4848.8,57668,4,4862.17,31188,44326,-0.28072268095301006,0
2023-07-28 10:55:02,4848.8,57668,4,4862.17,31176,44484,-0.28072268095301006,0
2023-07-28 10:55:05,4846.9,57673,2,4862.17,31207,44361,-0.3197976328805475,0
2023-07-28 10:55:05,4848.9,57673,5,4862.17,31207,44361,-0.27866610453578305,0
2023-07-28 10:55:09,4848.9,57678,5,4862.17,31208,44435,-0.27866610453578305,0
2023-07-28 10:55:09,4848.9,57678,5,4862.17,31219,44471,-0.27866610453578305,0
2023-07-28 10:55:09,4848.9,57678,5,4862.17,31305,44465,-0.27866610453578305,0
2023-07-28 10:55:09,4846.9,57678,5,4862.17,31305,44465,-0.3197976328805475,0
2023-07-28 10:55:09,4847.35,57678,1,4862.17,31305,44465,-0.31054303900296054,0
2023-07-28 10:55:23,4847.35,57684,1,4862.17,31035,45475,-0.31054303900296054,0
2023-07-28 10:55:23,4846.0,57684,37,4862.17,31035,45475,-0.33830682063568407,0
2023-07-28 10:55:23,4847.45,57684,8,4862.17,31035,45475,-0.30848646258573353,0
2023-07-28 10:55:23,4847.0,57684,5,4862.17,31035,45475,-0.3177410564633018,0
2023-07-28 10:55:26,4847.0,57736,5,4862.15,31190,45264,-0.3177410564633018,0
2023-07-28 10:55:26,4845.5,57736,10,4862.15,31190,45264,-0.34858970272187517,0
2023-07-28 10:55:33,4845.5,57746,10,4862.15,31199,45547,-0.34858970272187517,0
2023-07-28 10:55:33,4845.35,57746,7,4862.15,31199,45547,-0.351674567347725,0
2023-07-28 10:55:40,4845.1,57760,1,4862.15,31255,45509,-0.35681600839082056,0
2023-07-28 10:55:43,4845.1,57762,1,4862.15,31207,45509,-0.35681600839082056,0
2023-07-28 10:55:43,4845.1,57762,1,4862.15,31225,45657,-0.35681600839082056,0
2023-07-28 10:55:43,4846.0,57762,1,4862.15,31225,45657,-0.33830682063568407,0
2023-07-28 10:55:55,4846.0,57763,1,4862.15,31208,45679,-0.33830682063568407,0
2023-07-28 10:55:55,4846.0,57763,1,4862.15,31194,45369,-0.33830682063568407,0
2023-07-28 10:55:55,4844.05,57763,7,4862.15,31194,45369,-0.37841006077182565,0
2023-07-28 10:56:04,4844.05,57813,7,4862.13,31088,45356,-0.37841006077182565,0
2023-07-28 10:56:04,4844.05,57813,7,4862.13,31102,45216,-0.37841006077182565,0
2023-07-28 10:56:04,4844.0,57813,4,4862.13,31102,45216,-0.37943834898044854,0
2023-07-28 10:56:08,4844.0,57817,4,4862.13,31072,45243,-0.37943834898044854,0
2023-07-28 10:56:08,4844.0,57817,1,4862.13,31072,45243,-0.37943834898044854,0
2023-07-28 10:56:09,4844.0,57818,1,4862.13,31085,45515,-0.37943834898044854,0
2023-07-28 10:56:10,4846.0,57819,1,4862.13,31077,45501,-0.33830682063568407,0
2023-07-28 10:56:10,4846.35,57819,2,4862.13,31077,45501,-0.3311088031753428,0
2023-07-28 10:56:11,4846.35,57823,2,4862.13,31088,45467,-0.3311088031753428,0
2023-07-28 10:56:11,4846.35,57823,2,4862.13,31088,45483,-0.3311088031753428,0
2023-07-28 10:56:11,4846.35,57823,2,4862.13,31101,45458,-0.3311088031753428,0
2023-07-28 10:56:11,4846.35,57823,2,4862.13,31086,45458,-0.3311088031753428,0
2023-07-28 10:56:11,4846.35,57823,2,4862.13,31100,45458,-0.3311088031753428,0
2023-07-28 10:56:11,4846.35,57823,2,4862.13,31100,45458,-0.3311088031753428,0
2023-07-28 10:56:11,4846.35,57823,2,4862.13,31100,45423,-0.3311088031753428,0
2023-07-28 10:56:11,4846.35,57823,2,4862.13,31100,45423,-0.3311088031753428,0
2023-07-28 10:56:11,4846.35,57823,2,4862.13,31100,45423,-0.3311088031753428,0
2023-07-28 10:56:11,4846.35,57823,2,4862.13,31100,45423,-0.3311088031753428,0
2023-07-28 10:56:11,4846.35,57823,2,4862.13,31100,45423,-0.3311088031753428,0
2023-07-28 10:56:11,4846.35,57823,2,4862.13,31100,45423,-0.3311088031753428,0
2023-07-28 10:56:11,4846.35,57823,2,4862.13,31100,45423,-0.3311088031753428,0
2023-07-28 10:56:11,4846.35,57823,2,4862.13,31100,45423,-0.3311088031753428,0
2023-07-28 10:56:11,4846.35,57823,2,4862.13,31100,45423,-0.3311088031753428,0
2023-07-28 10:56:11,4846.35,57823,2,4862.13,31111,45273,-0.3311088031753428,0
2023-07-28 10:56:11,4846.35,57823,2,4862.13,30053,45429,-0.3311088031753428,0
2023-07-28 10:56:11,4846.35,57823,2,4862.13,30840,45284,-0.3311088031753428,0
2023-07-28 10:56:11,4846.35,57823,2,4862.13,30766,45588,-0.3311088031753428,0
2023-07-28 10:56:11,4846.35,57823,2,4862.13,30832,45572,-0.3311088031753428,0
2023-07-28 10:56:11,4846.35,57823,2,4862.13,30810,45442,-0.3311088031753428,0
2023-07-28 10:56:33,4844.0,57870,1,4862.11,29986,45487,-0.37943834898044854,0
2023-07-28 10:56:33,4844.0,57870,1,4862.11,30818,45498,-0.37943834898044854,0
2023-07-28 10:56:33,4844.0,57870,1,4862.11,30805,45512,-0.37943834898044854,0
2023-07-28 10:56:33,4844.0,57870,1,4862.11,30794,45420,-0.37943834898044854,0
2023-07-28 10:56:33,4844.0,57870,1,4862.11,30792,45567,-0.37943834898044854,0
2023-07-28 10:56:38,4844.0,57871,1,4862.11,30775,45317,-0.37943834898044854,0
2023-07-28 10:56:38,4844.0,57871,1,4862.11,30777,45595,-0.37943834898044854,0
2023-07-28 10:56:38,4843.0,57871,2,4862.11,30765,45670,-0.40000411315283074,0
2023-07-28 10:56:42,4844.2,57890,2,4862.11,30673,45686,-0.3753251961459758,0
2023-07-28 10:56:42,4844.3,57890,2,4862.11,30673,45686,-0.3732686197287301,0
2023-07-28 10:56:43,4844.3,57892,2,4862.11,30675,45662,-0.3732686197287301,0
2023-07-28 10:56:43,4842.0,57892,1,4862.11,30675,45662,-0.420569877325213,0
2023-07-28 10:56:44,4842.0,57904,1,4862.1,30663,45386,-0.420569877325213,0
2023-07-28 10:56:44,4842.0,57904,1,4862.1,30652,45686,-0.420569877325213,0
2023-07-28 10:56:44,4842.0,57904,1,4862.1,30662,45551,-0.420569877325213,0
2023-07-28 10:56:44,4842.0,57904,1,4862.1,30650,45688,-0.420569877325213,0
2023-07-28 10:56:44,4842.0,57904,1,4862.1,30721,45301,-0.420569877325213,0
2023-07-28 10:56:44,4842.0,57904,1,4862.1,30699,45323,-0.420569877325213,0
2023-07-28 10:56:44,4842.0,57904,1,4862.1,30726,45438,-0.420569877325213,0
2023-07-28 10:56:44,4842.0,57904,1,4862.1,30726,45588,-0.420569877325213,0
2023-07-28 10:56:44,4842.0,57904,1,4862.1,30680,45229,-0.420569877325213,0
2023-07-28 10:56:54,4841.6,57908,3,4862.1,30651,45707,-0.4287961829941584,0
2023-07-28 10:56:54,4841.6,57908,3,4862.1,31348,46182,-0.4287961829941584,0
2023-07-28 10:56:54,4841.6,57908,3,4862.1,31277,45878,-0.4287961829941584,0
2023-07-28 10:56:54,4841.6,57908,3,4862.1,31212,46202,-0.4287961829941584,0
2023-07-28 10:56:59,4842.7,57909,1,4862.1,31106,46048,-0.4061738424045492,0
2023-07-28 10:56:59,4842.7,57909,1,4862.1,31129,46044,-0.4061738424045492,0
2023-07-28 10:56:59,4842.7,57909,1,4862.1,31134,46036,-0.4061738424045492,0
2023-07-28 10:56:59,4841.0,57909,3,4862.1,31134,46036,-0.4411356414975952,0
2023-07-28 10:57:02,4841.0,57913,3,4862.1,31106,45547,-0.4411356414975952,0
2023-07-28 10:57:02,4841.0,57913,3,4862.1,31117,45645,-0.4411356414975952,0
2023-07-28 10:57:04,4843.2,57914,1,4862.1,31128,46044,-0.395890960318358,0
2023-07-28 10:57:06,4841.05,57939,3,4862.09,31217,45960,-0.4401073532889724,0
2023-07-28 10:57:06,4841.05,57939,3,4862.09,31228,45979,-0.4401073532889724,0
2023-07-28 10:57:06,4843.9,57939,3,4862.09,31228,45979,-0.3814949253976942,0
2023-07-28 10:57:07,4843.95,57956,2,4862.08,31318,45940,-0.38046663718907137,0
2023-07-28 10:57:07,4843.95,57956,2,4862.08,31319,45940,-0.38046663718907137,0
2023-07-28 10:57:07,4843.95,57956,2,4862.08,31317,45952,-0.38046663718907137,0
2023-07-28 10:57:13,4844.3,58001,3,4862.07,31290,45999,-0.3732686197287301,0
2023-07-28 10:57:13,4844.3,58001,3,4862.07,31268,45983,-0.3732686197287301,0
2023-07-28 10:57:13,4844.3,58001,3,4862.07,31264,46021,-0.3732686197287301,0
2023-07-28 10:57:13,4845.8,58001,6,4862.07,31264,46021,-0.34241997347015674,0
2023-07-28 10:57:16,4847.95,58106,9,4862.04,30827,45909,-0.29820358049954243,0
2023-07-28 10:57:16,4847.95,58106,9,4862.04,31732,46052,-0.29820358049954243,0
2023-07-28 10:57:16,4847.95,58106,9,4862.04,31631,45918,-0.29820358049954243,0
2023-07-28 10:57:16,4847.95,58106,9,4862.04,31623,45787,-0.29820358049954243,0
2023-07-28 10:57:16,4847.95,58106,9,4862.04,31381,46154,-0.29820358049954243,0
2023-07-28 10:57:16,4847.95,58106,9,4862.04,31464,46016,-0.29820358049954243,0
2023-07-28 10:57:16,4846.9,58106,1,4862.04,31464,46016,-0.3197976328805475,0
2023-07-28 10:57:22,4846.9,58107,1,4862.04,30709,45943,-0.3197976328805475,0
2023-07-28 10:57:22,4846.9,58107,1,4862.04,31570,45607,-0.3197976328805475,0
2023-07-28 10:57:22,4846.9,58107,1,4862.04,31496,46191,-0.3197976328805475,0
2023-07-28 10:57:22,4846.9,58107,1,4862.04,31560,46026,-0.3197976328805475,0
2023-07-28 10:57:22,4846.9,58107,1,4862.04,31592,46119,-0.3197976328805475,0
2023-07-28 10:57:22,4846.9,58107,1,4862.04,31558,46150,-0.3197976328805475,0
2023-07-28 10:57:22,4846.9,58107,1,4862.04,31586,45941,-0.3197976328805475,0
2023-07-28 10:57:22,4846.9,58107,1,4862.04,31626,45748,-0.3197976328805475,0
2023-07-28 10:57:22,4846.9,58107,1,4862.04,31570,46065,-0.3197976328805475,0
2023-07-28 10:57:22,4846.9,58107,1,4862.04,31611,46032,-0.3197976328805475,0
2023-07-28 10:57:22,4846.9,58107,1,4862.04,31641,45564,-0.3197976328805475,0
2023-07-28 10:57:22,4846.9,58107,1,4862.04,31628,46035,-0.3197976328805475,0
2023-07-28 10:57:22,4846.9,58107,1,4862.04,31628,46035,-0.3197976328805475,0
2023-07-28 10:57:35,4846.9,58108,1,4862.04,31578,45954,-0.3197976328805475,0
2023-07-28 10:57:35,4846.9,58108,1,4862.04,31592,46105,-0.3197976328805475,0
2023-07-28 10:57:35,4846.9,58108,1,4862.04,31608,45946,-0.3197976328805475,0
2023-07-28 10:57:35,4846.9,58108,1,4862.04,31639,45940,-0.3197976328805475,0
2023-07-28 10:57:40,4844.85,58133,8,4862.03,31494,46036,-0.3619574494339161,0
2023-07-28 10:57:40,4844.85,58133,8,4862.03,31519,46008,-0.3619574494339161,0
2023-07-28 10:57:40,4844.85,58133,8,4862.03,31505,46209,-0.3619574494339161,0
2023-07-28 10:57:40,4844.85,58133,8,4862.03,31536,46002,-0.3619574494339161,0
2023-07-28 10:57:40,4844.85,58133,8,4862.03,31466,46188,-0.3619574494339161,0
2023-07-28 10:57:40,4844.85,58133,8,4862.03,31509,46163,-0.3619574494339161,0
2023-07-28 10:57:40,4844.85,58133,8,4862.03,31493,46193,-0.3619574494339161,0
2023-07-28 10:57:40,4844.85,58133,8,4862.03,31517,46055,-0.3619574494339161,0
2023-07-28 10:57:40,4844.85,58133,8,4862.03,31519,46208,-0.3619574494339161,0
2023-07-28 10:57:49,4844.6,58145,9,4862.03,31521,46073,-0.36709889047701166,0
2023-07-28 10:57:49,4844.6,58145,9,4862.03,31523,46214,-0.36709889047701166,0
2023-07-28 10:57:49,4844.6,58145,9,4862.03,31525,45896,-0.36709889047701166,0
2023-07-28 10:57:49,4844.6,58145,9,4862.03,31515,46240,-0.36709889047701166,0
2023-07-28 10:57:49,4844.3,58145,25,4862.03,31505,46077,-0.3732686197287301,0
2023-07-28 10:57:53,4844.3,58171,25,4862.02,31497,45943,-0.3732686197287301,0
2023-07-28 10:57:53,4844.3,58171,25,4862.02,31416,46024,-0.3732686197287301,0
2023-07-28 10:57:53,4844.3,58171,25,4862.02,31430,46003,-0.3732686197287301,0
2023-07-28 10:57:53,4844.3,58171,1,4862.02,31417,46227,-0.3732686197287301,0
2023-07-28 10:57:59,4844.3,58172,1,4862.02,31413,46105,-0.3732686197287301,0
2023-07-28 10:57:59,4844.3,58172,1,4862.02,31433,46219,-0.3732686197287301,0
2023-07-28 10:57:59,4844.3,58172,1,4862.02,31396,46235,-0.3732686197287301,0
2023-07-28 10:57:59,4844.3,58172,1,4862.02,31395,45785,-0.3732686197287301,0
2023-07-28 10:57:59,4846.4,58172,5,4862.02,31395,45785,-0.3300805149667386,0
2023-07-28 10:58:04,4846.4,58177,5,4862.02,31424,46220,-0.3300805149667386,0
2023-07-28 10:58:04,4844.0,58177,4,4862.02,31424,46220,-0.37943834898044854,0
2023-07-28 10:58:05,4844.0,58192,4,4862.02,31391,46157,-0.37943834898044854,0
2023-07-28 10:58:07,4841.9,58197,2,4862.02,30477,46323,-0.4226264537424587,0
2023-07-28 10:58:07,4841.9,58197,2,4862.02,30690,46357,-0.4226264537424587,0
2023-07-28 10:58:07,4841.9,58197,2,4862.02,30870,45974,-0.4226264537424587,0
2023-07-28 10:58:10,4840.4,58256,2,4861.99,30774,46171,-0.453475100001032,0
2023-07-28 10:58:10,4840.75,58257,1,4861.99,30793,46363,-0.44627708254069076,0
2023-07-28 10:58:10,4840.75,58257,1,4861.99,30804,46037,-0.44627708254069076,0
2023-07-28 10:58:10,4841.25,58257,2,4861.99,30804,46037,-0.43599420045449966,0
2023-07-28 10:58:12,4841.25,58259,2,4861.99,30817,46241,-0.43599420045449966,0
2023-07-28 10:58:12,4841.25,58259,2,4861.99,30817,46248,-0.43599420045449966,0
2023-07-28 10:58:12,4841.25,58259,2,4861.99,30817,45940,-0.43599420045449966,0
2023-07-28 10:58:12,4841.25,58259,2,4861.99,30821,46286,-0.43599420045449966,0
2023-07-28 10:58:12,4841.25,58259,2,4861.99,30821,46265,-0.43599420045449966,0
2023-07-28 10:58:12,4841.25,58259,2,4861.99,30821,45773,-0.43599420045449966,0
2023-07-28 10:58:12,4841.25,58259,2,4861.99,30820,46202,-0.43599420045449966,0
2023-07-28 10:58:20,4841.25,58260,1,4861.99,30809,45956,-0.43599420045449966,0
2023-07-28 10:58:20,4841.25,58270,2,4861.99,30816,45989,-0.43599420045449966,0
2023-07-28 10:58:20,4841.25,58270,2,4861.99,30818,46312,-0.43599420045449966,0
2023-07-28 10:58:20,4841.25,58270,2,4861.99,30941,46225,-0.43599420045449966,0
2023-07-28 10:58:20,4841.25,58270,2,4861.99,30941,46235,-0.43599420045449966,0
2023-07-28 10:58:20,4841.25,58270,2,4861.99,30923,46065,-0.43599420045449966,0
2023-07-28 10:58:20,4841.25,58270,10,4861.99,30922,46065,-0.43599420045449966,0
2023-07-28 10:58:26,4841.25,58282,10,4861.98,30858,45718,-0.43599420045449966,0
2023-07-28 10:58:26,4841.25,58282,10,4861.98,30858,46056,-0.43599420045449966,0
2023-07-28 10:58:26,4841.25,58282,10,4861.98,30899,45897,-0.43599420045449966,0
2023-07-28 10:58:30,4841.5,58287,3,4861.98,30913,46031,-0.4308527594114041,0
2023-07-28 10:58:30,4841.5,58287,3,4861.98,30937,45772,-0.4308527594114041,0
2023-07-28 10:58:30,4841.5,58287,3,4861.98,30931,45854,-0.4308527594114041,0
2023-07-28 10:58:30,4841.5,58287,3,4861.98,30927,45839,-0.4308527594114041,0
2023-07-28 10:58:30,4841.5,58287,3,4861.98,30936,45706,-0.4308527594114041,0
2023-07-28 10:58:30,4841.5,58287,3,4861.98,30912,46184,-0.4308527594114041,0
2023-07-28 10:58:30,4841.5,58287,3,4861.98,30916,45995,-0.4308527594114041,0
2023-07-28 10:58:30,4841.5,58287,3,4861.98,30885,45566,-0.4308527594114041,0
2023-07-28 10:58:30,4841.5,58287,3,4861.98,30892,45927,-0.4308527594114041,0
2023-07-28 10:58:30,4840.0,58287,2,4861.98,30892,45927,-0.46170140566997747,0
2023-07-28 10:58:40,4840.0,58290,2,4861.98,30914,45965,-0.46170140566997747,0
2023-07-28 10:58:40,4840.0,58290,2,4861.98,30907,45992,-0.46170140566997747,0
2023-07-28 10:58:40,4840.0,58290,2,4861.98,30955,45703,-0.46170140566997747,0
2023-07-28 10:58:43,4840.0,58300,2,4861.98,30943,45974,-0.46170140566997747,0
2023-07-28 10:58:43,4840.0,58300,2,4861.98,30961,45864,-0.46170140566997747,0
2023-07-28 10:58:43,4840.0,58300,2,4861.98,30791,46000,-0.46170140566997747,0
2023-07-28 10:58:43,4840.0,58300,2,4861.98,30917,45965,-0.46170140566997747,0
2023-07-28 10:58:43,4840.0,58300,2,4861.98,30882,46026,-0.46170140566997747,0
2023-07-28 10:58:43,4840.0,58300,2,4861.98,30874,46016,-0.46170140566997747,0
2023-07-28 10:58:43,4840.0,58300,2,4861.98,30879,45897,-0.46170140566997747,0
2023-07-28 10:58:49,4840.0,58334,2,4861.96,30894,46171,-0.46170140566997747,0
2023-07-28 10:58:49,4840.0,58334,2,4861.96,30894,46171,-0.46170140566997747,0
2023-07-28 10:58:49,4840.0,58334,1,4861.96,30894,46171,-0.46170140566997747,0
2023-07-28 10:58:51,4840.0,58342,1,4861.96,30927,46467,-0.46170140566997747,0
2023-07-28 10:58:51,4840.0,58342,1,4861.96,30928,46161,-0.46170140566997747,0
2023-07-28 10:58:51,4840.0,58342,1,4861.96,30927,46311,-0.46170140566997747,0
2023-07-28 10:58:51,4839.0,58342,5,4861.96,30766,46468,-0.4822671698423597,0
2023-07-28 10:58:56,4839.0,58348,5,4861.96,30558,46220,-0.4822671698423597,0
2023-07-28 10:58:56,4839.0,58348,5,4861.96,30565,46360,-0.4822671698423597,0
2023-07-28 10:58:56,4839.0,58348,5,4861.96,30571,46553,-0.4822671698423597,0
2023-07-28 10:59:00,4838.0,58528,136,4861.89,30590,46208,-0.5028329340147419,0
2023-07-28 10:59:01,4838.0,58543,15,4861.88,30697,45933,-0.5028329340147419,0
2023-07-28 10:59:01,4838.0,58543,15,4861.88,30697,45933,-0.5028329340147419,0
2023-07-28 10:59:01,4840.3,58543,4,4861.88,30697,45933,-0.45553167641825903,0
2023-07-28 10:59:02,4840.3,58547,4,4861.88,30686,46379,-0.45553167641825903,0
2023-07-28 10:59:02,4840.3,58547,4,4861.88,30688,46379,-0.45553167641825903,0
2023-07-28 10:59:02,4840.3,58547,4,4861.88,30671,46404,-0.45553167641825903,0
2023-07-28 10:59:02,4840.3,58547,4,4861.88,30711,46340,-0.45553167641825903,0
2023-07-28 10:59:02,4837.85,58547,1,4861.88,30743,46235,-0.5059177986405918,0
2023-07-28 10:59:09,4837.85,58548,1,4861.88,30691,46257,-0.5059177986405918,0
2023-07-28 10:59:09,4837.85,58548,1,4861.88,30710,46360,-0.5059177986405918,0
2023-07-28 10:59:09,4837.85,58548,1,4861.88,30638,46387,-0.5059177986405918,0
2023-07-28 10:59:09,4837.1,58548,5,4861.88,30638,46387,-0.5213421217698785,0
2023-07-28 10:59:12,4837.1,58573,5,4861.87,30623,46396,-0.5213421217698785,0
2023-07-28 10:59:12,4837.1,58573,5,4861.87,30587,46423,-0.5213421217698785,0
2023-07-28 10:59:12,4837.1,58573,5,4861.87,30585,46424,-0.5213421217698785,0
2023-07-28 10:59:12,4837.1,58573,5,4861.87,30655,46424,-0.5213421217698785,0
2023-07-28 10:59:18,4839.85,58593,1,4861.86,30666,46398,-0.4647862702958273,0
2023-07-28 10:59:18,4839.85,58593,1,4861.86,30676,46366,-0.4647862702958273,0
2023-07-28 10:59:18,4839.85,58593,2,4861.86,30676,46366,-0.4647862702958273,0
2023-07-28 10:59:20,4839.85,58595,2,4861.86,30862,46381,-0.4647862702958273,0
2023-07-28 10:59:20,4837.25,58595,1,4861.86,30862,46381,-0.5182572571440286,0
2023-07-28 10:59:20,4837.25,58604,1,4861.86,30845,46092,-0.5182572571440286,0
2023-07-28 10:59:20,4837.25,58604,1,4861.86,30845,46092,-0.5182572571440286,0
2023-07-28 10:59:20,4837.25,58604,1,4861.86,29488,46352,-0.5182572571440286,0
2023-07-28 10:59:20,4837.25,58604,1,4861.86,29488,46352,-0.5182572571440286,0
2023-07-28 10:59:20,4837.25,58604,1,4861.86,30950,46358,-0.5182572571440286,0
2023-07-28 10:59:20,4837.25,58604,1,4861.86,30950,46358,-0.5182572571440286,0
2023-07-28 10:59:20,4837.25,58604,1,4861.86,30087,46381,-0.5182572571440286,0
2023-07-28 10:59:20,4837.25,58604,1,4861.86,30087,46381,-0.5182572571440286,0
2023-07-28 10:59:26,4839.9,58605,1,4861.85,30917,46217,-0.4637579820872232,0
2023-07-28 10:59:26,4839.9,58605,1,4861.85,30917,46217,-0.4637579820872232,0
2023-07-28 10:59:26,4839.9,58605,1,4861.85,30957,46233,-0.4637579820872232,0
2023-07-28 10:59:26,4839.9,58605,1,4861.85,30958,46227,-0.4637579820872232,0
2023-07-28 10:59:26,4840.3,58605,4,4861.85,30960,46234,-0.45553167641825903,0
2023-07-28 10:59:30,4840.15,58622,1,4861.85,30951,46401,-0.4586165410441276,0
2023-07-28 10:59:32,4840.15,58623,1,4861.85,30159,46232,-0.4586165410441276,0
2023-07-28 10:59:32,4840.15,58623,1,4861.85,30929,46229,-0.4586165410441276,0
2023-07-28 10:59:32,4840.15,58623,1,4861.85,30924,46102,-0.4586165410441276,0
2023-07-28 10:59:32,4840.15,58623,1,4861.85,30940,46230,-0.4586165410441276,0
2023-07-28 10:59:32,4840.15,58623,1,4861.85,30926,46228,-0.4586165410441276,0
2023-07-28 10:59:32,4840.15,58623,1,4861.85,30986,46078,-0.4586165410441276,0
2023-07-28 10:59:32,4840.15,58623,1,4861.85,30988,46378,-0.4586165410441276,0
2023-07-28 10:59:42,4840.85,58624,1,4861.85,30373,46408,-0.4442205061234451,0
2023-07-28 10:59:42,4841.1,58624,1,4861.85,30373,46408,-0.4390790650803495,0
2023-07-28 10:59:43,4841.1,58625,1,4861.85,30318,46170,-0.4390790650803495,0
2023-07-28 10:59:43,4841.1,58625,1,4861.85,31167,45993,-0.4390790650803495,0
2023-07-28 10:59:43,4841.1,58625,1,4861.85,31144,46200,-0.4390790650803495,0
2023-07-28 10:59:43,4841.1,58625,1,4861.85,31179,46386,-0.4390790650803495,0
2023-07-28 10:59:43,4841.1,58625,1,4861.85,31195,46147,-0.4390790650803495,0
2023-07-28 10:59:43,4841.1,58625,1,4861.85,31195,46182,-0.4390790650803495,0
2023-07-28 10:59:43,4841.1,58625,1,4861.85,31278,46309,-0.4390790650803495,0
2023-07-28 10:59:43,4841.1,58625,1,4861.85,30400,46307,-0.4390790650803495,0
2023-07-28 10:59:43,4841.1,58625,1,4861.85,31257,46183,-0.4390790650803495,0
2023-07-28 10:59:43,4841.1,58625,1,4861.85,31206,46219,-0.4390790650803495,0
2023-07-28 10:59:55,4842.85,58627,2,4861.85,31090,46045,-0.4030889777786806,0
2023-07-28 10:59:55,4842.85,58627,2,4861.85,31344,46285,-0.4030889777786806,0
2023-07-28 10:59:55,4842.85,58627,2,4861.85,31222,46163,-0.4030889777786806,0
2023-07-28 10:59:55,4842.85,58627,2,4861.85,31179,46318,-0.4030889777786806,0
2023-07-28 10:59:55,4842.85,58627,2,4861.85,30348,46087,-0.4030889777786806,0
2023-07-28 10:59:55,4842.85,58627,2,4861.85,31232,46348,-0.4030889777786806,0
2023-07-28 10:59:55,4842.85,58627,2,4861.85,31170,46223,-0.4030889777786806,0
2023-07-28 11:00:02,4843.25,58631,1,4861.85,31246,46310,-0.3948626721097352,0
2023-07-28 11:00:02,4843.25,58632,1,4861.85,31242,46321,-0.3948626721097352,0
2023-07-28 11:00:02,4843.25,58632,1,4861.85,31230,46387,-0.3948626721097352,0
2023-07-28 11:00:02,4843.25,58632,1,4861.85,30511,46214,-0.3948626721097352,0
2023-07-28 11:00:07,4841.1,58636,4,4861.84,31231,46003,-0.4390790650803495,0
2023-07-28 11:00:07,4841.1,58636,4,4861.84,31231,46003,-0.4390790650803495,0
2023-07-28 11:00:07,4841.1,58636,4,4861.84,30536,46264,-0.4390790650803495,0
2023-07-28 11:00:07,4841.1,58636,4,4861.84,31326,46086,-0.4390790650803495,0
2023-07-28 11:00:07,4841.1,58636,4,4861.84,31344,46141,-0.4390790650803495,0
2023-07-28 11:00:07,4841.1,58636,4,4861.84,31320,46004,-0.4390790650803495,0
2023-07-28 11:00:07,4843.45,58636,3,4861.84,31362,46181,-0.39074951927526247,0
2023-07-28 11:00:13,4843.45,58641,2,4861.84,31310,45979,-0.39074951927526247,0
2023-07-28 11:00:13,4843.45,58641,1,4861.84,31310,45979,-0.39074951927526247,0
2023-07-28 11:00:14,4843.45,58642,1,4861.84,31262,46319,-0.39074951927526247,0
2023-07-28 11:00:14,4843.45,58642,1,4861.84,31248,46314,-0.39074951927526247,0
2023-07-28 11:00:14,4843.45,58642,1,4861.84,31268,46152,-0.39074951927526247,0
2023-07-28 11:00:14,4843.45,58642,1,4861.84,31325,46286,-0.39074951927526247,0
2023-07-28 11:00:14,4843.45,58642,1,4861.84,31272,46312,-0.39074951927526247,0
2023-07-28 11:00:20,4843.45,58644,2,4861.84,31356,46143,-0.39074951927526247,0
2023-07-28 11:00:20,4843.45,58644,2,4861.84,31287,46306,-0.39074951927526247,0
2023-07-28 11:00:21,4842.85,58647,2,4861.84,31271,46541,-0.4030889777786806,0
2023-07-28 11:00:23,4843.4,58648,1,4861.84,31349,46327,-0.39177780748388535,0
2023-07-28 11:00:23,4843.4,58648,1,4861.84,30520,46134,-0.39177780748388535,0
2023-07-28 11:00:23,4843.4,58648,1,4861.84,31309,46070,-0.39177780748388535,0
2023-07-28 11:00:23,4843.4,58648,1,4861.84,31292,46541,-0.39177780748388535,0
2023-07-28 11:00:23,4843.4,58648,1,4861.84,31292,46544,-0.39177780748388535,0
2023-07-28 11:00:23,4843.4,58648,1,4861.84,31293,46544,-0.39177780748388535,0
2023-07-28 11:00:23,4843.4,58648,1,4861.84,31293,46542,-0.39177780748388535,0
2023-07-28 11:00:23,4843.4,58648,1,4861.84,31293,46542,-0.39177780748388535,0
2023-07-28 11:00:23,4843.45,58648,1,4861.84,31293,46575,-0.39074951927526247,0
2023-07-28 11:00:31,4843.45,58649,1,4861.84,31305,46576,-0.39074951927526247,0
2023-07-28 11:00:31,4843.45,58649,1,4861.84,31304,46582,-0.39074951927526247,0
2023-07-28 11:00:35,4843.45,58650,1,4861.84,31304,46577,-0.39074951927526247,0
2023-07-28 11:00:35,4843.45,58650,1,4861.84,31311,46570,-0.39074951927526247,0
2023-07-28 11:00:35,4843.45,58650,1,4861.84,31333,46422,-0.39074951927526247,0
2023-07-28 11:00:35,4843.45,58650,1,4861.84,31334,46553,-0.39074951927526247,0
2023-07-28 11:00:35,4843.45,58650,1,4861.84,31355,46572,-0.39074951927526247,0
2023-07-28 11:00:35,4843.45,58650,1,4861.84,31353,46572,-0.39074951927526247,0
2023-07-28 11:00:35,4843.45,58650,10,4861.84,31353,46579,-0.39074951927526247,0
2023-07-28 11:00:42,4843.45,58660,1,4861.84,31343,46427,-0.39074951927526247,0
2023-07-28 11:00:43,4843.45,58661,1,4861.84,31343,46420,-0.39074951927526247,0
2023-07-28 11:00:43,4843.45,58661,1,4861.84,31284,46258,-0.39074951927526247,0
2023-07-28 11:00:43,4843.45,58661,1,4861.84,31262,46576,-0.39074951927526247,0
2023-07-28 11:00:43,4843.45,58661,1,4861.84,31278,46567,-0.39074951927526247,0
2023-07-28 11:00:43,4843.0,58661,3,4861.84,31278,46567,-0.40000411315283074,0
2023-07-28 11:00:48,4843.0,58665,3,4861.83,31254,46297,-0.40000411315283074,0
2023-07-28 11:00:48,4843.0,58665,3,4861.83,31255,46741,-0.40000411315283074,0
2023-07-28 11:00:48,4843.0,58665,3,4861.83,31324,46661,-0.40000411315283074,0
2023-07-28 11:00:52,4843.45,58667,2,4861.83,31337,46535,-0.39074951927526247,0
2023-07-28 11:00:52,4843.45,58667,2,4861.83,31357,46546,-0.39074951927526247,0
2023-07-28 11:00:52,4843.45,58667,2,4861.83,31357,46546,-0.39074951927526247,0
2023-07-28 11:00:52,4843.45,58667,2,4861.83,31357,46396,-0.39074951927526247,0
2023-07-28 11:00:52,4843.45,58667,2,4861.83,31357,46563,-0.39074951927526247,0
2023-07-28 11:00:52,4843.45,58667,2,4861.83,31357,46563,-0.39074951927526247,0
2023-07-28 11:00:52,4843.45,58667,2,4861.83,31359,46563,-0.39074951927526247,0
2023-07-28 11:00:52,4843.45,58667,2,4861.83,31360,46563,-0.39074951927526247,0
2023-07-28 11:00:52,4843.45,58667,2,4861.83,31342,46263,-0.39074951927526247,0
2023-07-28 11:00:52,4843.45,58667,2,4861.83,31366,46563,-0.39074951927526247,0
2023-07-28 11:00:52,4843.45,58667,6,4861.83,31364,46546,-0.39074951927526247,0
2023-07-28 11:01:03,4843.45,58673,2,4861.83,31337,46569,-0.39074951927526247,0
2023-07-28 11:01:03,4843.45,58675,2,4861.83,31417,46365,-0.39074951927526247,0
2023-07-28 11:01:03,4843.45,58675,2,4861.83,31428,46516,-0.39074951927526247,0
2023-07-28 11:01:07,4843.45,58676,1,4861.83,30917,45713,-0.39074951927526247,0
2023-07-28 11:01:08,4844.5,58695,4,4861.83,30928,46188,-0.3691554668942574,0
2023-07-28 11:01:08,4844.5,58695,1,4861.83,30928,46188,-0.3691554668942574,0
2023-07-28 11:01:09,4844.5,58696,1,4861.83,30949,46188,-0.3691554668942574,0
2023-07-28 11:01:09,4844.5,58696,1,4861.83,30977,46188,-0.3691554668942574,0
2023-07-28 11:01:09,4842.05,58696,2,4861.83,30977,46188,-0.4195415891165901,0
2023-07-28 11:01:12,4842.05,58701,2,4861.82,30974,46115,-0.4195415891165901,0
2023-07-28 11:01:12,4842.05,58701,2,4861.82,30237,46294,-0.4195415891165901,0
2023-07-28 11:01:12,4842.05,58701,2,4861.82,30975,46321,-0.4195415891165901,0
2023-07-28 11:01:12,4842.05,58701,2,4861.82,30987,46021,-0.4195415891165901,0
2023-07-28 11:01:12,4842.05,58701,2,4861.82,31009,45871,-0.4195415891165901,0
2023-07-28 11:01:12,4842.05,58701,2,4861.82,31014,46342,-0.4195415891165901,0
2023-07-28 11:01:12,4842.05,58701,2,4861.82,31014,46342,-0.4195415891165901,0
2023-07-28 11:01:12,4842.05,58701,2,4861.82,31015,46342,-0.4195415891165901,0
2023-07-28 11:01:12,4842.05,58701,2,4861.82,31018,46478,-0.4195415891165901,0
2023-07-28 11:01:12,4842.05,58701,2,4861.82,31017,46478,-0.4195415891165901,0
2023-07-28 11:01:24,4843.85,58702,1,4861.82,31017,46477,-0.3825232136062984,0
2023-07-28 11:01:24,4844.05,58702,1,4861.82,31044,46021,-0.37841006077182565,0
2023-07-28 11:01:26,4844.05,58704,1,4861.82,31526,46562,-0.37841006077182565,0
2023-07-28 11:01:26,4844.05,58704,1,4861.82,31528,46706,-0.37841006077182565,0
2023-07-28 11:01:26,4844.05,58704,1,4861.82,31526,46847,-0.37841006077182565,0
2023-07-28 11:01:26,4844.05,58704,1,4861.82,31517,46673,-0.37841006077182565,0
2023-07-28 11:01:26,4844.05,58704,1,4861.82,31518,46686,-0.37841006077182565,0
2023-07-28 11:01:26,4844.05,58704,1,4861.82,31518,46686,-0.37841006077182565,0
2023-07-28 11:01:26,4844.05,58704,1,4861.82,31518,46686,-0.37841006077182565,0
2023-07-28 11:01:26,4844.05,58704,1,4861.82,31518,46541,-0.37841006077182565,0
2023-07-28 11:01:39,4842.05,58705,1,4861.82,31502,46715,-0.4195415891165901,0
2023-07-28 11:01:39,4842.05,58705,1,4861.82,31500,46724,-0.4195415891165901,0
2023-07-28 11:01:39,4842.05,58705,1,4861.82,31520,46559,-0.4195415891165901,0
2023-07-28 11:01:39,4842.05,58705,1,4861.82,31532,46728,-0.4195415891165901,0
2023-07-28 11:01:43,4844.05,58706,1,4861.82,31544,46532,-0.37841006077182565,0
2023-07-28 11:01:43,4844.05,58706,1,4861.82,31529,46686,-0.37841006077182565,0
2023-07-28 11:01:43,4844.05,58706,1,4861.82,31531,46536,-0.37841006077182565,0
2023-07-28 11:01:43,4844.05,58706,1,4861.82,31531,46687,-0.37841006077182565,0
2023-07-28 11:01:43,4844.05,58706,1,4861.82,31531,46837,-0.37841006077182565,0
2023-07-28 11:01:43,4844.05,58706,1,4861.82,31529,46687,-0.37841006077182565,0
2023-07-28 11:01:43,4844.05,58706,1,4861.82,31518,46987,-0.37841006077182565,0
2023-07-28 11:01:43,4844.05,58706,1,4861.82,31510,46872,-0.37841006077182565,0
2023-07-28 11:01:43,4844.05,58706,1,4861.82,31510,46902,-0.37841006077182565,0
2023-07-28 11:01:43,4841.6,58706,9,4861.82,31510,46902,-0.4287961829941584,0
2023-07-28 11:01:53,4842.0,58719,1,4861.82,31390,46399,-0.420569877325213,0
2023-07-28 11:01:53,4842.0,58719,1,4861.82,31384,46399,-0.420569877325213,0
2023-07-28 11:01:53,4842.0,58719,1,4861.82,31384,46415,-0.420569877325213,0
2023-07-28 11:01:53,4842.0,58719,1,4861.82,31404,45933,-0.420569877325213,0
2023-07-28 11:01:53,4842.0,58719,1,4861.82,31326,46390,-0.420569877325213,0
2023-07-28 11:01:53,4842.0,58719,1,4861.82,31309,46402,-0.420569877325213,0
2023-07-28 11:01:53,4842.0,58719,8,4861.82,31309,46402,-0.420569877325213,0
2023-07-28 11:01:59,4842.0,58727,8,4861.81,31307,46386,-0.420569877325213,0
2023-07-28 11:01:59,4842.0,58727,8,4861.81,31303,46303,-0.420569877325213,0
2023-07-28 11:01:59,4841.0,58727,1,4861.81,31314,46028,-0.4411356414975952,0
2023-07-28 11:02:02,4841.0,58728,1,4861.81,31307,46276,-0.4411356414975952,0
2023-07-28 11:02:02,4841.0,58728,1,4861.81,31294,46428,-0.4411356414975952,0
2023-07-28 11:02:02,4841.0,58728,1,4861.81,31283,46406,-0.4411356414975952,0
2023-07-28 11:02:02,4841.0,58728,1,4861.81,31283,46406,-0.4411356414975952,0
2023-07-28 11:02:02,4841.0,58728,1,4861.81,31283,46306,-0.4411356414975952,0
2023-07-28 11:02:02,4841.0,58728,1,4861.81,31283,46309,-0.4411356414975952,0
2023-07-28 11:02:02,4841.0,58728,1,4861.81,31283,46314,-0.4411356414975952,0
2023-07-28 11:02:02,4841.0,58728,1,4861.81,31283,46314,-0.4411356414975952,0
2023-07-28 11:02:02,4841.0,58728,1,4861.81,31314,46313,-0.4411356414975952,0
2023-07-28 11:02:02,4841.0,58728,1,4861.81,31319,46316,-0.4411356414975952,0
2023-07-28 11:02:02,4841.0,58728,1,4861.81,31323,46313,-0.4411356414975952,0
2023-07-28 11:02:02,4841.0,58728,1,4861.81,31324,46313,-0.4411356414975952,0
2023-07-28 11:02:18,4842.0,58729,1,4861.81,31419,46366,-0.420569877325213,0
2023-07-28 11:02:18,4842.0,58729,1,4861.81,31497,45909,-0.420569877325213,0
2023-07-28 11:02:18,4844.0,58729,5,4861.81,31497,45909,-0.37943834898044854,0
2023-07-28 11:02:19,4844.0,58734,5,4861.81,31511,46006,-0.37943834898044854,0
2023-07-28 11:02:19,4844.0,58734,5,4861.81,31477,45922,-0.37943834898044854,0
2023-07-28 11:02:22,4843.0,58738,3,4861.81,31314,45878,-0.40000411315283074,0
2023-07-28 11:02:22,4843.0,58738,3,4861.81,31314,45878,-0.40000411315283074,0
2023-07-28 11:02:22,4843.0,58738,3,4861.81,31326,46273,-0.40000411315283074,0
2023-07-28 11:02:22,4843.0,58738,3,4861.81,31326,46273,-0.40000411315283074,0
2023-07-28 11:02:22,4842.8,58738,16,4861.81,31602,46012,-0.40411726598730346,0
2023-07-28 11:02:25,4842.8,58879,6,4861.77,31231,45765,-0.40411726598730346,0
2023-07-28 11:02:25,4842.8,58879,1,4861.77,31231,45765,-0.40411726598730346,0
2023-07-28 11:02:26,4842.8,58880,1,4861.77,31245,45846,-0.40411726598730346,0
2023-07-28 11:02:26,4842.8,58880,1,4861.77,31245,45835,-0.40411726598730346,0
2023-07-28 11:02:26,4842.8,58880,1,4861.77,31243,46194,-0.40411726598730346,0
2023-07-28 11:02:26,4842.8,58880,1,4861.77,31249,46094,-0.40411726598730346,0
2023-07-28 11:02:26,4844.05,58880,2,4861.77,31249,46094,-0.37841006077182565,0
2023-07-28 11:02:29,4844.05,58882,2,4861.76,31340,46044,-0.37841006077182565,0
2023-07-28 11:02:29,4844.05,58882,2,4861.76,31357,46323,-0.37841006077182565,0
2023-07-28 11:02:29,4844.0,58882,40,4861.76,31357,46323,-0.37943834898044854,0
2023-07-28 11:02:32,4844.0,58922,40,4861.75,31323,46270,-0.37943834898044854,0
2023-07-28 11:02:32,4844.0,58922,40,4861.75,31372,46246,-0.37943834898044854,0
2023-07-28 11:02:32,4844.0,58922,40,4861.75,31414,45794,-0.37943834898044854,0
2023-07-28 11:02:32,4844.0,58922,40,4861.75,31378,45994,-0.37943834898044854,0
2023-07-28 11:02:32,4844.0,58922,40,4861.75,31408,46275,-0.37943834898044854,0
2023-07-28 11:02:32,4844.0,58922,40,4861.75,31428,46116,-0.37943834898044854,0
2023-07-28 11:02:32,4844.0,58922,40,4861.75,31428,46159,-0.37943834898044854,0
2023-07-28 11:02:32,4844.0,58922,40,4861.75,31417,46287,-0.37943834898044854,0
2023-07-28 11:02:32,4844.0,58922,40,4861.75,31434,46270,-0.37943834898044854,0
2023-07-28 11:02:32,4844.0,58922,40,4861.75,31421,46270,-0.37943834898044854,0
2023-07-28 11:02:32,4844.0,58922,40,4861.75,31411,46275,-0.37943834898044854,0
2023-07-28 11:02:32,4844.0,58922,40,4861.75,31409,46275,-0.37943834898044854,0
2023-07-28 11:02:48,4844.0,58963,41,4861.74,31556,45875,-0.37943834898044854,0
2023-07-28 11:02:48,4844.0,58963,41,4861.74,31421,46005,-0.37943834898044854,0
2023-07-28 11:02:48,4844.0,58963,41,4861.74,30657,46088,-0.37943834898044854,0
2023-07-28 11:02:48,4844.0,58963,2,4861.74,30657,46088,-0.37943834898044854,0
2023-07-28 11:02:50,4844.0,58965,2,4861.74,31401,45951,-0.37943834898044854,0
2023-07-28 11:02:50,4844.0,58965,2,4861.74,31359,45967,-0.37943834898044854,0
2023-07-28 11:02:50,4844.0,58965,2,4861.74,31358,46022,-0.37943834898044854,0
2023-07-28 11:02:50,4844.0,58965,2,4861.74,30563,45873,-0.37943834898044854,0
2023-07-28 11:02:55,4844.0,59032,32,4861.72,31045,46063,-0.37943834898044854,0
2023-07-28 11:02:55,4844.0,59032,32,4861.72,31846,46133,-0.37943834898044854,0
2023-07-28 11:02:55,4844.0,59032,32,4861.72,31854,46146,-0.37943834898044854,0
2023-07-28 11:02:55,4844.0,59032,32,4861.72,31904,46146,-0.37943834898044854,0
2023-07-28 11:02:55,4844.0,59032,32,4861.72,31905,46148,-0.37943834898044854,0
2023-07-28 11:02:55,4844.0,59032,32,4861.72,31913,46159,-0.37943834898044854,0
2023-07-28 11:02:55,4844.0,59032,32,4861.72,31913,46142,-0.37943834898044854,0
2023-07-28 11:02:55,4844.0,59032,32,4861.72,31913,46146,-0.37943834898044854,0
2023-07-28 11:02:55,4844.0,59032,32,4861.72,32119,45613,-0.37943834898044854,0
2023-07-28 11:02:55,4844.0,59032,32,4861.72,32147,45722,-0.37943834898044854,0
2023-07-28 11:02:55,4844.0,59032,32,4861.72,32151,45792,-0.37943834898044854,0
2023-07-28 11:02:55,4844.0,59032,32,4861.72,31321,45807,-0.37943834898044854,0
2023-07-28 11:02:55,4844.0,59032,32,4861.72,32052,45826,-0.37943834898044854,0
2023-07-28 11:02:55,4844.0,59032,32,4861.72,32037,45830,-0.37943834898044854,0
2023-07-28 11:02:55,4844.0,59032,32,4861.72,32039,45840,-0.37943834898044854,0
2023-07-28 11:02:55,4844.0,59032,32,4861.72,32065,45844,-0.37943834898044854,0
2023-07-28 11:02:55,4844.0,59032,32,4861.72,32019,45821,-0.37943834898044854,0
2023-07-28 11:02:55,4844.0,59032,32,4861.72,32039,45830,-0.37943834898044854,0
2023-07-28 11:03:14,4845.5,59033,1,4861.72,31292,45832,-0.34858970272187517,0
2023-07-28 11:03:14,4845.5,59033,1,4861.72,32015,45835,-0.34858970272187517,0
2023-07-28 11:03:14,4845.5,59033,1,4861.72,32058,45851,-0.34858970272187517,0
2023-07-28 11:03:14,4845.5,59033,1,4861.72,32022,45851,-0.34858970272187517,0
2023-07-28 11:03:14,4845.5,59033,1,4861.72,32019,45851,-0.34858970272187517,0
2023-07-28 11:03:14,4845.5,59033,1,4861.72,32022,45853,-0.34858970272187517,0
2023-07-28 11:03:14,4845.5,59033,1,4861.72,32039,45851,-0.34858970272187517,0
2023-07-28 11:03:14,4845.5,59033,1,4861.72,32094,45830,-0.34858970272187517,0
2023-07-28 11:03:14,4845.5,59033,1,4861.72,30746,45837,-0.34858970272187517,0
2023-07-28 11:03:14,4845.5,59033,1,4861.72,32097,45857,-0.34858970272187517,0
2023-07-28 11:03:14,4845.5,59033,1,4861.72,32129,45857,-0.34858970272187517,0
2023-07-28 11:03:14,4845.5,59033,1,4861.72,32131,45857,-0.34858970272187517,0
2023-07-28 11:03:14,4848.55,59033,3,4861.72,32131,45858,-0.2858641219961056,0
2023-07-28 11:03:27,4848.55,59043,3,4861.72,32127,45845,-0.2858641219961056,0
2023-07-28 11:03:27,4848.55,59043,3,4861.72,32129,45845,-0.2858641219961056,0
2023-07-28 11:03:27,4848.55,59043,3,4861.72,32076,45926,-0.2858641219961056,0
2023-07-28 11:03:27,4848.55,59043,3,4861.72,32082,45926,-0.2858641219961056,0
2023-07-28 11:03:27,4848.55,59043,3,4861.72,32081,45937,-0.2858641219961056,0
2023-07-28 11:03:27,4848.55,59043,3,4861.72,32051,45937,-0.2858641219961056,0
2023-07-28 11:03:27,4848.55,59043,3,4861.72,32067,45937,-0.2858641219961056,0
2023-07-28 11:03:27,4848.55,59043,3,4861.72,32065,45937,-0.2858641219961056,0
2023-07-28 11:03:27,4848.55,59043,3,4861.72,32069,45981,-0.2858641219961056,0
2023-07-28 11:03:27,4848.55,59043,3,4861.72,31967,45981,-0.2858641219961056,0
2023-07-28 11:03:27,4848.55,59043,3,4861.72,30622,45895,-0.2858641219961056,0
2023-07-28 11:03:27,4848.55,59043,3,4861.72,31995,45714,-0.2858641219961056,0
2023-07-28 11:03:27,4848.55,59043,3,4861.72,30645,45881,-0.2858641219961056,0
2023-07-28 11:03:27,4848.55,59043,3,4861.72,31983,45557,-0.2858641219961056,0
2023-07-28 11:03:27,4848.55,59043,3,4861.72,31951,45874,-0.2858641219961056,0
2023-07-28 11:03:27,4848.55,59043,3,4861.72,31937,45885,-0.2858641219961056,0
2023-07-28 11:03:27,4848.55,59043,3,4861.72,31937,45735,-0.2858641219961056,0
2023-07-28 11:03:27,4848.55,59043,3,4861.72,31337,45885,-0.2858641219961056,0
2023-07-28 11:03:27,4848.75,59043,5,4861.72,31337,45885,-0.2817509691616329,0
2023-07-28 11:03:48,4848.75,59053,5,4861.71,31949,45553,-0.2817509691616329,0
2023-07-28 11:03:48,4848.75,59053,5,4861.71,31780,45825,-0.2817509691616329,0
2023-07-28 11:03:48,4848.75,59053,5,4861.71,31832,45845,-0.2817509691616329,0
2023-07-28 11:03:48,4848.75,59053,5,4861.71,31094,45658,-0.2817509691616329,0
2023-07-28 11:03:48,4848.75,59053,5,4861.71,31858,45669,-0.2817509691616329,0
2023-07-28 11:03:48,4846.25,59053,2,4861.71,31858,45669,-0.33316537959258846,0
2023-07-28 11:03:53,4846.25,59060,2,4861.71,31852,45397,-0.33316537959258846,0
2023-07-28 11:03:53,4846.25,59060,2,4861.71,31856,45894,-0.33316537959258846,0
2023-07-28 11:03:53,4846.25,59060,2,4861.71,31944,45604,-0.33316537959258846,0
2023-07-28 11:03:53,4846.25,59060,2,4861.71,31954,45753,-0.33316537959258846,0
2023-07-28 11:03:53,4848.7,59060,2,4861.71,31954,45753,-0.2827792573702557,0
2023-07-28 11:03:58,4848.7,59062,2,4861.71,31972,45545,-0.2827792573702557,0
2023-07-28 11:03:58,4848.7,59062,2,4861.71,31958,45845,-0.2827792573702557,0
2023-07-28 11:03:58,4848.7,59062,2,4861.71,31954,45698,-0.2827792573702557,0
2023-07-28 11:03:58,4848.7,59062,2,4861.71,31957,45698,-0.2827792573702557,0
2023-07-28 11:03:58,4848.7,59062,2,4861.71,31937,45879,-0.2827792573702557,0
2023-07-28 11:03:58,4848.7,59062,2,4861.71,31948,45877,-0.2827792573702557,0
2023-07-28 11:03:58,4848.7,59062,2,4861.71,31855,45654,-0.2827792573702557,0
2023-07-28 11:03:58,4848.7,59062,2,4861.71,31922,45910,-0.2827792573702557,0
2023-07-28 11:03:58,4848.7,59062,2,4861.71,31924,45893,-0.2827792573702557,0
2023-07-28 11:04:09,4847.0,59064,1,4861.71,31929,45919,-0.3177410564633018,0
2023-07-28 11:04:09,4847.0,59064,1,4861.71,30596,45834,-0.3177410564633018,0
2023-07-28 11:04:09,4847.0,59064,1,4861.71,31194,46003,-0.3177410564633018,0
2023-07-28 11:04:09,4847.0,59064,1,4861.71,31938,45703,-0.3177410564633018,0
2023-07-28 11:04:09,4847.0,59064,1,4861.71,32014,45890,-0.3177410564633018,0
2023-07-28 11:04:09,4846.15,59064,1,4861.71,32014,45890,-0.3352219560098342,0
2023-07-28 11:04:15,4846.2,59066,1,4861.71,31486,46068,-0.33419366780121135,0
2023-07-28 11:04:15,4846.4,59066,3,4861.71,31486,46068,-0.3300805149667386,0
2023-07-28 11:04:15,4846.4,59069,3,4861.71,31437,46269,-0.3300805149667386,0
2023-07-28 11:04:15,4845.0,59069,1,4861.71,31437,46269,-0.3588725848080663,0
2023-07-28 11:04:16,4845.0,59070,1,4861.71,31376,45768,-0.3588725848080663,0
2023-07-28 11:04:16,4845.0,59070,1,4861.71,31351,45967,-0.3588725848080663,0
2023-07-28 11:04:16,4845.0,59070,1,4861.71,31351,45992,-0.3588725848080663,0
2023-07-28 11:04:20,4845.5,59071,1,4861.71,31355,46021,-0.34858970272187517,0
2023-07-28 11:04:20,4845.5,59071,1,4861.71,31339,46048,-0.34858970272187517,0
2023-07-28 11:04:20,4842.55,59071,9,4861.71,31308,46226,-0.409258707030399,0
2023-07-28 11:04:23,4842.55,59091,9,4861.7,31199,46321,-0.409258707030399,0
2023-07-28 11:04:23,4842.55,59091,9,4861.7,31223,46319,-0.409258707030399,0
2023-07-28 11:04:23,4842.55,59091,9,4861.7,31066,46232,-0.409258707030399,0
2023-07-28 11:04:23,4842.55,59091,9,4861.7,31141,46075,-0.409258707030399,0
2023-07-28 11:04:23,4842.55,59091,9,4861.7,31193,45976,-0.409258707030399,0
2023-07-28 11:04:23,4842.55,59091,9,4861.7,31218,46064,-0.409258707030399,0
2023-07-28 11:04:23,4842.55,59091,9,4861.7,31217,45986,-0.409258707030399,0
2023-07-28 11:04:23,4842.55,59091,9,4861.7,31225,45838,-0.409258707030399,0
2023-07-28 11:04:23,4842.55,59091,9,4861.7,31221,45870,-0.409258707030399,0
2023-07-28 11:04:23,4842.55,59091,9,4861.7,31223,46164,-0.409258707030399,0
2023-07-28 11:04:23,4842.55,59091,9,4861.7,31237,46160,-0.409258707030399,0
2023-07-28 11:04:23,4842.55,59091,9,4861.7,31247,46168,-0.409258707030399,0
2023-07-28 11:04:23,4842.55,59091,9,4861.7,31149,46257,-0.409258707030399,0
2023-07-28 11:04:23,4842.55,59091,9,4861.7,31157,45749,-0.409258707030399,0
2023-07-28 11:04:23,4844.4,59091,1,4861.7,31157,45749,-0.3712120433115031,0
2023-07-28 11:04:39,4844.8,59094,1,4861.7,31266,46172,-0.362985737642539,0
2023-07-28 11:04:39,4844.8,59094,1,4861.7,31171,46209,-0.362985737642539,0
2023-07-28 11:04:39,4844.8,59094,1,4861.7,31171,46209,-0.362985737642539,0
2023-07-28 11:04:39,4844.8,59094,1,4861.7,31169,46209,-0.362985737642539,0
2023-07-28 11:04:43,4842.4,59099,5,4861.7,31164,46219,-0.41234357165626756,0
2023-07-28 11:04:43,4842.4,59099,5,4861.7,31215,46022,-0.41234357165626756,0
2023-07-28 11:04:43,4842.4,59099,5,4861.7,31178,46191,-0.41234357165626756,0
2023-07-28 11:04:43,4842.4,59099,5,4861.7,31219,46185,-0.41234357165626756,0
2023-07-28 11:04:43,4842.4,59099,5,4861.7,30484,46026,-0.41234357165626756,0
2023-07-28 11:04:43,4842.4,59099,5,4861.7,31308,46090,-0.41234357165626756,0
2023-07-28 11:04:43,4842.4,59099,5,4861.7,31217,45980,-0.41234357165626756,0
2023-07-28 11:04:43,4842.4,59099,5,4861.7,31364,46015,-0.41234357165626756,0
2023-07-28 11:04:43,4842.4,59099,5,4861.7,31360,46136,-0.41234357165626756,0
2023-07-28 11:04:43,4842.4,59099,5,4861.7,31380,45776,-0.41234357165626756,0
2023-07-28 11:04:43,4842.4,59099,5,4861.7,31475,45829,-0.41234357165626756,0
2023-07-28 11:04:43,4846.5,59099,5,4861.7,31475,45829,-0.3280239385494929,0
2023-07-28 11:04:55,4846.5,59104,5,4861.7,31482,46135,-0.3280239385494929,0
2023-07-28 11:04:55,4846.5,59104,5,4861.7,31466,46126,-0.3280239385494929,0
2023-07-28 11:04:55,4846.5,59104,5,4861.7,31466,45851,-0.3280239385494929,0
2023-07-28 11:04:55,4846.5,59104,5,4861.7,31473,46129,-0.3280239385494929,0
2023-07-28 11:04:59,4846.5,59105,1,4861.7,31513,45729,-0.3280239385494929,0
2023-07-28 11:04:59,4846.5,59105,1,4861.7,30772,45941,-0.3280239385494929,0
2023-07-28 11:04:59,4846.5,59105,1,4861.7,31473,46065,-0.3280239385494929,0
2023-07-28 11:04:59,4846.5,59105,1,4861.7,31499,45837,-0.3280239385494929,0
2023-07-28 11:04:59,4846.5,59105,1,4861.7,31500,46129,-0.3280239385494929,0
2023-07-28 11:04:59,4846.5,59105,1,4861.7,31478,46095,-0.3280239385494929,0
2023-07-28 11:04:59,4846.5,59105,1,4861.7,30768,45970,-0.3280239385494929,0
2023-07-28 11:04:59,4846.5,59105,1,4861.7,31518,45840,-0.3280239385494929,0
2023-07-28 11:04:59,4846.5,59105,1,4861.7,31516,45814,-0.3280239385494929,0
2023-07-28 11:04:59,4846.5,59105,1,4861.7,31510,46067,-0.3280239385494929,0
2023-07-28 11:04:59,4846.5,59105,1,4861.7,31519,46068,-0.3280239385494929,0
2023-07-28 11:04:59,4846.5,59105,4,4861.7,31519,46068,-0.3280239385494929,0
2023-07-28 11:05:09,4846.5,59109,4,4861.7,30740,46065,-0.3280239385494929,0
2023-07-28 11:05:09,4846.5,59109,4,4861.7,31414,45919,-0.3280239385494929,0
2023-07-28 11:05:12,4846.5,59112,3,4861.7,31490,46067,-0.3280239385494929,0
2023-07-28 11:05:12,4846.5,59112,3,4861.7,31453,46060,-0.3280239385494929,0
2023-07-28 11:05:12,4846.5,59112,3,4861.7,31503,46015,-0.3280239385494929,0
2023-07-28 11:05:12,4846.5,59112,3,4861.7,30759,46076,-0.3280239385494929,0
2023-07-28 11:05:12,4846.5,59112,3,4861.7,31493,45937,-0.3280239385494929,0
2023-07-28 11:05:12,4846.5,59112,3,4861.7,31455,46080,-0.3280239385494929,0
2023-07-28 11:05:12,4846.5,59112,3,4861.7,31431,45935,-0.3280239385494929,0
2023-07-28 11:05:12,4846.5,59112,3,4861.7,31430,46098,-0.3280239385494929,0
2023-07-28 11:05:12,4846.5,59112,3,4861.7,31408,46010,-0.3280239385494929,0
2023-07-28 11:05:12,4846.5,59112,3,4861.7,31508,46156,-0.3280239385494929,0
2023-07-28 11:05:12,4846.5,59112,3,4861.7,31508,46156,-0.3280239385494929,0
2023-07-28 11:05:12,4846.5,59112,3,4861.7,31510,46189,-0.3280239385494929,0
2023-07-28 11:05:12,4846.5,59112,3,4861.7,31453,45699,-0.3280239385494929,0
2023-07-28 11:05:12,4846.5,59112,3,4861.7,31453,45699,-0.3280239385494929,0
2023-07-28 11:05:12,4846.5,59112,3,4861.7,31484,46130,-0.3280239385494929,0
2023-07-28 11:05:12,4846.5,59112,3,4861.7,31495,46147,-0.3280239385494929,0
2023-07-28 11:05:12,4846.5,59112,3,4861.7,31495,46147,-0.3280239385494929,0
2023-07-28 11:05:12,4846.5,59112,3,4861.7,31489,46134,-0.3280239385494929,0
2023-07-28 11:05:12,4846.0,59112,10,4861.7,31488,46160,-0.33830682063568407,0
2023-07-28 11:05:29,4846.0,59122,10,4861.7,31490,46108,-0.33830682063568407,0
2023-07-28 11:05:29,4846.0,59122,10,4861.7,31476,46161,-0.33830682063568407,0
2023-07-28 11:05:29,4846.0,59122,10,4861.7,31478,46155,-0.33830682063568407,0
2023-07-28 11:05:29,4846.0,59122,10,4861.7,31422,46046,-0.33830682063568407,0
2023-07-28 11:05:29,4846.0,59122,10,4861.7,30727,45862,-0.33830682063568407,0
2023-07-28 11:05:29,4846.0,59122,10,4861.7,31486,46093,-0.33830682063568407,0
2023-07-28 11:05:37,4846.0,59132,10,4861.69,31503,45765,-0.33830682063568407,0
2023-07-28 11:05:37,4846.0,59132,10,4861.69,31488,46071,-0.33830682063568407,0
2023-07-28 11:05:37,4846.0,59132,10,4861.69,31473,45917,-0.33830682063568407,0
2023-07-28 11:05:37,4846.0,59132,10,4861.69,31505,46117,-0.33830682063568407,0
2023-07-28 11:05:37,4846.0,59132,10,4861.69,31510,45997,-0.33830682063568407,0
2023-07-28 11:05:37,4846.0,59132,10,4861.69,31506,46008,-0.33830682063568407,0
2023-07-28 11:05:37,4846.0,59132,10,4861.69,31501,45756,-0.33830682063568407,0
2023-07-28 11:05:37,4846.0,59132,10,4861.69,30712,45725,-0.33830682063568407,0
2023-07-28 11:05:37,4846.0,59132,10,4861.69,31505,46089,-0.33830682063568407,0
2023-07-28 11:05:37,4846.0,59132,10,4861.69,30758,45877,-0.33830682063568407,0
2023-07-28 11:05:37,4846.0,59132,10,4861.69,31554,45901,-0.33830682063568407,0
2023-07-28 11:05:50,4844.0,59162,2,4861.68,31541,45951,-0.37943834898044854,0
2023-07-28 11:05:50,4844.0,59162,2,4861.68,31629,46032,-0.37943834898044854,0
2023-07-28 11:05:50,4844.0,59162,2,4861.68,31598,45789,-0.37943834898044854,0
2023-07-28 11:05:50,4844.0,59162,2,4861.68,31615,46004,-0.37943834898044854,0
2023-07-28 11:05:50,4844.0,59162,2,4861.68,31626,46185,-0.37943834898044854,0
2023-07-28 11:05:50,4844.0,59162,2,4861.68,31626,46185,-0.37943834898044854,0
2023-07-28 11:05:50,4844.0,59162,2,4861.68,31629,46194,-0.37943834898044854,0
2023-07-28 11:05:50,4845.3,59162,2,4861.68,31629,46194,-0.3527028555563479,0
2023-07-28 11:05:58,4845.3,59164,2,4861.68,31644,46205,-0.3527028555563479,0
2023-07-28 11:05:58,4845.3,59164,2,4861.68,31644,46200,-0.3527028555563479,0
2023-07-28 11:05:58,4841.0,59164,1,4861.68,31642,46200,-0.4411356414975952,0
2023-07-28 11:06:01,4841.0,59239,1,4861.66,30644,46357,-0.4411356414975952,0
2023-07-28 11:06:01,4841.0,59239,1,4861.66,31251,46473,-0.4411356414975952,0
2023-07-28 11:06:01,4841.0,59239,1,4861.66,31223,45740,-0.4411356414975952,0
2023-07-28 11:06:01,4841.0,59239,1,4861.66,31225,46077,-0.4411356414975952,0
2023-07-28 11:06:01,4841.0,59239,1,4861.66,31064,46120,-0.4411356414975952,0
2023-07-28 11:06:01,4841.0,59239,1,4861.66,31183,46081,-0.4411356414975952,0
2023-07-28 11:06:01,4841.0,59239,1,4861.66,31163,45877,-0.4411356414975952,0
2023-07-28 11:06:01,4841.0,59239,1,4861.66,30248,46067,-0.4411356414975952,0
2023-07-28 11:06:01,4841.0,59239,1,4861.66,30973,46135,-0.4411356414975952,0
2023-07-28 11:06:01,4841.9,59239,2,4861.66,30992,45788,-0.4226264537424587,0
2023-07-28 11:06:11,4842.7,59241,2,4861.66,31076,45975,-0.4061738424045492,0
2023-07-28 11:06:12,4842.7,59246,2,4861.66,31179,45738,-0.4061738424045492,0
2023-07-28 11:06:12,4842.7,59246,2,4861.66,31154,46108,-0.4061738424045492,0
2023-07-28 11:06:12,4842.7,59246,2,4861.66,31193,46147,-0.4061738424045492,0
2023-07-28 11:06:12,4842.7,59246,2,4861.66,31151,46129,-0.4061738424045492,0
2023-07-28 11:06:12,4841.0,59246,1,4861.66,31151,46129,-0.4411356414975952,0
2023-07-28 11:06:18,4841.0,59247,1,4861.66,31276,46153,-0.4411356414975952,0
2023-07-28 11:06:18,4841.0,59251,4,4861.65,31207,46063,-0.4411356414975952,0
2023-07-28 11:06:18,4841.0,59251,4,4861.65,31207,46063,-0.4411356414975952,0
2023-07-28 11:06:18,4841.0,59251,4,4861.65,31309,45728,-0.4411356414975952,0
2023-07-28 11:06:18,4841.0,59251,4,4861.65,30594,46004,-0.4411356414975952,0
2023-07-28 11:06:18,4841.0,59251,4,4861.65,31294,45663,-0.4411356414975952,0
2023-07-28 11:06:18,4841.0,59251,4,4861.65,30541,45794,-0.4411356414975952,0
2023-07-28 11:06:18,4841.0,59251,4,4861.65,31291,45829,-0.4411356414975952,0
2023-07-28 11:06:18,4841.0,59251,4,4861.65,31246,45883,-0.4411356414975952,0
2023-07-28 11:06:18,4841.0,59251,4,4861.65,31127,45662,-0.4411356414975952,0
2023-07-28 11:06:18,4841.0,59251,4,4861.65,31188,46192,-0.4411356414975952,0
2023-07-28 11:06:18,4841.0,59251,4,4861.65,31170,45842,-0.4411356414975952,0
2023-07-28 11:06:29,4840.1,59252,1,4861.65,31334,45856,-0.45964482925273176,0
2023-07-28 11:06:29,4840.1,59252,1,4861.65,31245,46022,-0.45964482925273176,0
2023-07-28 11:06:29,4840.1,59252,1,4861.65,31328,46166,-0.45964482925273176,0
2023-07-28 11:06:33,4842.85,59254,2,4861.65,31464,45506,-0.4030889777786806,0
2023-07-28 11:06:33,4842.85,59254,2,4861.65,31312,46145,-0.4030889777786806,0
2023-07-28 11:06:33,4842.85,59254,2,4861.65,31307,46088,-0.4030889777786806,0
2023-07-28 11:06:33,4842.85,59254,2,4861.65,31522,46125,-0.4030889777786806,0
2023-07-28 11:06:33,4842.85,59254,2,4861.65,30837,45684,-0.4030889777786806,0
2023-07-28 11:06:33,4840.35,59254,1,4861.65,30837,45684,-0.4545033882096362,0
2023-07-28 11:06:39,4840.35,59255,1,4861.65,31287,45806,-0.4545033882096362,0
2023-07-28 11:06:39,4840.35,59255,1,4861.65,31345,46174,-0.4545033882096362,0
2023-07-28 11:06:39,4840.35,59255,1,4861.65,31376,46183,-0.4545033882096362,0
2023-07-28 11:06:39,4840.35,59255,1,4861.65,31364,46214,-0.4545033882096362,0
2023-07-28 11:06:39,4840.35,59255,1,4861.65,30847,45789,-0.4545033882096362,0
2023-07-28 11:06:39,4840.35,59255,1,4861.65,30508,46097,-0.4545033882096362,0
2023-07-28 11:06:39,4840.35,59255,1,4861.65,31245,45811,-0.4545033882096362,0
2023-07-28 11:06:39,4840.35,59255,1,4861.65,31457,45496,-0.4545033882096362,0
2023-07-28 11:06:39,4840.35,59255,1,4861.65,31277,46096,-0.4545033882096362,0
2023-07-28 11:06:39,4840.0,59255,5,4861.65,31297,46010,-0.46170140566997747,0
2023-07-28 11:06:39,4840.0,59255,1,4861.65,31297,46010,-0.46170140566997747,0
2023-07-28 11:06:51,4840.0,59290,1,4861.64,31377,46088,-0.46170140566997747,0
2023-07-28 11:06:51,4840.0,59290,2,4861.64,31349,46182,-0.46170140566997747,0
2023-07-28 11:06:54,4840.0,59305,5,4861.63,31429,46181,-0.46170140566997747,0
2023-07-28 11:06:54,4840.0,59305,5,4861.63,31429,46181,-0.46170140566997747,0
2023-07-28 11:06:54,4840.0,59305,5,4861.63,30674,45969,-0.46170140566997747,0
2023-07-28 11:06:54,4840.0,59305,5,4861.63,31423,46316,-0.46170140566997747,0
2023-07-28 11:06:54,4839.9,59305,2,4861.63,31423,46316,-0.4637579820872232,0
2023-07-28 11:06:57,4839.9,59307,1,4861.63,31375,46147,-0.4637579820872232,0
2023-07-28 11:06:57,4839.9,59308,1,4861.63,31374,46470,-0.4637579820872232,0
2023-07-28 11:06:57,4839.9,59308,1,4861.63,31397,46320,-0.4637579820872232,0
2023-07-28 11:07:00,4839.9,59309,1,4861.63,31395,46169,-0.4637579820872232,0
2023-07-28 11:07:00,4839.9,59309,1,4861.63,31397,46169,-0.4637579820872232,0
2023-07-28 11:07:00,4839.9,59309,1,4861.63,31397,46469,-0.4637579820872232,0
2023-07-28 11:07:00,4839.9,59309,1,4861.63,31397,46469,-0.4637579820872232,0
2023-07-28 11:07:04,4839.9,59310,1,4861.63,31397,46318,-0.4637579820872232,0
2023-07-28 11:07:04,4839.9,59310,1,4861.63,31397,46468,-0.4637579820872232,0
2023-07-28 11:07:04,4839.9,59310,1,4861.63,31413,46468,-0.4637579820872232,0
2023-07-28 11:07:04,4839.9,59310,1,4861.63,31412,46018,-0.4637579820872232,0
2023-07-28 11:07:04,4839.9,59310,1,4861.63,31410,46141,-0.4637579820872232,0
2023-07-28 11:07:04,4839.9,59310,1,4861.63,31410,45988,-0.4637579820872232,0
2023-07-28 11:07:10,4839.9,59345,35,4861.62,31416,45947,-0.4637579820872232,0
2023-07-28 11:07:10,4839.9,59345,35,4861.62,31425,45947,-0.4637579820872232,0
2023-07-28 11:07:10,4839.9,59345,35,4861.62,31420,45947,-0.4637579820872232,0
2023-07-28 11:07:10,4839.9,59345,35,4861.62,31420,45947,-0.4637579820872232,0
2023-07-28 11:07:10,4839.9,59345,35,4861.62,31403,45963,-0.4637579820872232,0
2023-07-28 11:07:18,4839.5,59348,3,4861.62,31418,45900,-0.4719842877561686,0
2023-07-28 11:07:18,4839.5,59348,3,4861.62,31404,45900,-0.4719842877561686,0
2023-07-28 11:07:18,4839.5,59348,3,4861.62,31404,45900,-0.4719842877561686,0
2023-07-28 11:07:18,4839.5,59348,3,4861.62,31415,45900,-0.4719842877561686,0
2023-07-28 11:07:18,4839.5,59348,3,4861.62,31440,46146,-0.4719842877561686,0
2023-07-28 11:07:18,4839.5,59348,3,4861.62,31402,46153,-0.4719842877561686,0
2023-07-28 11:07:18,4839.5,59348,3,4861.62,31402,46305,-0.4719842877561686,0
2023-07-28 11:07:18,4839.5,59348,3,4861.62,31519,46007,-0.4719842877561686,0
2023-07-28 11:07:18,4839.5,59348,3,4861.62,31503,46160,-0.4719842877561686,0
2023-07-28 11:07:18,4839.5,59348,3,4861.62,31502,46008,-0.4719842877561686,0
2023-07-28 11:07:18,4839.5,59348,3,4861.62,31502,46006,-0.4719842877561686,0
2023-07-28 11:07:18,4839.5,59348,3,4861.62,31502,46156,-0.4719842877561686,0
2023-07-28 11:07:18,4839.5,59348,3,4861.62,31532,46006,-0.4719842877561686,0
2023-07-28 11:07:18,4839.5,59348,1,4861.62,31532,46006,-0.4719842877561686,0
2023-07-28 11:07:34,4839.5,59349,1,4861.62,31552,46306,-0.4719842877561686,0
2023-07-28 11:07:34,4839.5,59349,1,4861.62,31533,46011,-0.4719842877561686,0
2023-07-28 11:07:34,4839.5,59349,1,4861.62,31448,46289,-0.4719842877561686,0
2023-07-28 11:07:34,4839.5,59349,1,4861.62,30697,46148,-0.4719842877561686,0
2023-07-28 11:07:34,4839.5,59349,1,4861.62,31437,46182,-0.4719842877561686,0
2023-07-28 11:07:34,4839.5,59349,1,4861.62,31438,46174,-0.4719842877561686,0
2023-07-28 11:07:34,4839.5,59349,1,4861.62,31458,46330,-0.4719842877561686,0
2023-07-28 11:07:43,4839.5,59350,1,4861.62,31437,46182,-0.4719842877561686,0
2023-07-28 11:07:43,4839.9,59350,20,4861.62,31437,46182,-0.4637579820872232,0
2023-07-28 11:07:45,4839.9,59462,20,4861.58,30938,46101,-0.4637579820872232,0
2023-07-28 11:07:45,4839.9,59462,20,4861.58,30572,45947,-0.4637579820872232,0
2023-07-28 11:07:45,4839.9,59462,20,4861.58,30930,46113,-0.4637579820872232,0
2023-07-28 11:07:45,4839.9,59462,20,4861.58,31538,46112,-0.4637579820872232,0
2023-07-28 11:07:45,4839.9,59462,20,4861.58,31323,46255,-0.4637579820872232,0
2023-07-28 11:07:52,4842.85,59513,10,4861.56,31395,46043,-0.4030889777786806,0
2023-07-28 11:07:52,4842.85,59513,10,4861.56,31281,45713,-0.4030889777786806,0
2023-07-28 11:07:54,4842.8,59523,9,4861.56,31421,46112,-0.40411726598730346,0
2023-07-28 11:07:54,4840.15,59523,1,4861.56,31421,46112,-0.4586165410441276,0
2023-07-28 11:07:55,4840.15,59524,1,4861.56,31522,46278,-0.4586165410441276,0
2023-07-28 11:07:55,4839.65,59524,2,4861.56,31522,46278,-0.46889942313031874,0
2023-07-28 11:07:57,4843.2,59576,2,4861.54,30707,46148,-0.395890960318358,0
2023-07-28 11:07:57,4843.2,59576,2,4861.54,31554,46214,-0.395890960318358,0
2023-07-28 11:08:00,4843.15,59578,2,4861.54,31427,45878,-0.3969192485269809,0
2023-07-28 11:08:00,4843.15,59578,2,4861.54,31011,46092,-0.3969192485269809,0
2023-07-28 11:08:00,4843.15,59578,2,4861.54,31645,45604,-0.3969192485269809,0
2023-07-28 11:08:03,4839.7,59591,5,4861.54,31737,45938,-0.46787113492169585,0
2023-07-28 11:08:04,4839.7,59596,5,4861.53,31734,46238,-0.46787113492169585,0
2023-07-28 11:08:04,4839.7,59596,5,4861.53,31739,45917,-0.46787113492169585,0
2023-07-28 11:08:04,4839.7,59596,5,4861.53,31705,45671,-0.46787113492169585,0
2023-07-28 11:08:04,4839.7,59596,5,4861.53,31745,45771,-0.46787113492169585,0
2023-07-28 11:08:04,4839.7,59596,5,4861.53,31710,46106,-0.46787113492169585,0
2023-07-28 11:08:04,4842.0,59596,1,4861.53,31710,46106,-0.420569877325213,0
2023-07-28 11:08:10,4842.0,59597,1,4861.53,31743,45946,-0.420569877325213,0
2023-07-28 11:08:10,4842.0,59597,1,4861.53,31747,45987,-0.420569877325213,0
2023-07-28 11:08:10,4842.0,59597,1,4861.53,31765,46219,-0.420569877325213,0
2023-07-28 11:08:10,4842.0,59597,1,4861.53,31683,46135,-0.420569877325213,0
2023-07-28 11:08:10,4842.0,59597,1,4861.53,31664,46153,-0.420569877325213,0
2023-07-28 11:08:10,4842.0,59597,1,4861.53,31538,46149,-0.420569877325213,0
2023-07-28 11:08:10,4842.0,59597,1,4861.53,31486,45983,-0.420569877325213,0
2023-07-28 11:08:10,4842.0,59597,2,4861.53,31486,45947,-0.420569877325213,0
2023-07-28 11:08:19,4842.0,59600,2,4861.53,31520,45969,-0.420569877325213,0
2023-07-28 11:08:19,4842.0,59605,5,4861.53,31454,46111,-0.420569877325213,0
2023-07-28 11:08:19,4842.0,59605,5,4861.53,31494,46182,-0.420569877325213,0
2023-07-28 11:08:19,4842.0,59605,5,4861.53,31519,46054,-0.420569877325213,0
2023-07-28 11:08:19,4842.0,59605,5,4861.53,31519,46054,-0.420569877325213,0
2023-07-28 11:08:19,4842.0,59605,5,4861.53,31580,45962,-0.420569877325213,0
2023-07-28 11:08:19,4842.0,59605,5,4861.53,31580,45962,-0.420569877325213,0
2023-07-28 11:08:19,4842.0,59605,5,4861.53,31590,45789,-0.420569877325213,0
2023-07-28 11:08:19,4842.0,59605,5,4861.53,31541,46030,-0.420569877325213,0
2023-07-28 11:08:19,4842.0,59605,5,4861.53,31541,46030,-0.420569877325213,0
2023-07-28 11:08:19,4842.0,59605,5,4861.53,31376,46014,-0.420569877325213,0
2023-07-28 11:08:19,4842.0,59605,5,4861.53,31339,45992,-0.420569877325213,0
2023-07-28 11:08:19,4842.0,59605,5,4861.53,31339,45992,-0.420569877325213,0
2023-07-28 11:08:19,4842.0,59605,5,4861.53,31391,45832,-0.420569877325213,0
2023-07-28 11:08:19,4842.0,59605,5,4861.53,31361,45913,-0.420569877325213,0
2023-07-28 11:08:31,4839.65,59625,3,4861.52,31332,45840,-0.46889942313031874,0
2023-07-28 11:08:31,4839.65,59625,3,4861.52,31362,46194,-0.46889942313031874,0
2023-07-28 11:08:31,4839.65,59625,3,4861.52,31321,46050,-0.46889942313031874,0
2023-07-28 11:08:31,4839.65,59625,3,4861.52,31327,45805,-0.46889942313031874,0
2023-07-28 11:08:31,4839.65,59625,3,4861.52,31363,45825,-0.46889942313031874,0
2023-07-28 11:08:31,4839.65,59625,2,4861.52,31363,45825,-0.46889942313031874,0
2023-07-28 11:08:37,4839.65,59627,2,4861.52,31353,45835,-0.46889942313031874,0
2023-07-28 11:08:37,4839.65,59627,2,4861.52,31289,46202,-0.46889942313031874,0
2023-07-28 11:08:37,4841.8,59627,1,4861.52,31337,46003,-0.42468303015968567,0
2023-07-28 11:08:41,4841.8,59628,1,4861.52,31354,46040,-0.42468303015968567,0
2023-07-28 11:08:41,4841.8,59628,1,4861.52,31354,46190,-0.42468303015968567,0
2023-07-28 11:08:41,4841.8,59628,1,4861.52,31354,46185,-0.42468303015968567,0
2023-07-28 11:08:41,4841.95,59628,5,4861.52,31321,46200,-0.42159816553383583,0
2023-07-28 11:08:45,4839.5,59665,5,4861.51,31345,45773,-0.4719842877561686,0
2023-07-28 11:08:45,4841.9,59665,1,4861.51,31345,45773,-0.4226264537424587,0
2023-07-28 11:08:45,4841.9,59666,1,4861.51,31357,46205,-0.4226264537424587,0
2023-07-28 11:08:45,4841.9,59666,1,4861.51,31379,46171,-0.4226264537424587,0
2023-07-28 11:08:45,4841.9,59666,1,4861.51,31372,45719,-0.4226264537424587,0
2023-07-28 11:08:45,4841.9,59666,1,4861.51,31397,46033,-0.4226264537424587,0
2023-07-28 11:08:45,4841.9,59666,1,4861.51,30636,46040,-0.4226264537424587,0
2023-07-28 11:08:45,4841.9,59666,1,4861.51,31315,46145,-0.4226264537424587,0
2023-07-28 11:08:45,4841.9,59666,1,4861.51,31316,46031,-0.4226264537424587,0
2023-07-28 11:08:45,4841.9,59666,1,4861.51,31344,45897,-0.4226264537424587,0
2023-07-28 11:08:45,4841.9,59666,1,4861.51,31294,45883,-0.4226264537424587,0
2023-07-28 11:08:45,4841.9,59666,1,4861.51,31305,46029,-0.4226264537424587,0
2023-07-28 11:08:45,4841.9,59666,1,4861.51,31267,45881,-0.4226264537424587,0
2023-07-28 11:08:45,4841.9,59666,1,4861.51,31282,46111,-0.4226264537424587,0
2023-07-28 11:08:45,4841.9,59666,1,4861.51,31307,46039,-0.4226264537424587,0
2023-07-28 11:08:45,4839.5,59666,6,4861.51,31278,46191,-0.4719842877561686,0
2023-07-28 11:09:00,4839.5,59676,6,4861.51,31354,46258,-0.4719842877561686,0
2023-07-28 11:09:00,4839.5,59676,6,4861.51,31342,47371,-0.4719842877561686,0
2023-07-28 11:09:00,4839.5,59676,6,4861.51,31325,47354,-0.4719842877561686,0
2023-07-28 11:09:00,4839.5,59676,6,4861.51,31323,47488,-0.4719842877561686,0
2023-07-28 11:09:00,4839.5,59676,6,4861.51,31323,47298,-0.4719842877561686,0
2023-07-28 11:09:00,4839.5,59676,6,4861.51,31305,46979,-0.4719842877561686,0
2023-07-28 11:09:00,4839.5,59676,1,4861.51,31305,46979,-0.4719842877561686,0
2023-07-28 11:09:07,4839.5,59677,1,4861.51,31378,47319,-0.4719842877561686,0
2023-07-28 11:09:07,4839.5,59677,1,4861.51,31378,47445,-0.4719842877561686,0
2023-07-28 11:09:07,4839.5,59677,1,4861.51,31378,47465,-0.4719842877561686,0
2023-07-28 11:09:07,4841.95,59677,10,4861.51,31416,47045,-0.42159816553383583,0
2023-07-28 11:09:11,4841.95,59696,1,4861.5,31415,47514,-0.42159816553383583,0
2023-07-28 11:09:12,4841.95,59697,1,4861.5,31509,47255,-0.42159816553383583,0
2023-07-28 11:09:12,4841.95,59697,1,4861.5,31613,47127,-0.42159816553383583,0
2023-07-28 11:09:12,4841.95,59697,1,4861.5,31615,47274,-0.42159816553383583,0
2023-07-28 11:09:12,4841.95,59697,1,4861.5,31645,47369,-0.42159816553383583,0
2023-07-28 11:09:12,4841.95,59697,1,4861.5,31614,47280,-0.42159816553383583,0
2023-07-28 11:09:12,4841.95,59697,1,4861.5,31633,47299,-0.42159816553383583,0
2023-07-28 11:09:12,4841.95,59697,1,4861.5,31633,47149,-0.42159816553383583,0
2023-07-28 11:09:12,4841.95,59697,1,4861.5,31644,47300,-0.42159816553383583,0
2023-07-28 11:09:12,4841.95,59697,1,4861.5,31632,47511,-0.42159816553383583,0
2023-07-28 11:09:12,4841.95,59697,1,4861.5,31632,47518,-0.42159816553383583,0
2023-07-28 11:09:26,4841.0,59698,1,4861.5,31638,47214,-0.4411356414975952,0
2023-07-28 11:09:27,4841.0,59699,1,4861.5,30844,47381,-0.4411356414975952,0
2023-07-28 11:09:27,4841.0,59699,1,4861.5,31628,47247,-0.4411356414975952,0
2023-07-28 11:09:27,4841.0,59699,1,4861.5,31648,47251,-0.4411356414975952,0
2023-07-28 11:09:27,4841.0,59699,1,4861.5,31647,47390,-0.4411356414975952,0
2023-07-28 11:09:27,4841.0,59699,1,4861.5,31676,47201,-0.4411356414975952,0
2023-07-28 11:09:27,4841.0,59699,1,4861.5,31676,46909,-0.4411356414975952,0
2023-07-28 11:09:27,4841.0,59699,1,4861.5,31663,47402,-0.4411356414975952,0
2023-07-28 11:09:27,4841.0,59699,1,4861.5,31105,47486,-0.4411356414975952,0
2023-07-28 11:09:27,4841.0,59699,1,4861.5,31873,47380,-0.4411356414975952,0
2023-07-28 11:09:27,4841.0,59699,1,4861.5,31933,47371,-0.4411356414975952,0
2023-07-28 11:09:27,4841.0,59699,1,4861.5,31815,47412,-0.4411356414975952,0
2023-07-28 11:09:27,4841.0,59699,1,4861.5,31936,47167,-0.4411356414975952,0
2023-07-28 11:09:27,4841.0,59699,1,4861.5,31833,46749,-0.4411356414975952,0
2023-07-28 11:09:44,4840.0,59710,11,4861.49,31884,47436,-0.46170140566997747,0
2023-07-28 11:09:44,4840.0,59721,11,4861.49,31972,47201,-0.46170140566997747,0
2023-07-28 11:09:44,4840.0,59721,11,4861.49,31946,46958,-0.46170140566997747,0
2023-07-28 11:09:44,4840.0,59721,11,4861.49,31941,47266,-0.46170140566997747,0
2023-07-28 11:09:44,4840.0,59721,11,4861.49,31939,47238,-0.46170140566997747,0
2023-07-28 11:09:44,4840.0,59721,11,4861.49,31953,47383,-0.46170140566997747,0
2023-07-28 11:09:44,4840.0,59721,11,4861.49,31968,47384,-0.46170140566997747,0
2023-07-28 11:09:44,4840.0,59721,11,4861.49,31077,47576,-0.46170140566997747,0
2023-07-28 11:09:44,4840.0,59721,11,4861.49,31821,47169,-0.46170140566997747,0
2023-07-28 11:09:44,4840.0,59721,11,4861.49,31850,47607,-0.46170140566997747,0
2023-07-28 11:09:54,4839.5,59726,1,4861.49,31881,47274,-0.4719842877561686,0
2023-07-28 11:09:54,4839.5,59726,1,4861.49,31759,46869,-0.4719842877561686,0
2023-07-28 11:09:54,4839.5,59726,1,4861.49,31786,47447,-0.4719842877561686,0
2023-07-28 11:09:54,4839.5,59726,1,4861.49,31751,47282,-0.4719842877561686,0
2023-07-28 11:09:54,4839.5,59726,1,4861.49,31843,47463,-0.4719842877561686,0
2023-07-28 11:10:00,4839.5,59727,1,4861.49,31823,47008,-0.4719842877561686,0
2023-07-28 11:10:00,4839.5,59727,1,4861.49,31808,47474,-0.4719842877561686,0
2023-07-28 11:10:00,4839.5,59727,1,4861.49,31796,47179,-0.4719842877561686,0
2023-07-28 11:10:04,4841.4,59747,1,4861.48,31777,47510,-0.4329093358286498,0
2023-07-28 11:10:04,4839.5,59747,13,4861.48,31777,47510,-0.4719842877561686,0
2023-07-28 11:10:05,4839.5,59773,13,4861.47,31741,47218,-0.4719842877561686,0
2023-07-28 11:10:05,4839.5,59773,13,4861.47,31758,47368,-0.4719842877561686,0
2023-07-28 11:10:05,4839.5,59773,13,4861.47,31758,47518,-0.4719842877561686,0
2023-07-28 11:10:05,4839.5,59773,13,4861.47,31767,47068,-0.4719842877561686,0
2023-07-28 11:10:05,4839.5,59773,13,4861.47,31767,47071,-0.4719842877561686,0
2023-07-28 11:10:05,4839.5,59773,13,4861.47,31767,47068,-0.4719842877561686,0
2023-07-28 11:10:05,4839.5,59773,13,4861.47,31860,47313,-0.4719842877561686,0
2023-07-28 11:10:05,4839.5,59773,13,4861.47,31730,47339,-0.4719842877561686,0
2023-07-28 11:10:05,4841.4,59773,1,4861.47,31730,47339,-0.4329093358286498,0
2023-07-28 11:10:13,4841.4,59774,1,4861.47,31865,47228,-0.4329093358286498,0
2023-07-28 11:10:13,4841.4,59774,1,4861.47,31865,47426,-0.4329093358286498,0
2023-07-28 11:10:13,4841.4,59774,1,4861.47,31875,47426,-0.4329093358286498,0
2023-07-28 11:10:13,4841.4,59774,1,4861.47,31867,47426,-0.4329093358286498,0
2023-07-28 11:10:18,4841.9,59819,9,4861.46,31852,47415,-0.4226264537424587,0
2023-07-28 11:10:18,4841.9,59819,9,4861.46,31852,47415,-0.4226264537424587,0
2023-07-28 11:10:18,4841.9,59819,9,4861.46,31856,47415,-0.4226264537424587,0
2023-07-28 11:10:18,4841.9,59819,9,4861.46,31906,47415,-0.4226264537424587,0
2023-07-28 11:10:23,4841.4,59820,1,4861.46,31905,47407,-0.4329093358286498,0
2023-07-28 11:10:23,4841.9,59820,1,4861.46,31905,47407,-0.4226264537424587,0
2023-07-28 11:10:23,4841.9,59828,1,4861.45,31898,47399,-0.4226264537424587,0
2023-07-28 11:10:23,4841.9,59828,1,4861.45,31920,47410,-0.4226264537424587,0
2023-07-28 11:10:23,4841.9,59828,1,4861.45,31919,47410,-0.4226264537424587,0
2023-07-28 11:10:23,4841.9,59828,1,4861.45,31919,47110,-0.4226264537424587,0
2023-07-28 11:10:23,4841.9,59828,1,4861.45,31919,47434,-0.4226264537424587,0
2023-07-28 11:10:23,4841.9,59828,1,4861.45,31919,47434,-0.4226264537424587,0
2023-07-28 11:10:23,4841.9,59828,1,4861.45,31919,47436,-0.4226264537424587,0
2023-07-28 11:10:23,4841.9,59828,1,4861.45,31912,47423,-0.4226264537424587,0
2023-07-28 11:10:23,4841.9,59828,1,4861.45,31912,47434,-0.4226264537424587,0
2023-07-28 11:10:37,4839.15,59858,3,4861.44,31902,47487,-0.47918230521650984,0
2023-07-28 11:10:37,4839.15,59858,3,4861.44,31903,47475,-0.47918230521650984,0
2023-07-28 11:10:40,4839.05,59859,1,4861.44,31902,47475,-0.48123888163373685,0
2023-07-28 11:10:40,4839.05,59859,1,4861.44,31902,47475,-0.48123888163373685,0
2023-07-28 11:10:40,4839.05,59859,1,4861.44,31904,47471,-0.48123888163373685,0
2023-07-28 11:10:40,4839.05,59859,1,4861.44,31904,47463,-0.48123888163373685,0
2023-07-28 11:10:40,4839.05,59859,1,4861.44,31894,47484,-0.48123888163373685,0
2023-07-28 11:10:40,4839.05,59859,1,4861.44,31894,47476,-0.48123888163373685,0
2023-07-28 11:10:40,4839.05,59859,1,4861.44,31899,47463,-0.48123888163373685,0
2023-07-28 11:10:40,4839.05,59859,1,4861.44,31920,47463,-0.48123888163373685,0
2023-07-28 11:10:40,4841.85,59859,1,4861.44,31920,47463,-0.42365474195106284,0
2023-07-28 11:10:48,4841.85,59860,1,4861.44,31905,47462,-0.42365474195106284,0
2023-07-28 11:10:48,4841.85,59860,1,4861.44,31906,47456,-0.42365474195106284,0
2023-07-28 11:10:48,4841.85,59860,1,4861.44,31906,47456,-0.42365474195106284,0
2023-07-28 11:10:48,4841.85,59860,1,4861.44,31906,47456,-0.42365474195106284,0
2023-07-28 11:10:48,4841.85,59860,1,4861.44,31911,47456,-0.42365474195106284,0
2023-07-28 11:10:48,4841.85,59860,1,4861.44,31900,47426,-0.42365474195106284,0
2023-07-28 11:10:48,4841.85,59860,1,4861.44,31900,47427,-0.42365474195106284,0
2023-07-28 11:11:00,4841.75,59869,9,4861.44,32018,47397,-0.42571131836830856,0
2023-07-28 11:11:00,4841.75,59869,9,4861.44,32021,47397,-0.42571131836830856,0
2023-07-28 11:11:00,4841.75,59869,9,4861.44,32023,47397,-0.42571131836830856,0
2023-07-28 11:11:00,4841.75,59869,9,4861.44,32011,47408,-0.42571131836830856,0
2023-07-28 11:11:00,4841.75,59869,9,4861.44,32000,47408,-0.42571131836830856,0
2023-07-28 11:11:00,4841.75,59869,9,4861.44,31946,47438,-0.42571131836830856,0
2023-07-28 11:11:00,4841.75,59869,9,4861.44,31951,47440,-0.42571131836830856,0
2023-07-28 11:11:00,4841.75,59869,9,4861.44,31934,47431,-0.42571131836830856,0
2023-07-28 11:11:00,4841.75,59869,9,4861.44,31934,47428,-0.42571131836830856,0
2023-07-28 11:11:00,4841.75,59869,9,4861.44,31934,47428,-0.42571131836830856,0
2023-07-28 11:11:00,4841.75,59869,9,4861.44,31934,47451,-0.42571131836830856,0
2023-07-28 11:11:00,4841.75,59869,9,4861.44,31935,47444,-0.42571131836830856,0
2023-07-28 11:11:00,4841.75,59869,9,4861.44,31936,47444,-0.42571131836830856,0
2023-07-28 11:11:00,4841.7,59869,1,4861.44,31936,47444,-0.4267396065769314,0
2023-07-28 11:11:20,4841.7,59870,1,4861.44,31936,47443,-0.4267396065769314,0
2023-07-28 11:11:20,4841.7,59870,1,4861.44,31936,47446,-0.4267396065769314,0
2023-07-28 11:11:20,4841.7,59870,1,4861.44,31936,47446,-0.4267396065769314,0
2023-07-28 11:11:20,4841.7,59870,1,4861.44,31936,47443,-0.4267396065769314,0
2023-07-28 11:11:20,4841.7,59870,1,4861.44,31936,47443,-0.4267396065769314,0
2023-07-28 11:11:20,4841.7,59870,1,4861.44,31937,47442,-0.4267396065769314,0
2023-07-28 11:11:20,4841.7,59870,1,4861.44,31937,47442,-0.4267396065769314,0
2023-07-28 11:11:26,4841.7,59872,2,4861.44,31937,47440,-0.4267396065769314,0
2023-07-28 11:11:26,4841.7,59872,2,4861.44,31947,47440,-0.4267396065769314,0
2023-07-28 11:11:26,4841.7,59872,2,4861.44,31947,47440,-0.4267396065769314,0
2023-07-28 11:11:26,4841.7,59872,2,4861.44,31947,47440,-0.4267396065769314,0
2023-07-28 11:11:26,4841.7,59872,2,4861.44,31946,47440,-0.4267396065769314,0
2023-07-28 11:11:26,4841.7,59872,13,4861.44,31946,47440,-0.4267396065769314,0
2023-07-28 11:11:29,4841.7,59897,13,4861.43,31950,47461,-0.4267396065769314,0
2023-07-28 11:11:29,4841.7,59897,13,4861.43,31917,47451,-0.4267396065769314,0
2023-07-28 11:11:29,4841.7,59897,13,4861.43,31920,47474,-0.4267396065769314,0
2023-07-28 11:11:29,4841.7,59897,13,4861.43,31931,47474,-0.4267396065769314,0
2023-07-28 11:11:29,4841.7,59897,13,4861.43,32008,47292,-0.4267396065769314,0
2023-07-28 11:11:29,4841.7,59897,13,4861.43,32013,47442,-0.4267396065769314,0
2023-07-28 11:11:29,4841.7,59897,13,4861.43,32015,47442,-0.4267396065769314,0
2023-07-28 11:11:29,4841.7,59897,13,4861.43,32015,47440,-0.4267396065769314,0
2023-07-28 11:11:29,4841.7,59897,13,4861.43,32016,47441,-0.4267396065769314,0
2023-07-28 11:11:29,4840.0,59897,1,4861.43,32016,47423,-0.46170140566997747,0
2023-07-28 11:11:39,4840.0,59898,1,4861.43,31987,47384,-0.46170140566997747,0
2023-07-28 11:11:39,4840.0,59898,1,4861.43,31988,47384,-0.46170140566997747,0
2023-07-28 11:11:39,4840.0,59898,1,4861.43,31989,47384,-0.46170140566997747,0
2023-07-28 11:11:39,4840.0,59898,1,4861.43,32011,47384,-0.46170140566997747,0
2023-07-28 11:11:39,4840.0,59898,1,4861.43,32010,47384,-0.46170140566997747,0
2023-07-28 11:11:39,4840.0,59898,1,4861.43,32010,47234,-0.46170140566997747,0
2023-07-28 11:11:39,4842.4,59898,1,4861.43,32010,47234,-0.41234357165626756,0
2023-07-28 11:11:46,4842.4,59899,1,4861.43,32011,47221,-0.41234357165626756,0
2023-07-28 11:11:46,4842.4,59899,1,4861.43,32011,47211,-0.41234357165626756,0
2023-07-28 11:11:46,4842.4,59899,1,4861.43,31953,47437,-0.41234357165626756,0
2023-07-28 11:11:46,4842.4,59899,1,4861.43,31961,47437,-0.41234357165626756,0
2023-07-28 11:11:46,4842.4,59899,1,4861.43,31986,47440,-0.41234357165626756,0
2023-07-28 11:11:46,4842.4,59899,1,4861.43,32053,47289,-0.41234357165626756,0
2023-07-28 11:11:46,4842.4,59899,1,4861.43,32053,47274,-0.41234357165626756,0
2023-07-28 11:11:46,4842.4,59899,1,4861.43,32053,47274,-0.41234357165626756,0
2023-07-28 11:11:46,4842.4,59899,1,4861.43,32067,47398,-0.41234357165626756,0
2023-07-28 11:11:46,4842.4,59899,1,4861.43,32068,47398,-0.41234357165626756,0
2023-07-28 11:11:46,4842.4,59899,1,4861.43,32070,47382,-0.41234357165626756,0
2023-07-28 11:11:46,4842.4,59899,1,4861.43,32090,47382,-0.41234357165626756,0
2023-07-28 11:11:46,4842.4,59899,1,4861.43,32100,47382,-0.41234357165626756,0
2023-07-28 11:11:46,4842.4,59899,1,4861.43,32100,47382,-0.41234357165626756,0
2023-07-28 11:11:46,4842.4,59899,1,4861.43,32100,47382,-0.41234357165626756,0
2023-07-28 11:11:46,4842.4,59899,1,4861.43,32100,47531,-0.41234357165626756,0
2023-07-28 11:11:46,4842.4,59899,1,4861.43,32370,47562,-0.41234357165626756,0
2023-07-28 11:11:46,4842.4,59899,1,4861.43,32375,47562,-0.41234357165626756,0
2023-07-28 11:11:46,4842.4,59899,3,4861.43,32375,47562,-0.41234357165626756,0
2023-07-28 11:12:16,4842.4,59902,3,4861.43,32263,47621,-0.41234357165626756,0
