2023-07-28 10:49:29,1467.1,1434642,4,1462.87,257378,316420,1.361061213209881,0
2023-07-28 10:49:29,1466.65,1434642,2,1462.87,258066,316414,1.329970982451292,0
2023-07-28 10:49:30,1466.65,1434644,2,1462.87,258297,316547,1.329970982451292,0
2023-07-28 10:49:30,1466.6,1434644,22,1462.87,258297,316547,1.3265165123669902,0
2023-07-28 10:49:32,1466.65,1434721,25,1462.87,257586,316515,1.329970982451292,0
2023-07-28 10:49:32,1466.6,1434721,1,1462.87,257596,316569,1.3265165123669902,0
2023-07-28 10:49:33,1466.6,1434722,1,1462.87,257301,316574,1.3265165123669902,0
2023-07-28 10:49:33,1466.55,1434722,4,1462.87,255576,316574,1.3230620422827044,0
2023-07-28 10:49:35,1466.55,1434726,4,1462.87,256797,316615,1.3230620422827044,0
2023-07-28 10:49:35,1466.55,1434726,10,1462.87,256797,316615,1.3230620422827044,0
2023-07-28 10:49:37,1466.9,1434772,5,1462.87,255875,316404,1.3472433328727373,0
2023-07-28 10:49:38,1466.9,1434821,5,1462.87,255866,316537,1.3472433328727373,0
2023-07-28 10:49:39,1466.85,1434831,1,1462.87,256824,316441,1.3437888627884356,0
2023-07-28 10:49:40,1466.55,1434839,2,1462.87,255871,316649,1.3230620422827044,0
2023-07-28 10:49:40,1466.55,1434839,24,1462.87,255871,316649,1.3230620422827044,0
2023-07-28 10:49:41,1466.55,1434863,24,1462.87,256106,316618,1.3230620422827044,0
2023-07-28 10:49:41,1466.55,1434863,2,1462.87,256106,316618,1.3230620422827044,0
2023-07-28 10:49:43,1466.8,1434867,2,1462.87,256186,316562,1.3403343927041498,0
2023-07-28 10:49:43,1466.8,1434869,2,1462.87,256010,316620,1.3403343927041498,0
2023-07-28 10:49:43,1466.85,1434869,5,1462.87,256010,316620,1.3437888627884356,0
2023-07-28 10:49:44,1466.85,1434874,5,1462.87,254648,316648,1.3437888627884356,0
2023-07-28 10:49:45,1466.55,1434877,3,1462.87,254678,316716,1.3230620422827044,0
2023-07-28 10:49:47,1466.85,1434878,1,1462.87,254199,316738,1.3437888627884356,0
2023-07-28 10:49:47,1467.95,1434878,116,1462.87,254199,316738,1.4197872046428046,0
2023-07-28 10:49:48,1467.15,1436650,10,1462.88,256293,314816,1.3645156832941825,0
2023-07-28 10:49:48,1467.15,1436650,10,1462.88,257985,315179,1.3645156832941825,0
2023-07-28 10:49:48,1467.45,1436650,27,1462.88,257985,315179,1.3852425037999139,0
2023-07-28 10:49:50,1467.1,1436710,10,1462.88,258174,315447,1.361061213209881,0
2023-07-28 10:49:50,1467.1,1436710,2,1462.88,258174,315447,1.361061213209881,0
2023-07-28 10:49:51,1467.05,1436742,8,1462.88,258017,315495,1.357606743125595,0
2023-07-28 10:49:52,1467.05,1436748,6,1462.88,257630,316067,1.357606743125595,0
2023-07-28 10:49:52,1467.0,1436748,5,1462.88,257630,316067,1.3541522730413091,0
2023-07-28 10:49:53,1467.65,1436880,93,1462.88,256320,315506,1.3990603841370732,0
2023-07-28 10:49:53,1467.65,1436880,93,1462.88,256320,315506,1.3990603841370732,0
2023-07-28 10:49:53,1467.65,1436880,93,1462.88,257180,315426,1.3990603841370732,0
2023-07-28 10:49:55,1467.7,1436924,43,1462.88,258775,315820,1.4025148542213592,0
2023-07-28 10:49:55,1467.45,1436924,1,1462.88,258775,315820,1.3852425037999139,0
2023-07-28 10:49:55,1467.45,1437841,1,1462.88,255520,315640,1.3852425037999139,0
2023-07-28 10:49:55,1467.0,1437841,44,1462.88,255520,315640,1.3541522730413091,0
2023-07-28 10:49:57,1467.6,1440627,11,1462.89,256343,315663,1.3956059140527717,0
2023-07-28 10:49:57,1467.6,1440627,11,1462.89,256343,315663,1.3956059140527717,0
2023-07-28 10:49:57,1467.6,1440627,11,1462.89,256782,315961,1.3956059140527717,0
2023-07-28 10:49:59,1467.6,1440631,2,1462.89,255200,316490,1.3956059140527717,0
2023-07-28 10:49:59,1467.8,1440631,10,1462.89,255200,316490,1.409423794389931,0
2023-07-28 10:49:59,1467.8,1440641,10,1462.89,257059,315976,1.409423794389931,0
2023-07-28 10:49:59,1467.1,1440641,2,1462.89,257059,315976,1.361061213209881,0
2023-07-28 10:50:01,1467.1,1440660,9,1462.89,256845,315961,1.361061213209881,0
2023-07-28 10:50:01,1467.6,1440670,1,1462.89,256764,316118,1.3956059140527717,0
2023-07-28 10:50:03,1467.6,1440694,2,1462.89,256270,316040,1.3956059140527717,0
2023-07-28 10:50:03,1467.6,1440694,2,1462.89,256270,316040,1.3956059140527717,0
2023-07-28 10:50:03,1467.6,1440712,18,1462.89,256322,315902,1.3956059140527717,0
2023-07-28 10:50:03,1467.6,1440712,18,1462.89,255490,316292,1.3956059140527717,0
2023-07-28 10:50:03,1467.0,1440712,2,1462.89,255490,316292,1.3541522730413091,0
2023-07-28 10:50:05,1467.0,1440715,2,1462.89,256391,316178,1.3541522730413091,0
2023-07-28 10:50:08,1467.55,1440720,5,1462.89,255644,316069,1.3921514439684857,0
2023-07-28 10:50:08,1467.55,1440720,5,1462.89,255044,316088,1.3921514439684857,0
2023-07-28 10:50:08,1467.55,1440720,1,1462.89,255044,316088,1.3921514439684857,0
2023-07-28 10:50:10,1467.55,1440730,26,1462.89,255556,316000,1.3921514439684857,0
2023-07-28 10:50:10,1467.55,1440758,26,1462.89,255836,316023,1.3921514439684857,0
2023-07-28 10:50:10,1467.5,1440758,10,1462.89,255418,316050,1.3886969738841999,0
2023-07-28 10:50:13,1467.5,1440846,10,1462.89,256590,316281,1.3886969738841999,0
2023-07-28 10:50:14,1467.1,1440952,69,1462.89,257714,316336,1.361061213209881,0
2023-07-28 10:50:15,1467.0,1440984,1,1462.89,256229,316400,1.3541522730413091,0
2023-07-28 10:50:15,1467.0,1440984,1,1462.89,256160,316560,1.3541522730413091,0
2023-07-28 10:50:15,1467.0,1440984,1,1462.89,254171,316626,1.3541522730413091,0
2023-07-28 10:50:15,1467.0,1440984,1,1462.89,254851,316853,1.3541522730413091,0
2023-07-28 10:50:20,1467.0,1441037,2,1462.89,251594,316692,1.3541522730413091,0
2023-07-28 10:50:20,1467.0,1441037,2,1462.89,251594,316692,1.3541522730413091,0
2023-07-28 10:50:21,1466.8,1441086,16,1462.89,253387,316800,1.3403343927041498,0
2023-07-28 10:50:21,1466.8,1441086,16,1462.89,253387,316800,1.3403343927041498,0
2023-07-28 10:50:23,1466.6,1441126,17,1462.89,254032,316646,1.3265165123669902,0
2023-07-28 10:50:23,1466.6,1441126,17,1462.89,254032,316646,1.3265165123669902,0
2023-07-28 10:50:23,1466.55,1441126,3,1462.89,254032,316646,1.3230620422827044,0
2023-07-28 10:50:24,1467.15,1441154,25,1462.89,255616,316802,1.3645156832941825,0
2023-07-28 10:50:24,1467.15,1441154,25,1462.89,255616,316802,1.3645156832941825,0
2023-07-28 10:50:26,1466.55,1441167,1,1462.89,254174,316811,1.3230620422827044,0
2023-07-28 10:50:26,1467.15,1441167,13,1462.89,254174,316811,1.3645156832941825,0
2023-07-28 10:50:27,1467.15,1441406,1,1462.89,255269,316363,1.3645156832941825,0
2023-07-28 10:50:27,1467.15,1441406,1,1462.89,255269,316363,1.3645156832941825,0
2023-07-28 10:50:28,1467.2,1441644,10,1462.89,257483,316038,1.3679701533784685,0
2023-07-28 10:50:29,1467.45,1441678,9,1462.89,258201,316099,1.3852425037999139,0
2023-07-28 10:50:30,1467.6,1441881,2,1462.89,257711,316222,1.3956059140527717,0
2023-07-28 10:50:30,1467.65,1441881,50,1462.89,257711,316222,1.3990603841370732,0
2023-07-28 10:50:31,1467.65,1442006,50,1462.89,257314,316369,1.3990603841370732,0
2023-07-28 10:50:31,1467.6,1442006,1,1462.89,257314,316369,1.3956059140527717,0
2023-07-28 10:50:33,1467.6,1442008,1,1462.89,256282,316452,1.3956059140527717,0
2023-07-28 10:50:33,1467.6,1442008,1,1462.89,256282,316452,1.3956059140527717,0
2023-07-28 10:50:34,1467.85,1442271,26,1462.89,256224,316255,1.412878264474217,0
2023-07-28 10:50:34,1467.85,1442271,26,1462.89,255773,316724,1.412878264474217,0
2023-07-28 10:50:34,1467.45,1442271,1,1462.89,255773,316724,1.3852425037999139,0
2023-07-28 10:50:36,1467.2,1442373,92,1462.89,255947,315600,1.3679701533784685,0
2023-07-28 10:50:36,1467.45,1442373,1,1462.89,255947,315600,1.3852425037999139,0
2023-07-28 10:50:37,1467.45,1442374,1,1462.89,257447,315420,1.3852425037999139,0
2023-07-28 10:50:37,1468.0,1442374,1,1462.89,257447,315420,1.4232416747270904,0
2023-07-28 10:50:38,1468.05,1447443,20,1462.91,257993,310525,1.4266961448113764,0
2023-07-28 10:50:39,1467.6,1447493,18,1462.91,257466,310761,1.3956059140527717,0
2023-07-28 10:50:39,1467.6,1447493,2,1462.91,257466,310761,1.3956059140527717,0
2023-07-28 10:50:40,1467.6,1447500,2,1462.91,257114,310811,1.3956059140527717,0
2023-07-28 10:50:40,1468.0,1447500,23,1462.91,257114,310811,1.4232416747270904,0
2023-07-28 10:50:42,1468.0,1448452,29,1462.92,259023,310904,1.4232416747270904,0
2023-07-28 10:50:42,1467.65,1448452,20,1462.92,259056,310904,1.3990603841370732,0
2023-07-28 10:50:43,1467.95,1448649,94,1462.92,256269,310806,1.4197872046428046,0
2023-07-28 10:50:43,1467.95,1448649,94,1462.92,256300,310806,1.4197872046428046,0
2023-07-28 10:50:43,1467.95,1448649,1,1462.92,256300,310806,1.4197872046428046,0
2023-07-28 10:50:45,1467.95,1448690,1,1462.92,256330,311314,1.4197872046428046,0
2023-07-28 10:50:45,1467.55,1448690,1,1462.92,256330,311314,1.3921514439684857,0
2023-07-28 10:50:46,1467.55,1448692,1,1462.92,257126,311298,1.3921514439684857,0
2023-07-28 10:50:47,1467.35,1448700,8,1462.92,257120,311419,1.3783335636313263,0
2023-07-28 10:50:48,1467.55,1448701,1,1462.92,257621,311562,1.3921514439684857,0
2023-07-28 10:50:48,1467.55,1448701,1,1462.92,257621,311562,1.3921514439684857,0
2023-07-28 10:50:49,1467.45,1448711,8,1462.92,256794,311483,1.3852425037999139,0
2023-07-28 10:50:49,1467.1,1448711,2,1462.92,256794,311483,1.361061213209881,0
2023-07-28 10:50:50,1467.1,1448713,2,1462.92,256845,311607,1.361061213209881,0
2023-07-28 10:50:50,1467.1,1448713,182,1462.92,256845,311607,1.361061213209881,0
2023-07-28 10:50:52,1467.05,1448970,9,1462.92,257988,311365,1.357606743125595,0
2023-07-28 10:50:52,1467.55,1448970,1,1462.92,257975,312036,1.3921514439684857,0
2023-07-28 10:50:53,1467.55,1448971,1,1462.92,256477,312186,1.3921514439684857,0
2023-07-28 10:50:55,1467.7,1449068,2,1462.92,256793,312292,1.4025148542213592,0
2023-07-28 10:50:55,1467.95,1449068,14,1462.92,256801,312331,1.4197872046428046,0
2023-07-28 10:50:57,1467.95,1449095,14,1462.92,256821,312481,1.4197872046428046,0
2023-07-28 10:50:57,1468.0,1449095,11,1462.92,256821,312481,1.4232416747270904,0
2023-07-28 10:50:59,1467.95,1449146,1,1462.92,255963,312514,1.4197872046428046,0
2023-07-28 10:51:00,1467.85,1449203,8,1462.92,255865,312525,1.412878264474217,0
2023-07-28 10:51:00,1467.9,1449203,2,1462.92,255865,312525,1.4163327345585186,0
2023-07-28 10:51:01,1467.9,1449223,2,1462.92,255604,312782,1.4163327345585186,0
2023-07-28 10:51:01,1467.9,1449223,2,1462.92,255666,312783,1.4163327345585186,0
2023-07-28 10:51:01,1467.9,1449223,2,1462.92,255705,312853,1.4163327345585186,0
2023-07-28 10:51:01,1467.55,1449223,13,1462.92,255664,312853,1.3921514439684857,0
2023-07-28 10:51:06,1467.75,1449295,12,1462.92,256398,312298,1.4059693243056453,0
2023-07-28 10:51:07,1466.95,1449302,2,1462.92,251532,304441,1.3506978029570231,0
2023-07-28 10:51:08,1467.55,1449361,1,1462.92,257030,304623,1.3921514439684857,0
2023-07-28 10:51:08,1467.55,1449361,1,1462.92,256758,312174,1.3921514439684857,0
2023-07-28 10:51:08,1467.1,1449361,3,1462.92,256659,311901,1.361061213209881,0
2023-07-28 10:51:10,1467.5,1449364,3,1462.92,256347,312463,1.3886969738841999,0
2023-07-28 10:51:12,1467.05,1449638,12,1462.92,255919,312598,1.357606743125595,0
2023-07-28 10:51:12,1467.05,1449638,12,1462.92,255919,312598,1.357606743125595,0
2023-07-28 10:51:12,1467.05,1449638,12,1462.92,257515,314123,1.357606743125595,0
2023-07-28 10:51:12,1467.05,1449638,12,1462.92,256815,314148,1.357606743125595,0
2023-07-28 10:51:12,1467.55,1449638,11,1462.92,256815,314148,1.3921514439684857,0
2023-07-28 10:51:12,1467.65,1449638,549,1462.92,256815,314148,1.3990603841370732,0
2023-07-28 10:51:12,1467.4,1449638,2,1462.92,256815,314148,1.3817880337156279,0
2023-07-28 10:51:16,1467.4,1450397,2,1462.92,256693,312632,1.3817880337156279,0
2023-07-28 10:51:17,1467.25,1450407,10,1462.92,255035,313174,1.3714246234627545,0
2023-07-28 10:51:19,1467.65,1450417,10,1462.92,255391,313131,1.3990603841370732,0
2023-07-28 10:51:19,1467.75,1450417,1,1462.92,255391,313131,1.4059693243056453,0
2023-07-28 10:51:19,1467.75,1450462,1,1462.92,254849,313235,1.4059693243056453,0
2023-07-28 10:51:19,1466.9,1450462,1,1462.92,254849,313235,1.3472433328727373,0
2023-07-28 10:51:21,1467.15,1450465,1,1462.92,253713,313415,1.3645156832941825,0
2023-07-28 10:51:21,1467.15,1450465,1,1462.92,253713,313415,1.3645156832941825,0
2023-07-28 10:51:21,1467.5,1450465,23,1462.92,255503,313290,1.3886969738841999,0
2023-07-28 10:51:23,1467.1,1450493,1,1462.92,255321,313138,1.361061213209881,0
2023-07-28 10:51:23,1467.55,1450493,5,1462.92,255321,313138,1.3921514439684857,0
2023-07-28 10:51:25,1467.1,1450501,3,1462.92,254331,313670,1.361061213209881,0
2023-07-28 10:51:27,1467.4,1450602,1,1462.92,256592,313741,1.3817880337156279,0
2023-07-28 10:51:27,1467.4,1450602,1,1462.92,255409,313845,1.3817880337156279,0
2023-07-28 10:51:27,1467.55,1450602,16,1462.92,255409,313845,1.3921514439684857,0
2023-07-28 10:51:28,1467.55,1450746,3,1462.92,256207,313352,1.3921514439684857,0
2023-07-28 10:51:30,1467.55,1450798,3,1462.92,255838,313796,1.3921514439684857,0
2023-07-28 10:51:30,1467.05,1450798,17,1462.92,255838,313796,1.357606743125595,0
2023-07-28 10:51:31,1466.85,1451348,7,1462.93,254469,313598,1.3437888627884356,0
2023-07-28 10:51:32,1467.05,1451500,21,1462.93,256564,312807,1.357606743125595,0
2023-07-28 10:51:32,1467.05,1451500,21,1462.93,256182,313283,1.357606743125595,0
2023-07-28 10:51:32,1467.05,1451500,21,1462.93,256111,313293,1.357606743125595,0
2023-07-28 10:51:35,1467.05,1451504,4,1462.93,256101,313337,1.357606743125595,0
2023-07-28 10:51:35,1467.05,1451504,4,1462.93,256025,313455,1.357606743125595,0
2023-07-28 10:51:35,1467.05,1451504,4,1462.93,256048,313191,1.357606743125595,0
2023-07-28 10:51:35,1467.05,1451504,4,1462.93,256301,313321,1.357606743125595,0
2023-07-28 10:51:40,1467.05,1451594,2,1462.93,256997,313573,1.357606743125595,0
2023-07-28 10:51:40,1467.5,1451651,55,1462.93,256547,313419,1.3886969738841999,0
2023-07-28 10:51:40,1467.7,1451651,10,1462.93,256547,313419,1.4025148542213592,0
2023-07-28 10:51:42,1467.5,1451746,10,1462.93,256507,313411,1.3886969738841999,0
2023-07-28 10:51:42,1467.5,1451746,10,1462.93,256507,313411,1.3886969738841999,0
2023-07-28 10:51:43,1467.5,1451766,5,1462.93,258096,313361,1.3886969738841999,0
2023-07-28 10:51:44,1467.7,1451773,2,1462.93,256600,313274,1.4025148542213592,0
2023-07-28 10:51:44,1467.7,1451775,2,1462.93,256794,313656,1.4025148542213592,0
2023-07-28 10:51:44,1467.05,1451775,3,1462.93,256794,313656,1.357606743125595,0
2023-07-28 10:51:45,1467.05,1451778,5,1462.93,256722,313835,1.357606743125595,0
2023-07-28 10:51:47,1467.7,1451787,4,1462.93,258347,313581,1.4025148542213592,0
2023-07-28 10:51:49,1467.15,1451797,10,1462.93,256675,313994,1.3645156832941825,0
2023-07-28 10:51:49,1467.75,1451797,12,1462.93,256675,313994,1.4059693243056453,0
2023-07-28 10:51:49,1467.75,1451890,12,1462.93,256874,313963,1.4059693243056453,0
2023-07-28 10:51:49,1467.15,1451890,2,1462.93,256874,313963,1.3645156832941825,0
2023-07-28 10:51:50,1467.15,1451892,2,1462.93,257750,313841,1.3645156832941825,0
2023-07-28 10:51:52,1467.65,1451954,3,1462.93,257785,313841,1.3990603841370732,0
2023-07-28 10:51:53,1467.65,1451991,34,1462.93,258000,314674,1.3990603841370732,0
2023-07-28 10:51:53,1467.65,1451991,34,1462.93,257011,314684,1.3990603841370732,0
2023-07-28 10:51:53,1467.1,1451991,4,1462.93,257011,314684,1.361061213209881,0
2023-07-28 10:51:56,1467.65,1452036,1,1462.93,257607,314466,1.3990603841370732,0
2023-07-28 10:51:57,1467.75,1452114,5,1462.93,258781,314798,1.4059693243056453,0
2023-07-28 10:51:57,1467.25,1452114,10,1462.93,258781,314798,1.3714246234627545,0
2023-07-28 10:51:58,1467.75,1452190,5,1462.93,258333,314659,1.4059693243056453,0
2023-07-28 10:51:58,1467.75,1452190,5,1462.93,258422,314901,1.4059693243056453,0
2023-07-28 10:51:58,1467.7,1452190,1,1462.93,258422,314901,1.4025148542213592,0
2023-07-28 10:52:00,1467.2,1452472,94,1462.93,256688,315013,1.3679701533784685,0
2023-07-28 10:52:00,1467.1,1452472,55,1462.93,256688,315013,1.361061213209881,0
2023-07-28 10:52:01,1467.1,1452564,55,1462.93,256795,314851,1.361061213209881,0
2023-07-28 10:52:01,1467.6,1452564,3,1462.93,256795,314851,1.3956059140527717,0
2023-07-28 10:52:02,1467.6,1452570,3,1462.93,256881,314893,1.3956059140527717,0
2023-07-28 10:52:04,1467.45,1452580,10,1462.93,257030,314944,1.3852425037999139,0
2023-07-28 10:52:04,1467.45,1452580,10,1462.93,257073,314986,1.3852425037999139,0
2023-07-28 10:52:07,1467.45,1452623,17,1462.93,256370,314931,1.3852425037999139,0
2023-07-28 10:52:07,1467.45,1452623,1,1462.93,256370,314931,1.3852425037999139,0
2023-07-28 10:52:07,1467.45,1452624,1,1462.93,256351,315035,1.3852425037999139,0
2023-07-28 10:52:07,1467.45,1452624,1,1462.93,256609,315036,1.3852425037999139,0
2023-07-28 10:52:07,1467.45,1452624,1,1462.93,255887,314931,1.3852425037999139,0
2023-07-28 10:52:10,1467.1,1452626,2,1462.93,256542,314933,1.361061213209881,0
2023-07-28 10:52:12,1467.5,1452768,9,1462.93,257318,314793,1.3886969738841999,0
2023-07-28 10:52:12,1467.5,1452768,9,1462.93,257318,314793,1.3886969738841999,0
2023-07-28 10:52:13,1467.4,1452774,1,1462.93,256403,315267,1.3817880337156279,0
2023-07-28 10:52:14,1467.45,1452820,27,1462.93,258166,314585,1.3852425037999139,0
2023-07-28 10:52:15,1467.45,1452825,1,1462.93,257435,314837,1.3852425037999139,0
2023-07-28 10:52:16,1467.45,1452901,3,1462.93,256251,314718,1.3852425037999139,0
2023-07-28 10:52:17,1467.3,1453143,19,1462.93,258713,315010,1.3748790935470403,0
2023-07-28 10:52:18,1467.25,1453147,4,1462.93,256665,315065,1.3714246234627545,0
2023-07-28 10:52:19,1467.1,1453232,25,1462.93,256454,315185,1.361061213209881,0
2023-07-28 10:52:20,1467.15,1453234,2,1462.93,257005,314557,1.3645156832941825,0
2023-07-28 10:52:22,1467.5,1453254,20,1462.93,257748,314623,1.3886969738841999,0
2023-07-28 10:52:23,1467.5,1453255,1,1462.93,257748,314615,1.3886969738841999,0
2023-07-28 10:52:23,1467.5,1453255,1,1462.93,258500,314581,1.3886969738841999,0
2023-07-28 10:52:25,1467.1,1453504,75,1462.93,256751,314774,1.361061213209881,0
2023-07-28 10:52:25,1467.15,1453504,34,1462.93,256751,314774,1.3645156832941825,0
2023-07-28 10:52:26,1467.15,1453647,34,1462.93,257728,314665,1.3645156832941825,0
2023-07-28 10:52:26,1467.15,1453647,34,1462.93,257022,314667,1.3645156832941825,0
2023-07-28 10:52:29,1467.45,1453649,2,1462.93,257748,314776,1.3852425037999139,0
2023-07-28 10:52:29,1467.45,1453649,7,1462.93,257748,314776,1.3852425037999139,0
2023-07-28 10:52:30,1467.1,1453676,2,1462.93,258428,314642,1.361061213209881,0
2023-07-28 10:52:30,1467.05,1453676,22,1462.93,258514,314701,1.357606743125595,0
2023-07-28 10:52:32,1467.1,1453701,10,1462.93,258473,315267,1.361061213209881,0
2023-07-28 10:52:33,1467.1,1453711,10,1462.93,258479,315302,1.361061213209881,0
2023-07-28 10:52:33,1467.4,1453711,4,1462.93,258479,315302,1.3817880337156279,0
2023-07-28 10:52:34,1467.4,1453780,4,1462.93,257724,315522,1.3817880337156279,0
2023-07-28 10:52:35,1467.05,1453784,4,1462.93,257723,315523,1.357606743125595,0
2023-07-28 10:52:36,1467.45,1453890,5,1462.93,257901,315243,1.3852425037999139,0
2023-07-28 10:52:37,1467.4,1453891,1,1462.93,257870,315250,1.3817880337156279,0
2023-07-28 10:52:38,1467.1,1453901,10,1462.93,258570,315345,1.361061213209881,0
2023-07-28 10:52:38,1467.1,1453901,10,1462.93,258632,315569,1.361061213209881,0
2023-07-28 10:52:40,1467.05,1453903,2,1462.93,258622,315583,1.357606743125595,0
2023-07-28 10:52:41,1467.4,1453943,14,1462.93,258622,315539,1.3817880337156279,0
2023-07-28 10:52:42,1467.4,1453945,2,1462.93,258712,315437,1.3817880337156279,0
2023-07-28 10:52:42,1467.4,1453945,2,1462.93,258637,315498,1.3817880337156279,0
2023-07-28 10:52:42,1467.4,1453945,5,1462.93,258637,315498,1.3817880337156279,0
2023-07-28 10:52:42,1467.1,1453945,3,1462.93,258637,315498,1.361061213209881,0
2023-07-28 10:52:45,1467.1,1453953,3,1462.93,258556,315578,1.361061213209881,0
2023-07-28 10:52:45,1467.1,1453953,3,1462.93,259622,315478,1.361061213209881,0
2023-07-28 10:52:48,1467.1,1454067,50,1462.93,259460,315394,1.361061213209881,0
2023-07-28 10:52:48,1467.1,1454067,4,1462.93,259460,315394,1.361061213209881,0
2023-07-28 10:52:50,1467.1,1454073,2,1462.93,260125,315399,1.361061213209881,0
2023-07-28 10:52:51,1467.1,1454090,17,1462.93,259408,315395,1.361061213209881,0
2023-07-28 10:52:52,1467.4,1454147,2,1462.93,259383,315523,1.3817880337156279,0
2023-07-28 10:52:53,1467.1,1454192,10,1462.93,259373,315062,1.361061213209881,0
2023-07-28 10:52:53,1467.4,1454192,1,1462.93,259373,315062,1.3817880337156279,0
2023-07-28 10:52:56,1467.4,1454219,3,1462.93,259383,315085,1.3817880337156279,0
2023-07-28 10:52:56,1467.4,1454219,1,1462.93,259383,315085,1.3817880337156279,0
2023-07-28 10:52:57,1467.1,1454282,10,1462.93,259271,315259,1.361061213209881,0
2023-07-28 10:52:57,1467.1,1454282,10,1462.93,259271,315259,1.361061213209881,0
2023-07-28 10:52:58,1467.4,1454404,34,1462.93,250866,315970,1.3817880337156279,0
2023-07-28 10:52:59,1467.4,1454638,134,1462.94,258513,315156,1.3817880337156279,0
2023-07-28 10:52:59,1467.35,1454638,2,1462.94,258513,315156,1.3783335636313263,0
2023-07-28 10:53:01,1467.1,1454705,16,1462.94,258429,315429,1.361061213209881,0
2023-07-28 10:53:01,1467.35,1454705,41,1462.94,258398,315457,1.3783335636313263,0
2023-07-28 10:53:04,1467.25,1455185,4,1462.94,259036,315254,1.3714246234627545,0
2023-07-28 10:53:04,1467.25,1455318,4,1462.94,258585,315262,1.3714246234627545,0
2023-07-28 10:53:04,1467.25,1455318,3,1462.94,258585,315262,1.3714246234627545,0
2023-07-28 10:53:05,1467.25,1455331,3,1462.94,258502,315307,1.3714246234627545,0
2023-07-28 10:53:06,1467.0,1457338,48,1462.94,254891,315777,1.3541522730413091,0
2023-07-28 10:53:06,1467.0,1457338,48,1462.94,256331,315221,1.3541522730413091,0
2023-07-28 10:53:06,1467.0,1457338,48,1462.94,256331,315221,1.3541522730413091,0
2023-07-28 10:53:06,1467.0,1457338,2,1462.94,256331,315221,1.3541522730413091,0
2023-07-28 10:53:11,1467.35,1457426,1,1462.94,256441,315187,1.3783335636313263,0
2023-07-28 10:53:12,1467.3,1457463,3,1462.94,256587,315121,1.3748790935470403,0
2023-07-28 10:53:12,1467.3,1457463,3,1462.94,256587,315221,1.3748790935470403,0
2023-07-28 10:53:14,1467.1,1457483,20,1462.94,256515,315221,1.361061213209881,0
2023-07-28 10:53:15,1467.1,1457492,4,1462.94,256506,315306,1.361061213209881,0
2023-07-28 10:53:15,1467.1,1457492,4,1462.94,256506,315306,1.361061213209881,0
2023-07-28 10:53:16,1467.1,1457532,40,1462.94,256415,315278,1.361061213209881,0
2023-07-28 10:53:17,1467.1,1457610,56,1462.94,254672,315932,1.361061213209881,0
2023-07-28 10:53:18,1467.15,1457701,4,1462.94,255720,315276,1.3645156832941825,0
2023-07-28 10:53:18,1467.2,1457701,39,1462.94,255720,315276,1.3679701533784685,0
2023-07-28 10:53:19,1467.2,1457883,39,1462.94,256344,315298,1.3679701533784685,0
2023-07-28 10:53:20,1467.35,1458027,2,1462.95,255769,315116,1.3783335636313263,0
2023-07-28 10:53:20,1467.35,1458027,2,1462.95,255769,315116,1.3783335636313263,0
2023-07-28 10:53:20,1467.35,1458027,2,1462.95,255769,315156,1.3783335636313263,0
2023-07-28 10:53:20,1467.35,1458027,2,1462.95,255769,315156,1.3783335636313263,0
2023-07-28 10:53:24,1466.8,1458728,363,1462.95,255875,315199,1.3403343927041498,0
2023-07-28 10:53:24,1466.8,1458728,363,1462.95,255875,315199,1.3403343927041498,0
2023-07-28 10:53:24,1466.8,1458728,363,1462.95,255805,315357,1.3403343927041498,0
2023-07-28 10:53:24,1466.8,1458728,3,1462.95,255805,315357,1.3403343927041498,0
2023-07-28 10:53:25,1466.8,1459479,3,1462.95,255286,314921,1.3403343927041498,0
2023-07-28 10:53:26,1466.8,1459494,6,1462.95,255297,315057,1.3403343927041498,0
2023-07-28 10:53:28,1467.4,1459531,12,1462.95,256065,315054,1.3817880337156279,0
2023-07-28 10:53:28,1467.4,1459531,12,1462.95,256065,315054,1.3817880337156279,0
2023-07-28 10:53:28,1467.4,1459531,12,1462.95,255812,314960,1.3817880337156279,0
2023-07-28 10:53:28,1467.4,1459531,30,1462.95,255812,314960,1.3817880337156279,0
2023-07-28 10:53:29,1467.4,1459561,30,1462.95,255943,314922,1.3817880337156279,0
2023-07-28 10:53:30,1466.8,1459563,2,1462.95,256031,314913,1.3403343927041498,0
2023-07-28 10:53:30,1466.8,1459563,65,1462.95,256031,314913,1.3403343927041498,0
2023-07-28 10:53:32,1466.75,1459669,3,1462.95,255870,315156,1.3368799226198638,0
2023-07-28 10:53:32,1466.75,1459669,3,1462.95,255870,315156,1.3368799226198638,0
2023-07-28 10:53:32,1466.75,1459672,3,1462.95,257987,315151,1.3368799226198638,0
2023-07-28 10:53:32,1466.75,1459672,4,1462.95,257987,315183,1.3368799226198638,0
2023-07-28 10:53:36,1466.75,1459824,21,1462.95,254974,315000,1.3368799226198638,0
2023-07-28 10:53:36,1466.75,1459824,21,1462.95,256589,315170,1.3368799226198638,0
2023-07-28 10:53:36,1467.2,1459827,3,1462.95,256625,315167,1.3679701533784685,0
2023-07-28 10:53:38,1467.0,1459860,33,1462.95,257237,315453,1.3541522730413091,0
2023-07-28 10:53:38,1466.55,1459860,60,1462.95,258546,315358,1.3230620422827044,0
2023-07-28 10:53:38,1466.55,1459860,3,1462.95,258546,315358,1.3230620422827044,0
2023-07-28 10:53:41,1466.55,1459997,44,1462.95,257740,315532,1.3230620422827044,0
2023-07-28 10:53:43,1466.75,1460169,3,1462.95,258956,315440,1.3368799226198638,0
2023-07-28 10:53:43,1466.75,1460228,31,1462.95,256865,315310,1.3368799226198638,0
2023-07-28 10:53:43,1467.0,1460228,4,1462.95,256865,315310,1.3541522730413091,0
2023-07-28 10:53:45,1467.5,1461293,24,1462.95,255730,314861,1.3886969738841999,0
2023-07-28 10:53:45,1466.9,1461293,3,1462.95,255730,314861,1.3472433328727373,0
2023-07-28 10:53:45,1466.9,1461296,3,1462.95,255873,315541,1.3472433328727373,0
2023-07-28 10:53:45,1467.0,1461296,100,1462.95,256396,315780,1.3541522730413091,0
2023-07-28 10:53:48,1467.0,1461431,33,1462.95,255957,315620,1.3541522730413091,0
2023-07-28 10:53:48,1467.0,1461431,33,1462.95,255957,315620,1.3541522730413091,0
2023-07-28 10:53:49,1467.3,1461555,16,1462.95,255613,315391,1.3748790935470403,0
2023-07-28 10:53:49,1466.85,1461555,2,1462.95,255401,315306,1.3437888627884356,0
2023-07-28 10:53:50,1466.85,1461557,2,1462.95,255337,315446,1.3437888627884356,0
2023-07-28 10:53:52,1466.85,1461582,25,1462.95,255297,315514,1.3437888627884356,0
2023-07-28 10:53:53,1467.35,1461583,1,1462.95,255342,315702,1.3783335636313263,0
2023-07-28 10:53:54,1467.3,1461611,20,1462.95,256081,315749,1.3748790935470403,0
2023-07-28 10:53:55,1467.1,1461625,4,1462.95,255581,315807,1.361061213209881,0
2023-07-28 10:53:56,1466.75,1461638,3,1462.96,254736,315822,1.3368799226198638,0
2023-07-28 10:53:56,1467.1,1461638,2,1462.96,254736,315822,1.361061213209881,0
2023-07-28 10:53:56,1467.1,1461648,2,1462.96,255533,315612,1.361061213209881,0
2023-07-28 10:53:56,1467.1,1461648,2,1462.96,256168,315638,1.361061213209881,0
2023-07-28 10:53:56,1466.95,1461648,1,1462.96,256143,315737,1.3506978029570231,0
2023-07-28 10:54:00,1466.6,1462030,9,1462.96,255222,316071,1.3265165123669902,0
2023-07-28 10:54:01,1466.95,1462044,1,1462.96,254404,315987,1.3506978029570231,0
2023-07-28 10:54:03,1466.9,1462103,40,1462.96,254970,316173,1.3472433328727373,0
2023-07-28 10:54:03,1466.9,1462103,40,1462.96,254573,316205,1.3472433328727373,0
2023-07-28 10:54:03,1467.05,1462103,10,1462.96,254573,316205,1.357606743125595,0
2023-07-28 10:54:04,1467.05,1462113,10,1462.96,255262,316155,1.357606743125595,0
2023-07-28 10:54:04,1466.9,1462113,3,1462.96,255262,316155,1.3472433328727373,0
2023-07-28 10:54:05,1466.9,1462176,55,1462.96,254463,316165,1.3472433328727373,0
2023-07-28 10:54:06,1466.9,1462231,55,1462.96,255079,316393,1.3472433328727373,0
2023-07-28 10:54:06,1466.9,1462231,55,1462.96,255458,316233,1.3472433328727373,0
2023-07-28 10:54:09,1466.9,1462255,4,1462.96,256292,316235,1.3472433328727373,0
2023-07-28 10:54:09,1466.9,1462255,4,1462.96,256292,316235,1.3472433328727373,0
2023-07-28 10:54:09,1466.9,1462255,4,1462.96,255592,316253,1.3472433328727373,0
2023-07-28 10:54:11,1466.9,1462258,1,1462.96,256979,316242,1.3472433328727373,0
2023-07-28 10:54:11,1466.9,1462258,1,1462.96,256979,316242,1.3472433328727373,0
2023-07-28 10:54:11,1466.9,1462258,1,1462.96,257064,316278,1.3472433328727373,0
2023-07-28 10:54:11,1466.2,1462258,2,1462.96,257064,316278,1.298880751692687,0
2023-07-28 10:54:12,1466.2,1463086,2,1462.96,254929,316438,1.298880751692687,0
2023-07-28 10:54:12,1466.25,1463086,2,1462.96,254929,316438,1.302335221776973,0
2023-07-28 10:54:14,1466.25,1463088,2,1462.96,254905,316618,1.302335221776973,0
2023-07-28 10:54:15,1466.1,1463092,4,1462.96,254905,316686,1.2919718115240995,0
2023-07-28 10:54:15,1466.05,1463092,13,1462.96,254958,316692,1.2885173414398137,0
2023-07-28 10:54:17,1466.05,1463169,9,1462.96,252198,316829,1.2885173414398137,0
2023-07-28 10:54:18,1466.25,1463190,3,1462.96,253091,316811,1.302335221776973,0
2023-07-28 10:54:18,1466.3,1463190,7,1462.96,253091,316811,1.305789691861259,0
2023-07-28 10:54:19,1466.3,1463457,7,1462.96,254735,316447,1.305789691861259,0
2023-07-28 10:54:20,1466.25,1463481,2,1462.96,253470,316243,1.302335221776973,0
2023-07-28 10:54:20,1466.25,1463481,2,1462.96,253547,316266,1.302335221776973,0
2023-07-28 10:54:22,1466.8,1464028,1,1462.96,253460,316206,1.3403343927041498,0
2023-07-28 10:54:23,1466.05,1464118,77,1462.96,252637,316744,1.2885173414398137,0
2023-07-28 10:54:23,1466.05,1464118,77,1462.96,253281,317197,1.2885173414398137,0
2023-07-28 10:54:25,1466.1,1464121,3,1462.96,253256,316579,1.2919718115240995,0
2023-07-28 10:54:25,1466.1,1464121,3,1462.96,252654,316749,1.2919718115240995,0
2023-07-28 10:54:28,1466.0,1464421,159,1462.96,252299,316958,1.2850628713555277,0
2023-07-28 10:54:28,1466.0,1464758,159,1462.96,252043,316301,1.2850628713555277,0
2023-07-28 10:54:30,1466.2,1464760,2,1462.96,252757,316415,1.298880751692687,0
2023-07-28 10:54:30,1466.05,1464760,17,1462.96,252757,316415,1.2885173414398137,0
2023-07-28 10:54:31,1466.05,1464790,17,1462.96,252914,316718,1.2885173414398137,0
2023-07-28 10:54:32,1466.45,1464865,20,1462.96,252298,316345,1.3161531021141324,0
2023-07-28 10:54:33,1466.0,1464902,4,1462.96,252139,316393,1.2850628713555277,0
2023-07-28 10:54:33,1466.0,1464902,1,1462.96,252139,316393,1.2850628713555277,0
2023-07-28 10:54:34,1466.0,1464927,1,1462.96,252304,316495,1.2850628713555277,0
2023-07-28 10:54:35,1466.0,1464931,3,1462.96,251620,316449,1.2850628713555277,0
2023-07-28 10:54:36,1466.5,1464986,6,1462.96,252414,312842,1.3196075721984184,0
2023-07-28 10:54:38,1466.5,1464997,5,1462.96,252750,316049,1.3196075721984184,0
2023-07-28 10:54:38,1466.5,1464997,5,1462.96,252172,317397,1.3196075721984184,0
2023-07-28 10:54:38,1466.1,1464997,7,1462.96,252172,317397,1.2919718115240995,0
2023-07-28 10:54:40,1466.2,1465143,1,1462.96,253605,317701,1.298880751692687,0
2023-07-28 10:54:40,1466.2,1465146,1,1462.96,253094,318308,1.298880751692687,0
2023-07-28 10:54:42,1466.65,1465246,20,1462.96,251675,320783,1.329970982451292,0
2023-07-28 10:54:42,1466.65,1465246,20,1462.96,254004,320724,1.329970982451292,0
2023-07-28 10:54:42,1466.65,1465246,20,1462.96,255627,323469,1.329970982451292,0
2023-07-28 10:54:42,1466.3,1465246,75,1462.96,255627,323469,1.305789691861259,0
2023-07-28 10:54:44,1466.75,1465351,29,1462.96,254060,325096,1.3368799226198638,0
2023-07-28 10:54:45,1466.5,1465463,49,1462.96,253483,324685,1.3196075721984184,0
2023-07-28 10:54:45,1466.1,1465463,27,1462.96,253483,324685,1.2919718115240995,0
2023-07-28 10:54:46,1466.1,1465498,27,1462.96,255097,324424,1.2919718115240995,0
2023-07-28 10:54:47,1466.8,1465620,53,1462.96,253532,324252,1.3403343927041498,0
2023-07-28 10:54:47,1466.8,1465620,53,1462.96,255380,323661,1.3403343927041498,0
2023-07-28 10:54:47,1466.8,1465620,53,1462.96,256870,324608,1.3403343927041498,0
2023-07-28 10:54:47,1466.5,1465620,2,1462.96,256870,324608,1.3196075721984184,0
2023-07-28 10:54:51,1466.5,1465652,2,1462.96,253653,324728,1.3196075721984184,0
2023-07-28 10:54:51,1466.5,1465652,2,1462.96,253653,324728,1.3196075721984184,0
2023-07-28 10:54:52,1466.5,1465668,16,1462.96,256281,324276,1.3196075721984184,0
2023-07-28 10:54:53,1466.8,1465901,3,1462.97,256360,324875,1.3403343927041498,0
2023-07-28 10:54:55,1466.8,1465956,2,1462.97,256697,325005,1.3403343927041498,0
2023-07-28 10:54:55,1466.45,1466006,5,1462.97,256329,324900,1.3161531021141324,0
2023-07-28 10:54:57,1466.3,1466306,17,1462.97,254438,325235,1.305789691861259,0
2023-07-28 10:54:58,1466.8,1466307,1,1462.97,255281,325004,1.3403343927041498,0
2023-07-28 10:54:58,1466.8,1466307,1,1462.97,254581,324939,1.3403343927041498,0
2023-07-28 10:54:59,1466.8,1466347,36,1462.97,255235,325181,1.3403343927041498,0
2023-07-28 10:54:59,1466.3,1466347,2,1462.97,255235,325181,1.305789691861259,0
2023-07-28 10:55:00,1466.75,1466349,10,1462.97,254476,325375,1.3368799226198638,0
2023-07-28 10:55:02,1466.7,1466368,1,1462.97,253752,325439,1.3334254525355778,0
2023-07-28 10:55:02,1466.15,1466368,10,1462.97,253752,325439,1.2954262816084012,0
2023-07-28 10:55:02,1466.15,1466378,10,1462.97,254416,325293,1.2954262816084012,0
2023-07-28 10:55:02,1466.15,1466378,10,1462.97,254059,325767,1.2954262816084012,0
2023-07-28 10:55:05,1466.3,1466430,2,1462.97,254720,325488,1.305789691861259,0
2023-07-28 10:55:06,1466.3,1466445,14,1462.97,254706,325565,1.305789691861259,0
2023-07-28 10:55:06,1466.2,1466445,68,1462.97,254706,325565,1.298880751692687,0
2023-07-28 10:55:07,1466.2,1466513,68,1462.97,254715,325645,1.298880751692687,0
2023-07-28 10:55:09,1466.3,1466528,2,1462.97,255718,325707,1.305789691861259,0
2023-07-28 10:55:09,1466.3,1466528,2,1462.97,255718,325707,1.305789691861259,0
2023-07-28 10:55:10,1466.2,1466535,2,1462.97,254963,325540,1.298880751692687,0
2023-07-28 10:55:11,1466.3,1466612,1,1462.97,254651,325659,1.305789691861259,0
2023-07-28 10:55:12,1466.2,1466614,2,1462.97,255135,325549,1.298880751692687,0
2023-07-28 10:55:12,1466.3,1466614,15,1462.97,255135,325549,1.305789691861259,0
2023-07-28 10:55:13,1466.3,1466738,15,1462.97,253415,325583,1.305789691861259,0
2023-07-28 10:55:14,1466.3,1466765,1,1462.97,254905,325526,1.305789691861259,0
2023-07-28 10:55:16,1466.3,1466777,8,1462.97,255207,325601,1.305789691861259,0
2023-07-28 10:55:16,1466.3,1466788,1,1462.97,254399,325893,1.305789691861259,0
2023-07-28 10:55:16,1466.3,1466788,6,1462.97,254399,325893,1.305789691861259,0
2023-07-28 10:55:17,1466.3,1466848,6,1462.97,255625,326064,1.305789691861259,0
2023-07-28 10:55:19,1466.2,1466948,100,1462.97,254917,326366,1.298880751692687,0
2023-07-28 10:55:19,1466.2,1466948,47,1462.97,254917,326366,1.298880751692687,0
2023-07-28 10:55:19,1466.05,1467060,24,1462.97,254380,326383,1.2885173414398137,0
2023-07-28 10:55:21,1466.05,1467086,24,1462.97,254055,327354,1.2885173414398137,0
2023-07-28 10:55:22,1466.0,1467236,10,1462.97,252308,327200,1.2850628713555277,0
2023-07-28 10:55:23,1465.4,1467437,66,1462.97,253867,327386,1.2436092303440651,0
2023-07-28 10:55:24,1465.2,1467555,88,1462.97,253205,327221,1.2297913500069058,0
2023-07-28 10:55:24,1465.2,1467555,88,1462.97,253220,327293,1.2297913500069058,0
2023-07-28 10:55:24,1466.15,1467555,369,1462.97,253220,327293,1.2954262816084012,0
2023-07-28 10:55:26,1466.25,1468342,1,1462.97,255838,326730,1.302335221776973,0
2023-07-28 10:55:26,1466.25,1468342,1,1462.97,255838,326730,1.302335221776973,0
2023-07-28 10:55:26,1466.25,1468342,1,1462.97,255213,326671,1.302335221776973,0
2023-07-28 10:55:28,1465.7,1468347,5,1462.97,255042,326546,1.2643360508497965,0
2023-07-28 10:55:29,1465.7,1468374,27,1462.97,255746,323141,1.2643360508497965,0
2023-07-28 10:55:29,1465.7,1468374,20,1462.97,255746,323141,1.2643360508497965,0
2023-07-28 10:55:30,1465.35,1468547,20,1462.97,255099,326854,1.2401547602597636,0
2023-07-28 10:55:30,1465.3,1468547,2,1462.97,255099,326854,1.2367002901754776,0
2023-07-28 10:55:31,1465.35,1468554,5,1462.97,255094,327023,1.2401547602597636,0
2023-07-28 10:55:32,1465.3,1468584,19,1462.97,254862,326975,1.2367002901754776,0
2023-07-28 10:55:32,1465.3,1468584,19,1462.97,254862,326975,1.2367002901754776,0
2023-07-28 10:55:32,1465.3,1468584,19,1462.97,256682,326971,1.2367002901754776,0
2023-07-28 10:55:32,1465.3,1468584,19,1462.97,257158,326897,1.2367002901754776,0
2023-07-28 10:55:35,1465.35,1468604,20,1462.97,257133,327138,1.2401547602597636,0
2023-07-28 10:55:35,1465.7,1468604,3,1462.97,257133,327138,1.2643360508497965,0
2023-07-28 10:55:37,1465.3,1468859,245,1462.97,255448,326957,1.2367002901754776,0
2023-07-28 10:55:37,1465.3,1468859,395,1462.97,254941,326253,1.2367002901754776,0
2023-07-28 10:55:38,1465.55,1469362,3,1462.97,254983,326423,1.253972640596923,0
2023-07-28 10:55:40,1465.1,1469379,3,1462.97,255060,326362,1.2228824098383182,0
2023-07-28 10:55:40,1465.1,1469484,3,1462.97,255650,326759,1.2228824098383182,0
2023-07-28 10:55:40,1465.1,1469484,30,1462.97,255650,326759,1.2228824098383182,0
2023-07-28 10:55:41,1465.1,1469514,30,1462.97,253247,326755,1.2228824098383182,0
2023-07-28 10:55:41,1465.0,1469514,10,1462.97,253247,326755,1.2159734696697464,0
2023-07-28 10:55:43,1465.0,1470250,29,1462.97,252363,327245,1.2159734696697464,0
2023-07-28 10:55:44,1465.0,1470293,9,1462.97,251584,327116,1.2159734696697464,0
2023-07-28 10:55:44,1465.0,1470293,9,1462.97,251584,327116,1.2159734696697464,0
2023-07-28 10:55:44,1465.0,1470293,9,1462.97,251806,326778,1.2159734696697464,0
2023-07-28 10:55:44,1464.45,1470293,299,1462.97,251806,326778,1.1779742987425696,0
2023-07-28 10:55:45,1464.45,1471076,299,1462.97,250585,326066,1.1779742987425696,0
2023-07-28 10:55:45,1464.45,1471076,1,1462.97,250585,326066,1.1779742987425696,0
2023-07-28 10:55:47,1464.45,1471088,5,1462.97,253446,326161,1.1779742987425696,0
2023-07-28 10:55:49,1464.45,1471324,5,1462.97,253170,325934,1.1779742987425696,0
2023-07-28 10:55:50,1464.75,1471511,7,1462.97,252873,325325,1.198701119248301,0
2023-07-28 10:55:50,1464.45,1471511,2,1462.97,252873,325325,1.1779742987425696,0
2023-07-28 10:55:51,1464.05,1471829,5,1462.97,253127,325629,1.150338538068251,0
2023-07-28 10:55:52,1464.6,1471857,20,1462.97,251787,325676,1.1883377089954275,0
2023-07-28 10:55:53,1464.0,1471929,1,1462.97,251710,325994,1.146884067983965,0
2023-07-28 10:55:54,1464.45,1471935,1,1462.97,252608,326196,1.1779742987425696,0
2023-07-28 10:55:54,1464.35,1471935,7,1462.97,252608,326196,1.171065358573982,0
2023-07-28 10:55:54,1464.05,1471950,4,1462.97,252005,325759,1.150338538068251,0
2023-07-28 10:55:56,1464.0,1471956,1,1462.97,250681,326049,1.146884067983965,0
2023-07-28 10:55:56,1464.0,1471956,1,1462.97,250681,326049,1.146884067983965,0
2023-07-28 10:55:57,1464.0,1471981,25,1462.97,250689,326143,1.146884067983965,0
2023-07-28 10:55:57,1464.0,1471981,25,1462.97,250689,326143,1.146884067983965,0
2023-07-28 10:55:58,1464.0,1471984,3,1462.97,251287,326087,1.146884067983965,0
2023-07-28 10:55:59,1464.5,1471986,2,1462.97,252059,326085,1.1814287688268557,0
2023-07-28 10:56:00,1464.1,1471994,5,1462.98,253776,325920,1.1537930081525367,0
2023-07-28 10:56:01,1464.5,1472013,1,1462.98,254206,325762,1.1814287688268557,0
2023-07-28 10:56:02,1464.5,1472057,33,1462.98,255677,325682,1.1814287688268557,0
2023-07-28 10:56:03,1464.6,1472314,104,1462.98,254497,325334,1.1883377089954275,0
2023-07-28 10:56:03,1464.6,1472314,104,1462.98,254544,325720,1.1883377089954275,0
2023-07-28 10:56:05,1464.5,1472315,1,1462.98,253985,324314,1.1814287688268557,0
2023-07-28 10:56:06,1464.45,1472342,27,1462.98,253912,324287,1.1779742987425696,0
2023-07-28 10:56:07,1464.45,1472344,2,1462.98,254106,324277,1.1779742987425696,0
2023-07-28 10:56:08,1464.15,1472544,200,1462.98,254106,324278,1.1572474782368385,0
2023-07-28 10:56:09,1464.15,1472572,28,1462.98,254007,324394,1.1572474782368385,0
2023-07-28 10:56:10,1464.15,1472586,2,1462.98,254688,324197,1.1572474782368385,0
2023-07-28 10:56:11,1464.5,1472799,2,1462.98,253651,324006,1.1814287688268557,0
2023-07-28 10:56:12,1464.15,1472803,4,1462.98,254546,324326,1.1572474782368385,0
2023-07-28 10:56:13,1464.25,1472947,2,1462.98,254615,324215,1.1641564184054103,0
2023-07-28 10:56:15,1464.35,1473105,35,1462.98,255385,324105,1.171065358573982,0
2023-07-28 10:56:15,1464.45,1473350,22,1462.98,253805,320145,1.1779742987425696,0
2023-07-28 10:56:15,1464.45,1473350,22,1462.98,252919,323981,1.1779742987425696,0
2023-07-28 10:56:15,1464.45,1473350,22,1462.98,252993,324670,1.1779742987425696,0
2023-07-28 10:56:15,1464.45,1473350,22,1462.98,252960,324670,1.1779742987425696,0
2023-07-28 10:56:15,1464.3,1473350,7,1462.98,252960,324670,1.167610888489696,0
2023-07-28 10:56:19,1464.3,1473594,7,1462.98,253525,324573,1.167610888489696,0
2023-07-28 10:56:19,1464.8,1473594,1,1462.98,253525,324573,1.2021555893325868,0
2023-07-28 10:56:20,1464.5,1473657,30,1462.98,254602,324189,1.1814287688268557,0
2023-07-28 10:56:20,1464.15,1473657,52,1462.98,254602,324189,1.1572474782368385,0
2023-07-28 10:56:22,1464.15,1473757,52,1462.98,253831,323757,1.1572474782368385,0
2023-07-28 10:56:22,1464.8,1473757,24,1462.98,253831,323757,1.2021555893325868,0
2023-07-28 10:56:22,1464.35,1473827,250,1462.98,254050,323478,1.171065358573982,0
2023-07-28 10:56:24,1464.5,1474112,20,1462.98,254299,323330,1.1814287688268557,0
2023-07-28 10:56:25,1464.15,1474582,240,1462.98,254384,323759,1.1572474782368385,0
2023-07-28 10:56:25,1464.15,1474582,240,1462.98,254384,323759,1.1572474782368385,0
2023-07-28 10:56:26,1464.5,1474655,3,1462.98,253823,323654,1.1814287688268557,0
2023-07-28 10:56:28,1464.5,1474661,142,1462.98,255242,322861,1.1814287688268557,0
2023-07-28 10:56:28,1464.5,1474809,142,1462.98,254427,323147,1.1814287688268557,0
2023-07-28 10:56:28,1464.5,1474809,142,1462.98,254607,323194,1.1814287688268557,0
2023-07-28 10:56:28,1464.5,1474809,25,1462.98,254607,323194,1.1814287688268557,0
2023-07-28 10:56:30,1464.45,1474989,6,1462.98,254593,322760,1.1779742987425696,0
2023-07-28 10:56:32,1464.4,1475020,1,1462.98,255316,322761,1.1745198286582836,0
2023-07-28 10:56:32,1464.35,1475170,50,1462.98,255158,322796,1.171065358573982,0
2023-07-28 10:56:32,1464.5,1475170,3,1462.98,255158,322796,1.1814287688268557,0
2023-07-28 10:56:34,1464.75,1475277,17,1462.98,251558,323638,1.198701119248301,0
2023-07-28 10:56:35,1464.7,1475282,5,1462.98,254406,323825,1.195246649164015,0
2023-07-28 10:56:36,1464.35,1475334,49,1462.98,255012,323822,1.171065358573982,0
2023-07-28 10:56:37,1464.35,1475379,45,1462.98,254974,323975,1.171065358573982,0
2023-07-28 10:56:38,1464.7,1475487,10,1462.98,254387,323734,1.195246649164015,0
2023-07-28 10:56:38,1464.7,1475487,10,1462.98,254387,323734,1.195246649164015,0
2023-07-28 10:56:39,1464.35,1475720,233,1462.98,255354,323288,1.171065358573982,0
2023-07-28 10:56:39,1464.35,1475720,233,1462.98,255354,323288,1.171065358573982,0
2023-07-28 10:56:39,1464.4,1475720,2,1462.98,255554,323310,1.1745198286582836,0
2023-07-28 10:56:41,1464.4,1475732,10,1462.98,256835,323359,1.1745198286582836,0
2023-07-28 10:56:41,1464.35,1475732,1,1462.98,256835,323359,1.171065358573982,0
2023-07-28 10:56:43,1464.35,1475784,11,1462.98,256260,323400,1.171065358573982,0
2023-07-28 10:56:44,1464.35,1475785,1,1462.98,256259,323328,1.171065358573982,0
2023-07-28 10:56:44,1464.4,1475911,10,1462.98,256243,323265,1.1745198286582836,0
2023-07-28 10:56:45,1464.25,1475963,14,1462.98,256179,323108,1.1641564184054103,0
2023-07-28 10:56:46,1464.25,1476008,45,1462.98,256078,323272,1.1641564184054103,0
2023-07-28 10:56:47,1464.3,1476059,50,1462.98,256140,323214,1.167610888489696,0
2023-07-28 10:56:47,1464.15,1476059,5,1462.98,256140,323214,1.1572474782368385,0
2023-07-28 10:56:48,1464.15,1476070,5,1462.98,256104,322543,1.1572474782368385,0
2023-07-28 10:56:49,1464.15,1476119,49,1462.98,256005,323194,1.1572474782368385,0
2023-07-28 10:56:51,1465.0,1476776,10,1462.98,255160,311016,1.2159734696697464,0
2023-07-28 10:56:51,1464.95,1476830,1,1462.98,255099,322774,1.2125189995854604,0
2023-07-28 10:56:52,1464.95,1476855,1,1462.98,257128,322337,1.2125189995854604,0
2023-07-28 10:56:54,1465.3,1476871,8,1462.98,256663,322273,1.2367002901754776,0
2023-07-28 10:56:54,1465.35,1476872,1,1462.98,257340,322644,1.2401547602597636,0
2023-07-28 10:56:54,1465.3,1476872,5,1462.98,257340,322644,1.2367002901754776,0
2023-07-28 10:56:55,1465.3,1476890,5,1462.98,258092,322684,1.2367002901754776,0
2023-07-28 10:56:55,1465.5,1476890,2,1462.98,258092,322684,1.250518170512637,0
2023-07-28 10:56:57,1464.75,1477055,54,1462.98,255780,322859,1.198701119248301,0
2023-07-28 10:56:57,1464.75,1477189,54,1462.98,255106,322740,1.198701119248301,0
2023-07-28 10:56:59,1465.5,1477190,1,1462.98,257095,322868,1.250518170512637,0
2023-07-28 10:57:00,1465.05,1477361,1,1462.98,254849,323102,1.2194279397540322,0
2023-07-28 10:57:00,1465.05,1477361,1,1462.98,257034,323236,1.2194279397540322,0
2023-07-28 10:57:00,1465.4,1477361,7,1462.98,257110,323178,1.2436092303440651,0
2023-07-28 10:57:03,1465.4,1477368,7,1462.98,255586,323187,1.2436092303440651,0
2023-07-28 10:57:04,1465.15,1477369,1,1462.98,256886,323382,1.2263368799226197,0
2023-07-28 10:57:05,1465.1,1477372,3,1462.98,256303,323255,1.2228824098383182,0
2023-07-28 10:57:05,1465.1,1477372,3,1462.98,257068,323256,1.2228824098383182,0
2023-07-28 10:57:05,1465.15,1477372,36,1462.98,257068,323256,1.2263368799226197,0
2023-07-28 10:57:08,1465.35,1477436,27,1462.98,256425,323795,1.2401547602597636,0
2023-07-28 10:57:08,1465.35,1477436,27,1462.98,256425,323795,1.2401547602597636,0
2023-07-28 10:57:09,1465.15,1477595,12,1462.98,255924,323636,1.2263368799226197,0
2023-07-28 10:57:09,1465.3,1477595,1,1462.98,255924,323636,1.2367002901754776,0
2023-07-28 10:57:09,1465.3,1477596,1,1462.98,255823,323713,1.2367002901754776,0
2023-07-28 10:57:09,1465.1,1477596,2,1462.98,255823,323713,1.2228824098383182,0
2023-07-28 10:57:10,1465.1,1477598,96,1462.98,257220,323664,1.2228824098383182,0
2023-07-28 10:57:12,1465.55,1478104,27,1462.98,256973,323350,1.253972640596923,0
2023-07-28 10:57:13,1466.45,1478729,2,1462.98,257101,320284,1.3161531021141324,0
2023-07-28 10:57:14,1466.0,1478733,3,1462.98,257045,322477,1.2850628713555277,0
2023-07-28 10:57:14,1466.0,1478733,4,1462.98,257045,322477,1.2850628713555277,0
2023-07-28 10:57:15,1466.0,1478737,4,1462.98,257833,322597,1.2850628713555277,0
2023-07-28 10:57:17,1465.9,1478739,2,1462.98,257760,322865,1.2781539311869559,0
2023-07-28 10:57:17,1465.9,1478814,71,1462.98,257103,322860,1.2781539311869559,0
2023-07-28 10:57:17,1466.3,1478814,10,1462.98,257103,322860,1.305789691861259,0
2023-07-28 10:57:19,1466.3,1478824,10,1462.98,258454,322902,1.305789691861259,0
2023-07-28 10:57:19,1466.3,1478824,10,1462.98,258501,322936,1.305789691861259,0
2023-07-28 10:57:19,1465.6,1478824,25,1462.98,258501,322936,1.257427110681209,0
2023-07-28 10:57:20,1466.0,1479370,58,1462.98,251517,322995,1.2850628713555277,0
2023-07-28 10:57:22,1466.2,1479455,25,1462.98,256296,322947,1.298880751692687,0
2023-07-28 10:57:22,1466.2,1479455,25,1462.98,256354,322897,1.298880751692687,0
2023-07-28 10:57:22,1466.05,1479455,1,1462.98,256385,322877,1.2885173414398137,0
2023-07-28 10:57:24,1465.7,1479456,11,1462.98,255396,322911,1.2643360508497965,0
2023-07-28 10:57:25,1466.3,1479596,1,1462.98,256268,322857,1.305789691861259,0
2023-07-28 10:57:25,1466.5,1479596,6,1462.98,256587,322979,1.3196075721984184,0
2023-07-28 10:57:28,1465.7,1480298,31,1462.99,255213,322508,1.2643360508497965,0
2023-07-28 10:57:29,1466.25,1480452,54,1462.99,256595,322683,1.302335221776973,0
2023-07-28 10:57:29,1466.65,1480452,1,1462.99,256595,322683,1.329970982451292,0
2023-07-28 10:57:30,1466.15,1480455,2,1462.99,257113,322861,1.2954262816084012,0
2023-07-28 10:57:32,1466.75,1482180,87,1462.99,257942,322888,1.3368799226198638,0
2023-07-28 10:57:32,1466.75,1482180,87,1462.99,257942,322888,1.3368799226198638,0
2023-07-28 10:57:33,1467.0,1482959,300,1462.99,256357,322168,1.3541522730413091,0
2023-07-28 10:57:33,1467.0,1482959,300,1462.99,256357,322168,1.3541522730413091,0
2023-07-28 10:57:34,1466.55,1482960,1,1462.99,259767,322425,1.3230620422827044,0
2023-07-28 10:57:35,1466.5,1483049,1,1462.99,259796,323366,1.3196075721984184,0
2023-07-28 10:57:35,1467.0,1483049,3,1462.99,259796,323366,1.3541522730413091,0
2023-07-28 10:57:36,1467.0,1483300,16,1462.99,260479,318824,1.3541522730413091,0
2023-07-28 10:57:36,1467.0,1483300,16,1462.99,260479,318824,1.3541522730413091,0
2023-07-28 10:57:38,1466.55,1483376,76,1462.99,260376,322189,1.3230620422827044,0
2023-07-28 10:57:38,1466.55,1483376,76,1462.99,260376,322189,1.3230620422827044,0
2023-07-28 10:57:38,1466.6,1483456,80,1462.99,258687,322457,1.3265165123669902,0
2023-07-28 10:57:39,1467.4,1484312,304,1463.0,258290,321741,1.3817880337156279,0
2023-07-28 10:57:41,1467.4,1484341,5,1463.0,258864,321577,1.3817880337156279,0
2023-07-28 10:57:42,1467.4,1484346,5,1463.0,258879,321630,1.3817880337156279,0
2023-07-28 10:57:42,1467.4,1484346,30,1463.0,258879,321630,1.3817880337156279,0
2023-07-28 10:57:42,1467.4,1484376,30,1463.0,258859,321573,1.3817880337156279,0
2023-07-28 10:57:42,1467.4,1484376,30,1463.0,258824,321773,1.3817880337156279,0
2023-07-28 10:57:45,1467.45,1484616,33,1463.0,257217,321863,1.3852425037999139,0
2023-07-28 10:57:45,1467.45,1484649,33,1463.0,257266,321909,1.3852425037999139,0
2023-07-28 10:57:46,1467.5,1485012,162,1463.0,258444,321432,1.3886969738841999,0
2023-07-28 10:57:47,1468.0,1485439,138,1463.0,258612,321549,1.4232416747270904,0
2023-07-28 10:57:47,1467.55,1485439,10,1463.0,258612,321549,1.3921514439684857,0
2023-07-28 10:57:49,1468.0,1486172,43,1463.0,258056,320521,1.4232416747270904,0
2023-07-28 10:57:49,1467.95,1486172,2,1463.0,258056,320521,1.4197872046428046,0
2023-07-28 10:57:50,1468.0,1486874,664,1463.0,258757,320653,1.4232416747270904,0
2023-07-28 10:57:51,1468.0,1487678,700,1463.01,258223,320478,1.4232416747270904,0
2023-07-28 10:57:51,1468.0,1487678,700,1463.01,258223,320478,1.4232416747270904,0
2023-07-28 10:57:52,1467.4,1489153,532,1463.01,256218,320596,1.3817880337156279,0
2023-07-28 10:57:52,1467.4,1489153,532,1463.01,256218,320596,1.3817880337156279,0
2023-07-28 10:57:53,1467.45,1489302,121,1463.01,258078,320345,1.3852425037999139,0
2023-07-28 10:57:54,1467.45,1489320,1,1463.01,258007,320539,1.3852425037999139,0
2023-07-28 10:57:54,1467.95,1489320,117,1463.01,258007,320539,1.4197872046428046,0
2023-07-28 10:57:55,1468.0,1490043,367,1463.01,256592,319288,1.4232416747270904,0
2023-07-28 10:57:56,1467.75,1490097,2,1463.01,256465,320492,1.4059693243056453,0
2023-07-28 10:57:56,1467.0,1490097,3,1463.01,256465,320492,1.3541522730413091,0
2023-07-28 10:57:56,1467.0,1490101,3,1463.01,256862,320823,1.3541522730413091,0
2023-07-28 10:57:56,1467.0,1490101,3,1463.01,256342,319995,1.3541522730413091,0
2023-07-28 10:57:56,1467.5,1490101,27,1463.01,256532,320287,1.3886969738841999,0
2023-07-28 10:57:59,1467.5,1490128,27,1463.01,256540,319707,1.3886969738841999,0
2023-07-28 10:57:59,1466.85,1490128,20,1463.01,256540,319707,1.3437888627884356,0
2023-07-28 10:58:01,1467.75,1490844,10,1463.02,256248,319423,1.4059693243056453,0
2023-07-28 10:58:01,1467.75,1490844,10,1463.02,257072,319473,1.4059693243056453,0
2023-07-28 10:58:01,1467.8,1490844,20,1463.02,257072,319473,1.409423794389931,0
2023-07-28 10:58:02,1467.8,1490979,20,1463.02,256826,319745,1.409423794389931,0
2023-07-28 10:58:02,1467.8,1490979,20,1463.02,256682,319868,1.409423794389931,0
2023-07-28 10:58:02,1467.8,1490979,20,1463.02,257274,319892,1.409423794389931,0
2023-07-28 10:58:02,1467.5,1490979,3,1463.02,257274,319892,1.3886969738841999,0
2023-07-28 10:58:05,1467.5,1491055,3,1463.02,256390,320135,1.3886969738841999,0
2023-07-28 10:58:05,1467.5,1491055,3,1463.02,257236,320135,1.3886969738841999,0
2023-07-28 10:58:05,1467.5,1491055,1,1463.02,257236,320135,1.3886969738841999,0
2023-07-28 10:58:07,1467.5,1491056,1,1463.02,256547,320190,1.3886969738841999,0
2023-07-28 10:58:07,1467.5,1491056,1,1463.02,256547,320190,1.3886969738841999,0
2023-07-28 10:58:09,1467.9,1491296,3,1463.02,257425,319859,1.4163327345585186,0
2023-07-28 10:58:09,1467.8,1491296,1,1463.02,257425,319859,1.409423794389931,0
2023-07-28 10:58:10,1467.0,1491669,50,1463.02,256820,319449,1.3541522730413091,0
2023-07-28 10:58:10,1466.75,1491669,2,1463.02,256820,319449,1.3368799226198638,0
2023-07-28 10:58:11,1467.0,1491696,25,1463.02,257588,319373,1.3541522730413091,0
2023-07-28 10:58:12,1466.95,1491697,1,1463.02,258500,319623,1.3506978029570231,0
2023-07-28 10:58:12,1466.65,1491697,101,1463.02,258491,320924,1.329970982451292,0
2023-07-28 10:58:14,1466.65,1491802,101,1463.02,259105,320989,1.329970982451292,0
2023-07-28 10:58:14,1466.6,1491802,4,1463.02,259105,320989,1.3265165123669902,0
2023-07-28 10:58:16,1466.95,1491813,4,1463.02,258525,320975,1.3506978029570231,0
2023-07-28 10:58:16,1466.95,1491813,2,1463.02,258525,320975,1.3506978029570231,0
2023-07-28 10:58:17,1466.95,1491842,5,1463.02,258709,320854,1.3506978029570231,0
2023-07-28 10:58:17,1466.95,1491842,10,1463.02,258709,320854,1.3506978029570231,0
2023-07-28 10:58:17,1466.95,1491852,10,1463.02,258699,320872,1.3506978029570231,0
2023-07-28 10:58:17,1466.95,1491852,10,1463.02,258672,320932,1.3506978029570231,0
2023-07-28 10:58:17,1466.95,1491852,10,1463.02,258760,320694,1.3506978029570231,0
2023-07-28 10:58:21,1466.95,1491862,8,1463.02,258564,320685,1.3506978029570231,0
2023-07-28 10:58:22,1467.15,1492239,96,1463.02,258024,320221,1.3645156832941825,0
2023-07-28 10:58:22,1466.6,1492309,3,1463.02,256474,320512,1.3265165123669902,0
2023-07-28 10:58:22,1467.45,1492309,10,1463.02,256474,320512,1.3852425037999139,0
2023-07-28 10:58:24,1467.45,1492347,28,1463.02,257906,320461,1.3852425037999139,0
2023-07-28 10:58:24,1467.45,1492347,28,1463.02,257906,320461,1.3852425037999139,0
2023-07-28 10:58:24,1467.45,1492347,28,1463.02,257985,320567,1.3852425037999139,0
2023-07-28 10:58:24,1466.9,1492347,3,1463.02,257985,320567,1.3472433328727373,0
2023-07-28 10:58:24,1467.4,1492347,5,1463.02,257985,320567,1.3817880337156279,0
2023-07-28 10:58:26,1466.65,1492359,1,1463.02,258159,320736,1.329970982451292,0
2023-07-28 10:58:28,1466.65,1492364,1,1463.02,258201,320879,1.329970982451292,0
2023-07-28 10:58:30,1466.6,1492384,16,1463.02,258182,321042,1.3265165123669902,0
2023-07-28 10:58:30,1466.6,1492386,2,1463.02,258165,321095,1.3265165123669902,0
2023-07-28 10:58:32,1466.55,1492411,10,1463.02,258283,321223,1.3230620422827044,0
2023-07-28 10:58:32,1467.35,1492411,1,1463.02,258283,321223,1.3783335636313263,0
2023-07-28 10:58:33,1467.35,1492717,3,1463.02,258223,320336,1.3783335636313263,0
2023-07-28 10:58:34,1467.7,1492859,6,1463.02,259233,319879,1.4025148542213592,0
2023-07-28 10:58:34,1467.5,1492859,4,1463.02,259233,319879,1.3886969738841999,0
2023-07-28 10:58:35,1467.5,1493270,4,1463.02,257989,312632,1.3886969738841999,0
2023-07-28 10:58:35,1467.4,1493270,22,1463.02,257989,312632,1.3817880337156279,0
2023-07-28 10:58:36,1467.4,1494092,22,1463.03,259055,319272,1.3817880337156279,0
2023-07-28 10:58:36,1467.4,1494092,22,1463.03,259445,319273,1.3817880337156279,0
2023-07-28 10:58:36,1467.4,1494092,22,1463.03,257717,319223,1.3817880337156279,0
2023-07-28 10:58:40,1467.1,1494095,3,1463.03,257667,319312,1.361061213209881,0
2023-07-28 10:58:40,1467.1,1494095,3,1463.03,257699,318747,1.361061213209881,0
2023-07-28 10:58:40,1467.45,1494095,6,1463.03,257699,318747,1.3852425037999139,0
2023-07-28 10:58:41,1467.45,1494101,6,1463.03,257699,318814,1.3852425037999139,0
2023-07-28 10:58:41,1467.45,1494101,4,1463.03,257699,318814,1.3852425037999139,0
2023-07-28 10:58:41,1467.5,1494101,1,1463.03,257699,318814,1.3886969738841999,0
2023-07-28 10:58:45,1468.7,1497239,101,1463.04,258996,317495,1.4716042559071405,0
2023-07-28 10:58:46,1468.45,1497808,1,1463.04,259054,317763,1.4543319054856954,0
2023-07-28 10:58:46,1468.45,1497808,1,1463.04,258958,318366,1.4543319054856954,0
2023-07-28 10:58:49,1467.55,1497828,12,1463.04,259019,318526,1.3921514439684857,0
2023-07-28 10:58:49,1467.55,1497838,2,1463.04,259013,318588,1.3921514439684857,0
2023-07-28 10:58:49,1467.55,1497838,2,1463.04,259013,318588,1.3921514439684857,0
2023-07-28 10:58:50,1467.55,1497860,2,1463.04,258907,318948,1.3921514439684857,0
2023-07-28 10:58:52,1467.55,1497893,2,1463.04,258671,319172,1.3921514439684857,0
2023-07-28 10:58:52,1467.55,1497893,2,1463.04,258706,319145,1.3921514439684857,0
2023-07-28 10:58:55,1468.0,1497903,10,1463.04,257821,319171,1.4232416747270904,0
2023-07-28 10:58:56,1467.55,1497928,15,1463.04,257653,319150,1.3921514439684857,0
2023-07-28 10:58:56,1467.55,1497928,2,1463.04,257653,319150,1.3921514439684857,0
2023-07-28 10:58:57,1468.0,1498343,4,1463.04,258188,318932,1.4232416747270904,0
2023-07-28 10:58:57,1468.0,1498343,70,1463.04,258188,318932,1.4232416747270904,0
2023-07-28 10:58:58,1468.0,1498547,30,1463.04,257084,319751,1.4232416747270904,0
2023-07-28 10:58:58,1468.0,1498547,30,1463.04,257114,319818,1.4232416747270904,0
2023-07-28 10:58:58,1468.45,1498547,105,1463.04,257114,319818,1.4543319054856954,0
2023-07-28 10:58:59,1468.45,1498734,105,1463.04,259000,319820,1.4543319054856954,0
2023-07-28 10:58:59,1468.0,1498734,6,1463.04,259000,319820,1.4232416747270904,0
2023-07-28 10:59:01,1467.6,1498747,1,1463.04,259166,320157,1.3956059140527717,0
2023-07-28 10:59:01,1467.6,1498747,10,1463.04,259166,320157,1.3956059140527717,0
2023-07-28 10:59:01,1467.6,1498757,10,1463.04,259250,320248,1.3956059140527717,0
2023-07-28 10:59:01,1468.0,1498757,3,1463.04,259250,320248,1.4232416747270904,0
2023-07-28 10:59:02,1468.0,1498785,3,1463.04,259263,320311,1.4232416747270904,0
2023-07-28 10:59:05,1468.0,1498795,9,1463.04,259273,321268,1.4232416747270904,0
2023-07-28 10:59:05,1467.65,1498795,5,1463.04,259273,321268,1.3990603841370732,0
2023-07-28 10:59:06,1467.65,1498813,10,1463.04,258549,321316,1.3990603841370732,0
2023-07-28 10:59:06,1467.65,1498813,2,1463.04,258549,321316,1.3990603841370732,0
2023-07-28 10:59:06,1467.65,1498815,2,1463.04,258529,321352,1.3990603841370732,0
2023-07-28 10:59:08,1468.25,1499157,50,1463.04,258324,320576,1.4405140251485358,0
2023-07-28 10:59:09,1468.6,1499908,25,1463.05,258301,320429,1.464695315738553,0
2023-07-28 10:59:10,1468.3,1500010,11,1463.05,259173,320734,1.4439684952328218,0
2023-07-28 10:59:10,1468.1,1500010,17,1463.05,259173,320734,1.4301506148956624,0
2023-07-28 10:59:11,1468.45,1500104,27,1463.05,254738,310719,1.4543319054856954,0
2023-07-28 10:59:12,1468.4,1501139,21,1463.05,260454,318856,1.4508774354014093,0
2023-07-28 10:59:12,1468.9,1501139,43,1463.05,260454,318856,1.4854221362443,0
2023-07-28 10:59:13,1468.3,1502033,42,1463.06,257170,319948,1.4439684952328218,0
2023-07-28 10:59:13,1468.35,1502033,152,1463.06,257170,319948,1.4474229653171078,0
2023-07-28 10:59:14,1468.2,1503363,31,1463.06,260550,319196,1.43705955506425,0
2023-07-28 10:59:15,1468.2,1503528,102,1463.06,260629,319204,1.43705955506425,0
2023-07-28 10:59:15,1468.3,1503528,1,1463.06,260629,319204,1.4439684952328218,0
2023-07-28 10:59:16,1468.85,1504481,19,1463.06,260850,319082,1.4819676661599983,0
2023-07-28 10:59:17,1468.95,1505200,509,1463.07,260163,319069,1.4888766063285859,0
2023-07-28 10:59:17,1468.2,1505355,5,1463.07,260619,319271,1.43705955506425,0
2023-07-28 10:59:19,1468.2,1505585,23,1463.07,260558,319128,1.43705955506425,0
2023-07-28 10:59:20,1468.6,1505594,2,1463.07,260748,318861,1.464695315738553,0
2023-07-28 10:59:20,1468.2,1505594,1,1463.07,260748,318861,1.43705955506425,0
2023-07-28 10:59:21,1468.45,1505647,50,1463.07,261245,318493,1.4543319054856954,0
2023-07-28 10:59:22,1468.45,1505656,9,1463.07,259833,318990,1.4543319054856954,0
2023-07-28 10:59:22,1468.15,1505656,1,1463.07,259833,318990,1.433605084979964,0
2023-07-28 10:59:22,1468.15,1505657,1,1463.07,260292,318660,1.433605084979964,0
2023-07-28 10:59:22,1468.15,1505657,1,1463.07,260292,318660,1.433605084979964,0
2023-07-28 10:59:23,1468.3,1506027,346,1463.07,259624,318898,1.4439684952328218,0
2023-07-28 10:59:23,1468.55,1506027,2,1463.07,259624,318898,1.4612408456542672,0
2023-07-28 10:59:23,1468.55,1506027,2,1463.07,259624,318898,1.4612408456542672,0
2023-07-28 10:59:23,1468.3,1506027,3,1463.07,259624,318898,1.4439684952328218,0
2023-07-28 10:59:26,1468.3,1506147,1,1463.07,260402,318827,1.4439684952328218,0
2023-07-28 10:59:26,1468.3,1506147,1,1463.07,260990,318868,1.4439684952328218,0
2023-07-28 10:59:26,1468.3,1506147,1,1463.07,260990,318893,1.4439684952328218,0
2023-07-28 10:59:26,1468.3,1506147,1,1463.07,260990,318913,1.4439684952328218,0
2023-07-28 10:59:26,1468.3,1506147,1,1463.07,260990,318913,1.4439684952328218,0
2023-07-28 10:59:30,1468.3,1506150,1,1463.07,260521,318451,1.4439684952328218,0
2023-07-28 10:59:30,1468.3,1506150,25,1463.07,260268,318751,1.4439684952328218,0
2023-07-28 10:59:32,1468.3,1506175,2,1463.07,260508,318028,1.4439684952328218,0
2023-07-28 10:59:33,1468.3,1506189,12,1463.07,260533,318825,1.4439684952328218,0
2023-07-28 10:59:34,1468.4,1506194,5,1463.07,260565,318898,1.4508774354014093,0
2023-07-28 10:59:34,1468.4,1506194,5,1463.07,260023,318802,1.4508774354014093,0
2023-07-28 10:59:34,1468.4,1506194,5,1463.07,260715,318802,1.4508774354014093,0
2023-07-28 10:59:34,1468.1,1506194,4,1463.07,260715,318802,1.4301506148956624,0
2023-07-28 10:59:34,1468.3,1506194,1,1463.07,260715,318802,1.4439684952328218,0
2023-07-28 10:59:34,1468.3,1506194,251,1463.07,260715,318802,1.4439684952328218,0
2023-07-28 10:59:34,1468.3,1506194,20,1463.07,260715,318802,1.4439684952328218,0
2023-07-28 10:59:40,1468.4,1506507,27,1463.07,259758,318283,1.4508774354014093,0
2023-07-28 10:59:41,1468.4,1506628,37,1463.07,260669,318766,1.4508774354014093,0
2023-07-28 10:59:41,1468.4,1506628,37,1463.07,260669,318766,1.4508774354014093,0
2023-07-28 10:59:41,1468.4,1506628,37,1463.07,261193,318743,1.4508774354014093,0
2023-07-28 10:59:41,1468.4,1506628,30,1463.07,261193,318743,1.4508774354014093,0
2023-07-28 10:59:43,1469.0,1507274,45,1463.07,259969,318283,1.4923310764128719,0
2023-07-28 10:59:43,1469.0,1507274,45,1463.07,260094,318352,1.4923310764128719,0
2023-07-28 10:59:45,1468.85,1507277,10,1463.07,259992,318805,1.4819676661599983,0
2023-07-28 10:59:45,1468.3,1507277,200,1463.07,259992,318805,1.4439684952328218,0
2023-07-28 10:59:46,1468.3,1507572,200,1463.08,259521,319594,1.4439684952328218,0
2023-07-28 10:59:48,1468.3,1507590,5,1463.08,258775,319338,1.4439684952328218,0
2023-07-28 10:59:48,1468.3,1507590,5,1463.08,258602,319850,1.4439684952328218,0
2023-07-28 10:59:48,1468.3,1507590,5,1463.08,258784,319964,1.4439684952328218,0
2023-07-28 10:59:48,1468.3,1507590,2,1463.08,258784,319964,1.4439684952328218,0
2023-07-28 10:59:51,1468.2,1507642,26,1463.08,258979,320233,1.43705955506425,0
2023-07-28 10:59:52,1468.0,1507917,187,1463.08,258102,320543,1.4232416747270904,0
2023-07-28 10:59:53,1468.3,1508230,286,1463.08,258861,320558,1.4439684952328218,0
2023-07-28 10:59:53,1468.4,1508297,30,1463.08,259047,319695,1.4508774354014093,0
2023-07-28 10:59:55,1468.45,1508455,55,1463.08,259462,319370,1.4543319054856954,0
2023-07-28 10:59:56,1468.05,1508487,12,1463.08,259334,320158,1.4266961448113764,0
2023-07-28 10:59:56,1468.5,1508487,100,1463.08,259334,320158,1.4577863755699811,0
2023-07-28 10:59:57,1468.5,1508728,45,1463.08,260422,320126,1.4577863755699811,0
2023-07-28 10:59:57,1468.55,1508728,25,1463.08,260422,320126,1.4612408456542672,0
2023-07-28 10:59:57,1468.9,1508792,6,1463.08,259875,319580,1.4854221362443,0
2023-07-28 10:59:59,1468.9,1509232,6,1463.08,259440,319774,1.4854221362443,0
2023-07-28 11:00:00,1468.3,1509248,2,1463.08,258796,319681,1.4439684952328218,0
2023-07-28 11:00:01,1468.3,1509259,5,1463.08,258442,319522,1.4439684952328218,0
2023-07-28 11:00:02,1467.9,1509450,1,1463.08,257953,320046,1.4163327345585186,0
2023-07-28 11:00:02,1467.9,1509450,1,1463.08,258517,319985,1.4163327345585186,0
2023-07-28 11:00:02,1467.9,1509450,1,1463.08,258585,320061,1.4163327345585186,0
2023-07-28 11:00:02,1468.3,1509450,8,1463.08,258585,320061,1.4439684952328218,0
2023-07-28 11:00:05,1468.3,1509458,3,1463.08,257078,320159,1.4439684952328218,0
2023-07-28 11:00:05,1468.3,1509461,3,1463.08,257842,320427,1.4439684952328218,0
2023-07-28 11:00:05,1468.0,1509461,7,1463.08,257842,320427,1.4232416747270904,0
2023-07-28 11:00:07,1468.0,1509823,337,1463.08,258873,320719,1.4232416747270904,0
2023-07-28 11:00:07,1468.0,1509823,337,1463.08,259137,320440,1.4232416747270904,0
2023-07-28 11:00:10,1468.0,1509935,7,1463.08,258354,320654,1.4232416747270904,0
2023-07-28 11:00:11,1468.0,1509955,20,1463.08,260618,320998,1.4232416747270904,0
2023-07-28 11:00:11,1468.65,1510067,11,1463.08,260847,320557,1.4681497858228547,0
2023-07-28 11:00:11,1468.65,1510067,11,1463.08,259949,320891,1.4681497858228547,0
2023-07-28 11:00:13,1468.85,1511067,142,1463.09,260329,320123,1.4819676661599983,0
2023-07-28 11:00:13,1468.85,1511067,142,1463.09,260112,320223,1.4819676661599983,0
2023-07-28 11:00:15,1468.0,1511237,113,1463.09,259885,320631,1.4232416747270904,0
2023-07-28 11:00:15,1468.0,1511237,113,1463.09,259338,320784,1.4232416747270904,0
2023-07-28 11:00:18,1468.6,1511269,28,1463.09,259518,321702,1.464695315738553,0
2023-07-28 11:00:18,1468.6,1511269,28,1463.09,259518,321702,1.464695315738553,0
2023-07-28 11:00:19,1468.0,1511357,88,1463.09,259443,325588,1.4232416747270904,0
2023-07-28 11:00:20,1468.45,1511379,22,1463.09,259606,325285,1.4543319054856954,0
2023-07-28 11:00:20,1468.45,1511379,2,1463.09,259606,325285,1.4543319054856954,0
2023-07-28 11:00:21,1468.6,1511449,3,1463.09,260150,325337,1.464695315738553,0
2023-07-28 11:00:21,1468.6,1511449,3,1463.09,260150,325337,1.464695315738553,0
2023-07-28 11:00:22,1468.45,1511512,63,1463.09,261350,325321,1.4543319054856954,0
2023-07-28 11:00:22,1468.45,1511512,63,1463.09,261350,325321,1.4543319054856954,0
2023-07-28 11:00:23,1468.0,1511562,70,1463.09,261178,325299,1.4232416747270904,0
2023-07-28 11:00:24,1468.0,1511788,25,1463.09,260922,325376,1.4232416747270904,0
2023-07-28 11:00:24,1468.0,1511788,23,1463.09,260922,325376,1.4232416747270904,0
2023-07-28 11:00:24,1468.0,1511811,23,1463.09,258860,325463,1.4232416747270904,0
2023-07-28 11:00:26,1468.35,1511820,4,1463.09,259691,325713,1.4474229653171078,0
2023-07-28 11:00:27,1468.0,1512079,259,1463.09,259396,325797,1.4232416747270904,0
2023-07-28 11:00:29,1468.0,1512120,4,1463.09,260276,325721,1.4232416747270904,0
2023-07-28 11:00:29,1468.35,1512149,29,1463.09,260276,325593,1.4474229653171078,0
2023-07-28 11:00:30,1468.0,1512198,2,1463.09,260221,325477,1.4232416747270904,0
2023-07-28 11:00:30,1468.0,1512198,25,1463.09,260220,325496,1.4232416747270904,0
2023-07-28 11:00:32,1468.0,1512319,96,1463.09,260799,325646,1.4232416747270904,0
2023-07-28 11:00:33,1468.45,1512863,2,1463.09,258713,325351,1.4543319054856954,0
2023-07-28 11:00:34,1468.85,1513372,36,1463.1,262804,324577,1.4819676661599983,0
2023-07-28 11:00:34,1468.55,1513372,4,1463.1,262804,324577,1.4612408456542672,0
2023-07-28 11:00:36,1468.85,1513378,2,1463.1,262248,317571,1.4819676661599983,0
2023-07-28 11:00:36,1468.85,1513378,2,1463.1,262248,317571,1.4819676661599983,0
2023-07-28 11:00:37,1468.85,1513425,25,1463.1,262372,324699,1.4819676661599983,0
2023-07-28 11:00:38,1468.5,1513705,81,1463.1,262735,324427,1.4577863755699811,0
2023-07-28 11:00:39,1468.85,1513706,1,1463.1,262678,324254,1.4819676661599983,0
2023-07-28 11:00:40,1468.45,1513837,2,1463.1,261701,324361,1.4543319054856954,0
2023-07-28 11:00:41,1468.35,1514339,273,1463.1,261003,323431,1.4474229653171078,0
2023-07-28 11:00:41,1468.3,1514339,27,1463.1,261003,323431,1.4439684952328218,0
2023-07-28 11:00:42,1468.3,1514392,27,1463.1,261956,323423,1.4439684952328218,0
2023-07-28 11:00:42,1468.3,1514392,27,1463.1,261241,323512,1.4439684952328218,0
2023-07-28 11:00:42,1468.9,1514392,113,1463.1,261241,323512,1.4854221362443,0
2023-07-28 11:00:45,1468.9,1514792,200,1463.1,261757,323093,1.4854221362443,0
2023-07-28 11:00:45,1468.45,1514792,3,1463.1,261757,323093,1.4543319054856954,0
2023-07-28 11:00:45,1468.45,1514795,3,1463.1,261277,322946,1.4543319054856954,0
2023-07-28 11:00:45,1468.45,1514795,1,1463.1,261277,322946,1.4543319054856954,0
2023-07-28 11:00:46,1468.45,1514796,1,1463.1,259259,322947,1.4543319054856954,0
2023-07-28 11:00:46,1468.45,1514796,1,1463.1,260847,323170,1.4543319054856954,0
2023-07-28 11:00:49,1468.4,1514800,4,1463.1,260794,323319,1.4508774354014093,0
2023-07-28 11:00:50,1468.9,1514801,1,1463.1,260794,323318,1.4854221362443,0
2023-07-28 11:00:50,1468.4,1514801,2,1463.1,260794,323318,1.4508774354014093,0
2023-07-28 11:00:51,1468.45,1514804,30,1463.1,260777,323391,1.4543319054856954,0
2023-07-28 11:00:52,1468.35,1515373,54,1463.1,259994,323320,1.4474229653171078,0
2023-07-28 11:00:52,1468.35,1515373,54,1463.1,259994,323320,1.4474229653171078,0
2023-07-28 11:00:53,1468.4,1515376,3,1463.1,261099,323439,1.4508774354014093,0
2023-07-28 11:00:54,1469.0,1516353,54,1463.11,257347,322535,1.4923310764128719,0
2023-07-28 11:00:55,1468.4,1516393,4,1463.11,261210,322512,1.4508774354014093,0
2023-07-28 11:00:55,1468.4,1516393,4,1463.11,260573,322594,1.4508774354014093,0
2023-07-28 11:00:57,1468.3,1516454,25,1463.11,261011,322635,1.4439684952328218,0
2023-07-28 11:00:58,1468.3,1516459,5,1463.11,261006,322635,1.4439684952328218,0
2023-07-28 11:00:58,1468.95,1516459,20,1463.11,261006,322635,1.4888766063285859,0
2023-07-28 11:00:58,1468.25,1516459,2,1463.11,261006,322635,1.4405140251485358,0
2023-07-28 11:01:00,1468.25,1516581,2,1463.11,261461,322926,1.4405140251485358,0
2023-07-28 11:01:01,1468.95,1516598,5,1463.11,261025,322556,1.4888766063285859,0
2023-07-28 11:01:01,1468.95,1516598,6,1463.11,261025,322556,1.4888766063285859,0
2023-07-28 11:01:03,1468.3,1516612,4,1463.11,260463,322697,1.4439684952328218,0
2023-07-28 11:01:03,1468.25,1516612,1,1463.11,260463,322697,1.4405140251485358,0
2023-07-28 11:01:05,1468.75,1516699,18,1463.11,261116,322730,1.4750587259914265,0
2023-07-28 11:01:05,1468.25,1516699,3,1463.11,261116,322730,1.4405140251485358,0
2023-07-28 11:01:06,1468.25,1517062,36,1463.11,260725,322901,1.4405140251485358,0
2023-07-28 11:01:07,1468.95,1517564,10,1463.11,260607,314836,1.4888766063285859,0
2023-07-28 11:01:07,1468.55,1517564,10,1463.11,260607,314836,1.4612408456542672,0
2023-07-28 11:01:08,1468.55,1517574,10,1463.11,260517,322068,1.4612408456542672,0
2023-07-28 11:01:10,1468.5,1517757,47,1463.11,260597,321914,1.4577863755699811,0
2023-07-28 11:01:10,1468.5,1517760,3,1463.11,260621,322018,1.4577863755699811,0
2023-07-28 11:01:10,1468.5,1517760,15,1463.11,260621,322018,1.4577863755699811,0
2023-07-28 11:01:12,1468.5,1517785,15,1463.11,261907,322974,1.4577863755699811,0
2023-07-28 11:01:12,1468.9,1517785,5,1463.11,261907,322974,1.4854221362443,0
2023-07-28 11:01:14,1468.85,1517839,2,1463.11,261322,322961,1.4819676661599983,0
2023-07-28 11:01:14,1468.85,1517839,2,1463.11,261305,322937,1.4819676661599983,0
2023-07-28 11:01:14,1468.45,1517839,4,1463.11,261305,322937,1.4543319054856954,0
2023-07-28 11:01:15,1468.45,1517843,4,1463.11,261230,323064,1.4543319054856954,0
2023-07-28 11:01:15,1468.45,1517843,4,1463.11,261924,323194,1.4543319054856954,0
2023-07-28 11:01:15,1468.5,1517843,20,1463.11,261924,323194,1.4577863755699811,0
2023-07-28 11:01:18,1468.4,1518219,5,1463.11,260388,323208,1.4508774354014093,0
2023-07-28 11:01:19,1468.4,1518311,87,1463.11,260243,323353,1.4508774354014093,0
2023-07-28 11:01:19,1468.5,1518311,2,1463.11,260243,323353,1.4577863755699811,0
2023-07-28 11:01:20,1468.9,1518330,2,1463.11,261128,323838,1.4854221362443,0
2023-07-28 11:01:21,1468.9,1518335,1,1463.11,260776,323949,1.4854221362443,0
2023-07-28 11:01:22,1468.1,1519563,98,1463.12,259306,324474,1.4301506148956624,0
2023-07-28 11:01:22,1468.1,1519563,98,1463.12,259395,324012,1.4301506148956624,0
2023-07-28 11:01:22,1468.1,1519563,98,1463.12,259471,324018,1.4301506148956624,0
2023-07-28 11:01:24,1468.5,1519592,27,1463.12,259441,323966,1.4577863755699811,0
2023-07-28 11:01:25,1468.1,1519614,3,1463.12,260122,324108,1.4301506148956624,0
2023-07-28 11:01:25,1468.05,1519614,38,1463.12,259558,324111,1.4266961448113764,0
2023-07-28 11:01:27,1468.05,1519816,38,1463.12,259364,324126,1.4266961448113764,0
2023-07-28 11:01:27,1468.0,1519816,148,1463.12,259364,324126,1.4232416747270904,0
2023-07-28 11:01:28,1468.5,1520878,1,1463.12,258494,324111,1.4577863755699811,0
2023-07-28 11:01:28,1468.5,1520878,1,1463.12,259282,324133,1.4577863755699811,0
2023-07-28 11:01:28,1468.0,1520878,2,1463.12,259282,324133,1.4232416747270904,0
2023-07-28 11:01:30,1468.4,1520880,12,1463.12,260924,323768,1.4508774354014093,0
2023-07-28 11:01:31,1468.4,1520892,12,1463.12,261075,323586,1.4508774354014093,0
2023-07-28 11:01:33,1468.4,1521082,33,1463.12,260605,319031,1.4508774354014093,0
2023-07-28 11:01:33,1468.4,1521082,21,1463.12,260737,319180,1.4508774354014093,0
2023-07-28 11:01:35,1468.35,1521110,3,1463.12,259960,319072,1.4474229653171078,0
2023-07-28 11:01:35,1468.35,1521117,3,1463.12,259768,319069,1.4474229653171078,0
2023-07-28 11:01:35,1468.05,1521117,5,1463.12,259768,319069,1.4266961448113764,0
2023-07-28 11:01:36,1468.05,1521122,5,1463.12,259763,319369,1.4266961448113764,0
2023-07-28 11:01:36,1468.35,1521122,3,1463.12,259763,319369,1.4474229653171078,0
2023-07-28 11:01:38,1468.35,1521128,1,1463.12,259789,319356,1.4474229653171078,0
2023-07-28 11:01:38,1468.35,1521128,1,1463.12,259789,319356,1.4474229653171078,0
2023-07-28 11:01:39,1468.0,1521198,46,1463.12,259462,319473,1.4232416747270904,0
2023-07-28 11:01:40,1468.0,1521250,2,1463.12,259600,319529,1.4232416747270904,0
2023-07-28 11:01:40,1468.0,1521250,10,1463.12,259600,319529,1.4232416747270904,0
2023-07-28 11:01:41,1468.05,1521280,10,1463.12,260031,319436,1.4266961448113764,0
2023-07-28 11:01:42,1468.0,1521322,11,1463.12,259676,319608,1.4232416747270904,0
2023-07-28 11:01:43,1468.0,1521446,30,1463.12,258639,319423,1.4232416747270904,0
2023-07-28 11:01:45,1468.3,1521449,3,1463.12,259320,319492,1.4439684952328218,0
2023-07-28 11:01:45,1468.3,1521550,3,1463.12,259932,319145,1.4439684952328218,0
2023-07-28 11:01:47,1468.3,1521650,50,1463.13,260524,318590,1.4439684952328218,0
2023-07-28 11:01:48,1468.3,1521700,50,1463.13,260340,320321,1.4439684952328218,0
2023-07-28 11:01:48,1468.3,1521700,50,1463.13,260395,320291,1.4439684952328218,0
2023-07-28 11:01:48,1468.3,1521700,2,1463.13,260395,320291,1.4439684952328218,0
2023-07-28 11:01:50,1468.3,1521702,2,1463.13,260387,320281,1.4439684952328218,0
2023-07-28 11:01:50,1468.5,1521702,25,1463.13,260387,320281,1.4577863755699811,0
2023-07-28 11:01:52,1468.5,1521910,93,1463.13,259978,319848,1.4577863755699811,0
2023-07-28 11:01:52,1468.5,1521910,30,1463.13,259978,319848,1.4577863755699811,0
2023-07-28 11:01:53,1468.5,1522063,16,1463.13,259753,319023,1.4577863755699811,0
2023-07-28 11:01:54,1468.7,1522080,1,1463.13,259790,319174,1.4716042559071405,0
2023-07-28 11:01:54,1468.7,1522080,1,1463.13,259790,319174,1.4716042559071405,0
2023-07-28 11:01:55,1468.5,1522119,4,1463.13,259687,319287,1.4577863755699811,0
2023-07-28 11:01:56,1468.35,1522120,1,1463.13,259686,319345,1.4474229653171078,0
2023-07-28 11:01:57,1468.3,1523352,1,1463.13,259336,320678,1.4439684952328218,0
2023-07-28 11:01:57,1468.3,1523352,1,1463.13,259336,320692,1.4439684952328218,0
2023-07-28 11:01:57,1468.3,1523352,1,1463.13,259289,321046,1.4439684952328218,0
2023-07-28 11:01:57,1468.3,1523352,2,1463.13,259289,321046,1.4439684952328218,0
2023-07-28 11:01:59,1468.3,1523354,2,1463.13,259333,321077,1.4439684952328218,0
2023-07-28 11:01:59,1468.0,1523354,55,1463.13,259333,321077,1.4232416747270904,0
2023-07-28 11:02:01,1468.3,1523461,19,1463.13,258438,321301,1.4439684952328218,0
2023-07-28 11:02:01,1468.0,1523461,38,1463.13,258438,321301,1.4232416747270904,0
2023-07-28 11:02:02,1468.3,1523542,2,1463.13,259222,321189,1.4439684952328218,0
2023-07-28 11:02:03,1468.4,1524076,41,1463.13,259156,320193,1.4508774354014093,0
2023-07-28 11:02:05,1468.4,1524105,6,1463.13,259848,320216,1.4508774354014093,0
2023-07-28 11:02:05,1468.0,1524108,3,1463.13,259791,320233,1.4232416747270904,0
2023-07-28 11:02:05,1467.8,1524108,9,1463.13,259791,320233,1.409423794389931,0
2023-07-28 11:02:06,1467.8,1524212,9,1463.13,259903,320294,1.409423794389931,0
2023-07-28 11:02:06,1467.8,1524212,9,1463.13,259831,320511,1.409423794389931,0
2023-07-28 11:02:06,1467.8,1524212,9,1463.13,259831,320686,1.409423794389931,0
2023-07-28 11:02:06,1467.8,1524212,2,1463.13,259831,320646,1.409423794389931,0
2023-07-28 11:02:10,1467.9,1524214,23,1463.13,259752,320646,1.4163327345585186,0
2023-07-28 11:02:11,1467.9,1524314,23,1463.13,255938,321041,1.4163327345585186,0
2023-07-28 11:02:11,1467.9,1524314,23,1463.13,259350,321004,1.4163327345585186,0
2023-07-28 11:02:11,1467.9,1524314,23,1463.13,259262,321020,1.4163327345585186,0
2023-07-28 11:02:15,1467.9,1524321,5,1463.13,259185,321020,1.4163327345585186,0
2023-07-28 11:02:16,1467.55,1524366,15,1463.13,259391,321009,1.3921514439684857,0
2023-07-28 11:02:17,1468.35,1525069,29,1463.14,258567,321159,1.4474229653171078,0
2023-07-28 11:02:18,1467.5,1525086,2,1463.14,258534,321233,1.3886969738841999,0
2023-07-28 11:02:18,1467.5,1525086,2,1463.14,258534,321268,1.3886969738841999,0
2023-07-28 11:02:18,1467.5,1525086,2,1463.14,259027,321009,1.3886969738841999,0
2023-07-28 11:02:18,1467.5,1525086,2,1463.14,259027,321009,1.3886969738841999,0
2023-07-28 11:02:21,1467.9,1525126,28,1463.14,258960,320972,1.4163327345585186,0
2023-07-28 11:02:21,1467.5,1525126,1,1463.14,258960,320972,1.3886969738841999,0
2023-07-28 11:02:21,1467.5,1525126,1,1463.14,258960,320972,1.3886969738841999,0
2023-07-28 11:02:21,1467.5,1525130,1,1463.14,258255,321072,1.3886969738841999,0
2023-07-28 11:02:23,1467.9,1525132,2,1463.14,258201,321145,1.4163327345585186,0
2023-07-28 11:02:23,1467.9,1525132,2,1463.14,258270,321126,1.4163327345585186,0
2023-07-28 11:02:23,1467.9,1525132,2,1463.14,258970,321157,1.4163327345585186,0
2023-07-28 11:02:23,1467.8,1525132,4,1463.14,258970,321157,1.409423794389931,0
2023-07-28 11:02:25,1467.8,1525136,4,1463.14,258937,321202,1.409423794389931,0
2023-07-28 11:02:25,1467.8,1525136,4,1463.14,258937,321202,1.409423794389931,0
2023-07-28 11:02:25,1467.9,1525136,80,1463.14,258937,321202,1.4163327345585186,0
2023-07-28 11:02:27,1467.9,1525343,80,1463.14,257788,321075,1.4163327345585186,0
2023-07-28 11:02:27,1467.95,1525343,7,1463.14,257788,321075,1.4197872046428046,0
2023-07-28 11:02:28,1467.95,1525393,7,1463.14,257788,320941,1.4197872046428046,0
2023-07-28 11:02:28,1467.9,1525393,2,1463.14,257788,320845,1.4163327345585186,0
2023-07-28 11:02:28,1467.9,1525393,25,1463.14,257788,320845,1.4163327345585186,0
2023-07-28 11:02:32,1467.9,1525422,2,1463.14,258409,321026,1.4163327345585186,0
2023-07-28 11:02:32,1467.9,1525422,2,1463.14,258409,321026,1.4163327345585186,0
2023-07-28 11:02:32,1467.9,1525422,50,1463.14,258409,321026,1.4163327345585186,0
2023-07-28 11:02:34,1467.9,1525642,9,1463.14,257815,321031,1.4163327345585186,0
2023-07-28 11:02:34,1467.9,1525642,9,1463.14,257815,321031,1.4163327345585186,0
2023-07-28 11:02:35,1467.9,1525647,4,1463.14,258509,321308,1.4163327345585186,0
2023-07-28 11:02:36,1468.0,1525661,8,1463.14,258508,321387,1.4232416747270904,0
2023-07-28 11:02:36,1468.0,1525661,8,1463.14,258508,321387,1.4232416747270904,0
2023-07-28 11:02:36,1468.0,1525661,8,1463.14,258512,320849,1.4232416747270904,0
2023-07-28 11:02:36,1467.9,1525661,2,1463.14,258479,320849,1.4163327345585186,0
2023-07-28 11:02:36,1467.9,1525661,7,1463.14,258479,320849,1.4163327345585186,0
2023-07-28 11:02:39,1467.9,1525671,7,1463.14,258402,321326,1.4163327345585186,0
2023-07-28 11:02:40,1467.8,1525673,2,1463.14,258229,321471,1.409423794389931,0
2023-07-28 11:02:40,1467.5,1525673,37,1463.14,258229,321471,1.3886969738841999,0
2023-07-28 11:02:41,1467.5,1525774,37,1463.14,258773,321700,1.3886969738841999,0
2023-07-28 11:02:43,1467.85,1525785,11,1463.14,258802,321765,1.412878264474217,0
2023-07-28 11:02:44,1467.5,1525790,5,1463.14,258157,321981,1.3886969738841999,0
2023-07-28 11:02:44,1467.5,1525790,1,1463.14,258157,321981,1.3886969738841999,0
2023-07-28 11:02:46,1467.5,1525823,25,1463.14,258681,321907,1.3886969738841999,0
2023-07-28 11:02:47,1467.5,1525919,96,1463.14,258585,321913,1.3886969738841999,0
2023-07-28 11:02:47,1467.5,1525919,96,1463.14,258585,321913,1.3886969738841999,0
2023-07-28 11:02:47,1467.5,1525919,96,1463.14,258585,321934,1.3886969738841999,0
2023-07-28 11:02:47,1467.5,1525919,10,1463.14,258585,321964,1.3886969738841999,0
2023-07-28 11:02:49,1467.5,1525929,10,1463.14,258575,321964,1.3886969738841999,0
2023-07-28 11:02:49,1467.85,1525929,1,1463.14,258575,321964,1.412878264474217,0
2023-07-28 11:02:50,1467.85,1525932,1,1463.14,258377,320407,1.412878264474217,0
2023-07-28 11:02:52,1467.5,1525962,25,1463.14,258343,320303,1.3886969738841999,0
2023-07-28 11:02:52,1467.5,1525962,25,1463.14,258343,320303,1.3886969738841999,0
2023-07-28 11:02:52,1467.5,1525962,25,1463.14,258378,320354,1.3886969738841999,0
2023-07-28 11:02:52,1467.85,1525962,9,1463.14,258512,320433,1.412878264474217,0
2023-07-28 11:02:55,1467.85,1525971,9,1463.14,258513,320407,1.412878264474217,0
2023-07-28 11:02:55,1467.5,1525971,10,1463.14,258513,320407,1.3886969738841999,0
2023-07-28 11:02:56,1467.85,1526027,2,1463.14,258459,320615,1.412878264474217,0
2023-07-28 11:02:56,1467.85,1526027,2,1463.14,258459,320615,1.412878264474217,0
2023-07-28 11:02:56,1467.85,1526027,15,1463.14,258459,320615,1.412878264474217,0
2023-07-28 11:02:58,1467.85,1526042,15,1463.14,258461,320600,1.412878264474217,0
2023-07-28 11:02:58,1467.85,1526042,27,1463.14,258461,320600,1.412878264474217,0
2023-07-28 11:02:59,1467.5,1526256,73,1463.14,258386,320485,1.3886969738841999,0
2023-07-28 11:03:00,1467.85,1526263,5,1463.14,258521,320517,1.412878264474217,0
2023-07-28 11:03:02,1467.5,1526328,10,1463.14,258511,320463,1.3886969738841999,0
2023-07-28 11:03:02,1467.5,1526328,10,1463.14,258654,320482,1.3886969738841999,0
2023-07-28 11:03:02,1467.85,1526328,7,1463.14,258654,320482,1.412878264474217,0
2023-07-28 11:03:04,1467.85,1526335,7,1463.14,258511,320562,1.412878264474217,0
2023-07-28 11:03:04,1468.9,1529225,7,1463.15,257878,318303,1.4854221362443,0
2023-07-28 11:03:04,1468.05,1529225,3,1463.15,257878,318303,1.4266961448113764,0
2023-07-28 11:03:05,1468.05,1529228,3,1463.15,257155,318487,1.4266961448113764,0
2023-07-28 11:03:05,1468.75,1529228,2,1463.15,257155,318487,1.4750587259914265,0
2023-07-28 11:03:07,1468.1,1529235,5,1463.15,257228,318486,1.4301506148956624,0
2023-07-28 11:03:08,1468.1,1529264,26,1463.15,250089,318512,1.4301506148956624,0
2023-07-28 11:03:09,1468.05,1529269,3,1463.15,257383,318669,1.4266961448113764,0
2023-07-28 11:03:09,1468.5,1529269,70,1463.15,257238,318951,1.4577863755699811,0
2023-07-28 11:03:10,1468.0,1529399,33,1463.15,257860,318891,1.4232416747270904,0
2023-07-28 11:03:12,1467.95,1529400,1,1463.15,258428,318654,1.4197872046428046,0
2023-07-28 11:03:12,1467.65,1529400,4,1463.15,258121,318918,1.3990603841370732,0
2023-07-28 11:03:14,1467.95,1529405,1,1463.15,257951,319114,1.4197872046428046,0
2023-07-28 11:03:15,1467.55,1529424,4,1463.15,258174,319107,1.3921514439684857,0
2023-07-28 11:03:17,1467.55,1529446,3,1463.15,257861,319176,1.3921514439684857,0
2023-07-28 11:03:17,1467.95,1529446,1,1463.15,257861,319176,1.4197872046428046,0
2023-07-28 11:03:17,1467.95,1529447,1,1463.15,258403,319137,1.4197872046428046,0
2023-07-28 11:03:17,1467.95,1529447,1,1463.15,257848,319158,1.4197872046428046,0
2023-07-28 11:03:17,1467.95,1529447,1,1463.15,257392,319167,1.4197872046428046,0
2023-07-28 11:03:17,1467.5,1529447,2,1463.15,257392,319167,1.3886969738841999,0
2023-07-28 11:03:20,1467.5,1529449,2,1463.15,258312,319166,1.3886969738841999,0
2023-07-28 11:03:20,1467.5,1529449,2,1463.15,258322,319166,1.3886969738841999,0
2023-07-28 11:03:20,1467.95,1529449,2,1463.15,258322,319166,1.4197872046428046,0
2023-07-28 11:03:23,1467.95,1529461,2,1463.15,257622,319083,1.4197872046428046,0
2023-07-28 11:03:23,1467.75,1529461,6,1463.15,257664,319118,1.4059693243056453,0
2023-07-28 11:03:25,1467.75,1529467,6,1463.15,257345,319154,1.4059693243056453,0
2023-07-28 11:03:26,1467.5,1529535,25,1463.15,256807,319439,1.3886969738841999,0
2023-07-28 11:03:26,1467.5,1529535,25,1463.15,256807,319439,1.3886969738841999,0
2023-07-28 11:03:26,1467.5,1529535,25,1463.15,256418,319414,1.3886969738841999,0
2023-07-28 11:03:26,1467.75,1529535,4,1463.15,256418,319414,1.4059693243056453,0
2023-07-28 11:03:28,1467.75,1529730,40,1463.15,257327,319203,1.4059693243056453,0
2023-07-28 11:03:29,1468.2,1529862,62,1463.15,256522,317843,1.43705955506425,0
2023-07-28 11:03:29,1468.2,1529862,62,1463.15,256522,317843,1.43705955506425,0
2023-07-28 11:03:30,1467.95,1529865,3,1463.15,257889,318039,1.4197872046428046,0
2023-07-28 11:03:30,1467.75,1529870,3,1463.15,256617,318259,1.4059693243056453,0
2023-07-28 11:03:32,1467.75,1529911,25,1463.15,257462,318239,1.4059693243056453,0
2023-07-28 11:03:32,1467.75,1529911,2,1463.15,257462,318239,1.4059693243056453,0
2023-07-28 11:03:32,1467.75,1529926,2,1463.15,256652,318060,1.4059693243056453,0
2023-07-28 11:03:33,1467.75,1529936,10,1463.15,258034,318421,1.4059693243056453,0
2023-07-28 11:03:34,1467.45,1529995,8,1463.15,257169,318422,1.3852425037999139,0
2023-07-28 11:03:34,1467.25,1529995,4,1463.15,257169,318422,1.3714246234627545,0
2023-07-28 11:03:35,1467.25,1529999,4,1463.15,257898,318291,1.3714246234627545,0
2023-07-28 11:03:35,1467.25,1529999,4,1463.15,257475,318301,1.3714246234627545,0
2023-07-28 11:03:35,1467.25,1529999,4,1463.15,257427,318298,1.3714246234627545,0
2023-07-28 11:03:40,1467.75,1530024,1,1463.15,257417,317640,1.4059693243056453,0
2023-07-28 11:03:40,1467.75,1530027,3,1463.15,257351,317584,1.4059693243056453,0
2023-07-28 11:03:40,1467.4,1530027,20,1463.15,257351,317584,1.3817880337156279,0
2023-07-28 11:03:42,1467.75,1530058,1,1463.15,256590,317716,1.4059693243056453,0
2023-07-28 11:03:43,1467.8,1530068,6,1463.15,256783,317527,1.409423794389931,0
2023-07-28 11:03:43,1467.8,1530068,6,1463.15,256530,317473,1.409423794389931,0
2023-07-28 11:03:43,1467.8,1530068,6,1463.15,256567,317424,1.409423794389931,0
2023-07-28 11:03:43,1467.15,1530068,2,1463.15,256567,317424,1.3645156832941825,0
2023-07-28 11:03:45,1467.15,1530071,2,1463.15,256321,317860,1.3645156832941825,0
2023-07-28 11:03:45,1467.15,1530071,2,1463.15,256540,318080,1.3645156832941825,0
2023-07-28 11:03:45,1467.15,1530071,2,1463.15,256540,318084,1.3645156832941825,0
2023-07-28 11:03:45,1467.1,1530071,20,1463.15,256540,318084,1.361061213209881,0
2023-07-28 11:03:49,1467.6,1530185,11,1463.15,256461,318046,1.3956059140527717,0
2023-07-28 11:03:49,1467.6,1530185,11,1463.15,256464,318265,1.3956059140527717,0
2023-07-28 11:03:49,1467.6,1530185,11,1463.15,256438,318370,1.3956059140527717,0
2023-07-28 11:03:49,1467.15,1530185,1,1463.15,256438,318370,1.3645156832941825,0
2023-07-28 11:03:53,1467.15,1530197,1,1463.15,256592,317965,1.3645156832941825,0
2023-07-28 11:03:55,1467.15,1530207,8,1463.15,256842,318188,1.3645156832941825,0
2023-07-28 11:03:55,1467.15,1530207,4,1463.15,256842,318188,1.3645156832941825,0
2023-07-28 11:03:56,1467.55,1530212,1,1463.15,256138,318163,1.3921514439684857,0
2023-07-28 11:03:57,1467.2,1530262,1,1463.15,257290,318225,1.3679701533784685,0
2023-07-28 11:03:58,1467.2,1530272,7,1463.15,257290,318436,1.3679701533784685,0
2023-07-28 11:03:58,1467.15,1530272,1,1463.15,257290,318436,1.3645156832941825,0
2023-07-28 11:04:00,1467.2,1530404,40,1463.15,257199,318290,1.3679701533784685,0
2023-07-28 11:04:02,1467.1,1530441,2,1463.15,256308,318339,1.361061213209881,0
2023-07-28 11:04:02,1467.0,1530441,39,1463.15,256308,318339,1.3541522730413091,0
2023-07-28 11:04:02,1467.0,1530480,39,1463.15,256427,318473,1.3541522730413091,0
2023-07-28 11:04:03,1467.05,1530481,1,1463.15,257237,318402,1.357606743125595,0
2023-07-28 11:04:05,1466.9,1530536,11,1463.15,257045,318416,1.3472433328727373,0
2023-07-28 11:04:05,1467.05,1530536,12,1463.15,257045,318416,1.357606743125595,0
2023-07-28 11:04:06,1467.05,1530728,27,1463.15,256426,318352,1.357606743125595,0
2023-07-28 11:04:06,1466.8,1530728,11,1463.15,256426,318352,1.3403343927041498,0
2023-07-28 11:04:07,1466.8,1530783,12,1463.15,256151,318421,1.3403343927041498,0
2023-07-28 11:04:07,1466.8,1530783,12,1463.15,256151,318421,1.3403343927041498,0
2023-07-28 11:04:09,1467.0,1530859,50,1463.15,256704,318231,1.3541522730413091,0
2023-07-28 11:04:10,1466.9,1530861,1,1463.15,256336,318402,1.3472433328727373,0
2023-07-28 11:04:11,1466.7,1530956,18,1463.15,255671,318393,1.3334254525355778,0
2023-07-28 11:04:11,1467.0,1530956,100,1463.15,255671,318393,1.3541522730413091,0
2023-07-28 11:04:12,1467.0,1531203,25,1463.16,256731,318140,1.3541522730413091,0
2023-07-28 11:04:12,1467.0,1531203,25,1463.16,256764,318102,1.3541522730413091,0
2023-07-28 11:04:12,1467.05,1531203,10,1463.16,257017,318149,1.357606743125595,0
2023-07-28 11:04:15,1467.0,1531222,4,1463.16,256968,318130,1.3541522730413091,0
2023-07-28 11:04:15,1467.0,1531222,4,1463.16,254586,318114,1.3541522730413091,0
2023-07-28 11:04:17,1467.1,1531247,8,1463.16,257394,318157,1.361061213209881,0
2023-07-28 11:04:17,1467.1,1531247,8,1463.16,257353,318192,1.361061213209881,0
2023-07-28 11:04:17,1467.1,1531247,7,1463.16,255637,318154,1.361061213209881,0
2023-07-28 11:04:20,1467.1,1531283,7,1463.16,257027,318228,1.361061213209881,0
2023-07-28 11:04:20,1467.1,1531283,7,1463.16,257018,318136,1.361061213209881,0
2023-07-28 11:04:23,1466.7,1531372,10,1463.16,255060,318171,1.3334254525355778,0
2023-07-28 11:04:24,1466.65,1531380,7,1463.16,254286,318343,1.329970982451292,0
2023-07-28 11:04:24,1466.65,1531380,3,1463.16,255390,318284,1.329970982451292,0
2023-07-28 11:04:25,1466.65,1531383,3,1463.16,255426,318387,1.329970982451292,0
2023-07-28 11:04:25,1467.0,1531383,2,1463.16,255426,318387,1.3541522730413091,0
2023-07-28 11:04:25,1467.0,1531383,4,1463.16,255426,318387,1.3541522730413091,0
2023-07-28 11:04:28,1467.0,1531591,4,1463.16,256957,318375,1.3541522730413091,0
2023-07-28 11:04:28,1466.85,1531591,2,1463.16,257210,318376,1.3437888627884356,0
2023-07-28 11:04:30,1466.85,1531594,2,1463.16,255192,318382,1.3437888627884356,0
2023-07-28 11:04:30,1466.75,1531594,20,1463.16,255192,318382,1.3368799226198638,0
2023-07-28 11:04:31,1466.75,1531616,20,1463.16,256193,318711,1.3368799226198638,0
2023-07-28 11:04:31,1466.7,1531616,1,1463.16,256193,318711,1.3334254525355778,0
2023-07-28 11:04:32,1466.7,1531617,1,1463.16,256984,318666,1.3334254525355778,0
2023-07-28 11:04:32,1466.7,1531617,1,1463.16,255739,318636,1.3334254525355778,0
2023-07-28 11:04:32,1466.7,1531617,1,1463.16,256144,318689,1.3334254525355778,0
2023-07-28 11:04:32,1466.7,1531617,1,1463.16,256100,318665,1.3334254525355778,0
2023-07-28 11:04:32,1466.65,1531617,2,1463.16,256100,318665,1.329970982451292,0
2023-07-28 11:04:36,1466.7,1531627,4,1463.16,256152,318762,1.3334254525355778,0
2023-07-28 11:04:36,1466.55,1531627,19,1463.16,256152,318762,1.3230620422827044,0
2023-07-28 11:04:36,1466.55,1531803,19,1463.16,256093,318658,1.3230620422827044,0
2023-07-28 11:04:36,1466.55,1531803,19,1463.16,256014,318626,1.3230620422827044,0
2023-07-28 11:04:39,1466.8,1531998,6,1463.16,254980,318429,1.3403343927041498,0
2023-07-28 11:04:39,1466.8,1531998,6,1463.16,254980,318429,1.3403343927041498,0
2023-07-28 11:04:40,1466.6,1532117,5,1463.16,255545,318553,1.3265165123669902,0
2023-07-28 11:04:40,1466.6,1532117,2,1463.16,255545,318553,1.3265165123669902,0
2023-07-28 11:04:40,1466.6,1532119,2,1463.16,255542,318567,1.3265165123669902,0
2023-07-28 11:04:40,1466.6,1532119,2,1463.16,255463,318662,1.3265165123669902,0
2023-07-28 11:04:40,1466.6,1532119,2,1463.16,255514,318724,1.3265165123669902,0
2023-07-28 11:04:40,1466.6,1532119,2,1463.16,255489,318843,1.3265165123669902,0
2023-07-28 11:04:45,1466.55,1532124,4,1463.16,256198,318100,1.3230620422827044,0
2023-07-28 11:04:47,1466.55,1532154,29,1463.16,256154,317954,1.3230620422827044,0
2023-07-28 11:04:47,1466.55,1532237,1,1463.16,255305,318666,1.3230620422827044,0
2023-07-28 11:04:47,1467.05,1532237,5,1463.16,255305,318666,1.357606743125595,0
2023-07-28 11:04:48,1467.05,1532247,5,1463.16,255819,318666,1.357606743125595,0
2023-07-28 11:04:48,1466.6,1532247,2,1463.16,257002,318662,1.3265165123669902,0
2023-07-28 11:04:50,1466.6,1532249,25,1463.16,256720,318759,1.3265165123669902,0
2023-07-28 11:04:52,1466.6,1532274,25,1463.16,256875,318863,1.3265165123669902,0
2023-07-28 11:04:54,1466.85,1532276,1,1463.16,256014,318970,1.3437888627884356,0
2023-07-28 11:04:55,1466.55,1532277,1,1463.16,255905,319004,1.3230620422827044,0
2023-07-28 11:04:56,1466.85,1532285,3,1463.16,256002,318906,1.3437888627884356,0
2023-07-28 11:04:56,1466.6,1532285,9,1463.16,256002,318906,1.3265165123669902,0
2023-07-28 11:04:56,1466.6,1532295,9,1463.16,255920,318935,1.3265165123669902,0
2023-07-28 11:04:58,1466.6,1532322,12,1463.16,256458,318874,1.3265165123669902,0
2023-07-28 11:04:59,1466.6,1532345,12,1463.16,256624,318915,1.3265165123669902,0
2023-07-28 11:04:59,1466.6,1532345,1,1463.16,256624,318915,1.3265165123669902,0
2023-07-28 11:04:59,1466.45,1532346,23,1463.16,256621,318545,1.3161531021141324,0
2023-07-28 11:05:00,1466.45,1532394,23,1463.16,255830,318790,1.3161531021141324,0
2023-07-28 11:05:02,1466.7,1532684,21,1463.16,256235,318468,1.3334254525355778,0
2023-07-28 11:05:02,1466.3,1532684,13,1463.16,256235,318468,1.305789691861259,0
2023-07-28 11:05:03,1466.3,1532697,13,1463.16,257124,318445,1.305789691861259,0
2023-07-28 11:05:03,1466.85,1532697,6,1463.16,257124,318445,1.3437888627884356,0
2023-07-28 11:05:04,1466.85,1532710,6,1463.16,256416,318173,1.3437888627884356,0
2023-07-28 11:05:04,1467.0,1532710,17,1463.16,256416,318173,1.3541522730413091,0
2023-07-28 11:05:06,1467.0,1532827,17,1463.16,256470,318173,1.3541522730413091,0
2023-07-28 11:05:07,1467.0,1532847,20,1463.16,255829,318152,1.3541522730413091,0
2023-07-28 11:05:07,1467.0,1532847,20,1463.16,255829,318137,1.3541522730413091,0
2023-07-28 11:05:07,1467.0,1532847,20,1463.16,255830,318137,1.3541522730413091,0
2023-07-28 11:05:07,1467.0,1532847,11,1463.16,255830,318137,1.3541522730413091,0
2023-07-28 11:05:10,1466.85,1532876,2,1463.16,256541,318213,1.3437888627884356,0
2023-07-28 11:05:10,1466.85,1532876,2,1463.16,256541,318213,1.3437888627884356,0
2023-07-28 11:05:10,1467.0,1532876,2,1463.16,256410,318298,1.3541522730413091,0
2023-07-28 11:05:12,1466.85,1532903,80,1463.16,254794,318796,1.3437888627884356,0
2023-07-28 11:05:13,1466.85,1532983,80,1463.16,257148,318896,1.3437888627884356,0
2023-07-28 11:05:13,1466.85,1532983,1,1463.16,257148,318891,1.3437888627884356,0
2023-07-28 11:05:15,1466.5,1532996,1,1463.16,256543,318907,1.3196075721984184,0
2023-07-28 11:05:15,1466.5,1532996,4,1463.16,256543,318907,1.3196075721984184,0
2023-07-28 11:05:16,1466.55,1533037,1,1463.16,256454,318899,1.3230620422827044,0
2023-07-28 11:05:16,1466.55,1533037,2,1463.16,256454,318899,1.3230620422827044,0
2023-07-28 11:05:16,1466.55,1533039,2,1463.16,256441,318902,1.3230620422827044,0
2023-07-28 11:05:16,1466.55,1533039,2,1463.16,256455,319050,1.3230620422827044,0
2023-07-28 11:05:19,1466.85,1533041,2,1463.16,256451,319120,1.3437888627884356,0
2023-07-28 11:05:19,1466.85,1533041,2,1463.16,256451,319120,1.3437888627884356,0
2023-07-28 11:05:20,1466.55,1533066,2,1463.16,256335,319009,1.3230620422827044,0
2023-07-28 11:05:20,1466.55,1533066,2,1463.16,256377,319041,1.3230620422827044,0
2023-07-28 11:05:20,1466.85,1533066,1,1463.16,257077,319205,1.3437888627884356,0
2023-07-28 11:05:23,1466.85,1533067,1,1463.16,256535,319231,1.3437888627884356,0
2023-07-28 11:05:23,1466.85,1533067,1,1463.16,256535,319231,1.3437888627884356,0
2023-07-28 11:05:24,1466.85,1533110,2,1463.16,257296,319022,1.3437888627884356,0
2023-07-28 11:05:25,1466.7,1533123,3,1463.16,256068,319213,1.3334254525355778,0
2023-07-28 11:05:25,1466.7,1533123,3,1463.16,256068,319213,1.3334254525355778,0
2023-07-28 11:05:26,1466.9,1533124,2,1463.16,256391,319283,1.3472433328727373,0
2023-07-28 11:05:26,1466.9,1533124,2,1463.16,256391,319283,1.3472433328727373,0
2023-07-28 11:05:26,1466.9,1533153,2,1463.16,256987,319231,1.3472433328727373,0
2023-07-28 11:05:30,1467.0,1533253,95,1463.16,256773,319036,1.3541522730413091,0
2023-07-28 11:05:30,1467.0,1533316,1,1463.16,256423,319045,1.3541522730413091,0
2023-07-28 11:05:30,1467.05,1533316,4,1463.16,256423,319045,1.357606743125595,0
2023-07-28 11:05:32,1467.05,1533605,4,1463.16,256399,318722,1.357606743125595,0
2023-07-28 11:05:34,1468.0,1537408,3,1463.17,351591,314930,1.4232416747270904,0
2023-07-28 11:05:34,1467.7,1537408,292,1463.17,351591,314930,1.4025148542213592,0
2023-07-28 11:05:35,1468.0,1935990,219,1464.16,257045,318574,1.4232416747270904,0
2023-07-28 11:05:35,1467.8,1935990,4,1464.16,257045,318574,1.409423794389931,0
2023-07-28 11:05:36,1467.9,1936042,10,1464.17,256651,319116,1.4163327345585186,0
2023-07-28 11:05:36,1467.9,1936082,9,1464.17,256606,319119,1.4163327345585186,0
2023-07-28 11:05:38,1467.95,1936252,1,1464.17,256996,315497,1.4197872046428046,0
2023-07-28 11:05:39,1467.95,1936272,20,1464.17,257696,315448,1.4197872046428046,0
2023-07-28 11:05:40,1467.6,1936303,4,1464.17,256908,316268,1.3956059140527717,0
2023-07-28 11:05:40,1467.6,1936303,4,1464.17,258338,316285,1.3956059140527717,0
2023-07-28 11:05:40,1467.5,1936303,1,1464.17,258338,316285,1.3886969738841999,0
2023-07-28 11:05:44,1467.7,1936359,3,1464.17,257853,316247,1.4025148542213592,0
2023-07-28 11:05:45,1467.5,1936410,3,1464.17,257853,316231,1.3886969738841999,0
2023-07-28 11:05:45,1467.5,1936413,3,1464.17,257841,316231,1.3886969738841999,0
2023-07-28 11:05:45,1467.5,1936413,3,1464.17,258541,316231,1.3886969738841999,0
2023-07-28 11:05:48,1467.55,1936433,1,1464.17,258518,316215,1.3921514439684857,0
2023-07-28 11:05:48,1467.55,1936433,1,1464.17,257870,316215,1.3921514439684857,0
2023-07-28 11:05:50,1467.55,1936434,2,1464.17,258520,316297,1.3921514439684857,0
2023-07-28 11:05:51,1467.6,1936494,1,1464.17,256943,315464,1.3956059140527717,0
2023-07-28 11:05:52,1467.25,1936597,100,1464.17,257041,315451,1.3714246234627545,0
2023-07-28 11:05:52,1467.55,1936597,1,1464.17,257041,315451,1.3921514439684857,0
2023-07-28 11:05:54,1467.7,1936712,3,1464.17,256490,315422,1.4025148542213592,0
2023-07-28 11:05:55,1467.3,1936716,4,1464.17,257328,315365,1.3748790935470403,0
2023-07-28 11:05:55,1467.3,1936716,4,1464.17,257472,315372,1.3748790935470403,0
2023-07-28 11:05:55,1467.3,1936716,4,1464.17,257395,315410,1.3748790935470403,0
2023-07-28 11:05:55,1467.55,1936716,3,1464.17,257395,315410,1.3921514439684857,0
2023-07-28 11:05:59,1467.7,1936720,16,1464.17,257500,315702,1.4025148542213592,0
2023-07-28 11:06:00,1466.5,1939573,4,1464.17,254046,317423,1.3196075721984184,0
2023-07-28 11:06:00,1466.2,1939573,4,1464.17,254046,317423,1.298880751692687,0
2023-07-28 11:06:01,1466.2,1939615,30,1464.17,256779,316933,1.298880751692687,0
2023-07-28 11:06:03,1466.2,1939645,30,1464.17,256749,316970,1.298880751692687,0
2023-07-28 11:06:03,1466.45,1939645,35,1464.17,256744,317214,1.3161531021141324,0
2023-07-28 11:06:05,1466.6,1940761,2,1464.17,257781,316844,1.3265165123669902,0
2023-07-28 11:06:06,1466.55,1940861,51,1464.17,257808,316943,1.3230620422827044,0
2023-07-28 11:06:06,1466.55,1940861,51,1464.17,257708,317071,1.3230620422827044,0
2023-07-28 11:06:06,1466.45,1940861,214,1464.17,257707,317071,1.3161531021141324,0
2023-07-28 11:06:10,1466.8,1941165,36,1464.17,255419,316151,1.3403343927041498,0
2023-07-28 11:06:10,1466.2,1941165,20,1464.17,255419,316151,1.298880751692687,0
