2023-07-28 10:49:23,556.3,1211104,12,558.44,143089,238447,0.4061005324429203,0
2023-07-28 10:49:23,556.25,1211104,11,558.44,143089,238447,0.3970760761664192,0
2023-07-28 10:49:32,556.2,1213246,8,558.43,142821,238468,0.3880516198899181,0
2023-07-28 10:49:32,556.05,1213246,46,558.43,142821,238468,0.3609782510603736,0
2023-07-28 10:49:32,556.1,1213246,44,558.43,142821,238468,0.3700027073368953,0
2023-07-28 10:49:32,555.95,1213246,16,558.43,142821,238468,0.3429293385073714,0
2023-07-28 10:49:32,557.0,1213246,7,558.43,142821,238468,0.5324429203140594,0
2023-07-28 10:49:36,556.65,1219267,31,558.42,143393,237138,0.46927172637848985,0
2023-07-28 10:49:36,556.65,1219267,155,558.42,143393,237138,0.46927172637848985,0
2023-07-28 10:49:36,557.05,1219267,1,558.42,143393,237138,0.5414673765905604,0
2023-07-28 10:49:36,557.1,1219267,63,558.42,143393,237138,0.5504918328670821,0
2023-07-28 10:49:40,557.1,1220995,63,558.42,145455,237878,0.5504918328670821,0
2023-07-28 10:49:40,557.3,1220995,32,558.42,145455,237878,0.5865896579731071,0
2023-07-28 10:49:41,556.95,1221405,18,558.42,145161,238695,0.5234184640375582,0
2023-07-28 10:49:41,557.0,1221405,82,558.42,145161,238695,0.5324429203140594,0
2023-07-28 10:49:41,557.3,1221405,6,558.42,145161,238695,0.5865896579731071,0
2023-07-28 10:49:41,557.3,1221405,14,558.42,145161,238695,0.5865896579731071,0
2023-07-28 10:49:47,556.95,1221849,10,558.42,146100,238412,0.5234184640375582,0
2023-07-28 10:49:47,557.4,1221849,22,558.42,146100,238412,0.6046385705261299,0
2023-07-28 10:49:47,557.0,1221849,1,558.42,146100,238412,0.5324429203140594,0
2023-07-28 10:49:47,557.3,1221849,1,558.42,146100,238412,0.5865896579731071,0
2023-07-28 10:49:52,557.3,1222087,1,558.42,146554,239095,0.5865896579731071,0
2023-07-28 10:49:52,557.05,1222087,11,558.42,146554,239095,0.5414673765905604,0
2023-07-28 10:49:52,557.45,1222087,9,558.42,146554,239095,0.6136630268026516,0
2023-07-28 10:49:52,557.1,1222087,25,558.42,146554,239095,0.5504918328670821,0
2023-07-28 10:49:52,557.1,1222087,1,558.42,146554,239095,0.5504918328670821,0
2023-07-28 10:49:58,557.1,1222242,1,558.42,147372,237153,0.5504918328670821,0
2023-07-28 10:49:58,557.1,1222242,8,558.42,147372,237153,0.5504918328670821,0
2023-07-28 10:49:58,557.5,1222242,3,558.42,147372,237153,0.6226874830791528,0
2023-07-28 10:50:00,557.15,1222253,1,558.42,147419,237652,0.5595162891435832,0
2023-07-28 10:50:00,557.55,1222253,15,558.42,147419,237652,0.6317119393556538,0
2023-07-28 10:50:00,557.65,1222253,50,558.42,147419,237652,0.6497608519086766,0
2023-07-28 10:50:04,557.3,1222412,8,558.42,148356,237070,0.5865896579731071,0
2023-07-28 10:50:07,557.3,1222469,3,558.42,147685,237252,0.5865896579731071,0
2023-07-28 10:50:07,557.65,1222469,4,558.42,147685,237252,0.6497608519086766,0
2023-07-28 10:50:07,557.65,1222477,4,558.42,147471,237177,0.6497608519086766,0
2023-07-28 10:50:07,557.3,1222477,1,558.42,147471,237177,0.5865896579731071,0
2023-07-28 10:50:08,557.3,1222478,1,558.42,147110,237227,0.5865896579731071,0
2023-07-28 10:50:10,557.65,1222533,45,558.42,147403,237104,0.6497608519086766,0
2023-07-28 10:50:10,557.3,1222536,3,558.42,147382,237104,0.5865896579731071,0
2023-07-28 10:50:10,557.3,1222536,3,558.42,147382,237123,0.5865896579731071,0
2023-07-28 10:50:10,557.3,1222536,3,558.42,147195,237123,0.5865896579731071,0
2023-07-28 10:50:13,557.35,1222560,1,558.42,147661,237170,0.5956141142496288,0
2023-07-28 10:50:13,557.35,1222561,1,558.42,147709,237165,0.5956141142496288,0
2023-07-28 10:50:14,557.35,1222562,1,558.42,147449,237289,0.5956141142496288,0
2023-07-28 10:50:14,557.35,1222562,1,558.42,147479,237243,0.5956141142496288,0
2023-07-28 10:50:14,557.35,1222562,1,558.42,147425,237243,0.5956141142496288,0
2023-07-28 10:50:14,557.6,1222562,23,558.42,147425,237243,0.6407363956321755,0
2023-07-28 10:50:14,557.35,1222562,1,558.42,147425,237243,0.5956141142496288,0
2023-07-28 10:50:14,557.7,1222562,28,558.42,147425,237243,0.6587853081851983,0
2023-07-28 10:50:19,557.7,1222641,28,558.42,147132,237399,0.6587853081851983,0
2023-07-28 10:50:20,557.7,1222654,10,558.42,145965,237242,0.6587853081851983,0
2023-07-28 10:50:20,557.7,1222654,10,558.42,145965,237242,0.6587853081851983,0
2023-07-28 10:50:21,557.4,1223154,126,558.42,145786,237366,0.6046385705261299,0
2023-07-28 10:50:21,557.4,1223154,8,558.42,145786,237366,0.6046385705261299,0
2023-07-28 10:50:22,557.4,1223179,8,558.42,146014,237367,0.6046385705261299,0
2023-07-28 10:50:23,557.4,1223180,1,558.42,146110,234867,0.6046385705261299,0
2023-07-28 10:50:23,557.4,1223180,1,558.42,146110,234867,0.6046385705261299,0
2023-07-28 10:50:23,557.4,1223180,1,558.42,146322,234720,0.6046385705261299,0
2023-07-28 10:50:23,557.4,1223180,1,558.42,146322,234720,0.6046385705261299,0
2023-07-28 10:50:23,557.75,1223180,30,558.42,146322,234720,0.6678097644616995,0
2023-07-28 10:50:23,557.5,1223180,8,558.42,146322,234720,0.6226874830791528,0
2023-07-28 10:50:26,557.5,1223339,8,558.42,146049,234183,0.6226874830791528,0
2023-07-28 10:50:26,557.5,1223339,8,558.42,146003,233737,0.6226874830791528,0
2023-07-28 10:50:29,557.75,1223839,500,558.42,145822,234596,0.6678097644616995,0
2023-07-28 10:50:29,557.65,1223839,187,558.42,145822,234596,0.6497608519086766,0
2023-07-28 10:50:29,557.65,1224051,187,558.42,146166,234521,0.6497608519086766,0
2023-07-28 10:50:31,557.65,1224077,15,558.42,146154,234752,0.6497608519086766,0
2023-07-28 10:50:31,557.5,1224077,1,558.42,146154,234752,0.6226874830791528,0
2023-07-28 10:50:31,557.5,1224078,1,558.42,146085,234439,0.6226874830791528,0
2023-07-28 10:50:31,557.5,1224078,1,558.42,146209,234439,0.6226874830791528,0
2023-07-28 10:50:31,557.55,1224078,182,558.42,146209,234439,0.6317119393556538,0
2023-07-28 10:50:33,557.55,1224576,25,558.42,146461,231995,0.6317119393556538,0
2023-07-28 10:50:34,557.55,1224601,25,558.42,146461,234614,0.6317119393556538,0
2023-07-28 10:50:34,557.55,1224601,2,558.42,146461,234614,0.6317119393556538,0
2023-07-28 10:50:35,557.55,1224603,2,558.42,146610,234797,0.6317119393556538,0
2023-07-28 10:50:37,557.55,1224604,1,558.42,146512,234797,0.6317119393556538,0
2023-07-28 10:50:37,557.55,1224604,1,558.42,146391,234797,0.6317119393556538,0
2023-07-28 10:50:37,557.55,1224604,50,558.42,146391,234797,0.6317119393556538,0
2023-07-28 10:50:38,557.55,1224654,50,558.42,146341,234437,0.6317119393556538,0
2023-07-28 10:50:39,557.55,1224656,2,558.42,146339,234437,0.6317119393556538,0
2023-07-28 10:50:39,557.55,1224656,2,558.42,147155,234438,0.6317119393556538,0
2023-07-28 10:50:39,557.55,1224656,2,558.42,147155,234438,0.6317119393556538,0
2023-07-28 10:50:39,557.65,1224656,81,558.42,147155,234438,0.6497608519086766,0
2023-07-28 10:50:43,557.65,1225939,81,558.41,146579,233466,0.6497608519086766,0
2023-07-28 10:50:44,557.55,1226003,64,558.41,146571,233466,0.6317119393556538,0
2023-07-28 10:50:45,557.55,1226007,4,558.41,146528,233429,0.6317119393556538,0
2023-07-28 10:50:45,557.55,1226007,2,558.41,146528,233404,0.6317119393556538,0
2023-07-28 10:50:45,557.55,1226007,1,558.41,146528,233404,0.6317119393556538,0
2023-07-28 10:50:47,557.55,1226010,1,558.41,146525,233404,0.6317119393556538,0
2023-07-28 10:50:47,557.55,1226010,1,558.41,146525,233404,0.6317119393556538,0
2023-07-28 10:50:47,557.55,1226010,1,558.41,146525,233405,0.6317119393556538,0
2023-07-28 10:50:47,557.55,1226010,1,558.41,146520,233405,0.6317119393556538,0
2023-07-28 10:50:51,557.8,1226110,14,558.41,146336,233388,0.6768342207382005,0
2023-07-28 10:50:51,557.7,1226110,5,558.41,146336,233388,0.6587853081851983,0
2023-07-28 10:50:52,557.7,1226115,5,558.41,145730,233563,0.6587853081851983,0
2023-07-28 10:50:52,557.7,1226115,5,558.41,145747,233546,0.6587853081851983,0
2023-07-28 10:50:52,557.7,1226115,5,558.41,145816,233546,0.6587853081851983,0
2023-07-28 10:50:52,557.8,1226115,10,558.41,145816,233546,0.6768342207382005,0
2023-07-28 10:50:55,557.7,1226125,1,558.41,145816,233536,0.6587853081851983,0
2023-07-28 10:50:56,557.7,1226126,1,558.41,145836,233561,0.6587853081851983,0
2023-07-28 10:50:57,557.7,1226226,5,558.41,146655,234075,0.6587853081851983,0
2023-07-28 10:50:58,557.7,1226231,5,558.41,146858,234075,0.6587853081851983,0
2023-07-28 10:50:59,557.7,1226232,1,558.41,146857,234333,0.6587853081851983,0
2023-07-28 10:50:59,557.7,1226232,5,558.41,146857,234333,0.6587853081851983,0
2023-07-28 10:51:01,557.7,1226237,5,558.41,147052,234062,0.6587853081851983,0
2023-07-28 10:51:01,557.7,1226237,5,558.41,146986,234044,0.6587853081851983,0
2023-07-28 10:51:04,557.75,1226238,1,558.41,146986,234043,0.6678097644616995,0
2023-07-28 10:51:04,557.7,1226238,205,558.41,146986,234043,0.6587853081851983,0
2023-07-28 10:51:04,557.7,1226238,50,558.41,146986,234043,0.6587853081851983,0
2023-07-28 10:51:10,557.7,1227487,63,558.41,146008,232833,0.6587853081851983,0
2023-07-28 10:51:11,557.7,1227550,63,558.41,146212,232958,0.6587853081851983,0
2023-07-28 10:51:11,557.7,1227550,3,558.41,146212,232958,0.6587853081851983,0
2023-07-28 10:51:16,557.7,1227553,3,558.41,146224,233034,0.6587853081851983,0
2023-07-28 10:51:16,557.75,1227553,1,558.41,146224,233034,0.6678097644616995,0
2023-07-28 10:51:24,557.8,1227594,40,558.41,146138,232422,0.6768342207382005,0
2023-07-28 10:51:24,557.7,1227594,1,558.41,146138,232422,0.6587853081851983,0
2023-07-28 10:51:27,557.7,1227597,1,558.41,146112,232623,0.6587853081851983,0
2023-07-28 10:51:27,557.7,1227597,1,558.41,146217,232628,0.6587853081851983,0
2023-07-28 10:51:37,557.7,1227598,1,558.41,146541,232770,0.6587853081851983,0
2023-07-28 10:51:37,557.8,1227598,6,558.41,146541,232770,0.6768342207382005,0
2023-07-28 10:51:37,557.85,1227598,1,558.41,146541,232770,0.6858586770147223,0
2023-07-28 10:51:41,557.8,1227806,1,558.41,146765,232720,0.6768342207382005,0
2023-07-28 10:51:41,557.8,1227806,10,558.41,146765,232720,0.6768342207382005,0
2023-07-28 10:51:41,557.8,1227806,85,558.41,146765,232720,0.6768342207382005,0
2023-07-28 10:51:46,557.8,1227936,1,558.41,146329,233590,0.6768342207382005,0
2023-07-28 10:51:46,557.85,1227943,1,558.41,147331,234397,0.6858586770147223,0
2023-07-28 10:51:50,557.85,1227944,1,558.41,147507,234073,0.6858586770147223,0
2023-07-28 10:51:50,557.85,1227944,633,558.41,147507,234073,0.6858586770147223,0
2023-07-28 10:51:50,557.95,1227944,1,558.41,147507,234073,0.703907589567745,0
2023-07-28 10:51:58,557.9,1228748,40,558.41,147432,234118,0.6948831332912233,0
2023-07-28 10:51:58,558.25,1228748,50,558.41,147432,234118,0.7580543272267929,0
2023-07-28 10:51:58,558.1,1228748,11,558.41,147432,234118,0.730980958397269,0
2023-07-28 10:52:03,558.1,1232284,1,558.41,147828,231285,0.730980958397269,0
2023-07-28 10:52:03,558.05,1232284,5,558.41,147828,231285,0.7219565021207472,0
2023-07-28 10:52:05,558.1,1232465,9,558.41,146921,230652,0.730980958397269,0
2023-07-28 10:52:05,558.0,1232465,70,558.41,146921,230652,0.7129320458442462,0
2023-07-28 10:52:05,557.95,1232465,8,558.41,146921,230652,0.703907589567745,0
2023-07-28 10:52:05,558.0,1232465,2,558.41,146921,230652,0.7129320458442462,0
2023-07-28 10:52:11,558.0,1235298,25,558.41,144392,230942,0.7129320458442462,0
2023-07-28 10:52:11,558.0,1235298,71,558.41,144392,230942,0.7129320458442462,0
2023-07-28 10:52:11,558.0,1235298,71,558.41,144392,230942,0.7129320458442462,0
2023-07-28 10:52:13,558.0,1235440,7,558.41,146292,231052,0.7129320458442462,0
2023-07-28 10:52:13,558.0,1235440,45,558.41,146292,231052,0.7129320458442462,0
2023-07-28 10:52:13,558.25,1235440,23,558.41,146292,231052,0.7580543272267929,0
2023-07-28 10:52:13,558.25,1235440,1,558.41,146292,231052,0.7580543272267929,0
2023-07-28 10:52:20,558.1,1235536,5,558.41,146279,231233,0.730980958397269,0
2023-07-28 10:52:20,558.25,1235536,5,558.41,146279,231233,0.7580543272267929,0
2023-07-28 10:52:23,558.1,1235546,1,558.41,146728,231275,0.730980958397269,0
2023-07-28 10:52:23,558.15,1235546,7,558.41,146728,231275,0.7400054146737701,0
2023-07-28 10:52:23,558.15,1235546,24,558.41,146728,231275,0.7400054146737701,0
2023-07-28 10:52:28,558.15,1235578,24,558.41,146378,231070,0.7400054146737701,0
2023-07-28 10:52:28,558.15,1235578,1,558.41,146378,231070,0.7400054146737701,0
2023-07-28 10:52:28,558.25,1235578,9,558.41,146378,231070,0.7580543272267929,0
2023-07-28 10:52:28,558.25,1235578,35,558.41,146378,231070,0.7580543272267929,0
2023-07-28 10:52:33,558.25,1235717,92,558.41,146470,230360,0.7580543272267929,0
2023-07-28 10:52:33,558.1,1235717,7,558.41,146470,230360,0.730980958397269,0
2023-07-28 10:52:33,558.25,1235717,4,558.41,146470,230360,0.7580543272267929,0
2023-07-28 10:52:33,558.25,1235717,384,558.41,146470,230360,0.7580543272267929,0
2023-07-28 10:52:35,558.25,1236142,384,558.41,146259,230511,0.7580543272267929,0
2023-07-28 10:52:35,558.25,1236142,1,558.41,146259,230511,0.7580543272267929,0
2023-07-28 10:52:35,558.25,1236142,10,558.41,146259,230511,0.7580543272267929,0
2023-07-28 10:52:35,558.25,1236142,10,558.41,146259,230511,0.7580543272267929,0
2023-07-28 10:52:35,558.4,1236142,49,558.41,146259,230511,0.7851276960563168,0
2023-07-28 10:52:42,558.25,1236454,6,558.41,144959,231087,0.7580543272267929,0
2023-07-28 10:52:42,558.25,1236454,20,558.41,144959,231087,0.7580543272267929,0
2023-07-28 10:52:42,558.25,1236454,20,558.41,144959,231087,0.7580543272267929,0
2023-07-28 10:52:48,558.4,1236500,31,558.41,144801,232907,0.7851276960563168,0
2023-07-28 10:52:51,558.4,1236533,150,558.41,145081,232877,0.7851276960563168,0
2023-07-28 10:52:55,558.4,1237725,59,558.41,146115,231334,0.7851276960563168,0
2023-07-28 10:52:59,558.4,1237784,59,558.41,144823,231436,0.7851276960563168,0
2023-07-28 10:52:59,557.85,1237784,39,558.41,144823,231436,0.6858586770147223,0
2023-07-28 10:52:59,558.2,1237784,1,558.41,144823,231436,0.7490298709502917,0
2023-07-28 10:53:06,558.0,1241844,4,558.41,143657,232434,0.7129320458442462,0
2023-07-28 10:53:08,557.7,1241848,1,558.41,144202,232630,0.6587853081851983,0
2023-07-28 10:53:08,557.7,1241848,21,558.41,144202,232630,0.6587853081851983,0
2023-07-28 10:53:08,558.1,1241848,9,558.41,144202,232630,0.730980958397269,0
2023-07-28 10:53:08,558.15,1241848,71,558.41,144202,232630,0.7400054146737701,0
2023-07-28 10:53:08,558.0,1241848,180,558.41,144202,232630,0.7129320458442462,0
2023-07-28 10:53:17,557.8,1242368,10,558.41,143831,233210,0.6768342207382005,0
2023-07-28 10:53:17,557.8,1242368,11,558.41,143831,233210,0.6768342207382005,0
2023-07-28 10:53:17,557.8,1242368,11,558.41,143831,233210,0.6768342207382005,0
2023-07-28 10:53:18,557.8,1242379,11,558.41,144011,233681,0.6768342207382005,0
2023-07-28 10:53:18,557.8,1242379,11,558.41,144011,233681,0.6768342207382005,0
2023-07-28 10:53:18,557.65,1242379,15,558.41,144011,233681,0.6497608519086766,0
2023-07-28 10:53:18,557.65,1242379,15,558.41,144011,233681,0.6497608519086766,0
2023-07-28 10:53:18,557.65,1242379,15,558.41,144011,233681,0.6497608519086766,0
2023-07-28 10:53:18,557.65,1242379,15,558.41,144011,233681,0.6497608519086766,0
2023-07-28 10:53:18,557.65,1242379,15,558.41,144011,233681,0.6497608519086766,0
2023-07-28 10:53:23,557.65,1242394,15,558.41,143857,234628,0.6497608519086766,0
2023-07-28 10:53:23,557.65,1242394,1,558.41,143857,234628,0.6497608519086766,0
2023-07-28 10:53:23,557.65,1242394,1,558.41,143857,234628,0.6497608519086766,0
2023-07-28 10:53:23,557.9,1242394,43,558.41,143857,234628,0.6948831332912233,0
2023-07-28 10:53:23,558.1,1242394,287,558.41,143857,234628,0.730980958397269,0
2023-07-28 10:53:29,558.1,1243568,287,558.41,146002,234231,0.730980958397269,0
2023-07-28 10:53:29,558.0,1243568,59,558.41,146002,234231,0.7129320458442462,0
2023-07-28 10:53:29,558.0,1243568,8,558.41,146002,234231,0.7129320458442462,0
2023-07-28 10:53:29,558.0,1243568,49,558.41,146002,234231,0.7129320458442462,0
2023-07-28 10:53:33,558.0,1243702,1,558.41,145158,234373,0.7129320458442462,0
2023-07-28 10:53:33,557.95,1243702,18,558.41,145158,234373,0.703907589567745,0
2023-07-28 10:53:33,557.75,1243702,72,558.41,145158,234373,0.6678097644616995,0
2023-07-28 10:53:36,557.65,1244289,12,558.41,143682,234224,0.6497608519086766,0
2023-07-28 10:53:36,558.0,1244289,49,558.41,143682,234224,0.7129320458442462,0
2023-07-28 10:53:36,557.75,1244289,5,558.41,143682,234224,0.6678097644616995,0
2023-07-28 10:53:42,557.75,1244378,4,558.41,144243,233776,0.6678097644616995,0
2023-07-28 10:53:42,558.1,1244378,1,558.41,144243,233776,0.730980958397269,0
2023-07-28 10:53:46,557.75,1244383,1,558.41,144575,233680,0.6678097644616995,0
2023-07-28 10:53:46,557.7,1244383,4,558.41,144575,233680,0.6587853081851983,0
2023-07-28 10:53:46,557.75,1244383,8,558.41,144575,233680,0.6678097644616995,0
2023-07-28 10:53:51,558.15,1244444,10,558.41,145197,233358,0.7400054146737701,0
2023-07-28 10:53:58,557.75,1244458,1,558.41,146589,232683,0.6678097644616995,0
2023-07-28 10:53:58,557.75,1244458,1,558.41,146589,232683,0.6678097644616995,0
2023-07-28 10:53:58,558.35,1244458,47,558.41,146589,232683,0.7761032397798157,0
2023-07-28 10:53:59,558.35,1244589,47,558.41,146604,233175,0.7761032397798157,0
2023-07-28 10:53:59,558.0,1244589,2,558.41,146604,233175,0.7129320458442462,0
2023-07-28 10:53:59,558.2,1244589,47,558.41,146604,233175,0.7490298709502917,0
2023-07-28 10:53:59,557.95,1244589,5,558.41,146604,233175,0.703907589567745,0
2023-07-28 10:53:59,557.95,1244589,2,558.41,146604,233175,0.703907589567745,0
2023-07-28 10:54:07,557.95,1244724,6,558.41,145543,233179,0.703907589567745,0
2023-07-28 10:54:07,558.0,1244724,3,558.41,145543,233179,0.7129320458442462,0
2023-07-28 10:54:07,558.2,1244724,29,558.41,145543,233179,0.7490298709502917,0
2023-07-28 10:54:12,557.95,1245403,14,558.41,144610,232743,0.703907589567745,0
2023-07-28 10:54:12,558.3,1245403,46,558.41,144610,232743,0.767078783503294,0
2023-07-28 10:54:12,557.95,1245403,2,558.41,144610,232743,0.703907589567745,0
2023-07-28 10:54:20,557.95,1245469,3,558.41,144611,232859,0.703907589567745,0
2023-07-28 10:54:21,557.95,1245472,3,558.41,144733,232912,0.703907589567745,0
2023-07-28 10:54:21,558.3,1245472,18,558.41,144733,232912,0.767078783503294,0
2023-07-28 10:54:28,558.0,1245490,1,558.41,144217,233001,0.7129320458442462,0
2023-07-28 10:54:29,558.0,1245491,1,558.41,144203,233008,0.7129320458442462,0
2023-07-28 10:54:29,558.0,1245491,1,558.41,144215,233478,0.7129320458442462,0
2023-07-28 10:54:39,558.35,1245494,3,558.41,144334,233496,0.7761032397798157,0
2023-07-28 10:54:39,558.0,1245494,1,558.41,144334,233496,0.7129320458442462,0
2023-07-28 10:54:39,558.0,1245494,1,558.41,144334,233496,0.7129320458442462,0
2023-07-28 10:54:45,558.0,1245496,1,558.41,144327,233922,0.7129320458442462,0
2023-07-28 10:54:50,558.0,1245500,4,558.41,143716,234046,0.7129320458442462,0
2023-07-28 10:54:50,558.2,1245500,199,558.41,143716,234046,0.7490298709502917,0
2023-07-28 10:54:54,558.0,1245701,1,558.41,143773,233658,0.7129320458442462,0
2023-07-28 10:54:54,558.0,1245701,11,558.41,143773,233658,0.7129320458442462,0
2023-07-28 10:54:54,558.0,1245701,5,558.41,143773,233658,0.7129320458442462,0
2023-07-28 10:54:54,558.0,1245701,1,558.41,143773,233658,0.7129320458442462,0
2023-07-28 10:54:58,558.0,1245718,1,558.41,143784,233658,0.7129320458442462,0
2023-07-28 10:54:58,558.0,1245718,10,558.41,143784,233658,0.7129320458442462,0
2023-07-28 10:55:02,558.2,1245728,29,558.41,143834,233607,0.7490298709502917,0
2023-07-28 10:55:02,558.2,1245728,800,558.41,143834,233607,0.7490298709502917,0
2023-07-28 10:55:04,558.1,1246558,41,558.41,145810,234518,0.730980958397269,0
2023-07-28 10:55:04,558.35,1246558,34,558.41,145810,234518,0.7761032397798157,0
2023-07-28 10:55:10,558.1,1246680,6,558.41,144885,234645,0.730980958397269,0
2023-07-28 10:55:10,558.15,1246680,6,558.41,144885,234645,0.7400054146737701,0
2023-07-28 10:55:10,558.1,1246680,216,558.41,144885,234645,0.730980958397269,0
2023-07-28 10:55:13,558.1,1246943,13,558.41,144792,234729,0.730980958397269,0
2023-07-28 10:55:16,558.1,1246956,1,558.41,143268,235032,0.730980958397269,0
2023-07-28 10:55:16,558.1,1246956,12,558.41,143268,235032,0.730980958397269,0
2023-07-28 10:55:25,558.1,1247057,12,558.41,143699,235230,0.730980958397269,0
2023-07-28 10:55:25,558.1,1247057,5,558.41,143699,235230,0.730980958397269,0
2023-07-28 10:55:26,558.1,1247062,5,558.41,143652,236920,0.730980958397269,0
2023-07-28 10:55:26,558.1,1247062,5,558.41,143827,236837,0.730980958397269,0
2023-07-28 10:55:26,558.2,1247062,25,558.41,143827,236837,0.7490298709502917,0
2023-07-28 10:55:40,558.2,1247096,9,558.41,143461,237135,0.7490298709502917,0
2023-07-28 10:55:40,558.2,1247096,2,558.41,143461,237135,0.7490298709502917,0
2023-07-28 10:55:40,558.2,1247098,2,558.41,143411,236937,0.7490298709502917,0
2023-07-28 10:55:40,558.3,1247098,86,558.41,143411,236937,0.767078783503294,0
2023-07-28 10:55:46,558.3,1247198,5,558.41,143835,237002,0.767078783503294,0
2023-07-28 10:55:46,558.15,1247198,41,558.41,143835,237002,0.7400054146737701,0
2023-07-28 10:55:46,558.15,1247198,3,558.41,143835,237002,0.7400054146737701,0
2023-07-28 10:55:46,558.15,1247198,1,558.41,143835,237002,0.7400054146737701,0
2023-07-28 10:55:46,558.3,1247198,1,558.41,143835,237002,0.767078783503294,0
2023-07-28 10:55:56,558.1,1247261,13,558.41,144179,236657,0.730980958397269,0
2023-07-28 10:55:56,558.1,1247261,50,558.41,144179,236657,0.730980958397269,0
2023-07-28 10:55:56,558.15,1247261,1,558.41,144179,236657,0.7400054146737701,0
2023-07-28 10:56:01,558.1,1247463,10,558.41,144189,237120,0.730980958397269,0
2023-07-28 10:56:01,558.1,1247463,2,558.41,144189,237120,0.730980958397269,0
2023-07-28 10:56:06,558.1,1247475,2,558.41,143364,236587,0.730980958397269,0
2023-07-28 10:56:06,558.1,1247475,1,558.41,143364,236587,0.730980958397269,0
2023-07-28 10:56:08,558.1,1247476,1,558.41,143568,236387,0.730980958397269,0
2023-07-28 10:56:08,558.1,1247476,3,558.41,143568,236387,0.730980958397269,0
2023-07-28 10:56:08,558.0,1247476,5,558.41,143568,236387,0.7129320458442462,0
2023-07-28 10:56:17,558.0,1248400,1,558.41,142098,236597,0.7129320458442462,0
2023-07-28 10:56:17,557.95,1248400,49,558.41,142098,236597,0.703907589567745,0
2023-07-28 10:56:17,558.0,1248400,161,558.41,142098,236597,0.7129320458442462,0
2023-07-28 10:56:17,558.0,1248400,161,558.41,142098,236597,0.7129320458442462,0
2023-07-28 10:56:17,558.0,1248400,161,558.41,142098,236597,0.7129320458442462,0
2023-07-28 10:56:20,557.8,1248664,13,558.41,142364,236697,0.6768342207382005,0
2023-07-28 10:56:20,557.8,1248664,13,558.41,142364,236697,0.6768342207382005,0
2023-07-28 10:56:20,557.8,1248664,13,558.41,142364,236697,0.6768342207382005,0
2023-07-28 10:56:20,557.8,1248664,13,558.41,142364,236697,0.6768342207382005,0
2023-07-28 10:56:20,557.8,1248664,13,558.41,142364,236697,0.6768342207382005,0
2023-07-28 10:56:20,558.05,1248664,17,558.41,142364,236697,0.7219565021207472,0
2023-07-28 10:56:26,557.8,1249177,26,558.41,142832,236230,0.6768342207382005,0
2023-07-28 10:56:27,557.8,1249203,26,558.41,142503,236459,0.6768342207382005,0
2023-07-28 10:56:27,558.0,1249203,1,558.41,142503,236459,0.7129320458442462,0
2023-07-28 10:56:27,558.0,1249203,2,558.41,142503,236459,0.7129320458442462,0
2023-07-28 10:56:27,558.15,1249203,1,558.41,142503,236459,0.7400054146737701,0
2023-07-28 10:56:37,558.15,1249208,1,558.41,143549,236242,0.7400054146737701,0
2023-07-28 10:56:37,558.4,1249208,12,558.41,143549,236242,0.7851276960563168,0
2023-07-28 10:56:40,558.05,1249220,1,558.41,143571,236224,0.7219565021207472,0
2023-07-28 10:56:42,558.05,1249221,1,558.41,144218,236480,0.7219565021207472,0
2023-07-28 10:56:42,558.05,1249221,25,558.41,144218,236480,0.7219565021207472,0
2023-07-28 10:56:48,558.15,1249246,1,558.41,145247,236369,0.7400054146737701,0
2023-07-28 10:56:51,558.15,1249265,1,558.41,144964,236338,0.7400054146737701,0
2023-07-28 10:56:51,558.75,1249265,14,558.41,144964,236338,0.8482988899918863,0
2023-07-28 10:56:51,558.65,1249265,6,558.41,144964,236338,0.8302499774388635,0
2023-07-28 10:56:51,558.85,1249265,10,558.41,144964,236338,0.8663478025449091,0
2023-07-28 10:56:59,558.65,1250504,62,558.41,149707,239949,0.8302499774388635,0
2023-07-28 10:56:59,558.65,1250504,11,558.41,149707,239949,0.8302499774388635,0
2023-07-28 10:56:59,558.9,1250504,200,558.41,149707,239949,0.8753722588214102,0
2023-07-28 10:57:04,558.7,1250807,1,558.41,149430,239880,0.8392744337153851,0
2023-07-28 10:57:04,558.7,1250807,60,558.41,149430,239880,0.8392744337153851,0
2023-07-28 10:57:04,558.9,1250807,3,558.41,149430,239880,0.8753722588214102,0
2023-07-28 10:57:08,558.9,1251026,3,558.41,149026,240020,0.8753722588214102,0
2023-07-28 10:57:08,558.75,1251026,11,558.41,149026,240020,0.8482988899918863,0
2023-07-28 10:57:08,558.9,1251026,25,558.41,149026,240020,0.8753722588214102,0
2023-07-28 10:57:08,558.8,1251026,88,558.41,149026,240020,0.8573233462683874,0
2023-07-28 10:57:12,558.85,1251324,15,558.41,149943,239458,0.8663478025449091,0
2023-07-28 10:57:12,558.95,1251324,16,558.41,149943,239458,0.8843967150979318,0
2023-07-28 10:57:12,558.95,1251324,1,558.41,149943,239458,0.8843967150979318,0
2023-07-28 10:57:17,558.8,1251356,1,558.41,150524,239577,0.8573233462683874,0
2023-07-28 10:57:17,558.95,1251356,18,558.41,150524,239577,0.8843967150979318,0
2023-07-28 10:57:17,558.8,1251356,1,558.41,150524,239577,0.8573233462683874,0
2023-07-28 10:57:17,558.75,1251356,87,558.41,150524,239577,0.8482988899918863,0
2023-07-28 10:57:22,558.7,1251647,14,558.41,149311,240087,0.8392744337153851,0
2023-07-28 10:57:22,558.95,1251647,60,558.41,149311,240087,0.8843967150979318,0
2023-07-28 10:57:22,558.65,1251647,288,558.41,149311,240087,0.8302499774388635,0
2023-07-28 10:57:28,558.65,1252461,41,558.41,148651,241248,0.8302499774388635,0
2023-07-28 10:57:28,558.6,1252461,130,558.41,148651,241248,0.8212255211623624,0
2023-07-28 10:57:28,558.35,1252461,3,558.41,148651,241248,0.7761032397798157,0
2023-07-28 10:57:28,558.2,1252461,13,558.41,148651,241248,0.7490298709502917,0
2023-07-28 10:57:28,558.6,1252461,1,558.41,148651,241248,0.8212255211623624,0
2023-07-28 10:57:28,558.6,1252461,1,558.41,148651,241248,0.8212255211623624,0
2023-07-28 10:57:28,558.2,1252461,1,558.41,148651,241248,0.7490298709502917,0
2023-07-28 10:57:37,558.2,1252756,2,558.41,146745,241756,0.7490298709502917,0
2023-07-28 10:57:37,558.55,1252756,23,558.41,146745,241756,0.8122010648858407,0
2023-07-28 10:57:37,558.15,1252756,1,558.41,146745,241756,0.7400054146737701,0
2023-07-28 10:57:37,558.55,1252756,5,558.41,146745,241756,0.8122010648858407,0
2023-07-28 10:57:44,558.2,1252789,1,558.41,146660,239965,0.7490298709502917,0
2023-07-28 10:57:44,558.55,1252789,1,558.41,146660,239965,0.8122010648858407,0
2023-07-28 10:57:48,558.55,1252791,1,558.41,147619,239887,0.8122010648858407,0
2023-07-28 10:57:48,558.55,1252791,3,558.41,147619,239887,0.8122010648858407,0
2023-07-28 10:57:48,558.2,1252791,1,558.41,147619,239887,0.7490298709502917,0
2023-07-28 10:57:48,558.6,1252791,36,558.41,147619,239887,0.8212255211623624,0
2023-07-28 10:57:55,558.35,1252959,8,558.41,147796,239729,0.7761032397798157,0
2023-07-28 10:57:55,558.3,1252959,100,558.41,147796,239729,0.767078783503294,0
2023-07-28 10:57:56,558.3,1253067,6,558.41,147721,240681,0.767078783503294,0
2023-07-28 10:58:00,558.3,1253073,6,558.41,146841,240965,0.767078783503294,0
2023-07-28 10:58:00,558.3,1253073,5,558.41,146841,240965,0.767078783503294,0
2023-07-28 10:58:00,558.65,1253073,63,558.41,146841,240965,0.8302499774388635,0
2023-07-28 10:58:00,558.65,1253073,5,558.41,146841,240965,0.8302499774388635,0
2023-07-28 10:58:08,558.3,1253148,4,558.41,146773,240990,0.767078783503294,0
2023-07-28 10:58:08,558.65,1253148,6,558.41,146773,240990,0.8302499774388635,0
2023-07-28 10:58:11,558.65,1253158,6,558.41,146950,241035,0.8302499774388635,0
2023-07-28 10:58:11,558.55,1253158,2,558.41,146950,241035,0.8122010648858407,0
2023-07-28 10:58:11,558.2,1253158,2,558.41,146950,241035,0.7490298709502917,0
2023-07-28 10:58:14,558.2,1253162,2,558.41,146667,240937,0.7490298709502917,0
2023-07-28 10:58:14,558.2,1253162,2,558.41,146667,240937,0.7490298709502917,0
2023-07-28 10:58:14,558.2,1253162,1,558.41,146667,240937,0.7490298709502917,0
2023-07-28 10:58:14,558.65,1253162,2,558.41,146667,240937,0.8302499774388635,0
2023-07-28 10:58:14,558.55,1253162,4,558.41,146667,240937,0.8122010648858407,0
2023-07-28 10:58:29,558.3,1253267,5,558.41,147004,240719,0.767078783503294,0
2023-07-28 10:58:29,558.2,1253267,64,558.41,147004,240719,0.7490298709502917,0
2023-07-28 10:58:34,558.2,1253372,5,558.41,146947,240756,0.7490298709502917,0
2023-07-28 10:58:35,558.2,1253377,5,558.41,146998,241062,0.7490298709502917,0
2023-07-28 10:58:35,558.55,1253377,6,558.41,146998,241062,0.8122010648858407,0
2023-07-28 10:58:35,558.55,1253377,13,558.41,146998,241062,0.8122010648858407,0
2023-07-28 10:58:42,558.35,1253396,1,558.41,147406,240844,0.7761032397798157,0
2023-07-28 10:58:42,558.6,1253396,1,558.41,147406,240844,0.8212255211623624,0
2023-07-28 10:58:47,558.6,1253398,1,558.41,148716,239742,0.8212255211623624,0
2023-07-28 10:58:47,558.55,1253398,11,558.41,148716,239742,0.8122010648858407,0
2023-07-28 10:58:47,558.7,1253398,1,558.41,148716,239742,0.8392744337153851,0
2023-07-28 10:58:47,558.55,1253398,10,558.41,148716,239742,0.8122010648858407,0
2023-07-28 10:58:51,558.55,1253420,1,558.41,148764,239373,0.8122010648858407,0
2023-07-28 10:58:52,558.55,1253421,1,558.41,147987,239816,0.8122010648858407,0
2023-07-28 10:58:52,558.75,1253421,4,558.41,147987,239816,0.8482988899918863,0
2023-07-28 10:58:57,558.55,1253446,2,558.41,148191,240894,0.8122010648858407,0
2023-07-28 10:59:01,558.55,1253448,2,558.41,148049,241163,0.8122010648858407,0
2023-07-28 10:59:01,558.55,1253448,26,558.41,148049,241163,0.8122010648858407,0
2023-07-28 10:59:06,558.35,1253474,1,558.41,148322,241656,0.7761032397798157,0
2023-07-28 10:59:09,558.35,1253475,1,558.41,148374,241558,0.7761032397798157,0
2023-07-28 10:59:09,558.7,1253475,32,558.41,148374,241558,0.8392744337153851,0
2023-07-28 10:59:09,558.7,1253475,40,558.41,148374,241558,0.8392744337153851,0
2023-07-28 10:59:18,558.35,1253601,6,558.41,148342,241360,0.7761032397798157,0
2023-07-28 10:59:18,558.6,1253601,1,558.41,148342,241360,0.8212255211623624,0
2023-07-28 10:59:18,558.35,1253601,22,558.41,148342,241360,0.7761032397798157,0
2023-07-28 10:59:18,558.15,1253601,16,558.41,148342,241360,0.7400054146737701,0
2023-07-28 10:59:22,558.15,1255779,16,558.41,143580,243007,0.7400054146737701,0
2023-07-28 10:59:22,557.95,1255779,13,558.41,143580,243007,0.703907589567745,0
2023-07-28 10:59:22,557.95,1255779,13,558.41,143580,243007,0.703907589567745,0
2023-07-28 10:59:22,558.0,1255779,94,558.41,143580,243007,0.7129320458442462,0
2023-07-28 10:59:22,558.0,1255779,94,558.41,143580,243007,0.7129320458442462,0
2023-07-28 10:59:22,558.0,1255779,94,558.41,143580,243007,0.7129320458442462,0
2023-07-28 10:59:25,558.0,1256549,39,558.41,145683,243458,0.7129320458442462,0
2023-07-28 10:59:25,558.0,1256549,259,558.41,145683,243458,0.7129320458442462,0
2023-07-28 10:59:25,558.0,1256549,1,558.41,145683,243458,0.7129320458442462,0
2023-07-28 10:59:30,558.0,1257281,88,558.41,145445,243383,0.7129320458442462,0
2023-07-28 10:59:31,557.95,1257405,7,558.41,145272,243670,0.703907589567745,0
2023-07-28 10:59:31,558.05,1257405,5,558.41,145272,243670,0.7219565021207472,0
2023-07-28 10:59:40,558.05,1257512,5,558.41,145780,243623,0.7219565021207472,0
2023-07-28 10:59:40,557.85,1257512,5,558.41,145780,243623,0.6858586770147223,0
2023-07-28 10:59:40,557.85,1257517,5,558.41,145851,242869,0.6858586770147223,0
2023-07-28 10:59:40,557.85,1257517,1,558.41,145851,242869,0.6858586770147223,0
2023-07-28 10:59:47,557.85,1257523,1,558.41,146096,242733,0.6858586770147223,0
2023-07-28 10:59:47,557.85,1257523,2,558.41,146096,242733,0.6858586770147223,0
2023-07-28 10:59:53,557.85,1257525,1,558.41,146105,242829,0.6858586770147223,0
2023-07-28 10:59:53,558.1,1257525,1,558.41,146105,242829,0.730980958397269,0
2023-07-28 10:59:55,558.1,1257527,1,558.41,145886,243066,0.730980958397269,0
2023-07-28 10:59:55,558.1,1257527,10,558.41,145886,243066,0.730980958397269,0
2023-07-28 10:59:55,558.0,1257527,1,558.41,145886,243066,0.7129320458442462,0
2023-07-28 11:00:01,558.0,1257538,1,558.41,145661,243489,0.7129320458442462,0
2023-07-28 11:00:01,558.1,1257538,1,558.41,145661,243489,0.730980958397269,0
2023-07-28 11:00:01,558.0,1257538,20,558.41,145661,243489,0.7129320458442462,0
2023-07-28 11:00:01,558.1,1257538,2,558.41,145661,243489,0.730980958397269,0
2023-07-28 11:00:07,558.1,1257562,1,558.41,145754,243407,0.730980958397269,0
2023-07-28 11:00:07,558.1,1257562,1,558.41,145754,243407,0.730980958397269,0
2023-07-28 11:00:07,558.1,1257562,2,558.41,145754,243407,0.730980958397269,0
2023-07-28 11:00:12,557.65,1258454,33,558.41,141212,246101,0.6497608519086766,0
2023-07-28 11:00:12,557.4,1258454,45,558.41,141212,246101,0.6046385705261299,0
2023-07-28 11:00:12,557.7,1258454,23,558.41,141212,246101,0.6587853081851983,0
2023-07-28 11:00:16,557.05,1258645,1,558.41,144481,245511,0.5414673765905604,0
2023-07-28 11:00:20,557.0,1258661,1,558.41,145660,245602,0.5324429203140594,0
2023-07-28 11:00:20,557.3,1258661,1,558.41,145660,245602,0.5865896579731071,0
2023-07-28 11:00:20,557.35,1258661,10,558.41,145660,245602,0.5956141142496288,0
2023-07-28 11:00:24,557.35,1258707,2,558.41,145946,245501,0.5956141142496288,0
2023-07-28 11:00:26,557.35,1258711,2,558.41,146412,245354,0.5956141142496288,0
2023-07-28 11:00:26,557.05,1258711,3,558.41,146412,245354,0.5414673765905604,0
2023-07-28 11:00:40,557.05,1258714,3,558.41,146979,245427,0.5414673765905604,0
2023-07-28 11:00:40,557.05,1258714,3,558.41,146966,245140,0.5414673765905604,0
2023-07-28 11:00:40,557.35,1258714,5,558.41,146966,245140,0.5956141142496288,0
2023-07-28 11:00:49,557.35,1258719,1,558.41,147015,245260,0.5956141142496288,0
2023-07-28 11:00:49,557.35,1258719,5,558.41,147015,245260,0.5956141142496288,0
2023-07-28 11:00:54,557.35,1258726,5,558.41,147085,245189,0.5956141142496288,0
2023-07-28 11:00:54,557.35,1258726,5,558.41,147318,244976,0.5956141142496288,0
2023-07-28 11:00:54,557.35,1258726,30,558.41,147318,244976,0.5956141142496288,0
2023-07-28 11:01:04,557.35,1258769,30,558.41,147988,245110,0.5956141142496288,0
2023-07-28 11:01:04,557.55,1258769,2,558.41,147988,245110,0.6317119393556538,0
2023-07-28 11:01:05,557.55,1258773,2,558.41,143678,241062,0.6317119393556538,0
2023-07-28 11:01:05,557.55,1258773,18,558.41,143678,241062,0.6317119393556538,0
2023-07-28 11:01:05,557.8,1258773,1,558.41,143678,241062,0.6768342207382005,0
2023-07-28 11:01:05,557.8,1258773,30,558.41,143678,241062,0.6768342207382005,0
2023-07-28 11:01:05,557.55,1258773,50,558.41,143678,241062,0.6317119393556538,0
2023-07-28 11:01:17,557.55,1258901,50,558.41,143233,240628,0.6317119393556538,0
2023-07-28 11:01:17,557.8,1258901,6,558.41,143233,240628,0.6768342207382005,0
2023-07-28 11:01:18,557.8,1258913,6,558.41,143574,239750,0.6768342207382005,0
2023-07-28 11:01:18,557.55,1258913,25,558.41,143574,239750,0.6317119393556538,0
2023-07-28 11:01:18,557.55,1258913,5,558.41,143574,239750,0.6317119393556538,0
2023-07-28 11:01:24,557.8,1258943,2,558.41,148836,244399,0.6768342207382005,0
2023-07-28 11:01:26,557.5,1258947,27,558.41,148912,244407,0.6226874830791528,0
2023-07-28 11:01:26,557.35,1258947,26,558.41,148912,244407,0.5956141142496288,0
2023-07-28 11:01:26,557.5,1258947,86,558.41,148912,244407,0.6226874830791528,0
2023-07-28 11:01:33,557.5,1261045,85,558.41,145342,246973,0.6226874830791528,0
2023-07-28 11:01:33,557.2,1261045,1,558.41,145342,246973,0.5685407454201049,0
2023-07-28 11:01:36,557.5,1261339,8,558.41,145375,245879,0.6226874830791528,0
2023-07-28 11:01:38,557.5,1261362,8,558.41,145476,245323,0.6226874830791528,0
2023-07-28 11:01:38,557.5,1261362,1,558.41,145476,245323,0.6226874830791528,0
2023-07-28 11:01:38,557.2,1261362,2,558.41,145476,245323,0.5685407454201049,0
2023-07-28 11:01:44,557.2,1261366,2,558.41,145587,245321,0.5685407454201049,0
2023-07-28 11:01:44,557.2,1261366,10,558.41,145587,245321,0.5685407454201049,0
2023-07-28 11:01:48,557.2,1261376,10,558.41,145490,245421,0.5685407454201049,0
2023-07-28 11:01:48,557.05,1261376,9,558.41,145490,245421,0.5414673765905604,0
2023-07-28 11:01:51,557.05,1261803,4,558.4,144511,248408,0.5414673765905604,0
2023-07-28 11:01:51,557.2,1261803,2,558.4,144511,248408,0.5685407454201049,0
2023-07-28 11:01:56,557.45,1264867,7,558.4,147371,245387,0.6136630268026516,0
2023-07-28 11:01:59,557.5,1265071,16,558.4,149174,245909,0.6226874830791528,0
2023-07-28 11:01:59,557.3,1265071,2,558.4,149174,245909,0.5865896579731071,0
2023-07-28 11:02:07,557.5,1265137,6,558.4,149659,246159,0.6226874830791528,0
2023-07-28 11:02:07,557.5,1265137,297,558.4,149659,246159,0.6226874830791528,0
2023-07-28 11:02:08,557.35,1265791,5,558.4,149679,245339,0.5956141142496288,0
2023-07-28 11:02:08,557.65,1265791,9,558.4,149679,245339,0.6497608519086766,0
2023-07-28 11:02:10,557.65,1265837,1,558.4,150430,245449,0.6497608519086766,0
2023-07-28 11:02:10,557.65,1265837,1,558.4,150336,245449,0.6497608519086766,0
2023-07-28 11:02:10,557.65,1265837,1,558.4,150385,245449,0.6497608519086766,0
2023-07-28 11:02:10,557.65,1265837,1,558.4,150385,245449,0.6497608519086766,0
2023-07-28 11:02:10,557.65,1265837,1,558.4,150432,245512,0.6497608519086766,0
2023-07-28 11:02:10,557.65,1265837,1,558.4,150572,245593,0.6497608519086766,0
2023-07-28 11:02:10,557.65,1265837,1,558.4,150572,245469,0.6497608519086766,0
2023-07-28 11:02:10,557.65,1265837,1,558.4,150572,245470,0.6497608519086766,0
2023-07-28 11:02:10,557.65,1265837,1,558.4,150572,245587,0.6497608519086766,0
2023-07-28 11:02:20,557.4,1265842,1,558.4,150548,245587,0.6046385705261299,0
2023-07-28 11:02:21,557.4,1265848,5,558.4,150542,245587,0.6046385705261299,0
2023-07-28 11:02:21,557.4,1265848,5,558.4,150542,245587,0.6046385705261299,0
2023-07-28 11:02:21,557.4,1265848,5,558.4,150430,245898,0.6046385705261299,0
2023-07-28 11:02:21,557.4,1265848,1,558.4,150430,245898,0.6046385705261299,0
2023-07-28 11:02:22,557.4,1265849,1,558.4,150429,245898,0.6046385705261299,0
2023-07-28 11:02:22,557.4,1265849,1,558.4,150429,245913,0.6046385705261299,0
2023-07-28 11:02:22,557.4,1265849,1,558.4,150429,245913,0.6046385705261299,0
2023-07-28 11:02:22,557.4,1265849,1,558.4,150429,245913,0.6046385705261299,0
2023-07-28 11:02:22,557.4,1265849,1,558.4,150429,245914,0.6046385705261299,0
2023-07-28 11:02:22,557.4,1265849,1,558.4,150429,245914,0.6046385705261299,0
2023-07-28 11:02:22,557.4,1265849,1,558.4,150429,245914,0.6046385705261299,0
2023-07-28 11:02:22,557.4,1265849,1,558.4,150293,247084,0.6046385705261299,0
2023-07-28 11:02:22,557.4,1265849,1,558.4,150293,247084,0.6046385705261299,0
2023-07-28 11:02:30,557.6,1265858,9,558.4,150294,246951,0.6407363956321755,0
2023-07-28 11:02:34,557.4,1265911,3,558.4,150240,246951,0.6046385705261299,0
2023-07-28 11:02:34,557.4,1265911,3,558.4,150240,246966,0.6046385705261299,0
2023-07-28 11:02:34,557.6,1265911,42,558.4,150240,246966,0.6407363956321755,0
2023-07-28 11:02:43,557.6,1266789,2,558.4,150215,246138,0.6407363956321755,0
2023-07-28 11:02:43,557.6,1266789,2,558.4,150374,246452,0.6407363956321755,0
2023-07-28 11:02:43,557.6,1266789,2,558.4,150550,246138,0.6407363956321755,0
2023-07-28 11:02:43,557.6,1266789,2,558.4,150032,245778,0.6407363956321755,0
2023-07-28 11:02:43,557.6,1266789,10,558.4,150032,245778,0.6407363956321755,0
2023-07-28 11:02:47,557.75,1267015,3,558.4,151260,245281,0.6678097644616995,0
2023-07-28 11:02:47,557.75,1267015,12,558.4,151260,245281,0.6678097644616995,0
2023-07-28 11:02:47,557.75,1267027,12,558.4,150566,245402,0.6678097644616995,0
2023-07-28 11:02:47,557.75,1267027,12,558.4,150686,245402,0.6678097644616995,0
2023-07-28 11:02:47,557.75,1267027,12,558.4,150512,245407,0.6678097644616995,0
2023-07-28 11:02:47,558.1,1267027,74,558.4,150512,245407,0.730980958397269,0
2023-07-28 11:02:52,557.8,1267102,4,558.4,149748,244986,0.6768342207382005,0
2023-07-28 11:02:52,558.1,1267102,46,558.4,149748,244986,0.730980958397269,0
2023-07-28 11:02:53,558.1,1267152,46,558.4,149929,245456,0.730980958397269,0
2023-07-28 11:02:54,557.8,1267155,3,558.4,149605,245157,0.6768342207382005,0
2023-07-28 11:02:54,557.8,1267155,3,558.4,149617,245160,0.6768342207382005,0
2023-07-28 11:02:54,557.8,1267155,1,558.4,149739,245366,0.6768342207382005,0
2023-07-28 11:02:58,557.8,1267156,1,558.4,149442,245334,0.6768342207382005,0
2023-07-28 11:02:58,557.8,1267156,1,558.4,149214,245019,0.6768342207382005,0
2023-07-28 11:03:00,558.0,1267166,10,558.4,149030,245146,0.7129320458442462,0
2023-07-28 11:03:00,558.0,1267166,10,558.4,149063,245200,0.7129320458442462,0
2023-07-28 11:03:00,558.0,1267166,10,558.4,149272,245503,0.7129320458442462,0
2023-07-28 11:03:00,558.0,1267166,65,558.4,149272,245503,0.7129320458442462,0
2023-07-28 11:03:09,557.8,1267231,3,558.4,149205,245217,0.6768342207382005,0
2023-07-28 11:03:09,558.0,1267231,223,558.4,149205,245217,0.7129320458442462,0
2023-07-28 11:03:09,558.0,1267231,40,558.4,149205,245217,0.7129320458442462,0
2023-07-28 11:03:17,558.0,1267509,14,558.4,149936,245312,0.7129320458442462,0
2023-07-28 11:03:18,558.0,1267523,1,558.4,150323,245333,0.7129320458442462,0
2023-07-28 11:03:22,558.0,1267524,1,558.4,150221,245412,0.7129320458442462,0
2023-07-28 11:03:22,558.0,1267524,1,558.4,150299,245412,0.7129320458442462,0
2023-07-28 11:03:22,558.0,1267524,25,558.4,150299,245412,0.7129320458442462,0
2023-07-28 11:03:33,558.0,1267549,1,558.4,150180,245288,0.7129320458442462,0
2023-07-28 11:03:33,558.0,1267549,15,558.4,150180,245288,0.7129320458442462,0
2023-07-28 11:03:33,558.0,1267549,124,558.4,150180,245288,0.7129320458442462,0
2023-07-28 11:03:36,557.9,1271547,3,558.4,147694,245540,0.6948831332912233,0
2023-07-28 11:03:36,557.9,1271547,8,558.4,147694,245540,0.6948831332912233,0
2023-07-28 11:03:40,557.9,1271986,22,558.4,148545,246345,0.6948831332912233,0
2023-07-28 11:03:40,557.9,1271986,390,558.4,148545,246345,0.6948831332912233,0
2023-07-28 11:03:40,557.85,1271986,5,558.4,148545,246345,0.6858586770147223,0
2023-07-28 11:03:46,557.85,1273618,82,558.4,146908,246541,0.6858586770147223,0
2023-07-28 11:03:46,557.85,1273618,1,558.4,146908,246541,0.6858586770147223,0
2023-07-28 11:03:49,557.9,1273701,4,558.4,148479,246010,0.6948831332912233,0
2023-07-28 11:03:51,557.9,1273705,4,558.4,148477,245728,0.6948831332912233,0
2023-07-28 11:03:51,557.9,1273705,4,558.4,148597,245778,0.6948831332912233,0
2023-07-28 11:03:51,557.9,1273705,4,558.4,148597,245778,0.6948831332912233,0
2023-07-28 11:03:51,557.85,1273705,50,558.4,148597,245778,0.6858586770147223,0
2023-07-28 11:04:06,557.85,1469084,50,558.34,147454,249136,0.6858586770147223,0
2023-07-28 11:04:06,557.7,1469084,22,558.34,147454,249136,0.6587853081851983,0
2023-07-28 11:04:06,557.7,1469084,11,558.34,147454,249136,0.6587853081851983,0
2023-07-28 11:04:10,557.7,1469936,11,558.34,147174,247043,0.6587853081851983,0
2023-07-28 11:04:10,557.7,1469936,11,558.34,147174,247043,0.6587853081851983,0
2023-07-28 11:04:12,557.45,1469947,1,558.34,146845,246567,0.6136630268026516,0
2023-07-28 11:04:12,557.45,1469947,136,558.34,146845,246567,0.6136630268026516,0
2023-07-28 11:04:17,557.2,1470116,8,558.34,146478,247447,0.5685407454201049,0
2023-07-28 11:04:17,557.2,1470116,2,558.34,146478,247447,0.5685407454201049,0
2023-07-28 11:04:24,557.15,1470126,1,558.34,146693,247354,0.5595162891435832,0
2023-07-28 11:04:24,557.15,1470126,134,558.34,146693,247354,0.5595162891435832,0
2023-07-28 11:04:27,557.05,1470265,6,558.34,147222,248773,0.5414673765905604,0
2023-07-28 11:04:27,557.05,1470265,12,558.34,147222,248773,0.5414673765905604,0
2023-07-28 11:04:33,557.05,1470283,1,558.34,147036,248754,0.5414673765905604,0
2023-07-28 11:04:33,556.95,1470283,117,558.34,147036,248754,0.5234184640375582,0
2023-07-28 11:04:36,556.95,1471284,8,558.34,146237,249352,0.5234184640375582,0
2023-07-28 11:04:36,556.5,1471284,49,558.34,146237,249352,0.4421983575489659,0
2023-07-28 11:04:36,556.5,1471284,36,558.34,146237,249352,0.4421983575489659,0
2023-07-28 11:04:42,556.5,1471383,5,558.34,145000,250152,0.4421983575489659,0
2023-07-28 11:04:42,556.5,1471383,5,558.34,145000,250152,0.4421983575489659,0
2023-07-28 11:04:42,556.5,1471383,16,558.34,145000,250152,0.4421983575489659,0
2023-07-28 11:04:42,556.5,1471383,110,558.34,145000,250152,0.4421983575489659,0
2023-07-28 11:04:46,556.5,1471540,1,558.34,146716,249784,0.4421983575489659,0
2023-07-28 11:04:46,556.5,1471540,10,558.34,146716,249784,0.4421983575489659,0
2023-07-28 11:04:49,556.5,1471558,1,558.34,146750,250051,0.4421983575489659,0
2023-07-28 11:04:49,556.5,1471558,15,558.34,146750,250051,0.4421983575489659,0
2023-07-28 11:04:54,556.5,1471574,1,558.34,146578,249884,0.4421983575489659,0
2023-07-28 11:04:56,556.5,1471575,1,558.34,147290,250046,0.4421983575489659,0
2023-07-28 11:04:56,556.85,1471575,192,558.34,147290,250046,0.5053695514845354,0
2023-07-28 11:05:04,556.85,1471775,192,558.34,147148,249787,0.5053695514845354,0
2023-07-28 11:05:04,556.85,1471775,26,558.34,147148,249787,0.5053695514845354,0
2023-07-28 11:05:04,556.85,1471775,9,558.34,147148,249787,0.5053695514845354,0
2023-07-28 11:05:07,556.5,1471849,4,558.34,147153,249828,0.4421983575489659,0
2023-07-28 11:05:08,556.75,1471854,5,558.34,148631,250118,0.4873206389315126,0
2023-07-28 11:05:08,556.75,1471854,5,558.34,148657,249752,0.4873206389315126,0
2023-07-28 11:05:11,556.35,1485714,110,558.33,145623,250468,0.415124988719442,0
2023-07-28 11:05:11,556.4,1486407,35,558.32,145802,250098,0.42414944499594315,0
2023-07-28 11:05:12,556.75,1486586,2,558.32,147679,249877,0.4873206389315126,0
2023-07-28 11:05:12,556.75,1486586,50,558.32,147679,249877,0.4873206389315126,0
2023-07-28 11:05:13,556.75,1486690,50,558.32,148107,249809,0.4873206389315126,0
2023-07-28 11:05:15,556.65,1488971,24,558.32,149774,248985,0.46927172637848985,0
2023-07-28 11:05:16,557.2,1489157,50,558.32,150830,248947,0.5685407454201049,0
2023-07-28 11:05:16,556.9,1489157,92,558.32,150830,248947,0.5143940077610365,0
2023-07-28 11:05:16,556.95,1489157,57,558.32,150830,248947,0.5234184640375582,0
2023-07-28 11:05:18,556.95,1490444,57,558.32,150521,249092,0.5234184640375582,0
2023-07-28 11:05:19,557.3,1491104,657,558.32,150717,248456,0.5865896579731071,0
2023-07-28 11:05:19,557.05,1491104,33,558.32,150717,248456,0.5414673765905604,0
2023-07-28 11:05:20,557.05,1491137,2,558.32,150579,248456,0.5414673765905604,0
2023-07-28 11:05:22,557.05,1491682,228,558.32,150942,247110,0.5414673765905604,0
2023-07-28 11:05:22,557.05,1491682,27,558.32,150942,247110,0.5414673765905604,0
2023-07-28 11:05:22,557.05,1491709,27,558.32,151636,246788,0.5414673765905604,0
2023-07-28 11:05:22,557.05,1491709,2,558.32,151636,246788,0.5414673765905604,0
2023-07-28 11:05:24,557.05,1491747,36,558.32,151578,247025,0.5414673765905604,0
2023-07-28 11:05:24,557.05,1491747,36,558.32,151578,247025,0.5414673765905604,0
2023-07-28 11:05:25,557.05,1491749,2,558.32,151559,246850,0.5414673765905604,0
2023-07-28 11:05:25,557.05,1491749,1,558.32,151559,246850,0.5414673765905604,0
2023-07-28 11:05:27,557.05,1491791,41,558.32,151517,247350,0.5414673765905604,0
2023-07-28 11:05:27,557.05,1491793,2,558.32,151448,247350,0.5414673765905604,0
2023-07-28 11:05:27,557.05,1491793,2,558.32,151548,247350,0.5414673765905604,0
2023-07-28 11:05:27,557.05,1491793,2,558.32,151566,247052,0.5414673765905604,0
2023-07-28 11:05:27,557.05,1491793,1,558.32,151566,247052,0.5414673765905604,0
2023-07-28 11:05:30,557.05,1491794,1,558.32,151505,246750,0.5414673765905604,0
2023-07-28 11:05:30,557.05,1491794,1,558.32,153450,248047,0.5414673765905604,0
2023-07-28 11:05:30,557.05,1491794,1,558.32,153622,248089,0.5414673765905604,0
2023-07-28 11:05:30,557.05,1491794,1,558.32,153777,248089,0.5414673765905604,0
2023-07-28 11:05:30,557.05,1491794,1,558.32,152899,248491,0.5414673765905604,0
2023-07-28 11:05:30,557.05,1491794,1,558.32,152999,248592,0.5414673765905604,0
2023-07-28 11:05:30,557.15,1491794,30,558.32,152999,248592,0.5595162891435832,0
2023-07-28 11:05:40,557.15,1491824,1,558.32,152979,248592,0.5595162891435832,0
2023-07-28 11:05:41,557.15,1491825,1,558.32,152978,248592,0.5595162891435832,0
2023-07-28 11:05:41,557.15,1491825,1,558.32,152978,248499,0.5595162891435832,0
2023-07-28 11:05:41,557.15,1491825,1,558.32,152978,248499,0.5595162891435832,0
2023-07-28 11:05:41,557.15,1491825,1,558.32,153551,248499,0.5595162891435832,0
2023-07-28 11:05:41,557.15,1491825,1,558.32,153551,247299,0.5595162891435832,0
2023-07-28 11:05:41,557.65,1491825,448,558.32,153551,247299,0.6497608519086766,0
2023-07-28 11:05:48,557.2,1492959,54,558.32,154021,246407,0.5685407454201049,0
2023-07-28 11:05:49,557.65,1493103,141,558.32,153555,246442,0.6497608519086766,0
2023-07-28 11:05:49,557.2,1493103,7,558.32,153555,246442,0.5685407454201049,0
2023-07-28 11:05:49,557.2,1493110,7,558.32,153548,246585,0.5685407454201049,0
2023-07-28 11:05:51,557.65,1493334,173,558.32,154179,246201,0.6497608519086766,0
2023-07-28 11:05:51,557.2,1493345,5,558.32,154186,246201,0.5685407454201049,0
2023-07-28 11:05:53,557.2,1493470,50,558.32,154131,246131,0.5685407454201049,0
2023-07-28 11:05:53,557.2,1493470,2,558.32,154131,246131,0.5685407454201049,0
2023-07-28 11:05:53,557.2,1493479,2,558.32,154122,246244,0.5685407454201049,0
2023-07-28 11:05:53,557.2,1493479,300,558.32,154122,246244,0.5685407454201049,0
2023-07-28 11:05:55,557.2,1493847,19,558.32,153282,247141,0.5685407454201049,0
2023-07-28 11:05:56,557.2,1497326,174,558.32,152069,246974,0.5685407454201049,0
2023-07-28 11:05:58,557.2,1497600,13,558.32,152072,246725,0.5685407454201049,0
2023-07-28 11:05:58,557.2,1497763,121,558.32,152361,247245,0.5685407454201049,0
2023-07-28 11:05:59,557.2,1497771,8,558.32,152269,247080,0.5685407454201049,0
2023-07-28 11:06:00,557.2,1497772,1,558.32,152388,246815,0.5685407454201049,0
2023-07-28 11:06:02,557.2,1497777,5,558.32,152195,247356,0.5685407454201049,0
2023-07-28 11:06:02,557.2,1497778,1,558.32,152287,247279,0.5685407454201049,0
2023-07-28 11:06:02,557.2,1497778,1,558.32,152542,247295,0.5685407454201049,0
2023-07-28 11:06:02,557.2,1497778,1,558.32,152424,247295,0.5685407454201049,0
2023-07-28 11:06:02,557.2,1497778,1,558.32,152424,247395,0.5685407454201049,0
2023-07-28 11:06:02,557.2,1497778,25,558.32,152355,247395,0.5685407454201049,0
2023-07-28 11:06:07,557.15,1500587,62,558.31,151078,248324,0.5595162891435832,0
2023-07-28 11:06:07,557.15,1500728,7,558.31,151354,248430,0.5595162891435832,0
2023-07-28 11:06:09,557.15,1501735,100,558.31,151219,247602,0.5595162891435832,0
2023-07-28 11:06:10,557.15,1501885,8,558.31,151094,247544,0.5595162891435832,0
2023-07-28 11:06:11,557.15,1501893,8,558.31,151086,247544,0.5595162891435832,0
2023-07-28 11:06:11,557.15,1501893,50,558.31,151086,247544,0.5595162891435832,0
2023-07-28 11:06:14,557.15,1501943,100,558.31,151036,247544,0.5595162891435832,0
2023-07-28 11:06:14,557.15,1502046,100,558.31,150933,247544,0.5595162891435832,0
2023-07-28 11:06:15,557.15,1502051,5,558.31,150928,247544,0.5595162891435832,0
2023-07-28 11:06:15,557.15,1502051,2,558.31,150928,247544,0.5595162891435832,0
2023-07-28 11:06:17,557.15,1502073,2,558.31,150231,247644,0.5595162891435832,0
2023-07-28 11:06:18,557.15,1502076,2,558.31,150253,247242,0.5595162891435832,0
2023-07-28 11:06:18,557.15,1502076,2,558.31,150253,247548,0.5595162891435832,0
2023-07-28 11:06:18,557.15,1502076,2,558.31,150253,247558,0.5595162891435832,0
2023-07-28 11:06:18,557.15,1502076,10,558.31,150453,247852,0.5595162891435832,0
2023-07-28 11:06:22,557.15,1502086,10,558.31,150443,247842,0.5595162891435832,0
2023-07-28 11:06:22,557.15,1502086,1,558.31,150443,247842,0.5595162891435832,0
2023-07-28 11:06:23,557.15,1502087,1,558.31,150742,247842,0.5595162891435832,0
2023-07-28 11:06:23,557.15,1502087,1,558.31,150742,248342,0.5595162891435832,0
2023-07-28 11:06:23,557.15,1502087,1,558.31,150742,248343,0.5595162891435832,0
2023-07-28 11:06:33,557.15,1502097,10,558.31,150732,248403,0.5595162891435832,0
2023-07-28 11:06:33,557.15,1502097,10,558.31,151121,248530,0.5595162891435832,0
2023-07-28 11:06:33,557.15,1502097,10,558.31,151121,248530,0.5595162891435832,0
2023-07-28 11:06:33,557.2,1502097,98,558.31,151121,248530,0.5685407454201049,0
2023-07-28 11:06:37,557.2,1502277,98,558.31,151125,247844,0.5685407454201049,0
2023-07-28 11:06:37,557.35,1502277,58,558.31,151125,247844,0.5956141142496288,0
2023-07-28 11:06:38,557.35,1502354,58,558.31,151286,247776,0.5956141142496288,0
2023-07-28 11:06:38,557.2,1502354,4,558.31,151286,247776,0.5685407454201049,0
2023-07-28 11:06:38,557.2,1502358,4,558.31,151306,247735,0.5685407454201049,0
2023-07-28 11:06:38,557.2,1502358,4,558.31,151306,247709,0.5685407454201049,0
2023-07-28 11:06:41,557.2,1502383,25,558.31,151373,247631,0.5685407454201049,0
2023-07-28 11:06:41,557.55,1502585,3,558.31,151516,247487,0.6317119393556538,0
2023-07-28 11:06:42,557.55,1502606,11,558.31,151523,247547,0.6317119393556538,0
2023-07-28 11:06:42,557.2,1502606,1,558.31,151523,247547,0.5685407454201049,0
2023-07-28 11:06:43,557.2,1502607,1,558.31,151240,247547,0.5685407454201049,0
2023-07-28 11:06:43,557.2,1502607,1,558.31,151240,247622,0.5685407454201049,0
2023-07-28 11:06:43,557.2,1502607,2,558.31,151240,247622,0.5685407454201049,0
2023-07-28 11:06:47,557.2,1502609,2,558.31,151238,247653,0.5685407454201049,0
2023-07-28 11:06:49,557.15,1504248,500,558.31,149226,249290,0.5595162891435832,0
2023-07-28 11:06:49,557.15,1504248,82,558.31,149226,249290,0.5595162891435832,0
2023-07-28 11:06:49,557.15,1504330,4,558.31,149471,249345,0.5595162891435832,0
2023-07-28 11:06:50,557.15,1504334,4,558.31,148339,249345,0.5595162891435832,0
2023-07-28 11:06:52,557.2,1504634,300,558.31,148339,249045,0.5685407454201049,0
2023-07-28 11:06:52,557.15,1504634,15,558.31,148339,249045,0.5595162891435832,0
2023-07-28 11:06:52,557.15,1504634,1,558.31,148339,249045,0.5595162891435832,0
2023-07-28 11:06:54,556.75,1510547,295,558.31,143847,249799,0.4873206389315126,0
2023-07-28 11:06:55,556.75,1510842,295,558.31,145329,249637,0.4873206389315126,0
2023-07-28 11:06:55,556.75,1510857,15,558.31,145314,249495,0.4873206389315126,0
2023-07-28 11:06:55,556.75,1510857,15,558.31,145400,249125,0.4873206389315126,0
2023-07-28 11:06:55,556.75,1510857,15,558.31,145467,249142,0.4873206389315126,0
2023-07-28 11:06:55,556.75,1510857,15,558.31,145467,249144,0.4873206389315126,0
2023-07-28 11:06:55,556.75,1510857,15,558.31,145467,249485,0.4873206389315126,0
2023-07-28 11:06:55,556.75,1510857,15,558.31,145436,249315,0.4873206389315126,0
2023-07-28 11:06:55,556.75,1510857,15,558.31,145615,249320,0.4873206389315126,0
2023-07-28 11:06:55,556.75,1510857,15,558.31,145591,249434,0.4873206389315126,0
2023-07-28 11:06:55,557.0,1510857,16,558.31,145591,249434,0.5324429203140594,0
2023-07-28 11:07:05,556.75,1510877,1,558.31,145591,249498,0.4873206389315126,0
2023-07-28 11:07:05,557.0,1510877,10,558.31,145591,249498,0.5324429203140594,0
2023-07-28 11:07:07,556.75,1510888,1,558.31,145489,248857,0.4873206389315126,0
2023-07-28 11:07:07,556.75,1510888,292,558.31,145489,248857,0.4873206389315126,0
2023-07-28 11:07:07,556.75,1510888,5,558.31,145489,248857,0.4873206389315126,0
2023-07-28 11:07:10,556.75,1511894,50,558.3,146224,249069,0.4873206389315126,0
2023-07-28 11:07:12,556.75,1511944,3,558.3,146279,249150,0.4873206389315126,0
2023-07-28 11:07:12,556.75,1511944,365,558.3,146279,249150,0.4873206389315126,0
2023-07-28 11:07:19,556.75,1512847,45,558.3,145966,248525,0.4873206389315126,0
2023-07-28 11:07:23,556.9,1512898,5,558.3,145898,248496,0.5143940077610365,0
2023-07-28 11:07:23,556.9,1512898,10,558.3,145898,248496,0.5143940077610365,0
2023-07-28 11:07:26,556.9,1513035,10,558.3,145837,248322,0.5143940077610365,0
2023-07-28 11:07:26,556.75,1513035,7,558.3,145837,248322,0.4873206389315126,0
2023-07-28 11:07:26,556.75,1513035,25,558.3,145837,248322,0.4873206389315126,0
2023-07-28 11:07:26,556.75,1513035,237,558.3,145837,248322,0.4873206389315126,0
2023-07-28 11:07:31,556.75,1513447,21,558.3,146314,248414,0.4873206389315126,0
2023-07-28 11:07:31,556.75,1513447,169,558.3,146314,248414,0.4873206389315126,0
2023-07-28 11:07:31,556.9,1513447,79,558.3,146314,248414,0.5143940077610365,0
2023-07-28 11:07:36,556.75,1514724,64,558.3,146353,247860,0.4873206389315126,0
2023-07-28 11:07:38,556.9,1514788,3,558.3,147175,247877,0.5143940077610365,0
2023-07-28 11:07:42,556.9,1514791,3,558.3,147412,247877,0.5143940077610365,0
2023-07-28 11:07:50,556.9,1514795,4,558.3,147379,247877,0.5143940077610365,0
2023-07-28 11:07:50,556.9,1514795,7,558.3,147379,247877,0.5143940077610365,0
2023-07-28 11:07:51,556.9,1514820,2,558.3,147433,247877,0.5143940077610365,0
2023-07-28 11:07:55,556.9,1514822,2,558.3,147313,247857,0.5143940077610365,0
2023-07-28 11:07:55,557.15,1514822,1,558.3,147707,248328,0.5595162891435832,0
2023-07-28 11:07:55,557.2,1514822,184,558.3,147707,248328,0.5685407454201049,0
2023-07-28 11:07:55,556.9,1514822,23,558.3,147707,248328,0.5143940077610365,0
2023-07-28 11:07:55,556.85,1514822,61,558.3,147707,248328,0.5053695514845354,0
2023-07-28 11:08:07,556.75,1519529,60,558.3,147231,250275,0.4873206389315126,0
2023-07-28 11:08:07,556.8,1519529,149,558.3,147231,250275,0.49634509520801373,0
2023-07-28 11:08:07,556.8,1519529,72,558.3,147231,250275,0.49634509520801373,0
2023-07-28 11:08:13,556.8,1520218,72,558.3,146554,250185,0.49634509520801373,0
2023-07-28 11:08:13,556.75,1520218,16,558.3,146554,250185,0.4873206389315126,0
2023-07-28 11:08:13,556.75,1520253,2,558.3,146321,250073,0.4873206389315126,0
2023-07-28 11:08:13,556.9,1520253,100,558.3,146321,250073,0.5143940077610365,0
2023-07-28 11:08:20,556.75,1520355,5,558.3,147575,249684,0.4873206389315126,0
2023-07-28 11:08:20,556.75,1520355,5,558.3,147575,249684,0.4873206389315126,0
2023-07-28 11:08:20,556.75,1520355,5,558.3,147575,249684,0.4873206389315126,0
2023-07-28 11:08:20,556.75,1520355,5,558.3,147575,249684,0.4873206389315126,0
2023-07-28 11:08:20,556.75,1520355,5,558.3,147575,249684,0.4873206389315126,0
2023-07-28 11:08:20,556.75,1520355,5,558.3,147575,249684,0.4873206389315126,0
2023-07-28 11:08:20,556.9,1520355,100,558.3,147575,249684,0.5143940077610365,0
2023-07-28 11:08:27,556.75,1520460,6,558.3,147701,249604,0.4873206389315126,0
2023-07-28 11:08:27,556.75,1520466,6,558.3,147640,249296,0.4873206389315126,0
2023-07-28 11:08:27,556.8,1520466,10,558.3,147640,249296,0.49634509520801373,0
2023-07-28 11:08:27,556.75,1520466,216,558.3,147640,249296,0.4873206389315126,0
2023-07-28 11:08:35,556.45,1520692,33,558.3,147862,249626,0.4331739012724648,0
2023-07-28 11:08:35,556.6,1520692,134,558.3,147862,249626,0.4602472701019887,0
2023-07-28 11:08:35,556.75,1520692,10,558.3,147862,249626,0.4873206389315126,0
2023-07-28 11:08:35,556.5,1520692,35,558.3,147862,249626,0.4421983575489659,0
2023-07-28 11:08:39,556.5,1523361,22,558.29,144900,250416,0.4421983575489659,0
2023-07-28 11:08:39,556.7,1523361,10,558.29,144900,250416,0.4782961826550115,0
2023-07-28 11:08:44,556.5,1523505,7,558.29,145772,250605,0.4421983575489659,0
2023-07-28 11:08:44,556.5,1523505,377,558.29,145772,250605,0.4421983575489659,0
2023-07-28 11:08:49,556.5,1523889,377,558.29,145601,250437,0.4421983575489659,0
2023-07-28 11:08:49,556.5,1523889,19,558.29,145601,250437,0.4421983575489659,0
2023-07-28 11:08:49,556.45,1523889,3,558.29,145601,250437,0.4331739012724648,0
2023-07-28 11:08:49,556.75,1523889,1,558.29,145601,250437,0.4873206389315126,0
2023-07-28 11:08:53,556.45,1524209,16,558.29,145790,251723,0.4331739012724648,0
2023-07-28 11:08:53,556.75,1524209,656,558.29,145790,251723,0.4873206389315126,0
2023-07-28 11:08:57,556.7,1525441,1,558.29,145975,248056,0.4782961826550115,0
2023-07-28 11:08:57,556.6,1525441,61,558.29,145975,248056,0.4602472701019887,0
2023-07-28 11:08:57,556.6,1525441,130,558.29,145975,248056,0.4602472701019887,0
2023-07-28 11:09:00,556.6,1525632,10,558.29,147500,249282,0.4602472701019887,0
2023-07-28 11:09:01,556.6,1525642,10,558.29,148088,249262,0.4602472701019887,0
2023-07-28 11:09:01,556.6,1525642,10,558.29,148088,249262,0.4602472701019887,0
2023-07-28 11:09:01,556.6,1525642,10,558.29,148091,249262,0.4602472701019887,0
2023-07-28 11:09:01,556.6,1525642,10,558.29,148091,249262,0.4602472701019887,0
2023-07-28 11:09:01,556.6,1525642,10,558.29,148122,249262,0.4602472701019887,0
2023-07-28 11:09:01,556.6,1525642,10,558.29,148756,249262,0.4602472701019887,0
2023-07-28 11:09:01,556.6,1525642,10,558.29,148757,249178,0.4602472701019887,0
2023-07-28 11:09:01,556.6,1525642,10,558.29,148852,249178,0.4602472701019887,0
2023-07-28 11:09:01,556.6,1525642,10,558.29,148894,249338,0.4602472701019887,0
2023-07-28 11:09:01,556.6,1525642,10,558.29,148894,249289,0.4602472701019887,0
2023-07-28 11:09:01,556.6,1525642,10,558.29,149789,250205,0.4602472701019887,0
2023-07-28 11:09:01,556.6,1525642,10,558.29,150253,250867,0.4602472701019887,0
2023-07-28 11:09:01,557.0,1525642,13,558.29,150546,250744,0.5324429203140594,0
2023-07-28 11:09:17,556.7,1525656,1,558.29,150347,250533,0.4782961826550115,0
2023-07-28 11:09:18,556.7,1525657,1,558.29,150459,250794,0.4782961826550115,0
2023-07-28 11:09:18,557.0,1525657,25,558.29,150459,250794,0.5324429203140594,0
2023-07-28 11:09:20,556.65,1525682,1,558.29,150073,250831,0.46927172637848985,0
2023-07-28 11:09:21,556.65,1525683,1,558.29,150149,250487,0.46927172637848985,0
2023-07-28 11:09:21,556.65,1525683,1,558.29,150158,250580,0.46927172637848985,0
2023-07-28 11:09:21,556.65,1525683,1,558.29,150037,250859,0.46927172637848985,0
2023-07-28 11:09:25,556.95,1525783,19,558.29,150046,250650,0.5234184640375582,0
2023-07-28 11:09:26,556.65,1525789,1,558.29,149933,250646,0.46927172637848985,0
2023-07-28 11:09:26,556.65,1525789,1,558.29,149933,250646,0.46927172637848985,0
2023-07-28 11:09:26,556.65,1525789,1,558.29,149915,250687,0.46927172637848985,0
2023-07-28 11:09:28,557.0,1525791,2,558.29,150083,250637,0.5324429203140594,0
2023-07-28 11:09:28,557.0,1525791,2,558.29,150575,250989,0.5324429203140594,0
2023-07-28 11:09:31,556.7,1525801,10,558.29,150501,251104,0.4782961826550115,0
2023-07-28 11:09:31,556.7,1525801,10,558.29,150737,251104,0.4782961826550115,0
2023-07-28 11:09:31,556.7,1525801,10,558.29,150967,251250,0.4782961826550115,0
2023-07-28 11:09:31,556.7,1525801,10,558.29,150608,251593,0.4782961826550115,0
2023-07-28 11:09:31,556.7,1525801,10,558.29,151011,251531,0.4782961826550115,0
2023-07-28 11:09:31,556.7,1525801,10,558.29,151011,251531,0.4782961826550115,0
2023-07-28 11:09:31,557.0,1525801,41,558.29,151011,251531,0.5324429203140594,0
2023-07-28 11:09:36,556.7,1525872,4,558.29,150946,251247,0.4782961826550115,0
2023-07-28 11:09:37,556.7,1525876,4,558.29,151028,251297,0.4782961826550115,0
2023-07-28 11:09:37,556.7,1525876,4,558.29,151166,251043,0.4782961826550115,0
2023-07-28 11:09:37,556.7,1525876,4,558.29,151033,251356,0.4782961826550115,0
2023-07-28 11:09:37,556.7,1525876,4,558.29,151033,251356,0.4782961826550115,0
2023-07-28 11:09:37,556.7,1525876,4,558.29,151050,251064,0.4782961826550115,0
2023-07-28 11:09:44,557.0,1525877,1,558.29,151050,251159,0.5324429203140594,0
2023-07-28 11:09:44,557.0,1525877,1,558.29,150897,251261,0.5324429203140594,0
2023-07-28 11:09:47,556.85,1526215,16,558.29,150855,251241,0.5053695514845354,0
2023-07-28 11:09:47,556.85,1526216,1,558.29,151773,251336,0.5053695514845354,0
2023-07-28 11:09:47,556.85,1526216,1,558.29,150978,251418,0.5053695514845354,0
2023-07-28 11:09:47,556.85,1526216,1,558.29,150978,251420,0.5053695514845354,0
2023-07-28 11:09:47,556.85,1526216,1,558.29,150978,251489,0.5053695514845354,0
2023-07-28 11:09:47,556.85,1526216,1,558.29,151200,251420,0.5053695514845354,0
2023-07-28 11:09:47,556.85,1526216,1,558.29,150295,251378,0.5053695514845354,0
2023-07-28 11:09:47,556.85,1526216,1,558.29,150290,251105,0.5053695514845354,0
2023-07-28 11:09:47,556.85,1526216,1,558.29,150383,251038,0.5053695514845354,0
2023-07-28 11:09:47,556.85,1526216,1,558.29,150518,251107,0.5053695514845354,0
2023-07-28 11:09:47,556.85,1526216,1,558.29,150423,250936,0.5053695514845354,0
2023-07-28 11:09:47,556.85,1526216,1,558.29,150672,250891,0.5053695514845354,0
2023-07-28 11:09:59,556.85,1526222,6,558.29,150489,251019,0.5053695514845354,0
2023-07-28 11:10:00,556.85,1526232,10,558.29,150524,251220,0.5053695514845354,0
2023-07-28 11:10:00,556.85,1526232,1,558.29,150524,251220,0.5053695514845354,0
2023-07-28 11:10:01,556.85,1526233,1,558.29,150531,251220,0.5053695514845354,0
2023-07-28 11:10:03,556.85,1526278,45,558.29,150513,251037,0.5053695514845354,0
2023-07-28 11:10:03,556.85,1526278,2,558.29,150513,251037,0.5053695514845354,0
2023-07-28 11:10:03,556.85,1526280,2,558.29,150459,251037,0.5053695514845354,0
2023-07-28 11:10:03,556.85,1526280,20,558.29,150459,251037,0.5053695514845354,0
2023-07-28 11:10:05,556.85,1526301,1,558.29,150438,251037,0.5053695514845354,0
2023-07-28 11:10:05,556.85,1526301,1,558.29,150475,251389,0.5053695514845354,0
2023-07-28 11:10:05,556.85,1526301,1,558.29,150475,251389,0.5053695514845354,0
2023-07-28 11:10:05,556.85,1526301,1,558.29,150454,251389,0.5053695514845354,0
2023-07-28 11:10:05,556.85,1526301,1,558.29,150756,251434,0.5053695514845354,0
2023-07-28 11:10:11,556.9,1526626,16,558.29,151049,251522,0.5143940077610365,0
2023-07-28 11:10:11,556.9,1526642,1,558.29,151173,251522,0.5143940077610365,0
2023-07-28 11:10:12,557.0,1526645,2,558.29,151172,251658,0.5324429203140594,0
2023-07-28 11:10:13,556.9,1526655,10,558.29,151193,251648,0.5143940077610365,0
2023-07-28 11:10:13,556.9,1526655,1,558.29,151193,251648,0.5143940077610365,0
2023-07-28 11:10:14,556.9,1526656,1,558.29,150900,251520,0.5143940077610365,0
2023-07-28 11:10:14,557.0,1526656,1,558.29,150900,251520,0.5324429203140594,0
2023-07-28 11:10:15,557.0,1526657,1,558.29,150900,251519,0.5324429203140594,0
2023-07-28 11:10:15,557.0,1526657,1,558.29,150900,251647,0.5324429203140594,0
2023-07-28 11:10:15,557.0,1526657,10,558.29,150900,251647,0.5324429203140594,0
2023-07-28 11:10:23,556.9,1528098,68,558.29,150884,250591,0.5143940077610365,0
2023-07-28 11:10:24,556.9,1528170,230,558.29,150077,250591,0.5143940077610365,0
2023-07-28 11:10:25,557.0,1528677,100,558.29,150525,250452,0.5324429203140594,0
2023-07-28 11:10:25,556.9,1528677,25,558.29,150525,250452,0.5143940077610365,0
2023-07-28 11:10:26,556.9,1528702,25,558.29,150168,250556,0.5143940077610365,0
2023-07-28 11:10:27,556.9,1528703,1,558.29,150195,250556,0.5143940077610365,0
2023-07-28 11:10:27,556.9,1528703,1,558.29,150195,250606,0.5143940077610365,0
2023-07-28 11:10:27,557.0,1528703,94,558.29,150324,250611,0.5324429203140594,0
2023-07-28 11:10:30,556.9,1530130,72,558.29,150611,250358,0.5143940077610365,0
2023-07-28 11:10:31,556.9,1530202,3,558.29,150511,250618,0.5143940077610365,0
2023-07-28 11:10:32,556.9,1530205,3,558.29,150982,250522,0.5143940077610365,0
2023-07-28 11:10:33,557.0,1531564,161,558.28,150826,249824,0.5324429203140594,0
2023-07-28 11:10:33,556.9,1531564,68,558.28,150826,249824,0.5143940077610365,0
2023-07-28 11:10:34,556.9,1531632,68,558.28,150164,250153,0.5143940077610365,0
2023-07-28 11:10:34,556.9,1531632,4,558.28,150164,250153,0.5143940077610365,0
2023-07-28 11:10:35,556.9,1531636,4,558.28,150565,250659,0.5143940077610365,0
2023-07-28 11:10:35,556.9,1531636,4,558.28,150512,250768,0.5143940077610365,0
2023-07-28 11:10:38,557.0,1531645,9,558.28,150512,250792,0.5324429203140594,0
2023-07-28 11:10:38,557.0,1531645,9,558.28,150681,251979,0.5324429203140594,0
2023-07-28 11:10:40,556.9,1531773,7,558.28,150716,252600,0.5143940077610365,0
2023-07-28 11:10:40,556.9,1531780,7,558.28,150601,252668,0.5143940077610365,0
2023-07-28 11:10:40,556.9,1531780,101,558.28,150601,252668,0.5143940077610365,0
2023-07-28 11:10:42,556.9,1531881,1,558.28,150403,252668,0.5143940077610365,0
2023-07-28 11:10:43,557.0,1531886,25,558.28,150398,252668,0.5324429203140594,0
2023-07-28 11:10:44,556.9,1531911,2,558.28,150398,252684,0.5143940077610365,0
2023-07-28 11:10:45,556.9,1531914,1,558.28,150316,252684,0.5143940077610365,0
2023-07-28 11:10:45,557.0,1531914,4,558.28,150316,252684,0.5324429203140594,0
2023-07-28 11:10:49,557.0,1531918,4,558.28,150603,252606,0.5324429203140594,0
2023-07-28 11:10:49,557.0,1531918,4,558.28,150739,253265,0.5324429203140594,0
2023-07-28 11:10:49,557.0,1531918,4,558.28,150739,253636,0.5324429203140594,0
2023-07-28 11:10:49,556.35,1531918,7,558.28,150832,253383,0.415124988719442,0
2023-07-28 11:10:53,556.35,1538518,318,558.28,146079,255005,0.415124988719442,0
2023-07-28 11:10:53,556.4,1538848,17,558.28,145816,255058,0.42414944499594315,0
2023-07-28 11:10:55,556.65,1538867,2,558.28,145862,253851,0.46927172637848985,0
2023-07-28 11:10:55,556.45,1538867,1,558.28,145862,253851,0.4331739012724648,0
2023-07-28 11:10:55,556.45,1538868,1,558.28,142600,254605,0.4331739012724648,0
2023-07-28 11:10:55,556.45,1538868,1,558.28,142554,254076,0.4331739012724648,0
2023-07-28 11:10:55,556.3,1538868,1,558.28,142554,254076,0.4061005324429203,0
2023-07-28 11:10:58,556.3,1538945,3,558.28,144818,254014,0.4061005324429203,0
2023-07-28 11:10:59,556.3,1538949,1,558.28,144905,254090,0.4061005324429203,0
2023-07-28 11:10:59,556.3,1538950,1,558.28,144904,254200,0.4061005324429203,0
2023-07-28 11:10:59,556.3,1538950,1,558.28,144904,256503,0.4061005324429203,0
2023-07-28 11:11:03,556.3,1538951,1,558.28,144903,256503,0.4061005324429203,0
2023-07-28 11:11:03,556.3,1538951,1,558.28,144903,256518,0.4061005324429203,0
2023-07-28 11:11:05,556.6,1538953,2,558.28,145036,256322,0.4602472701019887,0
2023-07-28 11:11:05,556.6,1538953,2,558.28,145248,256436,0.4602472701019887,0
2023-07-28 11:11:05,556.6,1538953,2,558.28,145341,256388,0.4602472701019887,0
2023-07-28 11:11:05,556.6,1538953,2,558.28,145554,256388,0.4602472701019887,0
2023-07-28 11:11:05,557.0,1538953,500,558.28,145554,256389,0.5324429203140594,0
2023-07-28 11:11:09,557.0,1589454,76,558.24,148501,248607,0.5324429203140594,0
2023-07-28 11:11:10,556.95,1589470,16,558.24,148310,248460,0.5234184640375582,0
2023-07-28 11:11:10,557.0,1589470,190,558.24,148310,248460,0.5324429203140594,0
2023-07-28 11:11:11,557.0,1592301,190,558.23,150567,248508,0.5324429203140594,0
2023-07-28 11:11:11,557.0,1592301,158,558.23,150567,248508,0.5324429203140594,0
2023-07-28 11:11:11,557.0,1592301,500,558.23,150567,248508,0.5324429203140594,0
2023-07-28 11:11:12,557.0,1593101,500,558.23,150471,248740,0.5324429203140594,0
2023-07-28 11:11:14,557.0,1594141,500,558.23,151562,248700,0.5324429203140594,0
2023-07-28 11:11:14,557.0,1594891,198,558.23,150551,248712,0.5324429203140594,0
2023-07-28 11:11:15,557.0,1595428,500,558.23,150597,248579,0.5324429203140594,0
2023-07-28 11:11:15,557.0,1595428,500,558.23,150597,248579,0.5324429203140594,0
2023-07-28 11:11:18,556.95,1596508,27,558.23,150919,248778,0.5234184640375582,0
2023-07-28 11:11:18,557.0,1596508,500,558.23,150919,248778,0.5324429203140594,0
2023-07-28 11:11:18,557.0,1597009,500,558.23,150953,248782,0.5324429203140594,0
2023-07-28 11:11:18,557.0,1597009,500,558.23,150953,248782,0.5324429203140594,0
2023-07-28 11:11:21,557.0,1599534,370,558.23,150934,249109,0.5324429203140594,0
2023-07-28 11:11:22,557.0,1600160,500,558.23,150623,248905,0.5324429203140594,0
2023-07-28 11:11:22,557.0,1600160,500,558.23,150623,248905,0.5324429203140594,0
2023-07-28 11:11:23,557.0,1600691,500,558.23,151090,248638,0.5324429203140594,0
2023-07-28 11:11:24,556.95,1601769,51,558.23,151227,248741,0.5234184640375582,0
2023-07-28 11:11:24,557.0,1601769,500,558.23,151227,248741,0.5324429203140594,0
2023-07-28 11:11:24,557.0,1601769,500,558.23,151227,248741,0.5324429203140594,0
2023-07-28 11:11:26,557.0,1603272,490,558.23,151521,248872,0.5324429203140594,0
2023-07-28 11:11:27,557.0,1603848,500,558.23,151400,249039,0.5324429203140594,0
2023-07-28 11:11:28,557.0,1604376,500,558.22,150987,249008,0.5324429203140594,0
2023-07-28 11:11:28,557.0,1604376,500,558.22,150987,249008,0.5324429203140594,0
2023-07-28 11:11:29,557.0,1604903,500,558.22,151203,249010,0.5324429203140594,0
2023-07-28 11:11:30,557.0,1609102,100,558.22,148983,247979,0.5324429203140594,0
2023-07-28 11:11:31,557.0,1609712,359,558.22,149442,249263,0.5324429203140594,0
2023-07-28 11:11:32,557.0,1610777,34,558.22,150212,249572,0.5324429203140594,0
2023-07-28 11:11:32,556.95,1610930,7,558.22,149767,249642,0.5234184640375582,0
2023-07-28 11:11:33,556.95,1611303,19,558.22,151119,248987,0.5234184640375582,0
2023-07-28 11:11:34,556.95,1611822,26,558.22,150962,249141,0.5234184640375582,0
2023-07-28 11:11:35,556.95,1612348,26,558.22,151407,248807,0.5234184640375582,0
2023-07-28 11:11:37,557.0,1613405,30,558.22,150948,249038,0.5324429203140594,0
2023-07-28 11:11:38,557.0,1613958,500,558.22,150656,249072,0.5324429203140594,0
2023-07-28 11:11:39,557.0,1614486,500,558.22,150804,249564,0.5324429203140594,0
2023-07-28 11:11:39,556.95,1614486,27,558.22,150804,249564,0.5234184640375582,0
2023-07-28 11:11:40,556.95,1616233,61,558.22,150568,249664,0.5234184640375582,0
2023-07-28 11:11:41,557.0,1616794,500,558.22,150276,249349,0.5324429203140594,0
2023-07-28 11:11:42,556.95,1617322,26,558.22,150247,249348,0.5234184640375582,0
2023-07-28 11:11:44,556.95,1618393,54,558.21,150900,249235,0.5234184640375582,0
2023-07-28 11:11:44,556.95,1618947,27,558.21,150842,249236,0.5234184640375582,0
2023-07-28 11:11:45,557.0,1619474,500,558.21,150872,249463,0.5324429203140594,0
2023-07-28 11:11:46,556.95,1621895,808,558.21,150756,249637,0.5234184640375582,0
2023-07-28 11:11:47,556.95,1622016,121,558.21,149945,249469,0.5234184640375582,0
2023-07-28 11:11:48,556.9,1622022,6,558.21,150104,249675,0.5143940077610365,0
2023-07-28 11:11:48,556.9,1622022,6,558.21,150142,249675,0.5143940077610365,0
2023-07-28 11:11:50,557.0,1622042,20,558.21,150142,249655,0.5324429203140594,0
2023-07-28 11:11:50,556.9,1622042,1,558.21,150142,249655,0.5143940077610365,0
2023-07-28 11:11:51,556.9,1622043,1,558.21,150141,249655,0.5143940077610365,0
2023-07-28 11:11:51,556.9,1622043,4,558.21,150141,249496,0.5143940077610365,0
2023-07-28 11:11:54,556.9,1622047,2,558.21,150137,249496,0.5143940077610365,0
2023-07-28 11:11:55,556.9,1622049,2,558.21,150135,249496,0.5143940077610365,0
2023-07-28 11:11:57,556.9,1622054,5,558.21,150130,249702,0.5143940077610365,0
2023-07-28 11:11:59,557.0,1622055,1,558.21,150130,249701,0.5324429203140594,0
2023-07-28 11:11:59,557.0,1622055,1,558.21,150130,249701,0.5324429203140594,0
2023-07-28 11:11:59,557.0,1622055,1,558.21,150130,249700,0.5324429203140594,0
2023-07-28 11:12:06,556.9,1622059,4,558.21,150066,249694,0.5143940077610365,0
2023-07-28 11:12:06,557.0,1622059,10,558.21,150066,249694,0.5324429203140594,0
2023-07-28 11:12:07,557.0,1622069,10,558.21,150066,249684,0.5324429203140594,0
2023-07-28 11:12:08,556.9,1622070,1,558.21,150065,249684,0.5143940077610365,0
2023-07-28 11:12:08,557.0,1622070,25,558.21,150065,249684,0.5324429203140594,0
2023-07-28 11:12:09,557.1,1622105,81,558.21,150055,249659,0.5504918328670821,0
2023-07-28 11:12:10,556.9,1622207,5,558.21,149960,249343,0.5143940077610365,0
2023-07-28 11:12:11,556.9,1622217,5,558.21,149950,249343,0.5143940077610365,0
2023-07-28 11:12:12,556.9,1622223,5,558.21,149945,249342,0.5143940077610365,0
2023-07-28 11:12:13,556.9,1622229,5,558.21,149686,249511,0.5143940077610365,0
2023-07-28 11:12:14,557.0,1622279,46,558.21,150579,246631,0.5324429203140594,0
2023-07-28 11:12:14,557.0,1622279,2,558.21,150579,246631,0.5324429203140594,0
2023-07-28 11:12:14,557.0,1622281,2,558.21,150763,246763,0.5324429203140594,0
2023-07-28 11:12:16,557.0,1622283,1,558.21,150944,246639,0.5324429203140594,0
2023-07-28 11:12:16,557.0,1622283,1,558.21,150944,246639,0.5324429203140594,0
2023-07-28 11:12:17,557.45,1623938,1,558.21,153227,245285,0.6136630268026516,0
2023-07-28 11:12:18,557.45,1624022,1,558.21,152949,245439,0.6136630268026516,0
2023-07-28 11:12:19,557.45,1624027,1,558.21,151459,245465,0.6136630268026516,0
2023-07-28 11:12:20,557.45,1624028,1,558.21,151458,245337,0.6136630268026516,0
2023-07-28 11:12:20,557.45,1624028,1,558.21,151499,245431,0.6136630268026516,0
2023-07-28 11:12:20,557.45,1624028,1,558.21,151499,245431,0.6136630268026516,0
2023-07-28 11:12:22,557.45,1624029,1,558.21,151104,245450,0.6136630268026516,0
2023-07-28 11:12:22,557.45,1624029,1,558.21,151198,245450,0.6136630268026516,0
2023-07-28 11:12:22,557.45,1624029,8,558.21,151198,245450,0.6136630268026516,0
2023-07-28 11:12:24,557.45,1624037,8,558.21,151232,245450,0.6136630268026516,0
2023-07-28 11:12:27,557.85,1627671,1,558.21,150842,243422,0.6858586770147223,0
2023-07-28 11:12:27,557.9,1627853,8,558.21,150849,241950,0.6948831332912233,0
2023-07-28 11:12:28,557.9,1627861,8,558.21,150027,242044,0.6948831332912233,0
2023-07-28 11:12:28,557.9,1627861,1,558.21,150027,242044,0.6948831332912233,0
2023-07-28 11:12:30,557.75,1627863,1,558.21,151003,241722,0.6678097644616995,0
2023-07-28 11:12:31,557.8,1627963,5,558.21,150879,243567,0.6768342207382005,0
2023-07-28 11:12:32,557.85,1628019,68,558.21,150925,243871,0.6858586770147223,0
2023-07-28 11:12:32,557.85,1628427,17,558.21,151030,243817,0.6858586770147223,0
2023-07-28 11:12:34,557.85,1634355,316,558.21,149432,245552,0.6858586770147223,0
2023-07-28 11:12:35,557.8,1636829,209,558.21,149671,245766,0.6768342207382005,0
2023-07-28 11:12:35,557.65,1641502,48,558.21,143940,246636,0.6497608519086766,0
2023-07-28 11:12:36,557.55,1641659,9,558.21,144084,245440,0.6317119393556538,0
2023-07-28 11:12:36,557.2,1641676,1,558.21,145208,245682,0.5685407454201049,0
2023-07-28 11:12:38,557.2,1641677,1,558.21,144325,246063,0.5685407454201049,0
2023-07-28 11:12:38,557.2,1641677,1,558.21,144173,246192,0.5685407454201049,0
2023-07-28 11:12:40,557.05,1641914,12,558.21,144306,246327,0.5414673765905604,0
2023-07-28 11:12:40,557.1,1641914,8,558.21,144306,246327,0.5504918328670821,0
2023-07-28 11:12:41,557.05,1642102,9,558.21,145292,245734,0.5414673765905604,0
2023-07-28 11:12:42,557.1,1642111,1,558.21,145423,245787,0.5504918328670821,0
2023-07-28 11:12:44,557.45,1642117,2,558.21,143659,245780,0.6136630268026516,0
2023-07-28 11:12:44,557.45,1642117,2,558.21,145398,245934,0.6136630268026516,0
2023-07-28 11:12:44,557.45,1642117,15,558.21,145398,245934,0.6136630268026516,0
2023-07-28 11:12:46,557.0,1642132,1,558.21,144427,246896,0.5324429203140594,0
2023-07-28 11:12:47,556.75,1642593,23,558.21,145060,252120,0.4873206389315126,0
2023-07-28 11:12:48,556.75,1642616,1,558.21,145359,251604,0.4873206389315126,0
2023-07-28 11:12:49,556.75,1642617,1,558.21,145439,251672,0.4873206389315126,0
2023-07-28 11:12:51,557.1,1642620,3,558.21,145629,251654,0.5504918328670821,0
2023-07-28 11:12:51,557.1,1642620,3,558.21,145580,251748,0.5504918328670821,0
2023-07-28 11:12:53,557.1,1642621,1,558.21,145629,251598,0.5504918328670821,0
2023-07-28 11:12:53,557.1,1642621,1,558.21,145397,251491,0.5504918328670821,0
2023-07-28 11:12:53,557.1,1642621,1,558.21,145397,251353,0.5504918328670821,0
2023-07-28 11:12:59,556.6,1643480,105,558.21,144470,250856,0.4602472701019887,0
2023-07-28 11:12:59,556.6,1643523,12,558.21,144275,251012,0.4602472701019887,0
2023-07-28 11:13:00,556.95,1643528,3,558.2,144273,250909,0.5234184640375582,0
2023-07-28 11:13:01,556.65,1643529,1,558.2,144332,250949,0.46927172637848985,0
2023-07-28 11:13:03,556.95,1643535,6,558.2,144327,250900,0.5234184640375582,0
2023-07-28 11:13:03,556.95,1643535,6,558.2,144367,250878,0.5234184640375582,0
2023-07-28 11:13:03,556.95,1643535,6,558.2,144387,250830,0.5234184640375582,0
2023-07-28 11:13:03,556.95,1643535,6,558.2,143945,251279,0.5234184640375582,0
2023-07-28 11:13:03,556.95,1643535,1,558.2,143948,251447,0.5234184640375582,0
2023-07-28 11:13:08,556.95,1643536,1,558.2,144096,251446,0.5234184640375582,0
2023-07-28 11:13:08,556.95,1643536,1,558.2,144097,251390,0.5234184640375582,0
2023-07-28 11:13:08,556.95,1643536,1,558.2,144097,251323,0.5234184640375582,0
2023-07-28 11:13:08,556.95,1643536,1,558.2,144097,251286,0.5234184640375582,0
2023-07-28 11:13:08,556.95,1643536,1,558.2,144260,251286,0.5234184640375582,0
2023-07-28 11:13:15,556.95,1643537,2,558.2,144260,251285,0.5234184640375582,0
2023-07-28 11:13:16,556.95,1643539,2,558.2,144299,251283,0.5234184640375582,0
2023-07-28 11:13:16,556.95,1643539,2,558.2,144322,251283,0.5234184640375582,0
2023-07-28 11:13:16,556.55,1643539,99,558.2,144322,251283,0.45122281382546703,0
2023-07-28 11:13:16,556.55,1643539,5,558.2,144322,251283,0.45122281382546703,0
2023-07-28 11:13:19,556.55,1643644,5,558.2,144217,251283,0.45122281382546703,0
2023-07-28 11:13:22,556.55,1643646,2,558.2,144215,251283,0.45122281382546703,0
2023-07-28 11:13:22,556.55,1643646,1,558.2,144215,251283,0.45122281382546703,0
2023-07-28 11:13:22,556.95,1643646,1,558.2,144215,251283,0.5234184640375582,0
2023-07-28 11:13:24,556.95,1643649,1,558.2,144214,251256,0.5234184640375582,0
2023-07-28 11:13:24,556.95,1643649,1,558.2,144181,251121,0.5234184640375582,0
2023-07-28 11:13:28,556.95,1643653,4,558.2,144181,251117,0.5234184640375582,0
2023-07-28 11:13:28,556.95,1643653,4,558.2,144215,251083,0.5234184640375582,0
2023-07-28 11:13:30,556.95,1643655,2,558.2,144142,251103,0.5234184640375582,0
2023-07-28 11:13:30,556.95,1643656,1,558.2,144142,251102,0.5234184640375582,0
2023-07-28 11:13:30,556.95,1643656,1,558.2,144503,251947,0.5234184640375582,0
2023-07-28 11:13:30,556.95,1643656,1,558.2,144464,251966,0.5234184640375582,0
2023-07-28 11:13:30,556.95,1643656,1,558.2,144400,251296,0.5234184640375582,0
2023-07-28 11:13:30,556.95,1643656,1,558.2,144400,251610,0.5234184640375582,0
2023-07-28 11:13:36,556.8,1643658,2,558.2,144400,251608,0.49634509520801373,0
2023-07-28 11:13:36,556.8,1643658,2,558.2,144400,251494,0.49634509520801373,0
2023-07-28 11:13:36,556.8,1643658,2,558.2,140565,252485,0.49634509520801373,0
2023-07-28 11:13:36,556.8,1643658,37,558.2,144165,252485,0.49634509520801373,0
2023-07-28 11:13:39,556.55,1643695,2,558.2,144165,252487,0.45122281382546703,0
2023-07-28 11:13:41,556.55,1643697,2,558.2,144163,252487,0.45122281382546703,0
2023-07-28 11:13:41,556.55,1643697,2,558.2,144158,247745,0.45122281382546703,0
2023-07-28 11:13:41,556.55,1643697,2,558.2,144158,247685,0.45122281382546703,0
2023-07-28 11:13:41,556.55,1643697,2,558.2,144190,247900,0.45122281382546703,0
2023-07-28 11:13:41,556.8,1643697,50,558.2,144190,247976,0.49634509520801373,0
2023-07-28 11:13:47,556.55,1643752,5,558.2,144185,247898,0.45122281382546703,0
2023-07-28 11:13:48,556.55,1643755,3,558.2,144182,247881,0.45122281382546703,0
2023-07-28 11:13:48,556.55,1643755,3,558.2,144182,247881,0.45122281382546703,0
2023-07-28 11:13:48,556.55,1643755,3,558.2,144310,247884,0.45122281382546703,0
2023-07-28 11:13:48,556.55,1643755,2,558.2,144310,247884,0.45122281382546703,0
2023-07-28 11:13:56,556.55,1643767,2,558.2,144304,247878,0.45122281382546703,0
2023-07-28 11:13:56,556.55,1643768,1,558.2,144303,246712,0.45122281382546703,0
2023-07-28 11:13:56,556.55,1643768,1,558.2,144304,246712,0.45122281382546703,0
2023-07-28 11:14:02,556.8,1643770,2,558.2,144277,246854,0.49634509520801373,0
2023-07-28 11:14:03,556.55,1643775,5,558.2,144144,246954,0.45122281382546703,0
2023-07-28 11:14:03,556.55,1643775,5,558.2,144344,246854,0.45122281382546703,0
2023-07-28 11:14:03,556.55,1643775,5,558.2,144344,246954,0.45122281382546703,0
2023-07-28 11:14:03,556.85,1643775,5,558.2,144344,246954,0.5053695514845354,0
2023-07-28 11:14:06,556.85,1643780,5,558.2,144344,246830,0.5053695514845354,0
2023-07-28 11:14:06,556.55,1643780,10,558.2,144344,246830,0.45122281382546703,0
2023-07-28 11:14:10,556.55,1643790,1,558.2,144335,246930,0.45122281382546703,0
2023-07-28 11:14:10,556.85,1643790,1,558.2,144335,246930,0.5053695514845354,0
2023-07-28 11:14:14,556.85,1643792,1,558.2,144338,246829,0.5053695514845354,0
2023-07-28 11:14:14,556.85,1643792,5,558.2,144338,246829,0.5053695514845354,0
2023-07-28 11:14:18,556.55,1643818,1,558.2,144318,246613,0.45122281382546703,0
2023-07-28 11:14:18,556.55,1643818,1,558.2,144318,246613,0.45122281382546703,0
2023-07-28 11:14:18,556.55,1643818,1,558.2,144318,246613,0.45122281382546703,0
2023-07-28 11:14:18,556.55,1643818,1,558.2,144318,246613,0.45122281382546703,0
2023-07-28 11:14:21,556.55,1643819,1,558.2,144342,247853,0.45122281382546703,0
2023-07-28 11:14:21,556.55,1643819,1,558.2,144342,247853,0.45122281382546703,0
2023-07-28 11:14:21,556.85,1643819,39,558.2,144342,247853,0.5053695514845354,0
2023-07-28 11:14:21,556.85,1643819,39,558.2,144342,247853,0.5053695514845354,0
2023-07-28 11:14:21,556.85,1643819,39,558.2,144342,247853,0.5053695514845354,0
2023-07-28 11:14:27,556.7,1643869,3,558.2,145016,247011,0.4782961826550115,0
2023-07-28 11:14:30,556.7,1643872,3,558.2,145480,248060,0.4782961826550115,0
2023-07-28 11:14:30,556.75,1643872,5,558.2,145480,248060,0.4873206389315126,0
2023-07-28 11:14:30,556.75,1643872,1,558.2,145480,248060,0.4873206389315126,0
2023-07-28 11:14:30,556.85,1643872,35,558.2,145480,248060,0.5053695514845354,0
2023-07-28 11:14:37,556.8,1643923,2,558.2,145762,248115,0.49634509520801373,0
2023-07-28 11:14:39,556.8,1643925,2,558.2,145738,248115,0.49634509520801373,0
2023-07-28 11:14:39,556.85,1643925,50,558.2,145738,248115,0.5053695514845354,0
2023-07-28 11:14:44,556.8,1643975,3,558.2,145910,248097,0.49634509520801373,0
2023-07-28 11:14:44,556.85,1643975,14,558.2,145910,248097,0.5053695514845354,0
2023-07-28 11:14:44,556.85,1643975,110,558.2,145910,248097,0.5053695514845354,0
2023-07-28 11:14:52,556.85,1644138,35,558.2,145612,248036,0.5053695514845354,0
2023-07-28 11:14:52,556.85,1644138,8,558.2,145612,248036,0.5053695514845354,0
2023-07-28 11:14:52,557.0,1644138,18,558.2,145612,248036,0.5324429203140594,0
2023-07-28 11:14:52,557.1,1644138,13,558.2,145612,248036,0.5504918328670821,0
2023-07-28 11:14:56,556.9,1644707,29,558.2,147017,247932,0.5143940077610365,0
2023-07-28 11:14:56,556.85,1644707,3,558.2,147017,247932,0.5053695514845354,0
2023-07-28 11:14:59,557.0,1646904,1,558.2,146000,248120,0.5324429203140594,0
2023-07-28 11:15:05,557.0,1647806,292,558.2,146658,247241,0.5324429203140594,0
2023-07-28 11:15:05,556.95,1647806,37,558.2,146658,247241,0.5234184640375582,0
2023-07-28 11:15:05,556.95,1647806,5,558.2,146658,247241,0.5234184640375582,0
2023-07-28 11:15:09,556.75,1649237,71,558.2,145452,249806,0.4873206389315126,0
2023-07-28 11:15:09,556.75,1649237,3,558.2,145452,249806,0.4873206389315126,0
2023-07-28 11:15:09,556.8,1649237,100,558.2,145452,249806,0.49634509520801373,0
2023-07-28 11:15:09,556.8,1649237,399,558.2,145452,249806,0.49634509520801373,0
2023-07-28 11:15:13,556.75,1649810,29,558.2,145337,248172,0.4873206389315126,0
2023-07-28 11:15:13,556.7,1649810,215,558.2,145337,248172,0.4782961826550115,0
2023-07-28 11:15:13,556.75,1649810,27,558.2,145337,248172,0.4873206389315126,0
2023-07-28 11:15:17,556.75,1650264,23,558.2,145363,248589,0.4873206389315126,0
2023-07-28 11:15:22,556.85,1650510,8,558.2,145249,247745,0.5053695514845354,0
2023-07-28 11:15:22,556.8,1650510,12,558.2,145249,247745,0.49634509520801373,0
2023-07-28 11:15:22,556.9,1650510,55,558.2,145249,247745,0.5143940077610365,0
2023-07-28 11:15:26,556.9,1650616,55,558.2,145100,247994,0.5143940077610365,0
2023-07-28 11:15:26,556.85,1650616,5,558.2,145100,247994,0.5053695514845354,0
2023-07-28 11:15:26,556.9,1650616,4,558.2,145100,247994,0.5143940077610365,0
2023-07-28 11:15:26,556.85,1650616,10,558.2,145100,247994,0.5053695514845354,0
2023-07-28 11:15:26,556.9,1650616,46,558.2,145100,247994,0.5143940077610365,0
2023-07-28 11:15:30,556.9,1650791,9,558.2,145357,247904,0.5143940077610365,0
2023-07-28 11:15:30,557.0,1650791,35,558.2,145357,247904,0.5324429203140594,0
2023-07-28 11:15:30,557.0,1650791,60,558.2,145357,247904,0.5324429203140594,0
2023-07-28 11:15:32,556.95,1650895,5,558.2,144746,247882,0.5234184640375582,0
2023-07-28 11:15:32,557.0,1650895,90,558.2,144746,247882,0.5324429203140594,0
2023-07-28 11:15:32,556.7,1650895,19,558.2,144746,247882,0.4782961826550115,0
2023-07-28 11:15:37,556.8,1651240,17,558.2,144396,247610,0.49634509520801373,0
2023-07-28 11:15:39,556.85,1651257,1,558.2,144691,247557,0.5053695514845354,0
2023-07-28 11:15:39,556.9,1651257,1,558.2,144691,247557,0.5143940077610365,0
2023-07-28 11:15:39,556.9,1651257,1,558.2,144691,247557,0.5143940077610365,0
2023-07-28 11:15:39,557.0,1651257,65,558.2,144691,247557,0.5324429203140594,0
2023-07-28 11:15:45,557.0,1651348,5,558.2,145872,247729,0.5324429203140594,0
2023-07-28 11:15:45,557.0,1651348,92,558.2,145872,247729,0.5324429203140594,0
2023-07-28 11:15:45,557.0,1651348,64,558.2,145872,247729,0.5324429203140594,0
2023-07-28 11:15:51,556.95,1651608,10,558.2,146032,247567,0.5234184640375582,0
2023-07-28 11:15:51,557.0,1651608,23,558.2,146032,247567,0.5324429203140594,0
2023-07-28 11:15:52,556.9,1651644,2,558.2,144926,250358,0.5143940077610365,0
2023-07-28 11:15:56,556.9,1651646,2,558.2,144624,250362,0.5143940077610365,0
2023-07-28 11:15:56,557.0,1651646,31,558.2,144624,250362,0.5324429203140594,0
2023-07-28 11:15:56,557.0,1651646,50,558.2,144624,250362,0.5324429203140594,0
2023-07-28 11:16:02,556.85,1651729,4,558.2,145061,250075,0.5053695514845354,0
2023-07-28 11:16:07,556.85,1651735,1,558.2,144725,250186,0.5053695514845354,0
2023-07-28 11:16:07,556.9,1651735,18,558.2,144725,250186,0.5143940077610365,0
2023-07-28 11:16:07,556.9,1651735,4,558.2,144725,250186,0.5143940077610365,0
2023-07-28 11:16:11,556.9,1651758,4,558.2,144910,250357,0.5143940077610365,0
2023-07-28 11:16:11,556.85,1651758,1,558.2,144910,250357,0.5053695514845354,0
2023-07-28 11:16:12,556.9,1651759,7,558.2,144750,250203,0.5143940077610365,0
2023-07-28 11:16:12,556.9,1651759,71,558.2,144750,250203,0.5143940077610365,0
2023-07-28 11:16:19,556.8,1652490,37,558.2,143973,249709,0.49634509520801373,0
2023-07-28 11:16:19,557.0,1652490,1,558.2,143973,249709,0.5324429203140594,0
2023-07-28 11:16:19,556.85,1652490,2,558.2,143973,249709,0.5053695514845354,0
2023-07-28 11:16:24,556.95,1652530,2,558.2,144872,249761,0.5234184640375582,0
2023-07-28 11:16:24,557.0,1652530,337,558.2,144872,249761,0.5324429203140594,0
2023-07-28 11:16:24,557.0,1652530,1,558.2,144872,249761,0.5324429203140594,0
2023-07-28 11:16:29,556.95,1653866,5,558.2,145640,249657,0.5234184640375582,0
2023-07-28 11:16:29,556.95,1653866,12,558.2,145640,249657,0.5234184640375582,0
2023-07-28 11:16:29,556.85,1653866,1,558.2,145640,249657,0.5053695514845354,0
2023-07-28 11:16:32,556.9,1653887,1,558.2,145540,249907,0.5143940077610365,0
2023-07-28 11:16:32,556.9,1653887,48,558.2,145540,249907,0.5143940077610365,0
2023-07-28 11:16:32,557.0,1653887,207,558.2,145540,249907,0.5324429203140594,0
2023-07-28 11:16:32,556.95,1653887,13,558.2,145540,249907,0.5234184640375582,0
2023-07-28 11:16:43,556.85,1654232,4,558.2,145412,249552,0.5053695514845354,0
2023-07-28 11:16:43,556.85,1654232,6,558.2,145412,249552,0.5053695514845354,0
2023-07-28 11:16:46,556.95,1654242,1,558.2,145676,249608,0.5234184640375582,0
2023-07-28 11:16:50,557.0,1654244,28,558.2,145660,249675,0.5324429203140594,0
2023-07-28 11:16:50,556.95,1654244,133,558.2,145660,249675,0.5234184640375582,0
2023-07-28 11:16:50,556.85,1654244,22,558.2,145660,249675,0.5053695514845354,0
2023-07-28 11:16:54,556.9,1654430,9,558.2,145682,250876,0.5143940077610365,0
2023-07-28 11:16:54,556.95,1654430,10,558.2,145682,250876,0.5234184640375582,0
2023-07-28 11:16:54,556.95,1654430,25,558.2,145682,250876,0.5234184640375582,0
2023-07-28 11:16:54,556.95,1654430,50,558.2,145682,250876,0.5234184640375582,0
2023-07-28 11:16:54,556.95,1654430,31,558.2,145682,250876,0.5234184640375582,0
2023-07-28 11:16:58,556.95,1654556,31,558.2,146771,250800,0.5234184640375582,0
2023-07-28 11:16:58,556.95,1654556,205,558.2,146771,250800,0.5234184640375582,0
2023-07-28 11:16:59,556.95,1654813,13,558.2,146765,250302,0.5234184640375582,0
2023-07-28 11:16:59,556.95,1654813,25,558.2,146765,250302,0.5234184640375582,0
2023-07-28 11:16:59,557.0,1654813,13,558.2,146765,250302,0.5324429203140594,0
2023-07-28 11:17:07,557.0,1654900,4,558.2,146891,250351,0.5324429203140594,0
2023-07-28 11:17:07,557.05,1654900,1,558.2,146891,250351,0.5414673765905604,0
2023-07-28 11:17:11,557.05,1654905,1,558.2,146877,250543,0.5414673765905604,0
2023-07-28 11:17:11,557.05,1654905,49,558.2,146877,250543,0.5414673765905604,0
2023-07-28 11:17:11,557.3,1654905,42,558.2,146877,250543,0.5865896579731071,0
2023-07-28 11:17:11,556.95,1654905,250,558.2,146877,250543,0.5234184640375582,0
2023-07-28 11:17:11,557.0,1654905,187,558.2,146877,250543,0.5324429203140594,0
2023-07-28 11:17:16,557.0,1656465,200,558.19,146295,251151,0.5324429203140594,0
2023-07-28 11:17:16,557.0,1656465,78,558.19,146295,251151,0.5324429203140594,0
2023-07-28 11:17:16,557.0,1656465,20,558.19,146295,251151,0.5324429203140594,0
2023-07-28 11:17:18,556.95,1656941,24,558.19,146310,251093,0.5234184640375582,0
2023-07-28 11:17:18,556.95,1656941,23,558.19,146310,251093,0.5234184640375582,0
2023-07-28 11:17:18,556.95,1656941,23,558.19,146310,251093,0.5234184640375582,0
2023-07-28 11:17:18,557.0,1656941,42,558.19,146310,251093,0.5324429203140594,0
2023-07-28 11:17:26,557.0,1657469,87,558.19,147292,250378,0.5324429203140594,0
2023-07-28 11:17:26,557.0,1657469,87,558.19,147292,250378,0.5324429203140594,0
2023-07-28 11:17:26,556.9,1657469,27,558.19,147292,250378,0.5143940077610365,0
2023-07-28 11:17:26,556.9,1657469,27,558.19,147292,250378,0.5143940077610365,0
2023-07-28 11:17:26,556.9,1657469,27,558.19,147292,250378,0.5143940077610365,0
2023-07-28 11:17:26,557.0,1657469,1,558.19,147292,250378,0.5324429203140594,0
2023-07-28 11:17:26,557.0,1657469,142,558.19,147292,250378,0.5324429203140594,0
2023-07-28 11:17:29,556.95,1657639,1,558.19,146410,250697,0.5234184640375582,0
2023-07-28 11:17:29,557.0,1657639,50,558.19,146410,250697,0.5324429203140594,0
2023-07-28 11:17:33,556.95,1657699,3,558.19,146626,250710,0.5234184640375582,0
2023-07-28 11:17:33,557.0,1657699,198,558.19,146626,250710,0.5324429203140594,0
2023-07-28 11:17:33,557.0,1657699,498,558.19,146626,250710,0.5324429203140594,0
2023-07-28 11:17:38,556.95,1659656,16,558.19,146861,249830,0.5234184640375582,0
2023-07-28 11:17:38,557.0,1659656,8,558.19,146861,249830,0.5324429203140594,0
2023-07-28 11:17:38,557.0,1659656,55,558.19,146861,249830,0.5324429203140594,0
2023-07-28 11:17:43,557.0,1659880,12,558.19,147640,250128,0.5324429203140594,0
2023-07-28 11:17:44,557.0,1659892,12,558.19,148314,250150,0.5324429203140594,0
2023-07-28 11:17:44,557.25,1659892,12,558.19,148314,250150,0.5775652016966061,0
2023-07-28 11:17:44,557.5,1659892,1000,558.19,148314,250150,0.6226874830791528,0
2023-07-28 11:17:53,557.45,1660996,32,558.19,147068,248918,0.6136630268026516,0
2023-07-28 11:17:53,557.5,1660996,19,558.19,147068,248918,0.6226874830791528,0
2023-07-28 11:17:53,557.5,1660996,7,558.19,147068,248918,0.6226874830791528,0
2023-07-28 11:17:53,557.45,1660996,2,558.19,147068,248918,0.6136630268026516,0
2023-07-28 11:17:56,557.6,1661079,4,558.19,147075,248759,0.6407363956321755,0
2023-07-28 11:17:56,557.75,1661079,3,558.19,147075,248759,0.6678097644616995,0
2023-07-28 11:17:56,557.8,1661079,40,558.19,147075,248759,0.6768342207382005,0
2023-07-28 11:18:01,557.8,1661206,6,558.19,148642,248424,0.6768342207382005,0
2023-07-28 11:18:01,557.8,1661206,1,558.19,148642,248424,0.6768342207382005,0
2023-07-28 11:18:01,557.8,1661206,1,558.19,148642,248424,0.6768342207382005,0
2023-07-28 11:18:01,557.9,1661206,15,558.19,148642,248424,0.6948831332912233,0
2023-07-28 11:18:06,557.9,1661236,5,558.19,147972,248064,0.6948831332912233,0
2023-07-28 11:18:06,557.9,1661236,5,558.19,147930,248064,0.6948831332912233,0
2023-07-28 11:18:06,557.9,1661236,5,558.19,147917,248109,0.6948831332912233,0
2023-07-28 11:18:10,558.05,1661498,16,558.19,147387,245079,0.7219565021207472,0
2023-07-28 11:18:10,558.0,1661511,13,558.19,147841,244851,0.7129320458442462,0
2023-07-28 11:18:10,558.0,1661511,1,558.19,147841,244851,0.7129320458442462,0
2023-07-28 11:18:11,558.0,1661512,1,558.19,147841,247345,0.7129320458442462,0
2023-07-28 11:18:13,557.2,1667223,5,558.19,145235,246275,0.5685407454201049,0
2023-07-28 11:18:13,557.0,1671781,75,558.19,140597,248539,0.5324429203140594,0
2023-07-28 11:18:14,557.0,1672873,359,558.19,144096,249476,0.5324429203140594,0
2023-07-28 11:18:14,557.0,1672873,6,558.19,144096,249476,0.5324429203140594,0
2023-07-28 11:18:15,557.0,1673253,113,558.19,144231,250569,0.5324429203140594,0
2023-07-28 11:18:16,557.0,1673385,163,558.19,144228,250865,0.5324429203140594,0
2023-07-28 11:18:17,557.0,1673594,163,558.19,144168,251583,0.5324429203140594,0
2023-07-28 11:18:17,557.0,1673594,70,558.19,144168,251583,0.5324429203140594,0
2023-07-28 11:18:19,556.85,1678502,8,558.18,145428,250614,0.5053695514845354,0
2023-07-28 11:18:19,557.0,1678747,500,558.18,145554,250755,0.5324429203140594,0
2023-07-28 11:18:20,557.0,1680264,500,558.18,147954,250190,0.5324429203140594,0
2023-07-28 11:18:20,557.2,1680264,76,558.18,147954,250190,0.5685407454201049,0
2023-07-28 11:18:21,557.2,1680340,76,558.18,147023,250070,0.5685407454201049,0
2023-07-28 11:18:22,557.35,1680343,3,558.18,146213,250150,0.5956141142496288,0
2023-07-28 11:18:24,557.5,1680406,63,558.18,146836,250339,0.6226874830791528,0
2023-07-28 11:18:24,557.5,1680410,4,558.18,146178,250516,0.6226874830791528,0
2023-07-28 11:18:26,557.75,1680445,20,558.18,147342,250390,0.6678097644616995,0
2023-07-28 11:18:27,557.75,1680481,20,558.18,147143,250281,0.6678097644616995,0
2023-07-28 11:18:27,557.8,1680481,1,558.18,147143,250281,0.6768342207382005,0
2023-07-28 11:18:27,557.8,1680483,1,558.18,147122,250281,0.6768342207382005,0
2023-07-28 11:18:29,557.85,1680789,46,558.18,147631,250121,0.6858586770147223,0
2023-07-28 11:18:30,557.0,1688478,27,558.18,145225,249903,0.5324429203140594,0
2023-07-28 11:18:30,556.85,1688593,76,558.18,145883,250257,0.5053695514845354,0
2023-07-28 11:18:31,556.75,1688599,6,558.18,146069,250211,0.4873206389315126,0
2023-07-28 11:18:33,556.95,1689654,262,558.18,146518,250691,0.5234184640375582,0
2023-07-28 11:18:33,556.8,1689654,53,558.18,146518,250691,0.49634509520801373,0
2023-07-28 11:18:33,556.8,1689707,53,558.18,146544,251591,0.49634509520801373,0
2023-07-28 11:18:35,556.95,1689710,1,558.18,146482,251791,0.5234184640375582,0
2023-07-28 11:18:35,556.95,1689857,2,558.18,146746,251516,0.5234184640375582,0
2023-07-28 11:18:36,556.95,1690526,15,558.18,147083,250852,0.5234184640375582,0
2023-07-28 11:18:37,556.95,1690582,23,558.18,146378,250831,0.5234184640375582,0
2023-07-28 11:18:39,557.0,1691062,468,558.18,146848,250427,0.5324429203140594,0
2023-07-28 11:18:39,557.0,1691062,165,558.18,146848,250427,0.5324429203140594,0
2023-07-28 11:18:40,556.95,1691253,2,558.17,145971,251165,0.5234184640375582,0
2023-07-28 11:18:40,557.0,1691253,8,558.17,145971,251165,0.5324429203140594,0
2023-07-28 11:18:41,557.0,1691328,8,558.17,146257,251012,0.5324429203140594,0
2023-07-28 11:18:41,557.1,1691328,4,558.17,146257,251012,0.5504918328670821,0
2023-07-28 11:18:42,557.2,1691354,1,558.17,146188,250948,0.5685407454201049,0
2023-07-28 11:18:43,557.25,1691429,50,558.17,146268,251264,0.5775652016966061,0
2023-07-28 11:18:43,557.2,1691429,4,558.17,146268,251264,0.5685407454201049,0
2023-07-28 11:18:43,557.2,1691429,7,558.17,146268,251264,0.5685407454201049,0
2023-07-28 11:18:46,557.3,1691611,2,558.17,146766,251338,0.5865896579731071,0
