2023-07-28 10:49:27,9690.05,58746,41,9703.45,27657,38753,-0.6515542979002736,0
2023-07-28 10:49:27,9690.05,58746,41,9703.45,27657,38764,-0.6515542979002736,0
2023-07-28 10:49:27,9690.05,58746,41,9703.45,27658,38927,-0.6515542979002736,0
2023-07-28 10:49:27,9690.05,58746,41,9703.45,27672,38849,-0.6515542979002736,0
2023-07-28 10:49:32,9693.65,58750,1,9703.45,27740,38679,-0.6146448490813723,0
2023-07-28 10:49:33,9691.85,58765,1,9703.44,27694,38710,-0.6330995734908136,0
2023-07-28 10:49:35,9693.65,58766,1,9703.44,27699,38678,-0.6146448490813723,0
2023-07-28 10:49:36,9696.65,58795,8,9703.44,27724,38670,-0.5838869750656243,0
2023-07-28 10:49:36,9696.65,58795,8,9703.44,27735,38670,-0.5838869750656243,0
2023-07-28 10:49:36,9693.25,58795,1,9703.44,27735,38670,-0.618745898950135,0
2023-07-28 10:49:37,9693.25,58796,1,9703.44,27735,38659,-0.618745898950135,0
2023-07-28 10:49:37,9693.25,58796,1,9703.44,27625,38690,-0.618745898950135,0
2023-07-28 10:49:40,9694.9,58801,5,9703.44,27625,38690,-0.6018290682414773,0
2023-07-28 10:49:40,9694.9,58801,5,9703.44,27626,38690,-0.6018290682414773,0
2023-07-28 10:49:40,9694.9,58801,5,9703.44,27645,38684,-0.6018290682414773,0
2023-07-28 10:49:40,9698.15,58801,1,9703.44,27675,38730,-0.5685080380577502,0
2023-07-28 10:49:43,9698.15,58802,1,9703.44,27674,38737,-0.5685080380577502,0
2023-07-28 10:49:43,9698.15,58802,1,9703.44,27677,38910,-0.5685080380577502,0
2023-07-28 10:49:43,9698.15,58802,1,9703.44,27728,38889,-0.5685080380577502,0
2023-07-28 10:49:43,9698.15,58802,1,9703.44,27722,38876,-0.5685080380577502,0
2023-07-28 10:49:43,9698.15,58802,1,9703.44,27603,38871,-0.5685080380577502,0
2023-07-28 10:49:48,9698.0,58815,13,9703.44,27694,38867,-0.5700459317585339,0
2023-07-28 10:49:48,9698.0,58815,13,9703.44,27710,38869,-0.5700459317585339,0
2023-07-28 10:49:48,9698.0,58815,13,9703.44,27696,38891,-0.5700459317585339,0
2023-07-28 10:49:51,9698.4,58819,3,9703.44,27698,38906,-0.5659448818897712,0
2023-07-28 10:49:51,9698.4,58819,3,9703.44,27699,38906,-0.5659448818897712,0
2023-07-28 10:49:55,9698.75,58832,13,9703.44,27727,38917,-0.5623564632545969,0
2023-07-28 10:49:55,9698.75,58832,13,9703.44,27728,39012,-0.5623564632545969,0
2023-07-28 10:49:55,9698.6,58832,6,9703.44,27728,39012,-0.5638943569553806,0
2023-07-28 10:49:56,9698.6,59350,6,9703.4,27685,38360,-0.5638943569553806,0
2023-07-28 10:49:56,9698.6,59350,8,9703.4,27738,38653,-0.5638943569553806,0
2023-07-28 10:49:58,9698.6,59360,8,9703.4,27713,38593,-0.5638943569553806,0
2023-07-28 10:49:58,9698.6,59360,8,9703.4,27728,38876,-0.5638943569553806,0
2023-07-28 10:50:00,9699.05,59466,1,9703.39,27527,38300,-0.5592806758530295,0
2023-07-28 10:50:00,9699.05,59466,1,9703.39,27548,38701,-0.5592806758530295,0
2023-07-28 10:50:00,9699.05,59466,1,9703.39,27548,38702,-0.5592806758530295,0
2023-07-28 10:50:03,9695.85,59480,14,9703.38,27523,38359,-0.5920890748031495,0
2023-07-28 10:50:03,9695.85,59480,14,9703.38,27527,38759,-0.5920890748031495,0
2023-07-28 10:50:03,9695.85,59480,14,9703.38,27543,38564,-0.5920890748031495,0
2023-07-28 10:50:03,9695.85,59480,14,9703.38,27520,38332,-0.5920890748031495,0
2023-07-28 10:50:03,9695.85,59480,14,9703.38,27518,38321,-0.5920890748031495,0
2023-07-28 10:50:03,9695.85,59480,14,9703.38,27522,38713,-0.5920890748031495,0
2023-07-28 10:50:03,9693.1,59480,5,9703.38,27522,38713,-0.6202837926509186,0
2023-07-28 10:50:10,9693.1,59500,5,9703.38,27482,38813,-0.6202837926509186,0
2023-07-28 10:50:10,9693.1,59500,5,9703.38,27481,38813,-0.6202837926509186,0
2023-07-28 10:50:12,9693.1,59506,1,9703.38,27485,38814,-0.6202837926509186,0
2023-07-28 10:50:12,9693.1,59506,2,9703.38,27485,38814,-0.6202837926509186,0
2023-07-28 10:50:13,9693.1,59510,2,9703.38,27441,38817,-0.6202837926509186,0
2023-07-28 10:50:13,9690.7,59510,1,9703.38,27441,38817,-0.6448900918635133,0
2023-07-28 10:50:14,9690.7,59511,1,9703.38,27567,38604,-0.6448900918635133,0
2023-07-28 10:50:14,9690.7,59511,1,9703.38,27567,38821,-0.6448900918635133,0
2023-07-28 10:50:14,9690.7,59511,1,9703.38,27567,38819,-0.6448900918635133,0
2023-07-28 10:50:14,9690.7,59511,1,9703.38,27580,38819,-0.6448900918635133,0
2023-07-28 10:50:18,9690.7,59524,7,9703.38,27569,38829,-0.6448900918635133,0
2023-07-28 10:50:18,9690.7,59524,7,9703.38,27512,38862,-0.6448900918635133,0
2023-07-28 10:50:18,9690.7,59524,7,9703.38,27512,38862,-0.6448900918635133,0
2023-07-28 10:50:18,9690.7,59524,7,9703.38,27014,38866,-0.6448900918635133,0
2023-07-28 10:50:18,9691.15,59524,1,9703.38,27014,38866,-0.6402764107611623,0
2023-07-28 10:50:21,9691.15,59525,1,9703.38,27534,38824,-0.6402764107611623,0
2023-07-28 10:50:21,9690.65,59525,1,9703.38,27461,38826,-0.6454027230971203,0
2023-07-28 10:50:21,9690.65,59525,1,9703.38,27461,38826,-0.6454027230971203,0
2023-07-28 10:50:21,9690.65,59525,1,9703.38,27461,38826,-0.6454027230971203,0
2023-07-28 10:50:23,9690.65,59529,1,9703.38,27475,38819,-0.6454027230971203,0
2023-07-28 10:50:23,9690.65,59529,1,9703.38,27475,38819,-0.6454027230971203,0
2023-07-28 10:50:26,9690.3,59530,1,9703.38,27477,38818,-0.6489911417322947,0
2023-07-28 10:50:26,9690.3,59530,1,9703.38,27476,38818,-0.6489911417322947,0
2023-07-28 10:50:26,9690.3,59530,1,9703.38,27476,38833,-0.6489911417322947,0
2023-07-28 10:50:26,9690.3,59530,1,9703.38,27578,38787,-0.6489911417322947,0
2023-07-28 10:50:26,9690.05,59530,6,9703.38,27578,38787,-0.6515542979002736,0
2023-07-28 10:50:29,9690.05,59631,6,9703.35,27381,38778,-0.6515542979002736,0
2023-07-28 10:50:30,9690.35,59633,2,9703.35,27491,38757,-0.6484785104986877,0
2023-07-28 10:50:30,9690.35,59633,2,9703.35,27504,38749,-0.6484785104986877,0
2023-07-28 10:50:30,9690.35,59633,2,9703.35,27504,38749,-0.6484785104986877,0
2023-07-28 10:50:33,9690.35,59652,1,9703.35,27555,38763,-0.6484785104986877,0
2023-07-28 10:50:33,9690.35,59652,1,9703.35,27555,38763,-0.6484785104986877,0
2023-07-28 10:50:33,9690.3,59653,1,9703.35,27562,38762,-0.6489911417322947,0
2023-07-28 10:50:33,9690.3,59653,1,9703.35,27562,38762,-0.6489911417322947,0
2023-07-28 10:50:33,9690.3,59653,1,9703.35,27556,38782,-0.6489911417322947,0
2023-07-28 10:50:36,9690.35,59654,1,9703.35,27569,38693,-0.6484785104986877,0
2023-07-28 10:50:36,9691.75,59654,2,9703.35,27563,38693,-0.634124835958009,0
2023-07-28 10:50:38,9691.75,59747,2,9703.33,27677,38665,-0.634124835958009,0
2023-07-28 10:50:38,9691.75,59747,2,9703.33,27679,38650,-0.634124835958009,0
2023-07-28 10:50:38,9691.75,59747,2,9703.33,27646,38637,-0.634124835958009,0
2023-07-28 10:50:38,9691.75,59747,2,9703.33,27636,38627,-0.634124835958009,0
2023-07-28 10:50:38,9691.75,59747,2,9703.33,27636,38627,-0.634124835958009,0
2023-07-28 10:50:38,9696.65,59747,1,9703.33,27636,38627,-0.5838869750656243,0
2023-07-28 10:50:44,9696.65,59748,1,9703.33,27668,38585,-0.5838869750656243,0
2023-07-28 10:50:44,9696.65,59748,1,9703.33,27695,38583,-0.5838869750656243,0
2023-07-28 10:50:44,9696.65,59748,1,9703.33,27682,38589,-0.5838869750656243,0
2023-07-28 10:50:44,9696.65,59748,1,9703.33,27682,38605,-0.5838869750656243,0
2023-07-28 10:50:44,9694.85,59748,2,9703.33,27682,38605,-0.6023416994750656,0
2023-07-28 10:50:48,9694.85,59752,2,9703.33,27634,38246,-0.6023416994750656,0
2023-07-28 10:50:48,9694.85,59752,2,9703.33,27638,38639,-0.6023416994750656,0
2023-07-28 10:50:48,9694.85,59752,2,9703.33,27638,38639,-0.6023416994750656,0
2023-07-28 10:50:48,9693.9,59752,1,9703.33,27638,38639,-0.6120816929133933,0
2023-07-28 10:50:48,9696.95,59752,1,9703.33,27638,38639,-0.5808111876640383,0
2023-07-28 10:50:53,9696.95,59764,1,9703.33,27690,38689,-0.5808111876640383,0
2023-07-28 10:50:53,9696.95,59764,1,9703.33,27707,38676,-0.5808111876640383,0
2023-07-28 10:50:53,9696.95,59764,1,9703.33,27698,38688,-0.5808111876640383,0
2023-07-28 10:50:53,9696.95,59764,1,9703.33,27702,38288,-0.5808111876640383,0
2023-07-28 10:50:59,9695.0,59769,5,9703.33,27673,38514,-0.6008038057742819,0
2023-07-28 10:50:59,9696.15,59769,2,9703.33,27659,38680,-0.5890132874015822,0
2023-07-28 10:51:00,9696.15,59771,2,9703.33,27668,38684,-0.5890132874015822,0
2023-07-28 10:51:00,9696.15,59771,2,9703.33,27677,38684,-0.5890132874015822,0
2023-07-28 10:51:00,9696.15,59771,2,9703.33,27676,38671,-0.5890132874015822,0
2023-07-28 10:51:00,9696.15,59771,14,9703.33,27676,38671,-0.5890132874015822,0
2023-07-28 10:51:04,9695.4,59809,18,9703.32,27592,38380,-0.5967027559055192,0
2023-07-28 10:51:04,9693.9,59809,8,9703.32,27609,38786,-0.6120816929133933,0
2023-07-28 10:51:06,9693.9,59818,8,9703.32,27581,38777,-0.6120816929133933,0
2023-07-28 10:51:06,9693.9,59818,8,9703.32,27574,38553,-0.6120816929133933,0
2023-07-28 10:51:06,9693.9,59818,8,9703.32,27593,38675,-0.6120816929133933,0
2023-07-28 10:51:06,9693.9,59818,8,9703.32,27593,38687,-0.6120816929133933,0
2023-07-28 10:51:06,9693.9,59818,8,9703.32,27651,38791,-0.6120816929133933,0
2023-07-28 10:51:06,9693.9,59818,8,9703.32,27663,38793,-0.6120816929133933,0
2023-07-28 10:51:06,9693.9,59818,8,9703.32,27663,38803,-0.6120816929133933,0
2023-07-28 10:51:06,9693.9,59818,8,9703.32,27655,38417,-0.6120816929133933,0
2023-07-28 10:51:06,9692.8,59818,1,9703.32,27661,38777,-0.6233595800525046,0
2023-07-28 10:51:06,9692.8,59818,3,9703.32,27661,38777,-0.6233595800525046,0
2023-07-28 10:51:17,9692.8,59892,3,9703.31,27713,38561,-0.6233595800525046,0
2023-07-28 10:51:18,9691.15,59905,12,9703.3,27681,38619,-0.6402764107611623,0
2023-07-28 10:51:18,9691.15,59905,12,9703.3,27682,38410,-0.6402764107611623,0
2023-07-28 10:51:18,9691.15,59905,12,9703.3,27682,38610,-0.6402764107611623,0
2023-07-28 10:51:18,9691.15,59905,12,9703.3,27682,38620,-0.6402764107611623,0
2023-07-28 10:51:18,9691.15,59905,12,9703.3,27682,38432,-0.6402764107611623,0
2023-07-28 10:51:18,9691.15,59905,12,9703.3,27672,38646,-0.6402764107611623,0
2023-07-28 10:51:18,9691.15,59905,12,9703.3,27668,38631,-0.6402764107611623,0
2023-07-28 10:51:18,9691.15,59905,12,9703.3,27654,38639,-0.6402764107611623,0
2023-07-28 10:51:18,9691.15,59905,12,9703.3,27654,38639,-0.6402764107611623,0
2023-07-28 10:51:18,9691.15,59905,12,9703.3,27654,38639,-0.6402764107611623,0
2023-07-28 10:51:18,9691.15,59905,12,9703.3,27658,38364,-0.6402764107611623,0
2023-07-28 10:51:31,9692.8,59910,2,9703.3,27691,38055,-0.6233595800525046,0
2023-07-28 10:51:32,9692.85,59913,2,9703.3,27687,38541,-0.6228469488188976,0
2023-07-28 10:51:33,9692.0,59921,1,9703.3,27648,38517,-0.63156167979003,0
2023-07-28 10:51:33,9692.0,59921,1,9703.3,27636,38519,-0.63156167979003,0
2023-07-28 10:51:33,9692.0,59921,1,9703.3,27636,38519,-0.63156167979003,0
2023-07-28 10:51:33,9692.0,59921,1,9703.3,27641,38515,-0.63156167979003,0
2023-07-28 10:51:33,9691.0,59921,5,9703.3,27641,38515,-0.641814304461946,0
2023-07-28 10:51:38,9691.0,59926,5,9703.3,27676,38518,-0.641814304461946,0
2023-07-28 10:51:38,9691.0,59926,5,9703.3,27676,38518,-0.641814304461946,0
2023-07-28 10:51:42,9690.9,59927,1,9703.3,27735,38492,-0.6428395669291413,0
2023-07-28 10:51:42,9690.9,59927,1,9703.3,27739,38464,-0.6428395669291413,0
2023-07-28 10:51:42,9690.9,59927,1,9703.3,27751,38466,-0.6428395669291413,0
2023-07-28 10:51:42,9690.9,59927,1,9703.3,27751,38478,-0.6428395669291413,0
2023-07-28 10:51:42,9690.9,59927,1,9703.3,27745,38478,-0.6428395669291413,0
2023-07-28 10:51:42,9692.4,59927,1,9703.3,27745,38478,-0.6274606299212673,0
2023-07-28 10:51:49,9692.4,59931,2,9703.3,27731,38093,-0.6274606299212673,0
2023-07-28 10:51:49,9692.4,59931,2,9703.3,27737,38506,-0.6274606299212673,0
2023-07-28 10:51:49,9692.4,59931,2,9703.3,27735,38306,-0.6274606299212673,0
2023-07-28 10:51:49,9692.4,59931,2,9703.3,27730,38488,-0.6274606299212673,0
2023-07-28 10:51:54,9691.65,59935,2,9703.3,27684,38301,-0.6351500984252043,0
2023-07-28 10:51:54,9691.65,59935,2,9703.3,27699,38295,-0.6351500984252043,0
2023-07-28 10:51:54,9691.65,59935,2,9703.3,27689,38499,-0.6351500984252043,0
2023-07-28 10:51:54,9691.65,59935,2,9703.3,27689,38499,-0.6351500984252043,0
2023-07-28 10:51:57,9691.65,59938,2,9703.3,27700,38302,-0.6351500984252043,0
2023-07-28 10:51:58,9691.7,59942,2,9703.3,27702,38516,-0.6346374671915973,0
2023-07-28 10:51:58,9691.7,59942,2,9703.3,27702,38516,-0.6346374671915973,0
2023-07-28 10:52:01,9691.7,59948,4,9703.3,27729,38511,-0.6346374671915973,0
2023-07-28 10:52:02,9691.7,59951,2,9703.29,27730,38512,-0.6346374671915973,0
2023-07-28 10:52:02,9693.9,59951,1,9703.29,27730,38512,-0.6120816929133933,0
2023-07-28 10:52:02,9693.9,59956,1,9703.29,27748,38488,-0.6120816929133933,0
2023-07-28 10:52:02,9693.9,59956,1,9703.29,27707,38479,-0.6120816929133933,0
2023-07-28 10:52:02,9693.9,59956,1,9703.29,27707,38479,-0.6120816929133933,0
2023-07-28 10:52:07,9694.15,59957,1,9703.29,27695,38570,-0.6095185367454142,0
2023-07-28 10:52:07,9694.15,59957,1,9703.29,27695,38570,-0.6095185367454142,0
2023-07-28 10:52:07,9692.1,59957,4,9703.29,27695,38507,-0.6305364173228346,0
2023-07-28 10:52:11,9694.15,59970,3,9703.29,27691,38498,-0.6095185367454142,0
2023-07-28 10:52:11,9694.15,59970,3,9703.29,27691,38587,-0.6095185367454142,0
2023-07-28 10:52:11,9694.15,59970,3,9703.29,27691,38587,-0.6095185367454142,0
2023-07-28 10:52:11,9694.15,59970,3,9703.29,27691,38589,-0.6095185367454142,0
2023-07-28 10:52:11,9694.15,59970,3,9703.29,27691,38581,-0.6095185367454142,0
2023-07-28 10:52:11,9694.15,59970,3,9703.29,27691,38620,-0.6095185367454142,0
2023-07-28 10:52:11,9693.65,59970,1,9703.29,27703,38620,-0.6146448490813723,0
2023-07-28 10:52:18,9693.65,59971,1,9703.29,27702,38607,-0.6146448490813723,0
2023-07-28 10:52:18,9693.65,59971,1,9703.29,27618,38606,-0.6146448490813723,0
2023-07-28 10:52:18,9693.55,59971,1,9703.29,27618,38606,-0.6156701115485675,0
2023-07-28 10:52:20,9693.55,59972,1,9703.29,27702,38607,-0.6156701115485675,0
2023-07-28 10:52:20,9693.55,59972,1,9703.29,27703,38607,-0.6156701115485675,0
2023-07-28 10:52:20,9693.55,59972,1,9703.29,27703,38207,-0.6156701115485675,0
2023-07-28 10:52:20,9693.35,59972,2,9703.29,27703,38607,-0.6177206364829396,0
2023-07-28 10:52:24,9693.25,59976,1,9703.29,27702,38606,-0.618745898950135,0
2023-07-28 10:52:24,9693.25,59976,1,9703.29,27702,38606,-0.618745898950135,0
2023-07-28 10:52:24,9693.25,59976,1,9703.29,27703,38622,-0.618745898950135,0
2023-07-28 10:52:24,9693.25,59976,1,9703.29,27703,38629,-0.618745898950135,0
2023-07-28 10:52:24,9693.25,59976,1,9703.29,27608,38629,-0.618745898950135,0
2023-07-28 10:52:28,9691.0,59994,1,9703.29,27679,38635,-0.641814304461946,0
2023-07-28 10:52:28,9691.0,59994,7,9703.29,27679,38635,-0.641814304461946,0
2023-07-28 10:52:28,9691.0,60001,7,9703.29,27682,38626,-0.641814304461946,0
2023-07-28 10:52:28,9691.0,60001,7,9703.29,27684,38626,-0.641814304461946,0
2023-07-28 10:52:28,9691.0,60001,7,9703.29,27684,38623,-0.641814304461946,0
2023-07-28 10:52:28,9691.0,60001,7,9703.29,27684,38623,-0.641814304461946,0
2023-07-28 10:52:33,9691.0,60014,3,9703.28,27674,38654,-0.641814304461946,0
2023-07-28 10:52:33,9690.9,60014,1,9703.28,27674,38654,-0.6428395669291413,0
2023-07-28 10:52:34,9690.9,60015,1,9703.28,27675,38652,-0.6428395669291413,0
2023-07-28 10:52:34,9690.3,60015,1,9703.28,27675,38652,-0.6489911417322947,0
2023-07-28 10:52:38,9690.3,60016,1,9703.28,27674,38651,-0.6489911417322947,0
2023-07-28 10:52:38,9690.3,60016,1,9703.28,27675,38651,-0.6489911417322947,0
2023-07-28 10:52:38,9690.3,60016,1,9703.28,27668,38651,-0.6489911417322947,0
2023-07-28 10:52:38,9690.3,60016,1,9703.28,27668,38653,-0.6489911417322947,0
2023-07-28 10:52:38,9690.3,60016,1,9703.28,27668,38672,-0.6489911417322947,0
2023-07-28 10:52:38,9690.3,60016,1,9703.28,27669,38672,-0.6489911417322947,0
2023-07-28 10:52:38,9690.3,60016,1,9703.28,27663,38685,-0.6489911417322947,0
2023-07-28 10:52:38,9690.3,60016,1,9703.28,27663,38685,-0.6489911417322947,0
2023-07-28 10:52:48,9690.6,60019,3,9703.28,27633,38687,-0.6459153543307087,0
2023-07-28 10:52:48,9690.6,60019,3,9703.28,27633,38693,-0.6459153543307087,0
2023-07-28 10:52:48,9690.6,60019,3,9703.28,27624,38725,-0.6459153543307087,0
2023-07-28 10:52:48,9690.3,60019,1,9703.28,27624,38725,-0.6489911417322947,0
2023-07-28 10:52:53,9690.3,60021,1,9703.28,27640,38702,-0.6489911417322947,0
2023-07-28 10:52:53,9690.2,60021,1,9703.28,27640,38702,-0.6500164041994713,0
2023-07-28 10:52:55,9690.2,60024,1,9703.28,27641,38661,-0.6500164041994713,0
2023-07-28 10:52:56,9690.2,60027,2,9703.28,27432,38722,-0.6500164041994713,0
2023-07-28 10:52:56,9690.2,60027,2,9703.28,27433,38707,-0.6500164041994713,0
2023-07-28 10:52:58,9690.2,60041,6,9703.28,27492,38703,-0.6500164041994713,0
2023-07-28 10:52:58,9690.2,60041,6,9703.28,27507,38705,-0.6500164041994713,0
2023-07-28 10:52:58,9690.2,60041,6,9703.28,27507,38701,-0.6500164041994713,0
2023-07-28 10:52:58,9692.3,60041,1,9703.28,27507,38701,-0.6284858923884626,0
2023-07-28 10:53:02,9692.3,60042,1,9703.28,27493,38719,-0.6284858923884626,0
2023-07-28 10:53:02,9692.3,60042,1,9703.28,27494,38719,-0.6284858923884626,0
2023-07-28 10:53:03,9690.6,60056,14,9703.27,27480,38736,-0.6459153543307087,0
2023-07-28 10:53:03,9690.6,60056,14,9703.27,27481,38736,-0.6459153543307087,0
2023-07-28 10:53:03,9690.6,60056,14,9703.27,27488,38732,-0.6459153543307087,0
2023-07-28 10:53:03,9692.3,60056,1,9703.27,27488,38732,-0.6284858923884626,0
2023-07-28 10:53:13,9692.3,60057,1,9703.27,27488,38738,-0.6284858923884626,0
2023-07-28 10:53:13,9692.1,60057,2,9703.27,27488,38738,-0.6305364173228346,0
2023-07-28 10:53:13,9692.1,60057,2,9703.27,27488,38738,-0.6305364173228346,0
2023-07-28 10:53:13,9692.1,60057,2,9703.27,27488,38738,-0.6305364173228346,0
2023-07-28 10:53:13,9692.1,60057,2,9703.27,27488,38738,-0.6305364173228346,0
2023-07-28 10:53:13,9692.1,60057,2,9703.27,27488,38738,-0.6305364173228346,0
2023-07-28 10:53:23,9691.9,60065,1,9703.27,27487,38735,-0.6325869422572253,0
2023-07-28 10:53:23,9691.9,60065,1,9703.27,27487,38735,-0.6325869422572253,0
2023-07-28 10:53:23,9691.9,60065,1,9703.27,27487,38735,-0.6325869422572253,0
2023-07-28 10:53:23,9691.9,60065,1,9703.27,27487,38735,-0.6325869422572253,0
2023-07-28 10:53:23,9692.0,60065,2,9703.27,27487,38735,-0.63156167979003,0
2023-07-28 10:53:23,9692.0,60065,2,9703.27,27487,38735,-0.63156167979003,0
2023-07-28 10:53:27,9692.0,60076,2,9703.27,27481,38726,-0.63156167979003,0
2023-07-28 10:53:27,9692.0,60076,2,9703.27,27483,38740,-0.63156167979003,0
2023-07-28 10:53:27,9690.6,60076,15,9703.27,27483,38740,-0.6459153543307087,0
2023-07-28 10:53:35,9690.6,60104,1,9703.26,27446,38815,-0.6459153543307087,0
2023-07-28 10:53:35,9691.3,60104,1,9703.26,27446,38815,-0.6387385170603787,0
2023-07-28 10:53:38,9691.3,60105,1,9703.26,27449,38802,-0.6387385170603787,0
2023-07-28 10:53:38,9689.0,60105,2,9703.26,27449,38802,-0.662319553805778,0
2023-07-28 10:53:45,9688.0,60286,72,9703.22,27171,38950,-0.672572178477694,0
2023-07-28 10:53:45,9685.0,60286,12,9703.22,27171,38950,-0.703330052493442,0
2023-07-28 10:53:48,9685.0,60299,12,9703.22,27375,38843,-0.703330052493442,0
2023-07-28 10:53:48,9685.0,60299,12,9703.22,27395,38837,-0.703330052493442,0
2023-07-28 10:53:48,9686.35,60299,4,9703.22,27395,38837,-0.6894890091863517,0
2023-07-28 10:53:56,9686.35,60303,4,9703.22,27431,38757,-0.6894890091863517,0
2023-07-28 10:53:56,9686.35,60303,3,9703.22,27431,38757,-0.6894890091863517,0
2023-07-28 10:53:56,9687.85,60303,6,9703.22,27431,38757,-0.6741100721784776,0
2023-07-28 10:53:56,9687.9,60303,2,9703.22,27431,38757,-0.6735974409448893,0
2023-07-28 10:53:56,9686.35,60303,1,9703.22,27431,38757,-0.6894890091863517,0
2023-07-28 10:54:03,9688.05,60333,1,9703.21,27317,38745,-0.6720595472441057,0
2023-07-28 10:54:03,9686.65,60333,100,9703.21,27317,38745,-0.6864132217847844,0
2023-07-28 10:54:06,9686.65,60534,100,9703.15,27409,38703,-0.6864132217847844,0
2023-07-28 10:54:06,9686.65,60534,100,9703.15,27408,38699,-0.6864132217847844,0
2023-07-28 10:54:06,9686.65,60534,100,9703.15,27408,38699,-0.6864132217847844,0
2023-07-28 10:54:06,9686.65,60534,100,9703.15,27402,38694,-0.6864132217847844,0
2023-07-28 10:54:06,9686.65,60534,100,9703.15,27401,38711,-0.6864132217847844,0
2023-07-28 10:54:06,9686.65,60534,100,9703.15,27391,38711,-0.6864132217847844,0
2023-07-28 10:54:06,9686.65,60534,100,9703.15,27384,38743,-0.6864132217847844,0
2023-07-28 10:54:06,9686.65,60534,100,9703.15,26895,38836,-0.6864132217847844,0
2023-07-28 10:54:06,9686.65,60534,100,9703.15,27405,38830,-0.6864132217847844,0
2023-07-28 10:54:14,9688.1,60535,1,9703.15,27408,38825,-0.6715469160104987,0
2023-07-28 10:54:16,9688.15,60542,6,9703.15,27398,38792,-0.6710342847769103,0
2023-07-28 10:54:16,9688.15,60542,6,9703.15,27398,38792,-0.6710342847769103,0
2023-07-28 10:54:16,9688.15,60548,6,9703.15,27424,38823,-0.6710342847769103,0
2023-07-28 10:54:16,9688.15,60548,6,9703.15,27425,38823,-0.6710342847769103,0
2023-07-28 10:54:19,9688.1,60589,2,9703.14,26708,38606,-0.6715469160104987,0
2023-07-28 10:54:20,9687.9,60599,10,9703.14,27236,38628,-0.6735974409448893,0
2023-07-28 10:54:20,9687.9,60599,10,9703.14,27237,38634,-0.6735974409448893,0
2023-07-28 10:54:20,9687.9,60599,10,9703.14,27251,38634,-0.6735974409448893,0
2023-07-28 10:54:20,9687.9,60599,10,9703.14,27260,38631,-0.6735974409448893,0
2023-07-28 10:54:20,9687.9,60599,10,9703.14,27262,38631,-0.6735974409448893,0
2023-07-28 10:54:20,9687.9,60599,5,9703.14,27262,38631,-0.6735974409448893,0
2023-07-28 10:54:27,9687.65,60620,6,9703.13,26717,38587,-0.6761605971128684,0
2023-07-28 10:54:27,9686.65,60620,5,9703.13,26717,38587,-0.6864132217847844,0
2023-07-28 10:54:28,9686.65,60628,5,9703.13,26723,38593,-0.6864132217847844,0
2023-07-28 10:54:28,9686.65,60628,5,9703.13,27232,38595,-0.6864132217847844,0
2023-07-28 10:54:28,9684.05,60628,6,9703.13,27232,38595,-0.7130700459317697,0
2023-07-28 10:54:30,9684.05,60654,6,9703.12,27125,38641,-0.7130700459317697,0
2023-07-28 10:54:30,9684.05,60654,6,9703.12,27258,38640,-0.7130700459317697,0
2023-07-28 10:54:30,9684.05,60654,6,9703.12,27258,38640,-0.7130700459317697,0
2023-07-28 10:54:30,9684.0,60654,5,9703.12,27258,38640,-0.7135826771653581,0
2023-07-28 10:54:33,9684.0,60660,5,9703.12,27267,38698,-0.7135826771653581,0
2023-07-28 10:54:33,9684.0,60660,5,9703.12,27290,38670,-0.7135826771653581,0
2023-07-28 10:54:33,9684.0,60660,5,9703.12,27288,38663,-0.7135826771653581,0
2023-07-28 10:54:33,9684.0,60660,5,9703.12,27302,38664,-0.7135826771653581,0
2023-07-28 10:54:33,9684.0,60660,5,9703.12,27288,38664,-0.7135826771653581,0
2023-07-28 10:54:33,9682.6,60660,9,9703.12,27288,38664,-0.7279363517060368,0
2023-07-28 10:54:38,9682.6,60669,9,9703.12,27281,38673,-0.7279363517060368,0
2023-07-28 10:54:38,9682.6,60669,9,9703.12,27303,38744,-0.7279363517060368,0
2023-07-28 10:54:38,9682.6,60669,10,9703.12,27303,38744,-0.7279363517060368,0
2023-07-28 10:54:41,9682.6,60679,10,9703.11,27370,38771,-0.7279363517060368,0
2023-07-28 10:54:41,9682.6,60679,10,9703.11,27371,38769,-0.7279363517060368,0
2023-07-28 10:54:41,9682.6,60679,10,9703.11,27365,38777,-0.7279363517060368,0
2023-07-28 10:54:45,9685.6,60705,1,9703.11,27368,38850,-0.6971784776902887,0
2023-07-28 10:54:45,9685.6,60707,2,9703.11,27357,38953,-0.6971784776902887,0
2023-07-28 10:54:45,9685.6,60707,2,9703.11,27350,38959,-0.6971784776902887,0
2023-07-28 10:54:45,9685.6,60707,2,9703.11,27351,38959,-0.6971784776902887,0
2023-07-28 10:54:45,9685.6,60707,2,9703.11,27361,38560,-0.6971784776902887,0
2023-07-28 10:54:45,9685.6,60707,2,9703.11,27390,38775,-0.6971784776902887,0
2023-07-28 10:54:45,9685.6,60707,2,9703.11,27379,38567,-0.6971784776902887,0
2023-07-28 10:54:45,9685.6,60707,2,9703.11,27379,38967,-0.6971784776902887,0
2023-07-28 10:54:55,9685.6,60727,9,9703.1,27423,38407,-0.6971784776902887,0
2023-07-28 10:54:56,9685.25,60737,1,9703.1,27424,38991,-0.7007668963254631,0
2023-07-28 10:54:56,9685.25,60737,1,9703.1,27384,39003,-0.7007668963254631,0
2023-07-28 10:54:56,9684.9,60737,1,9703.1,27384,39003,-0.7043553149606373,0
2023-07-28 10:54:59,9680.1,60860,10,9703.05,27095,39124,-0.7535679133858267,0
2023-07-28 10:54:59,9680.1,60860,10,9703.05,27268,39281,-0.7535679133858267,0
2023-07-28 10:54:59,9681.7,60860,12,9703.05,27291,39196,-0.7371637139107574,0
2023-07-28 10:55:02,9681.7,60874,2,9703.05,27255,38984,-0.7371637139107574,0
2023-07-28 10:55:02,9681.7,60874,2,9703.05,27255,39246,-0.7371637139107574,0
2023-07-28 10:55:02,9680.1,60874,3,9703.05,27255,39246,-0.7535679133858267,0
2023-07-28 10:55:03,9680.1,60888,3,9703.04,27268,39259,-0.7535679133858267,0
2023-07-28 10:55:03,9680.1,60888,3,9703.04,27268,39306,-0.7535679133858267,0
2023-07-28 10:55:03,9680.1,60888,3,9703.04,27262,39338,-0.7535679133858267,0
2023-07-28 10:55:03,9681.5,60888,12,9703.04,27262,39338,-0.739214238845148,0
2023-07-28 10:55:07,9681.5,60900,12,9703.04,27263,39326,-0.739214238845148,0
2023-07-28 10:55:07,9681.5,60900,12,9703.04,27263,39318,-0.739214238845148,0
2023-07-28 10:55:07,9681.5,60900,1,9703.04,27263,39318,-0.739214238845148,0
2023-07-28 10:55:09,9681.7,60902,1,9703.04,27277,39310,-0.7371637139107574,0
2023-07-28 10:55:09,9681.7,60902,1,9703.04,27278,39295,-0.7371637139107574,0
2023-07-28 10:55:09,9681.7,60902,1,9703.04,27279,39295,-0.7371637139107574,0
2023-07-28 10:55:13,9681.7,60903,1,9703.04,27286,39297,-0.7371637139107574,0
2023-07-28 10:55:13,9681.7,60903,1,9703.04,27293,39195,-0.7371637139107574,0
2023-07-28 10:55:13,9681.7,60903,1,9703.04,27282,39309,-0.7371637139107574,0
2023-07-28 10:55:13,9681.7,60903,1,9703.04,27282,39309,-0.7371637139107574,0
2023-07-28 10:55:13,9680.05,60903,33,9703.04,27282,39309,-0.7540805446194337,0
2023-07-28 10:55:16,9680.05,60959,33,9703.02,27283,39117,-0.7540805446194337,0
2023-07-28 10:55:16,9680.05,60959,33,9703.02,27288,39134,-0.7540805446194337,0
2023-07-28 10:55:18,9680.05,60972,13,9703.01,27258,39363,-0.7540805446194337,0
2023-07-28 10:55:18,9681.0,60972,1,9703.01,27455,39363,-0.7443405511811061,0
2023-07-28 10:55:20,9680.05,60973,1,9703.01,27476,39354,-0.7540805446194337,0
2023-07-28 10:55:21,9680.05,60978,1,9703.01,27472,39261,-0.7540805446194337,0
2023-07-28 10:55:21,9680.05,60978,1,9703.01,27473,39365,-0.7540805446194337,0
2023-07-28 10:55:21,9680.05,60978,1,9703.01,27478,39365,-0.7540805446194337,0
2023-07-28 10:55:21,9680.05,60978,1,9703.01,27486,39152,-0.7540805446194337,0
2023-07-28 10:55:27,9681.0,60994,2,9703.0,27530,39320,-0.7443405511811061,0
2023-07-28 10:55:27,9680.0,60994,66,9703.0,27538,39329,-0.7545931758530221,0
2023-07-28 10:55:29,9680.0,61094,66,9702.97,27411,39370,-0.7545931758530221,0
2023-07-28 10:55:29,9680.0,61094,66,9702.97,27448,39366,-0.7545931758530221,0
2023-07-28 10:55:29,9680.0,61094,66,9702.97,27441,39336,-0.7545931758530221,0
2023-07-28 10:55:32,9680.8,61095,1,9702.97,27413,39349,-0.7463910761154967,0
2023-07-28 10:55:33,9680.0,61114,15,9702.96,27406,39388,-0.7545931758530221,0
2023-07-28 10:55:33,9680.05,61114,1,9702.96,27406,39388,-0.7540805446194337,0
2023-07-28 10:55:34,9680.05,61116,4,9702.96,27418,39370,-0.7540805446194337,0
2023-07-28 10:55:35,9680.05,61120,4,9702.96,27430,39344,-0.7540805446194337,0
2023-07-28 10:55:37,9680.1,61122,2,9702.96,27429,39344,-0.7535679133858267,0
2023-07-28 10:55:37,9680.1,61122,2,9702.96,27441,39339,-0.7535679133858267,0
2023-07-28 10:55:41,9680.1,61147,1,9702.95,27437,39339,-0.7535679133858267,0
2023-07-28 10:55:41,9680.1,61147,1,9702.95,27437,39352,-0.7535679133858267,0
2023-07-28 10:55:43,9683.6,61152,4,9702.95,27427,39358,-0.7176837270341208,0
2023-07-28 10:55:43,9683.6,61152,4,9702.95,27349,39173,-0.7176837270341208,0
2023-07-28 10:55:43,9683.6,61152,4,9702.95,27435,39373,-0.7176837270341208,0
2023-07-28 10:55:43,9681.0,61152,1,9702.95,27435,39373,-0.7443405511811061,0
2023-07-28 10:55:46,9681.0,61157,1,9702.94,27420,39370,-0.7443405511811061,0
2023-07-28 10:55:46,9681.0,61157,1,9702.94,27442,39370,-0.7443405511811061,0
2023-07-28 10:55:48,9681.95,61160,1,9702.94,27451,39323,-0.7346005577427784,0
2023-07-28 10:55:48,9681.95,61160,1,9702.94,27451,39323,-0.7346005577427784,0
2023-07-28 10:55:48,9681.95,61160,1,9702.94,27438,39319,-0.7346005577427784,0
2023-07-28 10:55:48,9681.9,61160,2,9702.94,27438,39319,-0.7351131889763853,0
2023-07-28 10:55:52,9681.9,61162,2,9702.94,27438,39320,-0.7351131889763853,0
2023-07-28 10:55:52,9681.9,61162,2,9702.94,27439,39320,-0.7351131889763853,0
2023-07-28 10:55:54,9680.0,61595,5,9702.78,26823,39413,-0.7545931758530221,0
2023-07-28 10:55:54,9680.0,61595,5,9702.78,26856,39413,-0.7545931758530221,0
2023-07-28 10:55:54,9680.0,61595,5,9702.78,26953,39413,-0.7545931758530221,0
2023-07-28 10:55:54,9680.0,61595,5,9702.78,26992,39445,-0.7545931758530221,0
2023-07-28 10:55:54,9680.0,61595,5,9702.78,26994,39325,-0.7545931758530221,0
2023-07-28 10:55:58,9680.0,61596,1,9702.78,26986,39272,-0.7545931758530221,0
2023-07-28 10:55:58,9679.9,61596,1,9702.78,27103,39359,-0.7556184383202174,0
2023-07-28 10:56:00,9681.0,61598,1,9702.78,27124,39377,-0.7443405511811061,0
2023-07-28 10:56:00,9681.0,61598,1,9702.78,27127,39390,-0.7443405511811061,0
2023-07-28 10:56:00,9681.0,61598,1,9702.78,27158,39390,-0.7443405511811061,0
2023-07-28 10:56:00,9680.0,61598,1,9702.78,27158,39390,-0.7545931758530221,0
2023-07-28 10:56:03,9680.0,61611,1,9702.77,27177,39393,-0.7545931758530221,0
2023-07-28 10:56:03,9680.0,61611,14,9702.77,27177,39393,-0.7545931758530221,0
2023-07-28 10:56:05,9680.0,61711,14,9702.74,27065,39361,-0.7545931758530221,0
2023-07-28 10:56:05,9681.9,61711,1,9702.74,27065,39361,-0.7351131889763853,0
2023-07-28 10:56:09,9681.9,61712,1,9702.74,27197,39356,-0.7351131889763853,0
2023-07-28 10:56:09,9681.0,61712,1,9702.74,27197,39356,-0.7443405511811061,0
2023-07-28 10:56:09,9681.9,61712,1,9702.74,27197,39356,-0.7351131889763853,0
2023-07-28 10:56:13,9681.9,61725,1,9702.73,27188,39357,-0.7351131889763853,0
2023-07-28 10:56:18,9681.45,61738,9,9702.73,27111,39378,-0.7397268700787364,0
2023-07-28 10:56:18,9681.45,61738,9,9702.73,27111,39378,-0.7397268700787364,0
2023-07-28 10:56:18,9681.45,61738,9,9702.73,27111,39378,-0.7397268700787364,0
2023-07-28 10:56:18,9681.45,61738,9,9702.73,27111,39378,-0.7397268700787364,0
2023-07-28 10:56:18,9681.45,61738,9,9702.73,27111,39378,-0.7397268700787364,0
2023-07-28 10:56:18,9681.45,61738,9,9702.73,27111,39378,-0.7397268700787364,0
2023-07-28 10:56:24,9680.0,61761,6,9702.72,27086,39393,-0.7545931758530221,0
2023-07-28 10:56:24,9680.0,61761,6,9702.72,27086,39393,-0.7545931758530221,0
2023-07-28 10:56:24,9680.0,61761,6,9702.72,27086,39393,-0.7545931758530221,0
2023-07-28 10:56:24,9680.0,61761,6,9702.72,27086,39393,-0.7545931758530221,0
2023-07-28 10:56:24,9680.0,61761,6,9702.72,27086,39393,-0.7545931758530221,0
2023-07-28 10:56:24,9680.0,61761,6,9702.72,27087,39385,-0.7545931758530221,0
2023-07-28 10:56:33,9680.0,61776,1,9702.72,27093,39421,-0.7545931758530221,0
2023-07-28 10:56:33,9680.0,61776,1,9702.72,27099,39013,-0.7545931758530221,0
2023-07-28 10:56:33,9681.9,61776,1,9702.72,27101,39401,-0.7351131889763853,0
2023-07-28 10:56:33,9678.25,61776,1,9702.72,27101,39401,-0.772535269028875,0
2023-07-28 10:56:33,9678.2,61776,1,9702.72,27101,39401,-0.7730479002624634,0
2023-07-28 10:56:47,9678.2,61878,1,9702.68,27074,39454,-0.7730479002624634,0
2023-07-28 10:56:47,9678.2,61878,13,9702.68,27074,39454,-0.7730479002624634,0
2023-07-28 10:56:48,9678.2,61891,13,9702.67,27041,39554,-0.7730479002624634,0
2023-07-28 10:56:48,9678.2,61891,15,9702.67,27041,39554,-0.7730479002624634,0
2023-07-28 10:56:48,9679.0,61891,9,9702.67,27041,39554,-0.7648458005249381,0
2023-07-28 10:56:55,9679.0,61935,9,9702.66,27027,39554,-0.7648458005249381,0
2023-07-28 10:56:55,9679.0,61935,9,9702.66,27037,39532,-0.7648458005249381,0
2023-07-28 10:56:55,9678.0,61935,1,9702.66,27037,39532,-0.7750984251968541,0
2023-07-28 10:56:55,9678.0,61935,8,9702.66,27037,39532,-0.7750984251968541,0
2023-07-28 10:56:55,9677.9,61935,2,9702.66,27037,39532,-0.7761236876640494,0
2023-07-28 10:57:05,9679.0,61973,11,9702.64,27023,39500,-0.7648458005249381,0
2023-07-28 10:57:05,9679.0,61973,11,9702.64,27148,39510,-0.7648458005249381,0
2023-07-28 10:57:05,9679.0,61973,2,9702.64,27148,39510,-0.7648458005249381,0
2023-07-28 10:57:05,9676.2,61973,16,9702.64,27148,39510,-0.7935531496062954,0
2023-07-28 10:57:05,9676.15,61973,13,9702.64,27148,39510,-0.7940657808399024,0
2023-07-28 10:57:05,9675.7,61973,20,9702.64,27148,39510,-0.7986794619422535,0
2023-07-28 10:57:20,9675.7,62087,24,9702.59,26926,39670,-0.7986794619422535,0
2023-07-28 10:57:20,9675.7,62087,1,9702.59,26926,39670,-0.7986794619422535,0
2023-07-28 10:57:20,9678.4,62087,2,9702.59,26926,39670,-0.7709973753280914,0
2023-07-28 10:57:22,9678.4,62090,2,9702.59,27050,39699,-0.7709973753280914,0
2023-07-28 10:57:22,9678.0,62090,2,9702.59,27050,39699,-0.7750984251968541,0
2023-07-28 10:57:22,9678.0,62090,3,9702.59,27050,39699,-0.7750984251968541,0
2023-07-28 10:57:22,9676.85,62090,15,9702.59,27050,39699,-0.7868889435695537,0
2023-07-28 10:57:34,9678.0,62115,2,9702.58,26996,39637,-0.7750984251968541,0
2023-07-28 10:57:34,9676.85,62115,2,9702.58,26996,39637,-0.7868889435695537,0
2023-07-28 10:57:35,9676.85,62117,2,9702.58,27001,39611,-0.7868889435695537,0
2023-07-28 10:57:35,9677.9,62117,1,9702.58,27001,39611,-0.7761236876640494,0
2023-07-28 10:57:35,9677.9,62117,1,9702.58,27001,39611,-0.7761236876640494,0
2023-07-28 10:57:35,9676.85,62117,1,9702.58,27001,39611,-0.7868889435695537,0
2023-07-28 10:57:46,9676.85,62131,1,9702.58,27034,39627,-0.7868889435695537,0
2023-07-28 10:57:46,9675.7,62131,13,9702.58,27034,39627,-0.7986794619422535,0
2023-07-28 10:57:48,9675.7,62146,13,9702.57,27043,39651,-0.7986794619422535,0
2023-07-28 10:57:48,9675.7,62146,1,9702.57,27043,39651,-0.7986794619422535,0
2023-07-28 10:57:54,9675.7,62147,1,9702.57,27053,39683,-0.7986794619422535,0
2023-07-28 10:57:54,9676.75,62147,25,9702.57,27053,39683,-0.7879142060367491,0
2023-07-28 10:57:57,9676.75,62172,25,9702.56,27028,39655,-0.7879142060367491,0
2023-07-28 10:57:57,9676.75,62172,2,9702.56,27028,39655,-0.7879142060367491,0
2023-07-28 10:57:57,9675.7,62172,2,9702.56,27028,39655,-0.7986794619422535,0
2023-07-28 10:57:57,9675.7,62172,14,9702.56,27028,39655,-0.7986794619422535,0
2023-07-28 10:57:57,9675.7,62172,4,9702.56,27028,39655,-0.7986794619422535,0
2023-07-28 10:58:04,9675.7,62224,4,9702.54,26996,39589,-0.7986794619422535,0
2023-07-28 10:58:04,9675.7,62224,4,9702.54,26997,39598,-0.7986794619422535,0
2023-07-28 10:58:04,9675.7,62224,4,9702.54,27004,39608,-0.7986794619422535,0
2023-07-28 10:58:04,9675.7,62224,4,9702.54,26988,39667,-0.7986794619422535,0
2023-07-28 10:58:04,9675.7,62224,4,9702.54,26996,39239,-0.7986794619422535,0
2023-07-28 10:58:04,9675.7,62224,4,9702.54,27009,39239,-0.7986794619422535,0
2023-07-28 10:58:04,9675.7,62224,4,9702.54,27024,39666,-0.7986794619422535,0
2023-07-28 10:58:15,9676.75,62226,1,9702.54,27016,39661,-0.7879142060367491,0
2023-07-28 10:58:15,9676.75,62226,1,9702.54,27016,39661,-0.7879142060367491,0
2023-07-28 10:58:15,9676.75,62226,1,9702.54,27015,39661,-0.7879142060367491,0
2023-07-28 10:58:17,9675.7,62259,2,9702.52,26985,39572,-0.7986794619422535,0
2023-07-28 10:58:18,9675.7,62272,13,9702.52,26481,39045,-0.7986794619422535,0
2023-07-28 10:58:18,9675.7,62272,13,9702.52,26977,39545,-0.7986794619422535,0
2023-07-28 10:58:18,9675.7,62272,13,9702.52,26989,39545,-0.7986794619422535,0
2023-07-28 10:58:18,9675.7,62272,13,9702.52,26997,39544,-0.7986794619422535,0
2023-07-28 10:58:18,9675.7,62272,13,9702.52,26997,39545,-0.7986794619422535,0
2023-07-28 10:58:18,9675.7,62272,13,9702.52,26997,39545,-0.7986794619422535,0
2023-07-28 10:58:18,9675.7,62272,13,9702.52,26989,39519,-0.7986794619422535,0
2023-07-28 10:58:18,9675.7,62272,13,9702.52,26989,39398,-0.7986794619422535,0
2023-07-28 10:58:18,9675.7,62272,13,9702.52,26985,39398,-0.7986794619422535,0
2023-07-28 10:58:18,9675.7,62272,13,9702.52,27055,39398,-0.7986794619422535,0
2023-07-28 10:58:18,9675.7,62272,13,9702.52,27055,39394,-0.7986794619422535,0
2023-07-28 10:58:18,9675.7,62272,13,9702.52,27056,39394,-0.7986794619422535,0
2023-07-28 10:58:18,9675.7,62272,13,9702.52,27056,39394,-0.7986794619422535,0
2023-07-28 10:58:18,9675.7,62272,13,9702.52,27056,39400,-0.7986794619422535,0
2023-07-28 10:58:18,9676.0,62272,2,9702.52,27056,39400,-0.7956036745406861,0
2023-07-28 10:58:32,9676.0,62278,2,9702.51,27053,39400,-0.7956036745406861,0
2023-07-28 10:58:33,9675.85,62290,6,9702.51,27067,39375,-0.7971415682414698,0
2023-07-28 10:58:33,9675.85,62290,6,9702.51,27059,39375,-0.7971415682414698,0
2023-07-28 10:58:36,9675.7,62307,15,9702.5,26950,39384,-0.7986794619422535,0
2023-07-28 10:58:36,9675.7,62307,15,9702.5,27038,39385,-0.7986794619422535,0
2023-07-28 10:58:36,9675.7,62307,1,9702.5,27038,39385,-0.7986794619422535,0
2023-07-28 10:58:38,9675.7,62308,1,9702.5,27037,39385,-0.7986794619422535,0
2023-07-28 10:58:38,9675.7,62308,1,9702.5,27037,39384,-0.7986794619422535,0
2023-07-28 10:58:38,9675.05,62308,24,9702.5,27037,39384,-0.8053436679790138,0
2023-07-28 10:58:41,9675.05,62420,12,9702.45,26890,39392,-0.8053436679790138,0
2023-07-28 10:58:41,9675.05,62420,12,9702.45,26893,39391,-0.8053436679790138,0
2023-07-28 10:58:41,9675.05,62420,12,9702.45,26892,39394,-0.8053436679790138,0
2023-07-28 10:58:41,9675.05,62420,12,9702.45,26892,39396,-0.8053436679790138,0
2023-07-28 10:58:41,9675.05,62420,21,9702.45,26892,39396,-0.8053436679790138,0
2023-07-28 10:58:44,9675.05,62445,21,9702.44,26865,39389,-0.8053436679790138,0
2023-07-28 10:58:44,9675.05,62445,21,9702.44,26866,39383,-0.8053436679790138,0
2023-07-28 10:58:44,9675.05,62445,21,9702.44,26866,39389,-0.8053436679790138,0
2023-07-28 10:58:44,9675.05,62445,21,9702.44,26866,39389,-0.8053436679790138,0
2023-07-28 10:58:44,9675.0,62445,6,9702.44,26866,39389,-0.8058562992126022,0
2023-07-28 10:58:48,9675.0,62530,6,9702.4,26777,39391,-0.8058562992126022,0
2023-07-28 10:58:49,9675.7,62531,1,9702.4,26778,39470,-0.7986794619422535,0
2023-07-28 10:58:49,9675.7,62531,1,9702.4,26779,39470,-0.7986794619422535,0
2023-07-28 10:58:49,9675.7,62531,1,9702.4,26776,39470,-0.7986794619422535,0
2023-07-28 10:58:49,9675.7,62531,1,9702.4,26786,39470,-0.7986794619422535,0
2023-07-28 10:58:49,9675.7,62531,1,9702.4,26689,39076,-0.7986794619422535,0
2023-07-28 10:58:49,9675.7,62531,1,9702.4,26689,39470,-0.7986794619422535,0
2023-07-28 10:58:49,9675.7,62531,1,9702.4,26689,39470,-0.7986794619422535,0
2023-07-28 10:58:49,9675.7,62531,1,9702.4,26689,39431,-0.7986794619422535,0
2023-07-28 10:58:49,9675.7,62531,1,9702.4,26689,39433,-0.7986794619422535,0
2023-07-28 10:58:49,9675.95,62531,3,9702.4,26689,39433,-0.7961163057742745,0
2023-07-28 10:59:00,9675.75,62575,8,9702.38,26715,39417,-0.7981668307086651,0
2023-07-28 10:59:01,9675.0,62675,18,9702.34,26518,39428,-0.8058562992126022,0
2023-07-28 10:59:01,9675.0,62675,18,9702.34,26632,39429,-0.8058562992126022,0
2023-07-28 10:59:03,9677.95,62680,1,9702.34,26660,39378,-0.7756110564304425,0
2023-07-28 10:59:03,9677.95,62680,1,9702.34,26674,39387,-0.7756110564304425,0
2023-07-28 10:59:03,9677.95,62680,1,9702.34,26725,39379,-0.7756110564304425,0
2023-07-28 10:59:03,9677.95,62680,1,9702.34,26725,39382,-0.7756110564304425,0
2023-07-28 10:59:03,9677.95,62680,1,9702.34,26725,39382,-0.7756110564304425,0
2023-07-28 10:59:03,9677.95,62680,20,9702.34,26725,39382,-0.7756110564304425,0
2023-07-28 10:59:11,9675.0,62831,83,9702.28,26628,39334,-0.8058562992126022,0
2023-07-28 10:59:11,9677.95,62831,5,9702.28,26628,39334,-0.7756110564304425,0
2023-07-28 10:59:11,9676.65,62831,1,9702.28,26628,39334,-0.7889394685039445,0
2023-07-28 10:59:11,9676.45,62831,4,9702.28,26628,39334,-0.7909899934383164,0
2023-07-28 10:59:13,9676.45,62858,4,9702.26,26628,39526,-0.7909899934383164,0
2023-07-28 10:59:13,9675.0,62858,13,9702.26,26628,39526,-0.8058562992126022,0
2023-07-28 10:59:18,9675.0,62871,13,9702.26,26744,39512,-0.8058562992126022,0
2023-07-28 10:59:18,9675.0,62871,13,9702.26,26744,39512,-0.8058562992126022,0
2023-07-28 10:59:18,9675.0,62871,13,9702.26,26744,39512,-0.8058562992126022,0
2023-07-28 10:59:18,9676.1,62871,1,9702.26,26744,39512,-0.7945784120734908,0
2023-07-28 10:59:18,9676.1,62871,1,9702.26,26744,39512,-0.7945784120734908,0
2023-07-28 10:59:23,9676.1,62872,1,9702.26,26755,39537,-0.7945784120734908,0
2023-07-28 10:59:23,9676.1,62872,1,9702.26,26755,39537,-0.7945784120734908,0
2023-07-28 10:59:23,9676.1,62872,1,9702.26,26755,39537,-0.7945784120734908,0
2023-07-28 10:59:23,9676.1,62872,1,9702.26,26755,39537,-0.7945784120734908,0
2023-07-28 10:59:23,9676.1,62872,1,9702.26,26755,39537,-0.7945784120734908,0
2023-07-28 10:59:23,9676.1,62872,2,9702.26,26755,39537,-0.7945784120734908,0
2023-07-28 10:59:27,9676.1,62875,2,9702.26,26742,39508,-0.7945784120734908,0
2023-07-28 10:59:27,9675.95,62875,1,9702.26,26742,39508,-0.7961163057742745,0
2023-07-28 10:59:27,9676.0,62875,2,9702.26,26742,39508,-0.7956036745406861,0
2023-07-28 10:59:27,9676.0,62875,30,9702.26,26742,39508,-0.7956036745406861,0
2023-07-28 10:59:27,9675.95,62875,4,9702.26,26742,39508,-0.7961163057742745,0
2023-07-28 10:59:32,9675.95,62914,4,9702.24,26738,39459,-0.7961163057742745,0
2023-07-28 10:59:32,9675.75,62914,8,9702.24,26738,39459,-0.7981668307086651,0
2023-07-28 10:59:32,9675.0,62914,1,9702.24,26738,39459,-0.8058562992126022,0
2023-07-28 10:59:32,9675.0,62914,9,9702.24,26738,39459,-0.8058562992126022,0
2023-07-28 10:59:37,9675.65,63035,1,9702.19,26611,39470,-0.7991920931758605,0
2023-07-28 10:59:37,9675.65,63035,1,9702.19,26611,39470,-0.7991920931758605,0
2023-07-28 10:59:37,9675.0,63035,5,9702.19,26611,39470,-0.8058562992126022,0
2023-07-28 10:59:37,9675.35,63035,1,9702.19,26611,39470,-0.8022678805774278,0
2023-07-28 10:59:37,9670.25,63035,5,9702.19,26611,39470,-0.8545562664042031,0
2023-07-28 10:59:40,9670.25,63518,5,9701.97,26089,39352,-0.8545562664042031,0
2023-07-28 10:59:40,9670.25,63518,16,9701.97,26089,39352,-0.8545562664042031,0
2023-07-28 10:59:40,9670.25,63518,10,9701.97,26089,39352,-0.8545562664042031,0
2023-07-28 10:59:40,9670.25,63518,2,9701.97,26089,39352,-0.8545562664042031,0
2023-07-28 10:59:40,9672.55,63518,1,9701.97,26089,39352,-0.8309752296588038,0
2023-07-28 10:59:50,9671.0,63881,10,9701.8,26081,39689,-0.8468667979002662,0
2023-07-28 10:59:50,9671.0,63881,2,9701.8,26081,39689,-0.8468667979002662,0
2023-07-28 10:59:50,9671.0,63881,2,9701.8,26081,39689,-0.8468667979002662,0
2023-07-28 10:59:54,9673.9,64132,3,9701.68,26202,39739,-0.8171341863517134,0
2023-07-28 10:59:54,9671.0,64132,3,9701.68,26202,39739,-0.8468667979002662,0
2023-07-28 10:59:54,9671.0,64132,4,9701.68,26202,39739,-0.8468667979002662,0
2023-07-28 10:59:58,9672.2,64221,1,9701.64,26278,39780,-0.8345636482939595,0
2023-07-28 10:59:58,9671.6,64221,5,9701.64,26278,39780,-0.8407152230971129,0
2023-07-28 10:59:58,9670.9,64221,10,9701.64,26278,39780,-0.8478920603674615,0
2023-07-28 10:59:58,9670.0,64221,16,9701.64,26278,39780,-0.8571194225721822,0
2023-07-28 11:00:03,9670.0,64439,14,9701.53,26009,39567,-0.8571194225721822,0
2023-07-28 11:00:03,9670.0,64439,9,9701.53,26009,39567,-0.8571194225721822,0
2023-07-28 11:00:03,9670.0,64439,2,9701.53,26009,39567,-0.8571194225721822,0
2023-07-28 11:00:06,9670.0,64698,4,9701.41,25892,39796,-0.8571194225721822,0
2023-07-28 11:00:06,9670.0,64698,4,9701.41,25892,39796,-0.8571194225721822,0
2023-07-28 11:00:06,9670.0,64698,4,9701.41,25914,39792,-0.8571194225721822,0
2023-07-28 11:00:06,9670.0,64698,4,9701.41,25915,39792,-0.8571194225721822,0
2023-07-28 11:00:06,9670.0,64698,2,9701.41,25915,39797,-0.8571194225721822,0
2023-07-28 11:00:10,9670.0,64774,1,9701.37,25679,39721,-0.8571194225721822,0
2023-07-28 11:00:10,9670.0,64804,18,9701.36,25989,39704,-0.8571194225721822,0
2023-07-28 11:00:10,9670.0,64804,18,9701.36,25976,39704,-0.8571194225721822,0
2023-07-28 11:00:10,9669.0,64804,1,9701.36,25976,39704,-0.8673720472440982,0
2023-07-28 11:00:13,9669.0,64806,1,9701.36,25991,39519,-0.8673720472440982,0
2023-07-28 11:00:14,9668.65,64825,3,9701.35,26028,39727,-0.8709604658792726,0
2023-07-28 11:00:14,9667.55,64865,1,9701.33,25987,39698,-0.8822383530183838,0
2023-07-28 11:00:16,9669.95,64883,1,9701.32,26030,39693,-0.8576320538057706,0
2023-07-28 11:00:16,9670.0,64884,1,9701.32,26032,39712,-0.8571194225721822,0
2023-07-28 11:00:17,9667.7,64889,3,9701.31,26027,39712,-0.8807004593175816,0
2023-07-28 11:00:17,9667.7,64889,1,9701.31,26027,39712,-0.8807004593175816,0
2023-07-28 11:00:18,9667.7,64902,1,9701.31,26029,39711,-0.8807004593175816,0
2023-07-28 11:00:18,9667.7,64902,1,9701.31,26030,39697,-0.8807004593175816,0
2023-07-28 11:00:18,9667.7,64902,1,9701.31,26036,39703,-0.8807004593175816,0
2023-07-28 11:00:21,9669.9,64903,1,9701.31,26023,39735,-0.8581446850393775,0
2023-07-28 11:00:23,9669.9,64913,10,9701.3,26024,39739,-0.8581446850393775,0
2023-07-28 11:00:23,9669.9,64913,10,9701.3,26037,39722,-0.8581446850393775,0
2023-07-28 11:00:23,9669.9,64913,10,9701.3,26042,39722,-0.8581446850393775,0
2023-07-28 11:00:26,9668.0,65001,68,9701.26,25920,39509,-0.8776246719160142,0
2023-07-28 11:00:26,9668.0,65001,68,9701.26,25920,39509,-0.8776246719160142,0
2023-07-28 11:00:26,9668.0,65001,68,9701.26,26145,39702,-0.8776246719160142,0
2023-07-28 11:00:26,9668.0,65001,68,9701.26,26151,39698,-0.8776246719160142,0
2023-07-28 11:00:26,9667.5,65001,6,9701.26,26111,39726,-0.8827509842519722,0
2023-07-28 11:00:30,9667.0,65048,2,9701.23,26086,39716,-0.8878772965879302,0
2023-07-28 11:00:31,9669.8,65098,50,9701.21,26108,39688,-0.8591699475065728,0
2023-07-28 11:00:31,9669.8,65103,5,9701.21,26109,39674,-0.8591699475065728,0
2023-07-28 11:00:33,9668.55,65110,1,9701.2,26122,39674,-0.8719857283464678,0
2023-07-28 11:00:33,9668.55,65110,1,9701.2,26122,39674,-0.8719857283464678,0
2023-07-28 11:00:34,9668.55,65127,1,9701.19,26135,39660,-0.8719857283464678,0
2023-07-28 11:00:34,9668.55,65127,1,9701.19,26135,39660,-0.8719857283464678,0
2023-07-28 11:00:34,9668.55,65127,1,9701.19,26089,39590,-0.8719857283464678,0
2023-07-28 11:00:34,9668.0,65127,3,9701.19,25988,39679,-0.8776246719160142,0
2023-07-28 11:00:36,9668.0,65150,3,9701.18,26045,39655,-0.8776246719160142,0
2023-07-28 11:00:36,9668.0,65150,3,9701.18,26047,39640,-0.8776246719160142,0
2023-07-28 11:00:36,9668.0,65150,3,9701.18,26047,39652,-0.8776246719160142,0
2023-07-28 11:00:36,9668.0,65150,3,9701.18,26042,39652,-0.8776246719160142,0
2023-07-28 11:00:41,9666.55,65172,10,9701.17,26065,39655,-0.8924909776902998,0
2023-07-28 11:00:41,9666.55,65172,10,9701.17,26065,39655,-0.8924909776902998,0
2023-07-28 11:00:41,9666.55,65172,10,9701.17,26066,39747,-0.8924909776902998,0
2023-07-28 11:00:41,9666.55,65172,10,9701.17,26067,39747,-0.8924909776902998,0
2023-07-28 11:00:41,9666.55,65172,10,9701.17,26077,39749,-0.8924909776902998,0
2023-07-28 11:00:41,9666.55,65172,10,9701.17,26118,39723,-0.8924909776902998,0
2023-07-28 11:00:41,9666.55,65172,10,9701.17,26118,39723,-0.8924909776902998,0
2023-07-28 11:00:41,9666.55,65172,10,9701.17,26123,39766,-0.8924909776902998,0
2023-07-28 11:00:47,9668.0,65177,5,9701.17,26118,39775,-0.8776246719160142,0
2023-07-28 11:00:48,9666.55,65186,3,9701.16,25852,39774,-0.8924909776902998,0
2023-07-28 11:00:49,9665.3,65238,10,9701.13,26047,39547,-0.9053067585301949,0
2023-07-28 11:00:49,9666.0,65238,9,9701.13,26047,39547,-0.8981299212598463,0
2023-07-28 11:00:50,9666.0,65253,9,9701.13,25971,39868,-0.8981299212598463,0
2023-07-28 11:00:50,9666.0,65253,1,9701.13,25971,39868,-0.8981299212598463,0
2023-07-28 11:00:52,9665.0,65284,9,9701.11,26040,39624,-0.9083825459317623,0
2023-07-28 11:00:52,9666.0,65284,1,9701.11,26040,39624,-0.8981299212598463,0
2023-07-28 11:00:53,9667.8,65289,3,9701.11,26018,39560,-0.8796751968504049,0
2023-07-28 11:00:53,9667.8,65293,3,9701.1,26088,39747,-0.8796751968504049,0
2023-07-28 11:00:53,9668.0,65293,2,9701.1,26088,39747,-0.8776246719160142,0
2023-07-28 11:00:55,9660.05,65625,14,9700.91,26053,39791,-0.959133038057754,0
2023-07-28 11:00:55,9661.05,65625,1,9700.91,26053,39791,-0.948880413385838,0
2023-07-28 11:00:55,9666.0,65626,22,9700.91,26164,39761,-0.8981299212598463,0
2023-07-28 11:00:56,9666.0,65648,22,9700.9,26165,39749,-0.8981299212598463,0
2023-07-28 11:00:56,9665.95,65648,2,9700.9,26165,39749,-0.8986425524934346,0
2023-07-28 11:00:58,9661.3,65662,2,9700.89,26147,39769,-0.946317257217859,0
2023-07-28 11:00:59,9665.85,65673,10,9700.88,26152,39748,-0.8996678149606299,0
2023-07-28 11:00:59,9664.35,65673,92,9700.88,26152,39748,-0.9150467519685039,0
2023-07-28 11:01:00,9668.0,65920,10,9700.75,26296,39575,-0.8776246719160142,0
2023-07-28 11:01:01,9668.5,65930,3,9700.75,26351,39672,-0.8724983595800562,0
2023-07-28 11:01:02,9668.55,65942,3,9700.74,26410,39650,-0.8719857283464678,0
2023-07-28 11:01:02,9668.55,65942,3,9700.74,26410,39650,-0.8719857283464678,0
2023-07-28 11:01:03,9668.1,65991,2,9700.71,26383,39690,-0.8765994094488189,0
2023-07-28 11:01:04,9665.8,65994,2,9700.71,26384,39658,-0.9001804461942369,0
2023-07-28 11:01:05,9665.8,66019,2,9700.7,26422,39668,-0.9001804461942369,0
2023-07-28 11:01:05,9668.55,66019,1,9700.7,26422,39668,-0.8719857283464678,0
2023-07-28 11:01:06,9668.55,66020,1,9700.7,26402,39657,-0.8719857283464678,0
2023-07-28 11:01:06,9668.55,66020,1,9700.7,26417,39665,-0.8719857283464678,0
2023-07-28 11:01:06,9668.55,66020,1,9700.7,26416,39672,-0.8719857283464678,0
2023-07-28 11:01:10,9668.55,66039,19,9700.69,26465,39599,-0.8719857283464678,0
2023-07-28 11:01:10,9667.9,66055,2,9700.68,26452,39587,-0.8786499343832095,0
2023-07-28 11:01:10,9667.9,66055,1,9700.68,26452,39587,-0.8786499343832095,0
2023-07-28 11:01:12,9672.2,66165,1,9700.63,26549,39386,-0.8345636482939595,0
2023-07-28 11:01:12,9672.2,66165,8,9700.63,26549,39386,-0.8345636482939595,0
2023-07-28 11:01:12,9672.2,66273,8,9700.58,26556,39282,-0.8345636482939595,0
2023-07-28 11:01:14,9674.7,66274,1,9700.58,26564,39291,-0.8089320866141695,0
2023-07-28 11:01:14,9674.7,66283,1,9700.57,26571,39268,-0.8089320866141695,0
2023-07-28 11:01:14,9674.7,66283,1,9700.57,26578,39274,-0.8089320866141695,0
2023-07-28 11:01:14,9674.7,66283,1,9700.57,26575,39281,-0.8089320866141695,0
2023-07-28 11:01:14,9674.7,66283,1,9700.57,26598,39257,-0.8089320866141695,0
2023-07-28 11:01:14,9671.75,66283,4,9700.57,26598,39257,-0.8391773293963292,0
2023-07-28 11:01:18,9671.75,66296,4,9700.57,26577,39287,-0.8391773293963292,0
2023-07-28 11:01:18,9674.55,66296,1,9700.57,26578,39302,-0.8104699803149717,0
2023-07-28 11:01:20,9674.55,66297,1,9700.57,26597,39268,-0.8104699803149717,0
2023-07-28 11:01:21,9674.6,66330,1,9700.55,26551,39370,-0.8099573490813649,0
2023-07-28 11:01:23,9674.6,66332,1,9700.55,26577,39388,-0.8099573490813649,0
2023-07-28 11:01:23,9674.6,66332,1,9700.55,26586,39381,-0.8099573490813649,0
2023-07-28 11:01:23,9674.95,66332,3,9700.55,26586,39381,-0.8063689304461905,0
2023-07-28 11:01:24,9674.95,66335,3,9700.55,26575,39415,-0.8063689304461905,0
2023-07-28 11:01:24,9674.45,66335,7,9700.55,26575,39415,-0.8114952427821485,0
2023-07-28 11:01:26,9674.45,66392,3,9700.53,26544,39437,-0.8114952427821485,0
2023-07-28 11:01:26,9673.2,66459,2,9700.5,26498,39537,-0.8243110236220434,0
2023-07-28 11:01:26,9673.2,66459,2,9700.5,26502,39539,-0.8243110236220434,0
2023-07-28 11:01:26,9673.2,66459,2,9700.5,26497,39569,-0.8243110236220434,0
2023-07-28 11:01:26,9673.2,66459,2,9700.5,26555,39725,-0.8243110236220434,0
2023-07-28 11:01:26,9674.65,66459,12,9700.5,26555,39725,-0.8094447178477765,0
2023-07-28 11:01:31,9674.65,66471,12,9700.5,26559,39519,-0.8094447178477765,0
2023-07-28 11:01:32,9673.2,66473,1,9700.5,26552,39473,-0.8243110236220434,0
2023-07-28 11:01:32,9672.0,66473,1,9700.5,26552,39473,-0.8366141732283502,0
2023-07-28 11:01:33,9672.0,66494,1,9700.49,26573,39503,-0.8366141732283502,0
2023-07-28 11:01:33,9672.0,66494,1,9700.49,26574,39503,-0.8366141732283502,0
2023-07-28 11:01:33,9672.0,66494,1,9700.49,25574,39513,-0.8366141732283502,0
2023-07-28 11:01:33,9673.2,66494,1,9700.49,25574,39513,-0.8243110236220434,0
2023-07-28 11:01:37,9673.2,66495,1,9700.49,26576,39513,-0.8243110236220434,0
2023-07-28 11:01:37,9673.2,66495,1,9700.49,26576,39520,-0.8243110236220434,0
2023-07-28 11:01:37,9673.2,66495,1,9700.49,26578,39734,-0.8243110236220434,0
2023-07-28 11:01:37,9673.2,66495,1,9700.49,26616,39734,-0.8243110236220434,0
2023-07-28 11:01:37,9673.2,66495,1,9700.49,26621,39734,-0.8243110236220434,0
2023-07-28 11:01:43,9674.9,66500,5,9700.48,26631,39734,-0.8068815616797974,0
2023-07-28 11:01:43,9674.55,66500,2,9700.48,26631,39734,-0.8104699803149717,0
2023-07-28 11:01:44,9674.9,66527,25,9700.47,26556,39817,-0.8068815616797974,0
2023-07-28 11:01:45,9674.5,66529,1,9700.47,26527,39832,-0.8109826115485601,0
2023-07-28 11:01:45,9674.5,66529,1,9700.47,26527,39832,-0.8109826115485601,0
2023-07-28 11:01:46,9674.95,66564,5,9700.46,26519,39626,-0.8063689304461905,0
2023-07-28 11:01:46,9674.95,66564,5,9700.46,26520,39615,-0.8063689304461905,0
2023-07-28 11:01:48,9673.2,66573,7,9700.46,26527,39567,-0.8243110236220434,0
2023-07-28 11:01:48,9672.0,66573,1,9700.46,26527,39567,-0.8366141732283502,0
2023-07-28 11:01:49,9672.0,66574,1,9700.46,26528,39568,-0.8366141732283502,0
2023-07-28 11:01:51,9674.75,66579,1,9700.45,26547,39580,-0.8084194553805811,0
2023-07-28 11:01:51,9674.75,66579,1,9700.45,26493,39601,-0.8084194553805811,0
2023-07-28 11:01:51,9668.0,66579,66,9700.45,26493,39601,-0.8776246719160142,0
2023-07-28 11:01:54,9668.0,66745,66,9700.37,26598,39629,-0.8776246719160142,0
2023-07-28 11:01:54,9668.0,66745,66,9700.37,26522,39731,-0.8776246719160142,0
2023-07-28 11:01:56,9667.3,66769,5,9700.36,26602,39519,-0.8848015091863629,0
2023-07-28 11:01:56,9667.3,66769,5,9700.36,26623,39673,-0.8848015091863629,0
2023-07-28 11:01:56,9667.3,66769,5,9700.36,26633,39649,-0.8848015091863629,0
2023-07-28 11:01:56,9667.3,66769,5,9700.36,26613,39729,-0.8848015091863629,0
2023-07-28 11:02:00,9670.6,66794,2,9700.35,26617,39699,-0.8509678477690288,0
2023-07-28 11:02:00,9667.35,66794,2,9700.35,26617,39699,-0.8842888779527559,0
2023-07-28 11:02:01,9667.35,66796,2,9700.35,26527,39664,-0.8842888779527559,0
2023-07-28 11:02:01,9667.35,66796,2,9700.35,26606,39675,-0.8842888779527559,0
2023-07-28 11:02:01,9667.25,66796,2,9700.35,26606,39675,-0.8853141404199512,0
2023-07-28 11:02:03,9667.25,66809,4,9700.34,26493,39647,-0.8853141404199512,0
2023-07-28 11:02:04,9667.25,66823,1,9700.34,26497,39663,-0.8853141404199512,0
2023-07-28 11:02:04,9667.25,66823,1,9700.34,26509,39663,-0.8853141404199512,0
2023-07-28 11:02:04,9667.25,66823,5,9700.34,26509,39663,-0.8853141404199512,0
2023-07-28 11:02:07,9667.25,66844,5,9700.33,26499,39710,-0.8853141404199512,0
2023-07-28 11:02:07,9667.25,66844,5,9700.33,26499,39710,-0.8853141404199512,0
2023-07-28 11:02:08,9666.0,66860,4,9700.32,26490,39578,-0.8981299212598463,0
2023-07-28 11:02:08,9663.0,66860,49,9700.32,26490,39578,-0.9288877952755943,0
2023-07-28 11:02:09,9662.2,66975,1,9700.25,26382,39677,-0.9370898950131196,0
2023-07-28 11:02:10,9662.2,66977,1,9700.25,26384,39690,-0.9370898950131196,0
2023-07-28 11:02:10,9665.95,66978,1,9700.25,26414,39702,-0.8986425524934346,0
2023-07-28 11:02:12,9662.2,66981,1,9700.25,26396,39695,-0.9370898950131196,0
2023-07-28 11:02:12,9665.9,66981,1,9700.25,26396,39695,-0.8991551837270415,0
2023-07-28 11:02:13,9665.9,66983,1,9700.25,26392,39719,-0.8991551837270415,0
2023-07-28 11:02:13,9665.9,66983,1,9700.25,26392,39719,-0.8991551837270415,0
2023-07-28 11:02:14,9665.9,66984,1,9700.25,25808,39692,-0.8991551837270415,0
2023-07-28 11:02:14,9665.9,66984,1,9700.25,25903,39692,-0.8991551837270415,0
2023-07-28 11:02:14,9665.9,66984,1,9700.25,25933,39692,-0.8991551837270415,0
2023-07-28 11:02:16,9665.9,66989,4,9700.25,25924,39687,-0.8991551837270415,0
2023-07-28 11:02:16,9665.9,66989,4,9700.25,26480,39874,-0.8991551837270415,0
2023-07-28 11:02:16,9665.0,66989,10,9700.25,26480,39874,-0.9083825459317623,0
2023-07-28 11:02:18,9665.0,67000,10,9700.24,26596,39644,-0.9083825459317623,0
2023-07-28 11:02:20,9664.9,67010,6,9700.24,26591,39667,-0.9094078083989575,0
2023-07-28 11:02:20,9664.9,67010,6,9700.24,26591,39667,-0.9094078083989575,0
2023-07-28 11:02:20,9663.55,67010,1,9700.24,26591,39667,-0.9232488517060479,0
2023-07-28 11:02:22,9663.55,67011,1,9700.24,26448,39635,-0.9232488517060479,0
2023-07-28 11:02:22,9663.55,67011,1,9700.24,26448,39635,-0.9232488517060479,0
2023-07-28 11:02:22,9664.25,67011,1,9700.24,26506,39724,-0.9160720144356992,0
2023-07-28 11:02:22,9664.25,67011,1,9700.24,26506,39724,-0.9160720144356992,0
2023-07-28 11:02:25,9664.9,67013,1,9700.23,26523,39577,-0.9094078083989575,0
2023-07-28 11:02:25,9664.9,67013,1,9700.23,26523,39577,-0.9094078083989575,0
2023-07-28 11:02:25,9664.9,67013,1,9700.23,26576,39434,-0.9094078083989575,0
2023-07-28 11:02:28,9664.9,67014,1,9700.23,26554,39654,-0.9094078083989575,0
2023-07-28 11:02:29,9666.0,67029,2,9700.23,26582,39713,-0.8981299212598463,0
2023-07-28 11:02:29,9666.0,67031,2,9700.23,26604,39658,-0.8981299212598463,0
2023-07-28 11:02:29,9666.0,67031,2,9700.23,26655,39447,-0.8981299212598463,0
2023-07-28 11:02:29,9666.0,67031,2,9700.23,26656,39447,-0.8981299212598463,0
2023-07-28 11:02:29,9666.0,67031,2,9700.23,26665,39447,-0.8981299212598463,0
2023-07-28 11:02:29,9666.0,67031,2,9700.23,26629,39958,-0.8981299212598463,0
2023-07-28 11:02:29,9666.0,67031,2,9700.23,26687,39701,-0.8981299212598463,0
2023-07-28 11:02:29,9665.15,67031,11,9700.23,26687,39701,-0.9068446522309785,0
2023-07-28 11:02:38,9665.15,67051,11,9700.21,26703,39685,-0.9068446522309785,0
2023-07-28 11:02:38,9665.15,67051,11,9700.21,26756,39652,-0.9068446522309785,0
2023-07-28 11:02:38,9665.15,67051,11,9700.21,26751,39652,-0.9068446522309785,0
2023-07-28 11:02:38,9665.15,67051,11,9700.21,26752,39639,-0.9068446522309785,0
2023-07-28 11:02:38,9665.15,67051,11,9700.21,26753,39628,-0.9068446522309785,0
2023-07-28 11:02:38,9665.15,67051,11,9700.21,26753,39642,-0.9068446522309785,0
2023-07-28 11:02:38,9665.15,67051,11,9700.21,26755,39630,-0.9068446522309785,0
2023-07-28 11:02:38,9665.15,67051,11,9700.21,26757,39456,-0.9068446522309785,0
2023-07-28 11:02:38,9665.15,67051,11,9700.21,26758,39606,-0.9068446522309785,0
2023-07-28 11:02:48,9666.6,67053,1,9700.21,26767,39438,-0.8919783464566928,0
2023-07-28 11:02:48,9666.6,67053,1,9700.21,26754,39614,-0.8919783464566928,0
2023-07-28 11:02:48,9666.6,67053,1,9700.21,26757,39601,-0.8919783464566928,0
2023-07-28 11:02:48,9666.6,67053,1,9700.21,26762,39561,-0.8919783464566928,0
2023-07-28 11:02:48,9666.75,67053,1,9700.21,26762,39606,-0.8904404527559092,0
2023-07-28 11:02:53,9666.75,67066,1,9700.21,26749,39632,-0.8904404527559092,0
2023-07-28 11:02:55,9669.3,67105,12,9700.19,26772,39566,-0.8642962598425309,0
2023-07-28 11:02:55,9669.3,67105,12,9700.19,26768,39467,-0.8642962598425309,0
2023-07-28 11:02:55,9669.7,67105,1,9700.19,26768,39467,-0.8601952099737495,0
2023-07-28 11:02:57,9667.6,67107,1,9700.19,26781,39825,-0.8817257217847768,0
2023-07-28 11:02:59,9668.4,67110,39,9700.19,26777,39899,-0.8735236220472515,0
2023-07-28 11:03:00,9668.4,67162,39,9700.16,26818,39788,-0.8735236220472515,0
2023-07-28 11:03:00,9668.4,67162,39,9700.16,26818,39788,-0.8735236220472515,0
2023-07-28 11:03:02,9666.75,67168,2,9700.16,26813,39809,-0.8904404527559092,0
2023-07-28 11:03:02,9666.75,67168,2,9700.16,26813,39809,-0.8904404527559092,0
2023-07-28 11:03:03,9666.75,67182,2,9700.15,26811,39808,-0.8904404527559092,0
2023-07-28 11:03:03,9666.75,67182,2,9700.15,26812,39807,-0.8904404527559092,0
2023-07-28 11:03:03,9664.0,67182,1,9700.15,26812,39818,-0.9186351706036783,0
2023-07-28 11:03:06,9664.0,67208,1,9700.14,26802,39686,-0.9186351706036783,0
2023-07-28 11:03:08,9668.3,67213,3,9700.14,26809,39682,-0.8745488845144469,0
2023-07-28 11:03:08,9668.3,67213,3,9700.14,26917,39483,-0.8745488845144469,0
2023-07-28 11:03:11,9668.4,67214,1,9700.14,26922,39482,-0.8735236220472515,0
2023-07-28 11:03:11,9666.75,67214,5,9700.14,26925,39504,-0.8904404527559092,0
2023-07-28 11:03:13,9666.15,67221,1,9700.13,26903,39509,-0.8965920275590625,0
2023-07-28 11:03:13,9665.35,67226,1,9700.13,26950,39512,-0.9047941272965879,0
2023-07-28 11:03:15,9665.35,67230,1,9700.13,26966,39511,-0.9047941272965879,0
2023-07-28 11:03:15,9665.35,67230,1,9700.13,26967,39511,-0.9047941272965879,0
2023-07-28 11:03:15,9665.35,67230,1,9700.13,26957,39525,-0.9047941272965879,0
2023-07-28 11:03:15,9666.4,67230,1,9700.13,26978,39525,-0.8940288713910836,0
2023-07-28 11:03:19,9666.4,67237,1,9700.12,26966,39513,-0.8940288713910836,0
2023-07-28 11:03:19,9666.4,67237,1,9700.12,26966,39513,-0.8940288713910836,0
2023-07-28 11:03:20,9664.35,67238,8,9700.12,26967,39506,-0.9150467519685039,0
2023-07-28 11:03:21,9668.5,67306,3,9700.09,26940,39506,-0.8724983595800562,0
2023-07-28 11:03:21,9668.5,67306,3,9700.09,26954,39508,-0.8724983595800562,0
2023-07-28 11:03:21,9668.5,67306,3,9700.09,26947,39508,-0.8724983595800562,0
2023-07-28 11:03:21,9668.5,67306,3,9700.09,26955,39508,-0.8724983595800562,0
2023-07-28 11:03:25,9670.0,67307,1,9700.09,26991,39508,-0.8571194225721822,0
2023-07-28 11:03:25,9671.05,67307,2,9700.09,26991,39508,-0.8463541666666778,0
2023-07-28 11:03:26,9671.05,67313,2,9700.09,27075,39494,-0.8463541666666778,0
2023-07-28 11:03:26,9670.0,67313,1,9700.09,27076,39503,-0.8571194225721822,0
2023-07-28 11:03:28,9670.0,67314,1,9700.08,27105,39203,-0.8571194225721822,0
2023-07-28 11:03:28,9670.0,67314,1,9700.08,27405,39206,-0.8571194225721822,0
2023-07-28 11:03:28,9670.0,67314,1,9700.08,27705,39506,-0.8571194225721822,0
2023-07-28 11:03:28,9670.0,67314,1,9700.08,27703,39506,-0.8571194225721822,0
2023-07-28 11:03:28,9670.0,67314,1,9700.08,27675,39498,-0.8571194225721822,0
2023-07-28 11:03:28,9667.6,67314,3,9700.08,27693,39529,-0.8817257217847768,0
2023-07-28 11:03:33,9667.6,67329,3,9700.08,27656,39530,-0.8817257217847768,0
2023-07-28 11:03:33,9667.6,67329,3,9700.08,27640,39530,-0.8817257217847768,0
2023-07-28 11:03:33,9670.0,67329,5,9700.08,27125,39512,-0.8571194225721822,0
2023-07-28 11:03:36,9670.0,67334,5,9700.08,27624,39492,-0.8571194225721822,0
2023-07-28 11:03:36,9670.0,67334,5,9700.08,27627,39492,-0.8571194225721822,0
2023-07-28 11:03:36,9670.0,67334,5,9700.08,27647,39503,-0.8571194225721822,0
2023-07-28 11:03:36,9670.0,67334,5,9700.08,27647,39492,-0.8571194225721822,0
2023-07-28 11:03:36,9670.0,67334,5,9700.08,27647,39405,-0.8571194225721822,0
2023-07-28 11:03:36,9670.0,67334,5,9700.08,27663,39492,-0.8571194225721822,0
2023-07-28 11:03:36,9670.0,67334,5,9700.08,27663,39495,-0.8571194225721822,0
2023-07-28 11:03:36,9670.0,67334,5,9700.08,27661,39495,-0.8571194225721822,0
2023-07-28 11:03:36,9670.0,67334,5,9700.08,27702,39495,-0.8571194225721822,0
2023-07-28 11:03:36,9670.0,67334,5,9700.08,27702,39516,-0.8571194225721822,0
2023-07-28 11:03:36,9670.0,67334,1,9700.08,27702,39516,-0.8571194225721822,0
2023-07-28 11:03:36,9670.0,67334,1,9700.08,27702,39516,-0.8571194225721822,0
2023-07-28 11:03:36,9669.85,67334,3,9700.08,27702,39516,-0.8586573162729658,0
2023-07-28 11:03:49,9670.0,67351,2,9700.07,27631,39464,-0.8571194225721822,0
2023-07-28 11:03:49,9670.0,67351,2,9700.07,27675,39464,-0.8571194225721822,0
2023-07-28 11:03:49,9669.95,67351,2,9700.07,27675,39464,-0.8576320538057706,0
2023-07-28 11:03:51,9669.95,67355,2,9700.07,27599,39482,-0.8576320538057706,0
2023-07-28 11:03:51,9669.95,67355,2,9700.07,27584,39446,-0.8576320538057706,0
2023-07-28 11:03:51,9669.95,67355,2,9700.07,27600,39474,-0.8576320538057706,0
2023-07-28 11:03:51,9670.0,67355,2,9700.07,27600,39474,-0.8571194225721822,0
2023-07-28 11:03:56,9670.0,67377,1,9700.06,27701,39592,-0.8571194225721822,0
2023-07-28 11:03:56,9671.9,67377,3,9700.06,27701,39592,-0.8376394356955454,0
2023-07-28 11:03:56,9671.9,67387,3,9700.05,27717,39531,-0.8376394356955454,0
2023-07-28 11:03:56,9670.0,67387,2,9700.05,27717,39531,-0.8571194225721822,0
2023-07-28 11:03:59,9669.85,67399,1,9700.05,27694,39553,-0.8586573162729658,0
2023-07-28 11:04:00,9669.95,67456,5,9700.02,27732,39545,-0.8576320538057706,0
2023-07-28 11:04:00,9670.0,67456,3,9700.02,27732,39545,-0.8571194225721822,0
2023-07-28 11:04:00,9670.0,67459,3,9700.02,27734,39545,-0.8571194225721822,0
2023-07-28 11:04:00,9670.0,67459,3,9700.02,27735,39545,-0.8571194225721822,0
2023-07-28 11:04:00,9670.0,67459,3,9700.02,27735,39556,-0.8571194225721822,0
2023-07-28 11:04:00,9670.0,67459,3,9700.02,27735,39549,-0.8571194225721822,0
2023-07-28 11:04:05,9670.0,67469,9,9700.02,27734,39553,-0.8571194225721822,0
2023-07-28 11:04:05,9670.0,67469,9,9700.02,27736,39553,-0.8571194225721822,0
2023-07-28 11:04:05,9670.0,67469,2,9700.02,27736,39553,-0.8571194225721822,0
2023-07-28 11:04:07,9670.0,67486,2,9700.01,27716,39531,-0.8571194225721822,0
2023-07-28 11:04:07,9670.0,67486,2,9700.01,27740,39527,-0.8571194225721822,0
2023-07-28 11:04:07,9670.0,67486,2,9700.01,27740,39530,-0.8571194225721822,0
2023-07-28 11:04:07,9670.0,67486,1,9700.01,27740,39530,-0.8571194225721822,0
2023-07-28 11:04:10,9670.0,67499,5,9700.0,27738,39524,-0.8571194225721822,0
2023-07-28 11:04:12,9669.95,67512,1,9700.0,27741,39532,-0.8576320538057706,0
2023-07-28 11:04:12,9669.95,67512,1,9700.0,27739,39532,-0.8576320538057706,0
2023-07-28 11:04:12,9669.95,67512,1,9700.0,27739,39540,-0.8576320538057706,0
2023-07-28 11:04:12,9669.95,67512,1,9700.0,27704,39582,-0.8576320538057706,0
2023-07-28 11:04:12,9669.95,67512,1,9700.0,27707,39588,-0.8576320538057706,0
2023-07-28 11:04:17,9669.95,67518,1,9699.99,27689,39605,-0.8576320538057706,0
2023-07-28 11:04:17,9669.95,67518,1,9699.99,27772,39599,-0.8576320538057706,0
2023-07-28 11:04:18,9667.0,67528,1,9699.99,27682,39550,-0.8878772965879302,0
2023-07-28 11:04:18,9666.0,67528,10,9699.99,27688,39562,-0.8981299212598463,0
2023-07-28 11:04:21,9666.9,67578,3,9699.96,27629,39562,-0.8889025590551255,0
2023-07-28 11:04:22,9666.9,67584,3,9699.96,27651,39642,-0.8889025590551255,0
2023-07-28 11:04:22,9666.9,67584,3,9699.96,27662,39626,-0.8889025590551255,0
2023-07-28 11:04:22,9666.9,67584,3,9699.96,27686,39626,-0.8889025590551255,0
2023-07-28 11:04:22,9666.9,67584,3,9699.96,27684,39632,-0.8889025590551255,0
2023-07-28 11:04:22,9666.9,67584,3,9699.96,27780,39478,-0.8889025590551255,0
2023-07-28 11:04:22,9666.9,67584,3,9699.96,27713,39550,-0.8889025590551255,0
2023-07-28 11:04:22,9666.9,67584,3,9699.96,27734,39459,-0.8889025590551255,0
2023-07-28 11:04:22,9666.9,67584,3,9699.96,27733,39552,-0.8889025590551255,0
2023-07-28 11:04:22,9666.9,67584,3,9699.96,27733,39552,-0.8889025590551255,0
2023-07-28 11:04:31,9669.85,67589,2,9699.96,27736,39561,-0.8586573162729658,0
2023-07-28 11:04:31,9669.85,67589,2,9699.96,27721,39572,-0.8586573162729658,0
2023-07-28 11:04:31,9669.85,67589,2,9699.96,27719,39553,-0.8586573162729658,0
2023-07-28 11:04:33,9669.05,67590,1,9699.96,27731,39531,-0.8668594160105099,0
2023-07-28 11:04:34,9668.35,67617,13,9699.95,27745,39547,-0.8740362532808399,0
2023-07-28 11:04:34,9668.35,67617,13,9699.95,27769,39465,-0.8740362532808399,0
2023-07-28 11:04:34,9668.35,67617,13,9699.95,27755,39577,-0.8740362532808399,0
2023-07-28 11:04:38,9668.25,67628,1,9699.94,27743,39592,-0.8750615157480351,0
2023-07-28 11:04:38,9668.25,67628,1,9699.94,27768,39576,-0.8750615157480351,0
2023-07-28 11:04:38,9671.35,67628,16,9699.94,27768,39576,-0.8432783792650919,0
2023-07-28 11:04:40,9671.35,67667,16,9699.92,27783,39408,-0.8432783792650919,0
2023-07-28 11:04:40,9671.35,67667,16,9699.92,27783,39604,-0.8432783792650919,0
2023-07-28 11:04:40,9671.35,67667,16,9699.92,27784,39605,-0.8432783792650919,0
2023-07-28 11:04:40,9671.35,67667,16,9699.92,27793,39807,-0.8432783792650919,0
2023-07-28 11:04:40,9671.35,67667,16,9699.92,27793,39807,-0.8432783792650919,0
2023-07-28 11:04:40,9671.35,67667,16,9699.92,27793,39813,-0.8432783792650919,0
2023-07-28 11:04:40,9671.35,67667,16,9699.92,27793,39813,-0.8432783792650919,0
2023-07-28 11:04:40,9669.85,67667,1,9699.92,27805,39788,-0.8586573162729658,0
2023-07-28 11:04:49,9669.85,67671,2,9699.92,27808,39802,-0.8586573162729658,0
2023-07-28 11:04:49,9669.85,67671,2,9699.92,27808,39802,-0.8586573162729658,0
2023-07-28 11:04:49,9669.85,67671,2,9699.92,27810,39793,-0.8586573162729658,0
2023-07-28 11:04:49,9669.85,67671,2,9699.92,27799,39794,-0.8586573162729658,0
2023-07-28 11:04:53,9669.5,67680,1,9699.92,27797,39294,-0.8622457349081402,0
2023-07-28 11:04:53,9669.5,67680,1,9699.92,27798,39307,-0.8622457349081402,0
2023-07-28 11:04:53,9670.0,67680,1,9699.92,27798,39307,-0.8571194225721822,0
2023-07-28 11:04:55,9670.0,67681,1,9699.92,27800,39169,-0.8571194225721822,0
2023-07-28 11:04:55,9670.0,67681,1,9699.92,27800,39769,-0.8571194225721822,0
2023-07-28 11:04:55,9670.0,67681,1,9699.92,27773,39829,-0.8571194225721822,0
2023-07-28 11:04:55,9670.0,67681,1,9699.92,27774,39606,-0.8571194225721822,0
2023-07-28 11:04:55,9670.0,67681,1,9699.92,27786,39803,-0.8571194225721822,0
2023-07-28 11:04:55,9671.3,67681,7,9699.92,27786,39803,-0.8437910104986989,0
2023-07-28 11:05:00,9671.3,67733,7,9699.9,27815,39562,-0.8437910104986989,0
2023-07-28 11:05:00,9669.5,67745,1,9699.89,27814,39798,-0.8622457349081402,0
2023-07-28 11:05:00,9669.5,67745,1,9699.89,27780,39821,-0.8622457349081402,0
2023-07-28 11:05:00,9669.5,67745,1,9699.89,27794,39803,-0.8622457349081402,0
2023-07-28 11:05:00,9670.0,67745,3,9699.89,27794,39803,-0.8571194225721822,0
2023-07-28 11:05:03,9670.0,67748,3,9699.89,27795,39804,-0.8571194225721822,0
2023-07-28 11:05:03,9670.0,67748,3,9699.89,27796,39793,-0.8571194225721822,0
2023-07-28 11:05:03,9670.0,67748,3,9699.89,27805,39779,-0.8571194225721822,0
2023-07-28 11:05:03,9670.0,67748,3,9699.89,27777,39793,-0.8571194225721822,0
2023-07-28 11:05:03,9670.0,67748,3,9699.89,27789,39778,-0.8571194225721822,0
2023-07-28 11:05:03,9670.0,67748,3,9699.89,27813,39786,-0.8571194225721822,0
2023-07-28 11:05:03,9670.0,67748,3,9699.89,27816,39786,-0.8571194225721822,0
2023-07-28 11:05:03,9670.0,67748,1,9699.89,27816,39786,-0.8571194225721822,0
2023-07-28 11:05:11,9670.0,67749,1,9699.89,27802,39754,-0.8571194225721822,0
2023-07-28 11:05:11,9670.0,67749,1,9699.89,27802,39755,-0.8571194225721822,0
2023-07-28 11:05:13,9669.95,67750,1,9699.89,27812,39757,-0.8576320538057706,0
2023-07-28 11:05:13,9670.0,67750,2,9699.89,27812,39757,-0.8571194225721822,0
2023-07-28 11:05:14,9670.0,67754,1,9699.89,27812,39749,-0.8571194225721822,0
2023-07-28 11:05:14,9670.0,67755,1,9699.89,27812,39352,-0.8571194225721822,0
2023-07-28 11:05:14,9670.0,67755,1,9699.89,27812,39734,-0.8571194225721822,0
2023-07-28 11:05:14,9670.0,67755,1,9699.89,27812,39738,-0.8571194225721822,0
2023-07-28 11:05:14,9670.0,67755,1,9699.89,27822,39738,-0.8571194225721822,0
2023-07-28 11:05:18,9669.55,67779,15,9699.87,27809,39739,-0.8617331036745518,0
2023-07-28 11:05:18,9669.55,67779,15,9699.87,27708,39783,-0.8617331036745518,0
2023-07-28 11:05:18,9669.55,67779,15,9699.87,27796,39406,-0.8617331036745518,0
2023-07-28 11:05:18,9669.85,67779,2,9699.87,27796,39406,-0.8586573162729658,0
2023-07-28 11:05:21,9669.85,67781,2,9699.87,27799,39783,-0.8586573162729658,0
2023-07-28 11:05:22,9669.85,67784,2,9699.87,27799,39758,-0.8586573162729658,0
2023-07-28 11:05:22,9668.95,67784,1,9699.87,27799,39758,-0.8678846784776866,0
2023-07-28 11:05:23,9668.95,67786,1,9699.87,27804,39769,-0.8678846784776866,0
2023-07-28 11:05:23,9668.95,67786,1,9699.87,27782,39800,-0.8678846784776866,0
2023-07-28 11:05:23,9668.95,67786,1,9699.87,27782,39800,-0.8678846784776866,0
2023-07-28 11:05:23,9668.95,67786,1,9699.87,27782,39800,-0.8678846784776866,0
2023-07-28 11:05:23,9668.95,67786,1,9699.87,27797,39756,-0.8678846784776866,0
2023-07-28 11:05:23,9669.85,67786,1,9699.87,27797,39756,-0.8586573162729658,0
2023-07-28 11:05:28,9669.85,67787,1,9699.87,27797,39789,-0.8586573162729658,0
2023-07-28 11:05:28,9669.85,67787,1,9699.87,27791,39793,-0.8586573162729658,0
2023-07-28 11:05:28,9669.85,67787,1,9699.87,27793,39793,-0.8586573162729658,0
2023-07-28 11:05:31,9669.4,67789,1,9699.87,27793,40020,-0.8632709973753355,0
2023-07-28 11:05:31,9669.85,67789,1,9699.87,27793,40020,-0.8586573162729658,0
2023-07-28 11:05:33,9669.4,67791,4,9699.87,27793,40019,-0.8632709973753355,0
2023-07-28 11:05:34,9668.0,67810,2,9699.86,27772,39803,-0.8776246719160142,0
2023-07-28 11:05:34,9668.0,67810,2,9699.86,27807,39762,-0.8776246719160142,0
2023-07-28 11:05:34,9666.0,67810,1,9699.86,27807,39762,-0.8981299212598463,0
2023-07-28 11:05:34,9663.0,67810,1,9699.86,27807,39762,-0.9288877952755943,0
2023-07-28 11:05:37,9662.25,67871,10,9699.83,27469,40010,-0.9365772637795312,0
2023-07-28 11:05:37,9666.1,67871,5,9699.83,27598,39960,-0.8971046587926509,0
2023-07-28 11:05:40,9662.2,67925,2,9699.8,27599,39960,-0.9370898950131196,0
2023-07-28 11:05:40,9662.2,67925,2,9699.8,27617,39957,-0.9370898950131196,0
2023-07-28 11:05:40,9666.35,67925,5,9699.8,27617,39957,-0.8945415026246719,0
2023-07-28 11:05:42,9665.9,67974,8,9699.78,27754,39680,-0.8991551837270415,0
2023-07-28 11:05:43,9665.9,67984,1,9699.77,27775,39853,-0.8991551837270415,0
2023-07-28 11:05:45,9665.9,67986,1,9699.77,27781,39876,-0.8991551837270415,0
2023-07-28 11:05:45,9665.9,67986,1,9699.77,27781,39876,-0.8991551837270415,0
2023-07-28 11:05:45,9665.9,67986,1,9699.77,27773,39883,-0.8991551837270415,0
2023-07-28 11:05:45,9665.9,67986,1,9699.77,27773,39883,-0.8991551837270415,0
2023-07-28 11:05:45,9662.4,67986,2,9699.77,27773,39883,-0.9350393700787476,0
2023-07-28 11:05:48,9662.4,67994,2,9699.77,27612,39709,-0.9350393700787476,0
2023-07-28 11:05:50,9662.4,67996,2,9699.77,27616,39905,-0.9350393700787476,0
2023-07-28 11:05:50,9662.4,67996,2,9699.77,27615,39912,-0.9350393700787476,0
2023-07-28 11:05:52,9661.75,68096,13,9699.71,27559,39642,-0.9417035761154893,0
2023-07-28 11:05:52,9661.75,68096,2,9699.71,27554,39746,-0.9417035761154893,0
2023-07-28 11:05:53,9661.75,68098,2,9699.71,27606,39955,-0.9417035761154893,0
2023-07-28 11:05:53,9661.75,68098,2,9699.71,27616,39942,-0.9417035761154893,0
2023-07-28 11:05:53,9661.75,68098,2,9699.71,27696,39717,-0.9417035761154893,0
2023-07-28 11:05:53,9661.75,68098,2,9699.71,27706,39717,-0.9417035761154893,0
2023-07-28 11:05:53,9661.75,68098,2,9699.71,27722,39920,-0.9417035761154893,0
2023-07-28 11:06:00,9666.15,68150,2,9699.68,27721,39936,-0.8965920275590625,0
2023-07-28 11:06:00,9666.15,68150,2,9699.68,27742,39974,-0.8965920275590625,0
2023-07-28 11:06:03,9664.1,68155,1,9699.68,27763,39973,-0.9176099081364829,0
2023-07-28 11:06:03,9664.1,68155,1,9699.68,27755,39986,-0.9176099081364829,0
2023-07-28 11:06:03,9664.1,68155,1,9699.68,27748,39964,-0.9176099081364829,0
2023-07-28 11:06:03,9664.1,68155,1,9699.68,27766,39964,-0.9176099081364829,0
2023-07-28 11:06:03,9664.1,68155,1,9699.68,27752,39933,-0.9176099081364829,0
2023-07-28 11:06:03,9664.1,68155,1,9699.68,27792,39870,-0.9176099081364829,0
2023-07-28 11:06:03,9664.1,68155,1,9699.68,27803,39872,-0.9176099081364829,0
2023-07-28 11:06:03,9664.1,68155,1,9699.68,27798,39651,-0.9176099081364829,0
2023-07-28 11:06:03,9666.0,68155,1,9699.68,27798,39861,-0.8981299212598463,0
2023-07-28 11:06:13,9666.0,68156,1,9699.68,27802,39851,-0.8981299212598463,0
2023-07-28 11:06:14,9666.0,68157,1,9699.68,27802,39852,-0.8981299212598463,0
2023-07-28 11:06:14,9666.0,68157,1,9699.68,27803,39861,-0.8981299212598463,0
2023-07-28 11:06:14,9666.0,68157,1,9699.68,27808,39655,-0.8981299212598463,0
2023-07-28 11:06:14,9666.0,68157,1,9699.68,27806,39867,-0.8981299212598463,0
2023-07-28 11:06:14,9666.0,68157,1,9699.68,27806,39867,-0.8981299212598463,0
2023-07-28 11:06:18,9665.9,68171,9,9699.67,27799,39676,-0.8991551837270415,0
2023-07-28 11:06:18,9665.9,68171,9,9699.67,27804,39893,-0.8991551837270415,0
2023-07-28 11:06:18,9665.9,68171,9,9699.67,27804,39693,-0.8991551837270415,0
2023-07-28 11:06:18,9665.9,68171,9,9699.67,27814,39875,-0.8991551837270415,0
2023-07-28 11:06:23,9666.0,68174,3,9699.67,27812,39880,-0.8981299212598463,0
2023-07-28 11:06:23,9666.0,68174,3,9699.67,27813,39879,-0.8981299212598463,0
2023-07-28 11:06:25,9666.15,68192,6,9699.66,27667,39868,-0.8965920275590625,0
2023-07-28 11:06:26,9666.5,68194,2,9699.66,27686,39633,-0.8930036089238882,0
2023-07-28 11:06:26,9666.5,68194,2,9699.66,27686,39833,-0.8930036089238882,0
2023-07-28 11:06:26,9666.5,68194,2,9699.66,27686,39635,-0.8930036089238882,0
2023-07-28 11:06:26,9666.5,68194,2,9699.66,27683,39835,-0.8930036089238882,0
2023-07-28 11:06:26,9666.5,68194,5,9699.66,27683,39835,-0.8930036089238882,0
2023-07-28 11:06:30,9666.5,68199,5,9699.66,27684,39626,-0.8930036089238882,0
2023-07-28 11:06:30,9666.5,68199,5,9699.66,27688,39826,-0.8930036089238882,0
2023-07-28 11:06:30,9666.4,68199,9,9699.66,27689,39854,-0.8940288713910836,0
2023-07-28 11:06:33,9666.4,68211,9,9699.65,27689,39873,-0.8940288713910836,0
2023-07-28 11:06:33,9666.4,68211,9,9699.65,27694,39865,-0.8940288713910836,0
2023-07-28 11:06:33,9666.4,68211,9,9699.65,27690,39155,-0.8940288713910836,0
2023-07-28 11:06:38,9666.3,68214,3,9699.65,27705,39822,-0.8950541338582789,0
2023-07-28 11:06:38,9666.3,68214,3,9699.65,27695,39828,-0.8950541338582789,0
2023-07-28 11:06:38,9666.3,68214,3,9699.65,27706,39822,-0.8950541338582789,0
2023-07-28 11:06:38,9666.45,68214,1,9699.65,27706,39822,-0.8935162401574765,0
2023-07-28 11:06:42,9666.45,68215,1,9699.65,27708,39833,-0.8935162401574765,0
2023-07-28 11:06:42,9666.45,68215,1,9699.65,27708,39839,-0.8935162401574765,0
2023-07-28 11:06:44,9666.35,68216,1,9699.65,27707,39831,-0.8945415026246719,0
2023-07-28 11:06:44,9666.35,68216,1,9699.65,27657,39831,-0.8945415026246719,0
2023-07-28 11:06:44,9666.35,68216,1,9699.65,27657,39830,-0.8945415026246719,0
2023-07-28 11:06:44,9666.35,68216,1,9699.65,27657,39121,-0.8945415026246719,0
2023-07-28 11:06:48,9666.0,68236,1,9699.64,27657,39870,-0.8981299212598463,0
2023-07-28 11:06:48,9663.0,68236,3,9699.64,27657,39870,-0.9288877952755943,0
2023-07-28 11:06:49,9663.0,68254,4,9699.63,27691,39902,-0.9288877952755943,0
2023-07-28 11:06:49,9666.0,68254,8,9699.63,27691,39902,-0.8981299212598463,0
2023-07-28 11:06:51,9666.0,68274,10,9699.62,27709,39872,-0.8981299212598463,0
2023-07-28 11:06:51,9666.0,68274,10,9699.62,27721,39667,-0.8981299212598463,0
2023-07-28 11:06:51,9666.0,68274,10,9699.62,27723,39478,-0.8981299212598463,0
2023-07-28 11:06:51,9666.0,68274,10,9699.62,27722,39856,-0.8981299212598463,0
2023-07-28 11:06:56,9666.25,68275,1,9699.62,27732,39657,-0.8955667650918672,0
2023-07-28 11:06:56,9666.25,68275,4,9699.62,27752,39853,-0.8955667650918672,0
2023-07-28 11:06:57,9666.25,68279,4,9699.62,27754,39859,-0.8955667650918672,0
2023-07-28 11:06:57,9666.25,68279,4,9699.62,27787,39670,-0.8955667650918672,0
2023-07-28 11:06:57,9664.6,68279,2,9699.62,27770,39857,-0.9124835958005248,0
2023-07-28 11:07:00,9664.6,68333,2,9699.59,27794,39659,-0.9124835958005248,0
2023-07-28 11:07:00,9664.6,68333,2,9699.59,27794,39874,-0.9124835958005248,0
2023-07-28 11:07:00,9664.6,68333,2,9699.59,27766,39874,-0.9124835958005248,0
2023-07-28 11:07:00,9666.05,68333,2,9699.59,27766,39874,-0.8976172900262579,0
2023-07-28 11:07:03,9666.05,68335,2,9699.59,27747,39879,-0.8976172900262579,0
2023-07-28 11:07:03,9666.05,68335,2,9699.59,27757,39879,-0.8976172900262579,0
2023-07-28 11:07:03,9666.05,68335,2,9699.59,27752,39865,-0.8976172900262579,0
2023-07-28 11:07:07,9665.95,68336,1,9699.59,27832,39860,-0.8986425524934346,0
2023-07-28 11:07:08,9665.75,68337,1,9699.59,27831,39861,-0.9006930774278252,0
2023-07-28 11:07:08,9665.75,68340,1,9699.59,27829,39865,-0.9006930774278252,0
2023-07-28 11:07:08,9665.75,68340,1,9699.59,27829,39865,-0.9006930774278252,0
2023-07-28 11:07:12,9665.65,68353,8,9699.58,27825,39838,-0.9017183398950206,0
2023-07-28 11:07:12,9665.65,68353,8,9699.58,27826,39838,-0.9017183398950206,0
2023-07-28 11:07:12,9665.65,68353,8,9699.58,27825,39838,-0.9017183398950206,0
2023-07-28 11:07:12,9665.65,68353,8,9699.58,27234,39868,-0.9017183398950206,0
2023-07-28 11:07:12,9665.65,68353,8,9699.58,27824,39765,-0.9017183398950206,0
2023-07-28 11:07:12,9665.65,68353,8,9699.58,27834,39859,-0.9017183398950206,0
2023-07-28 11:07:12,9665.65,68353,8,9699.58,27834,39854,-0.9017183398950206,0
2023-07-28 11:07:18,9665.0,68373,10,9699.57,27781,39885,-0.9083825459317623,0
2023-07-28 11:07:19,9665.65,68384,1,9699.57,27813,39873,-0.9017183398950206,0
2023-07-28 11:07:19,9665.65,68384,1,9699.57,27862,39860,-0.9017183398950206,0
2023-07-28 11:07:19,9665.65,68384,1,9699.57,27861,39860,-0.9017183398950206,0
2023-07-28 11:07:19,9665.65,68384,1,9699.57,27861,39860,-0.9017183398950206,0
2023-07-28 11:07:19,9666.0,68384,100,9699.57,27861,39860,-0.8981299212598463,0
2023-07-28 11:07:23,9666.0,68535,100,9699.49,27892,39798,-0.8981299212598463,0
2023-07-28 11:07:23,9667.1,68535,14,9699.49,27894,39398,-0.8868520341207349,0
2023-07-28 11:07:25,9667.1,68552,2,9699.48,27894,39808,-0.8868520341207349,0
2023-07-28 11:07:27,9667.1,68636,84,9699.44,28020,39214,-0.8868520341207349,0
2023-07-28 11:07:27,9667.2,68636,100,9699.44,28020,39214,-0.8858267716535395,0
2023-07-28 11:07:28,9666.0,68936,12,9699.3,27869,39766,-0.8981299212598463,0
2023-07-28 11:07:28,9666.0,68936,12,9699.3,27890,39766,-0.8981299212598463,0
2023-07-28 11:07:28,9670.05,68936,18,9699.3,27890,39766,-0.8566067913385939,0
2023-07-28 11:07:30,9670.05,69236,18,9699.17,27776,39804,-0.8566067913385939,0
2023-07-28 11:07:30,9670.05,69236,18,9699.17,27773,39819,-0.8566067913385939,0
2023-07-28 11:07:30,9670.05,69236,18,9699.17,27789,39831,-0.8566067913385939,0
2023-07-28 11:07:30,9670.05,69236,18,9699.17,27776,39832,-0.8566067913385939,0
2023-07-28 11:07:30,9670.05,69236,18,9699.17,27796,39850,-0.8566067913385939,0
2023-07-28 11:07:36,9666.0,69246,10,9699.17,27790,39646,-0.8981299212598463,0
2023-07-28 11:07:36,9666.0,69246,10,9699.17,26858,39808,-0.8981299212598463,0
2023-07-28 11:07:36,9666.0,69246,10,9699.17,27880,39804,-0.8981299212598463,0
2023-07-28 11:07:36,9666.0,69246,10,9699.17,27887,39803,-0.8981299212598463,0
2023-07-28 11:07:36,9666.0,69246,10,9699.17,27905,39778,-0.8981299212598463,0
2023-07-28 11:07:36,9666.0,69246,10,9699.17,27915,39778,-0.8981299212598463,0
2023-07-28 11:07:36,9666.0,69246,10,9699.17,27799,39244,-0.8981299212598463,0
2023-07-28 11:07:36,9666.0,69246,10,9699.17,27955,39854,-0.8981299212598463,0
2023-07-28 11:07:36,9666.55,69246,1,9699.17,27955,39854,-0.8924909776902998,0
2023-07-28 11:07:44,9666.55,69247,1,9699.17,27890,39841,-0.8924909776902998,0
2023-07-28 11:07:44,9666.55,69247,1,9699.17,27933,39841,-0.8924909776902998,0
2023-07-28 11:07:44,9666.55,69247,1,9699.17,27943,39828,-0.8924909776902998,0
2023-07-28 11:07:44,9666.55,69247,1,9699.17,27943,39824,-0.8924909776902998,0
2023-07-28 11:07:44,9667.1,69247,5,9699.17,27943,39824,-0.8868520341207349,0
2023-07-28 11:07:49,9669.95,69261,1,9699.16,27954,39821,-0.8576320538057706,0
2023-07-28 11:07:49,9669.95,69261,1,9699.16,27954,39821,-0.8576320538057706,0
2023-07-28 11:07:49,9669.95,69261,1,9699.16,27992,39816,-0.8576320538057706,0
2023-07-28 11:07:49,9669.95,69261,1,9699.16,28001,39816,-0.8576320538057706,0
2023-07-28 11:07:49,9669.95,69261,4,9699.16,28001,39816,-0.8576320538057706,0
2023-07-28 11:07:53,9669.95,69265,4,9699.16,28000,39800,-0.8576320538057706,0
2023-07-28 11:07:53,9670.0,69265,6,9699.16,28000,39800,-0.8571194225721822,0
2023-07-28 11:07:55,9670.0,69320,2,9699.14,27895,39793,-0.8571194225721822,0
2023-07-28 11:07:56,9670.0,69336,4,9699.13,26885,39797,-0.8571194225721822,0
2023-07-28 11:07:56,9670.0,69336,4,9699.13,27885,39793,-0.8571194225721822,0
2023-07-28 11:07:56,9670.0,69336,4,9699.13,27882,39813,-0.8571194225721822,0
2023-07-28 11:08:00,9667.0,69738,11,9698.96,27710,39827,-0.8878772965879302,0
2023-07-28 11:08:01,9666.65,69743,5,9698.96,27776,39833,-0.8914657152231046,0
2023-07-28 11:08:01,9666.65,69743,5,9698.96,27849,39840,-0.8914657152231046,0
2023-07-28 11:08:01,9666.65,69743,5,9698.96,27838,39640,-0.8914657152231046,0
2023-07-28 11:08:01,9670.0,69743,1,9698.96,27838,39640,-0.8571194225721822,0
2023-07-28 11:08:01,9670.0,69743,1,9698.96,27838,39640,-0.8571194225721822,0
2023-07-28 11:08:04,9670.0,69745,1,9698.96,27866,39831,-0.8571194225721822,0
2023-07-28 11:08:04,9670.0,69745,1,9698.96,27801,39841,-0.8571194225721822,0
2023-07-28 11:08:04,9670.0,69745,1,9698.96,27796,39850,-0.8571194225721822,0
2023-07-28 11:08:04,9670.0,69745,1,9698.96,27803,39838,-0.8571194225721822,0
2023-07-28 11:08:09,9668.6,69747,1,9698.96,27792,39838,-0.8714730971128608,0
2023-07-28 11:08:10,9667.5,69748,1,9698.96,27273,39858,-0.8827509842519722,0
2023-07-28 11:08:10,9667.5,69748,1,9698.96,27773,39847,-0.8827509842519722,0
2023-07-28 11:08:10,9667.5,69748,1,9698.96,27839,39741,-0.8827509842519722,0
2023-07-28 11:08:12,9670.0,69763,7,9698.95,27885,39761,-0.8571194225721822,0
2023-07-28 11:08:12,9670.0,69763,7,9698.95,27937,39755,-0.8571194225721822,0
2023-07-28 11:08:12,9670.0,69763,7,9698.95,27917,39762,-0.8571194225721822,0
2023-07-28 11:08:12,9668.7,69763,1,9698.95,27917,39762,-0.8704478346456656,0
2023-07-28 11:08:16,9670.0,69767,2,9698.95,27910,39252,-0.8571194225721822,0
2023-07-28 11:08:16,9670.0,69767,2,9698.95,27910,39252,-0.8571194225721822,0
2023-07-28 11:08:16,9670.0,69767,2,9698.95,27913,39659,-0.8571194225721822,0
2023-07-28 11:08:16,9667.5,69767,7,9698.95,27913,39659,-0.8827509842519722,0
2023-07-28 11:08:18,9667.5,69787,13,9698.94,27928,39664,-0.8827509842519722,0
2023-07-28 11:08:20,9670.95,69795,2,9698.94,27934,39648,-0.8473794291338546,0
2023-07-28 11:08:20,9670.95,69795,2,9698.94,27934,39660,-0.8473794291338546,0
2023-07-28 11:08:20,9670.95,69795,2,9698.94,27917,39672,-0.8473794291338546,0
2023-07-28 11:08:20,9670.95,69795,2,9698.94,27935,39561,-0.8473794291338546,0
2023-07-28 11:08:20,9670.95,69795,2,9698.94,27935,39561,-0.8473794291338546,0
2023-07-28 11:08:20,9670.95,69795,2,9698.94,27824,39589,-0.8473794291338546,0
2023-07-28 11:08:24,9667.5,69798,3,9698.94,27806,39568,-0.8827509842519722,0
2023-07-28 11:08:24,9667.5,69798,3,9698.94,27807,39581,-0.8827509842519722,0
2023-07-28 11:08:24,9667.5,69798,3,9698.94,27807,39581,-0.8827509842519722,0
2023-07-28 11:08:24,9667.5,69798,3,9698.94,27722,39556,-0.8827509842519722,0
2023-07-28 11:08:24,9667.5,69798,3,9698.94,27722,39556,-0.8827509842519722,0
2023-07-28 11:08:24,9667.5,69798,3,9698.94,27793,39579,-0.8827509842519722,0
2023-07-28 11:08:24,9667.5,69798,3,9698.94,27784,39586,-0.8827509842519722,0
2023-07-28 11:08:24,9667.5,69798,2,9698.94,27784,39586,-0.8827509842519722,0
2023-07-28 11:08:31,9668.8,69803,3,9698.94,27790,39572,-0.8694225721784888,0
2023-07-28 11:08:31,9668.8,69803,3,9698.94,27796,39579,-0.8694225721784888,0
2023-07-28 11:08:31,9668.8,69803,3,9698.94,27797,39585,-0.8694225721784888,0
2023-07-28 11:08:33,9667.2,69860,16,9698.91,27775,39590,-0.8858267716535395,0
2023-07-28 11:08:33,9667.2,69860,16,9698.91,27763,39590,-0.8858267716535395,0
2023-07-28 11:08:33,9667.2,69860,16,9698.91,27751,39582,-0.8858267716535395,0
2023-07-28 11:08:33,9667.2,69860,16,9698.91,27734,39582,-0.8858267716535395,0
2023-07-28 11:08:36,9669.0,69865,1,9698.91,27752,39578,-0.8673720472440982,0
2023-07-28 11:08:36,9669.0,69865,1,9698.91,27767,39657,-0.8673720472440982,0
2023-07-28 11:08:39,9664.0,70374,10,9698.68,27764,39547,-0.9186351706036783,0
2023-07-28 11:08:39,9664.0,70374,10,9698.68,27764,39770,-0.9186351706036783,0
2023-07-28 11:08:39,9664.0,70374,10,9698.68,27761,39348,-0.9186351706036783,0
2023-07-28 11:08:42,9665.95,70384,4,9698.67,27750,39091,-0.8986425524934346,0
2023-07-28 11:08:42,9665.95,70384,4,9698.67,27746,39700,-0.8986425524934346,0
2023-07-28 11:08:42,9665.95,70384,4,9698.67,27771,39699,-0.8986425524934346,0
2023-07-28 11:08:42,9665.95,70384,4,9698.67,27787,39695,-0.8986425524934346,0
2023-07-28 11:08:42,9665.95,70384,4,9698.67,27788,39495,-0.8986425524934346,0
2023-07-28 11:08:42,9662.0,70384,3,9698.67,27788,39495,-0.9391404199475103,0
2023-07-28 11:08:47,9662.0,70408,4,9698.66,27745,39665,-0.9391404199475103,0
2023-07-28 11:08:49,9664.0,70423,2,9698.65,27781,39640,-0.9186351706036783,0
2023-07-28 11:08:49,9664.0,70423,2,9698.65,27816,39636,-0.9186351706036783,0
2023-07-28 11:08:49,9664.0,70423,2,9698.65,27909,39501,-0.9186351706036783,0
2023-07-28 11:08:49,9664.0,70423,2,9698.65,27863,39543,-0.9186351706036783,0
2023-07-28 11:08:49,9664.0,70423,2,9698.65,27840,39621,-0.9186351706036783,0
2023-07-28 11:08:49,9664.0,70423,2,9698.65,27824,39652,-0.9186351706036783,0
2023-07-28 11:08:49,9664.0,70423,2,9698.65,27839,39682,-0.9186351706036783,0
2023-07-28 11:08:56,9664.55,70424,1,9698.65,27839,39682,-0.9129962270341319,0
2023-07-28 11:08:57,9664.55,70425,1,9698.65,27835,39647,-0.9129962270341319,0
2023-07-28 11:08:57,9664.55,70425,1,9698.65,27874,39644,-0.9129962270341319,0
2023-07-28 11:08:57,9664.55,70425,1,9698.65,27848,39644,-0.9129962270341319,0
2023-07-28 11:08:57,9667.25,70425,2,9698.65,27848,39644,-0.8853141404199512,0
2023-07-28 11:09:01,9664.2,70479,1,9698.63,27896,39635,-0.9165846456692875,0
2023-07-28 11:09:01,9664.2,70479,1,9698.63,27926,39639,-0.9165846456692875,0
2023-07-28 11:09:01,9664.2,70479,1,9698.63,27926,39653,-0.9165846456692875,0
2023-07-28 11:09:01,9664.2,70479,1,9698.63,27889,39267,-0.9165846456692875,0
2023-07-28 11:09:05,9665.9,70480,1,9698.63,27893,39267,-0.8991551837270415,0
2023-07-28 11:09:05,9665.9,70480,1,9698.63,27918,39667,-0.8991551837270415,0
2023-07-28 11:09:05,9665.9,70480,1,9698.63,27918,39667,-0.8991551837270415,0
2023-07-28 11:09:05,9663.05,70480,45,9698.63,27925,39667,-0.9283751640420059,0
2023-07-28 11:09:09,9663.05,70540,45,9698.6,27836,39650,-0.9283751640420059,0
2023-07-28 11:09:09,9664.05,70540,1,9698.6,27836,39650,-0.9181225393700899,0
2023-07-28 11:09:11,9663.05,70700,12,9698.52,27793,39718,-0.9283751640420059,0
2023-07-28 11:09:11,9663.05,70700,12,9698.52,27778,39725,-0.9283751640420059,0
2023-07-28 11:09:11,9663.05,70700,12,9698.52,27785,39727,-0.9283751640420059,0
2023-07-28 11:09:14,9665.75,70750,5,9698.49,27784,39600,-0.9006930774278252,0
2023-07-28 11:09:14,9665.75,70750,5,9698.49,27791,39684,-0.9006930774278252,0
2023-07-28 11:09:14,9665.75,70750,5,9698.49,27810,39684,-0.9006930774278252,0
2023-07-28 11:09:14,9665.75,70750,5,9698.49,27810,39920,-0.9006930774278252,0
2023-07-28 11:09:14,9663.05,70750,12,9698.49,27810,39920,-0.9283751640420059,0
2023-07-28 11:09:19,9663.05,70850,12,9698.44,27894,39855,-0.9283751640420059,0
2023-07-28 11:09:19,9663.05,70850,2,9698.44,27894,39855,-0.9283751640420059,0
2023-07-28 11:09:20,9663.05,70852,2,9698.44,27894,39854,-0.9283751640420059,0
2023-07-28 11:09:20,9663.05,70852,2,9698.44,27903,39761,-0.9283751640420059,0
2023-07-28 11:09:20,9663.05,70852,2,9698.44,27903,39943,-0.9283751640420059,0
2023-07-28 11:09:20,9663.05,70852,2,9698.44,27903,39891,-0.9283751640420059,0
2023-07-28 11:09:20,9663.05,70852,2,9698.44,27915,39891,-0.9283751640420059,0
2023-07-28 11:09:20,9664.1,70852,1,9698.44,27915,39891,-0.9176099081364829,0
2023-07-28 11:09:25,9664.25,70855,2,9698.44,27925,39892,-0.9160720144356992,0
2023-07-28 11:09:25,9664.25,70855,2,9698.44,27940,39892,-0.9160720144356992,0
2023-07-28 11:09:25,9664.25,70855,2,9698.44,27940,39892,-0.9160720144356992,0
2023-07-28 11:09:25,9664.25,70855,2,9698.44,27941,39896,-0.9160720144356992,0
2023-07-28 11:09:25,9664.25,70855,2,9698.44,27946,39896,-0.9160720144356992,0
2023-07-28 11:09:25,9664.25,70855,2,9698.44,27946,39896,-0.9160720144356992,0
2023-07-28 11:09:25,9664.4,70855,13,9698.44,27946,39896,-0.9145341207349156,0
2023-07-28 11:09:31,9664.35,70868,2,9698.43,27973,39399,-0.9150467519685039,0
2023-07-28 11:09:33,9664.8,70884,2,9698.43,27958,39886,-0.9104330708661529,0
2023-07-28 11:09:35,9664.8,70886,2,9698.43,27960,39882,-0.9104330708661529,0
2023-07-28 11:09:35,9664.8,70886,2,9698.43,27959,39881,-0.9104330708661529,0
2023-07-28 11:09:35,9665.3,70886,2,9698.43,28077,39881,-0.9053067585301949,0
2023-07-28 11:09:38,9665.3,70911,2,9698.41,28043,39856,-0.9053067585301949,0
2023-07-28 11:09:38,9665.3,70911,2,9698.41,28044,39879,-0.9053067585301949,0
2023-07-28 11:09:38,9665.3,70911,2,9698.41,28044,39879,-0.9053067585301949,0
2023-07-28 11:09:38,9665.3,70911,2,9698.41,28044,39900,-0.9053067585301949,0
2023-07-28 11:09:38,9665.3,70911,2,9698.41,28052,39917,-0.9053067585301949,0
2023-07-28 11:09:38,9665.3,70911,2,9698.41,28052,39903,-0.9053067585301949,0
2023-07-28 11:09:38,9665.3,70911,2,9698.41,28052,39908,-0.9053067585301949,0
2023-07-28 11:09:38,9665.3,70911,2,9698.41,28052,39908,-0.9053067585301949,0
2023-07-28 11:09:38,9664.65,70911,13,9698.41,28052,39908,-0.9119709645669366,0
2023-07-28 11:09:49,9664.8,70925,1,9698.41,28052,39906,-0.9104330708661529,0
2023-07-28 11:09:49,9664.8,70925,1,9698.41,28052,39906,-0.9104330708661529,0
2023-07-28 11:09:50,9664.8,70928,1,9698.41,28052,39906,-0.9104330708661529,0
2023-07-28 11:09:50,9664.8,70928,1,9698.41,28040,39420,-0.9104330708661529,0
2023-07-28 11:09:50,9665.75,70928,1,9698.41,28040,39420,-0.9006930774278252,0
2023-07-28 11:09:53,9665.75,70938,1,9698.4,28047,39583,-0.9006930774278252,0
2023-07-28 11:09:53,9665.75,70938,1,9698.4,28042,39886,-0.9006930774278252,0
2023-07-28 11:09:53,9665.75,70938,1,9698.4,28042,39801,-0.9006930774278252,0
2023-07-28 11:09:53,9665.75,70938,1,9698.4,28057,39801,-0.9006930774278252,0
2023-07-28 11:09:53,9665.75,70938,1,9698.4,28082,39816,-0.9006930774278252,0
2023-07-28 11:09:53,9665.6,70938,2,9698.4,28082,39816,-0.9022309711286088,0
2023-07-28 11:10:00,9665.9,70946,7,9698.4,28066,39922,-0.8991551837270415,0
2023-07-28 11:10:00,9665.9,71003,7,9698.37,28069,39829,-0.8991551837270415,0
2023-07-28 11:10:00,9664.4,71003,2,9698.37,28069,39829,-0.9145341207349156,0
2023-07-28 11:10:02,9664.4,71006,7,9698.37,27971,39652,-0.9145341207349156,0
2023-07-28 11:10:04,9664.0,71018,1,9698.36,28041,39873,-0.9186351706036783,0
2023-07-28 11:10:05,9664.3,71019,1,9698.36,28041,39882,-0.9155593832021109,0
2023-07-28 11:10:05,9664.3,71019,1,9698.36,28074,39861,-0.9155593832021109,0
2023-07-28 11:10:05,9664.0,71019,1,9698.36,28074,39861,-0.9186351706036783,0
2023-07-28 11:10:05,9664.65,71019,2,9698.36,28074,39861,-0.9119709645669366,0
2023-07-28 11:10:05,9664.0,71019,1,9698.36,28074,39861,-0.9186351706036783,0
2023-07-28 11:10:13,9664.0,71023,1,9698.36,28098,39874,-0.9186351706036783,0
2023-07-28 11:10:13,9664.3,71023,1,9698.36,28098,39874,-0.9155593832021109,0
2023-07-28 11:10:18,9664.65,71027,1,9698.36,28093,39840,-0.9119709645669366,0
2023-07-28 11:10:18,9664.3,71027,1,9698.36,28093,39840,-0.9155593832021109,0
2023-07-28 11:10:18,9664.0,71027,7,9698.36,28093,39840,-0.9186351706036783,0
2023-07-28 11:10:21,9664.0,71044,7,9698.35,28124,39845,-0.9186351706036783,0
2023-07-28 11:10:21,9664.0,71044,3,9698.35,28124,39845,-0.9186351706036783,0
2023-07-28 11:10:21,9664.1,71044,2,9698.35,28124,39845,-0.9176099081364829,0
2023-07-28 11:10:26,9664.1,71049,2,9698.35,28128,39881,-0.9176099081364829,0
2023-07-28 11:10:26,9664.0,71049,1,9698.35,28128,39881,-0.9186351706036783,0
2023-07-28 11:10:30,9664.0,71054,1,9698.35,28125,39883,-0.9186351706036783,0
2023-07-28 11:10:30,9664.0,71054,1,9698.35,28125,39883,-0.9186351706036783,0
2023-07-28 11:10:33,9664.0,71061,1,9698.34,28109,39664,-0.9186351706036783,0
2023-07-28 11:10:33,9664.65,71061,2,9698.34,28109,39664,-0.9119709645669366,0
2023-07-28 11:10:33,9663.25,71061,1,9698.34,28109,39664,-0.9263246391076152,0
2023-07-28 11:10:33,9663.25,71061,1,9698.34,28109,39664,-0.9263246391076152,0
2023-07-28 11:10:33,9665.8,71061,3,9698.34,28109,39664,-0.9001804461942369,0
2023-07-28 11:10:38,9665.0,71106,1,9698.32,28093,39728,-0.9083825459317623,0
2023-07-28 11:10:38,9665.0,71106,9,9698.32,28093,39728,-0.9083825459317623,0
2023-07-28 11:10:38,9665.0,71106,5,9698.32,28093,39728,-0.9083825459317623,0
2023-07-28 11:10:42,9665.0,71130,5,9698.31,28106,39649,-0.9083825459317623,0
2023-07-28 11:10:42,9665.0,71130,2,9698.31,28106,39649,-0.9083825459317623,0
2023-07-28 11:10:42,9665.05,71130,2,9698.31,28106,39649,-0.9078699146981739,0
2023-07-28 11:10:47,9665.05,71162,2,9698.3,28160,39584,-0.9078699146981739,0
2023-07-28 11:10:47,9665.0,71162,6,9698.3,28160,39584,-0.9083825459317623,0
2023-07-28 11:10:47,9666.0,71162,2,9698.3,28160,39584,-0.8981299212598463,0
2023-07-28 11:10:50,9666.0,71175,2,9698.29,28077,39632,-0.8981299212598463,0
2023-07-28 11:10:50,9665.0,71175,1,9698.29,28077,39632,-0.9083825459317623,0
2023-07-28 11:10:55,9665.0,71178,1,9698.29,28090,39669,-0.9083825459317623,0
2023-07-28 11:10:55,9663.95,71178,3,9698.29,28090,39669,-0.9191478018372666,0
2023-07-28 11:10:55,9663.05,71178,1,9698.29,28090,39669,-0.9283751640420059,0
2023-07-28 11:10:58,9663.05,71184,1,9698.29,28123,39721,-0.9283751640420059,0
2023-07-28 11:10:58,9665.0,71184,1,9698.29,28123,39721,-0.9083825459317623,0
2023-07-28 11:10:58,9663.05,71184,1,9698.29,28123,39721,-0.9283751640420059,0
2023-07-28 11:11:01,9663.05,71238,1,9698.26,28162,39690,-0.9283751640420059,0
2023-07-28 11:11:01,9664.95,71238,1,9698.26,28162,39690,-0.9088951771653506,0
2023-07-28 11:11:01,9663.05,71238,1,9698.26,28162,39690,-0.9283751640420059,0
2023-07-28 11:11:07,9663.05,71285,12,9698.24,28117,39934,-0.9283751640420059,0
2023-07-28 11:11:07,9664.9,71285,3,9698.24,28117,39934,-0.9094078083989575,0
2023-07-28 11:11:07,9663.9,71285,1,9698.24,28117,39934,-0.9196604330708735,0
2023-07-28 11:11:11,9663.9,71301,1,9698.23,28179,40089,-0.9196604330708735,0
2023-07-28 11:11:11,9663.9,71301,4,9698.23,28179,40089,-0.9196604330708735,0
2023-07-28 11:11:11,9663.45,71301,1,9698.23,28179,40089,-0.9242741141732246,0
2023-07-28 11:11:15,9663.45,71413,1,9698.17,28181,40102,-0.9242741141732246,0
2023-07-28 11:11:15,9663.05,71413,3,9698.17,28181,40102,-0.9283751640420059,0
2023-07-28 11:11:15,9663.05,71413,1,9698.17,28181,40102,-0.9283751640420059,0
2023-07-28 11:11:20,9663.05,71430,1,9698.17,28196,40046,-0.9283751640420059,0
2023-07-28 11:11:20,9663.15,71430,1,9698.17,28196,40046,-0.9273499015748106,0
2023-07-28 11:11:20,9663.15,71430,1,9698.17,28196,40046,-0.9273499015748106,0
2023-07-28 11:11:20,9662.65,71430,14,9698.17,28196,40046,-0.9324762139107686,0
2023-07-28 11:11:25,9661.75,71587,1,9698.09,28089,39747,-0.9417035761154893,0
2023-07-28 11:11:25,9661.75,71587,1,9698.09,28089,39747,-0.9417035761154893,0
2023-07-28 11:11:25,9661.75,71587,1,9698.09,28089,39747,-0.9417035761154893,0
2023-07-28 11:11:25,9661.75,71587,1,9698.09,28089,39747,-0.9417035761154893,0
2023-07-28 11:11:25,9663.1,71587,1,9698.09,28089,39747,-0.9278625328083989,0
2023-07-28 11:11:25,9663.1,71587,1,9698.09,28089,39747,-0.9278625328083989,0
2023-07-28 11:11:25,9663.1,71587,1,9698.09,28089,39747,-0.9278625328083989,0
2023-07-28 11:11:25,9661.3,71587,4,9698.09,28089,39747,-0.946317257217859,0
2023-07-28 11:11:29,9661.3,71593,4,9698.09,28084,39743,-0.946317257217859,0
2023-07-28 11:11:29,9661.3,71593,2,9698.09,28084,39743,-0.946317257217859,0
2023-07-28 11:11:30,9661.3,71595,2,9698.08,28082,39756,-0.946317257217859,0
2023-07-28 11:11:30,9661.3,71595,11,9698.08,28082,39756,-0.946317257217859,0
2023-07-28 11:11:30,9662.15,71595,2,9698.08,28082,39756,-0.9376025262467266,0
2023-07-28 11:11:37,9662.65,71615,2,9698.07,28114,39678,-0.9324762139107686,0
2023-07-28 11:11:37,9662.2,71615,1,9698.07,28114,39678,-0.9370898950131196,0
2023-07-28 11:11:38,9662.2,71616,1,9698.07,28133,39675,-0.9370898950131196,0
2023-07-28 11:11:38,9663.1,71616,10,9698.07,28133,39675,-0.9278625328083989,0
2023-07-28 11:11:38,9663.1,71616,3,9698.07,28133,39675,-0.9278625328083989,0
2023-07-28 11:11:45,9663.1,71646,3,9698.06,28155,39663,-0.9278625328083989,0
