2023-07-28 10:49:27,997.15,230611,5,997.41,149089,195074,0.020061186619181683,0
2023-07-28 10:49:27,997.15,230611,5,997.41,149045,195074,0.020061186619181683,0
2023-07-28 10:49:27,997.15,230611,5,997.41,149073,195074,0.020061186619181683,0
2023-07-28 10:49:27,997.15,230611,5,997.41,149067,195074,0.020061186619181683,0
2023-07-28 10:49:27,997.25,230611,1,997.41,149080,195074,0.030091779928778224,0
2023-07-28 10:49:33,997.25,230636,1,997.41,148288,195227,0.030091779928778224,0
2023-07-28 10:49:33,997.25,230636,1,997.41,148302,195227,0.030091779928778224,0
2023-07-28 10:49:36,997.65,232670,13,997.41,148443,195029,0.07021415316715299,0
2023-07-28 10:49:36,996.85,232670,4,997.41,148443,195029,-0.010030593309596542,0
2023-07-28 10:49:36,996.85,232685,4,997.41,149562,196663,-0.010030593309596542,0
2023-07-28 10:49:36,997.1,232685,2,997.41,149562,196663,0.015045889964389112,0
2023-07-28 10:49:37,997.1,232687,2,997.41,149562,196661,0.015045889964389112,0
2023-07-28 10:49:39,997.1,232737,50,997.41,149570,196637,0.015045889964389112,0
2023-07-28 10:49:39,997.1,232737,50,997.41,149573,196637,0.015045889964389112,0
2023-07-28 10:49:39,997.1,232737,50,997.41,149567,196637,0.015045889964389112,0
2023-07-28 10:49:39,997.1,232737,50,997.41,149564,196637,0.015045889964389112,0
2023-07-28 10:49:39,997.1,232737,50,997.41,149564,196637,0.015045889964389112,0
2023-07-28 10:49:45,997.1,233185,448,997.41,149549,195408,0.015045889964389112,0
2023-07-28 10:49:46,997.15,233188,3,997.41,148480,194667,0.020061186619181683,0
2023-07-28 10:49:46,997.55,233188,4,997.41,150296,195130,0.06018355985755645,0
2023-07-28 10:49:47,997.55,233193,4,997.41,150396,193830,0.06018355985755645,0
2023-07-28 10:49:47,997.55,233193,4,997.41,150355,193830,0.06018355985755645,0
2023-07-28 10:49:47,997.55,233193,4,997.41,149930,193830,0.06018355985755645,0
2023-07-28 10:49:47,997.9,233193,63,997.41,149930,193830,0.09529063644113865,0
2023-07-28 10:49:51,997.45,233443,10,997.41,149735,194139,0.05015296654797131,0
2023-07-28 10:49:51,997.9,233443,50,997.41,149735,194139,0.09529063644113865,0
2023-07-28 10:49:53,997.9,233493,50,997.41,149738,194144,0.09529063644113865,0
2023-07-28 10:49:53,997.9,233493,50,997.41,149724,194144,0.09529063644113865,0
2023-07-28 10:49:53,997.9,233493,50,997.41,149771,194144,0.09529063644113865,0
2023-07-28 10:49:53,997.9,233493,20,997.41,149776,194644,0.09529063644113865,0
2023-07-28 10:49:56,997.9,233513,20,997.41,149769,194674,0.09529063644113865,0
2023-07-28 10:49:56,997.9,233513,20,997.41,149769,194675,0.09529063644113865,0
2023-07-28 10:49:56,997.9,233513,20,997.41,149663,194745,0.09529063644113865,0
2023-07-28 10:50:00,997.4,233518,4,997.41,149833,194861,0.04513766989316734,0
2023-07-28 10:50:01,997.9,233539,1,997.41,150160,195072,0.09529063644113865,0
2023-07-28 10:50:01,997.9,233539,1,997.41,150168,194816,0.09529063644113865,0
2023-07-28 10:50:01,997.9,233539,1,997.41,150165,194816,0.09529063644113865,0
2023-07-28 10:50:01,997.9,233539,1,997.41,150165,194816,0.09529063644113865,0
2023-07-28 10:50:05,997.85,233574,10,997.41,150148,194991,0.09027533978634608,0
2023-07-28 10:50:05,997.85,233574,10,997.41,150148,194991,0.09027533978634608,0
2023-07-28 10:50:05,997.15,233574,172,997.41,150148,194991,0.020061186619181683,0
2023-07-28 10:50:06,997.15,234674,172,997.41,147772,196079,0.020061186619181683,0
2023-07-28 10:50:06,996.75,234674,208,997.41,147772,196079,-0.020061186619193084,0
2023-07-28 10:50:06,997.25,234674,36,997.41,147772,196079,0.030091779928778224,0
2023-07-28 10:50:12,997.25,235334,36,997.4,149767,196510,0.030091779928778224,0
2023-07-28 10:50:16,997.6,235499,8,997.4,147837,196048,0.06519885651236042,0
2023-07-28 10:50:16,997.45,235499,10,997.4,147837,196048,0.05015296654797131,0
2023-07-28 10:50:16,997.6,235499,3,997.4,147837,196048,0.06519885651236042,0
2023-07-28 10:50:20,997.6,235519,3,997.4,149178,195838,0.06519885651236042,0
2023-07-28 10:50:20,997.6,235519,3,997.4,149178,195838,0.06519885651236042,0
2023-07-28 10:50:20,997.15,235519,20,997.4,149178,195838,0.020061186619181683,0
2023-07-28 10:50:20,997.15,235519,20,997.4,149178,195838,0.020061186619181683,0
2023-07-28 10:50:20,997.15,235519,20,997.4,149178,195838,0.020061186619181683,0
2023-07-28 10:50:20,997.15,235519,20,997.4,149178,195838,0.020061186619181683,0
2023-07-28 10:50:20,997.15,235519,20,997.4,149178,195838,0.020061186619181683,0
2023-07-28 10:50:20,997.15,235519,20,997.4,149178,195838,0.020061186619181683,0
2023-07-28 10:50:21,997.15,235539,20,997.4,149180,195838,0.020061186619181683,0
2023-07-28 10:50:21,997.15,235539,1,997.4,149180,195838,0.020061186619181683,0
2023-07-28 10:50:21,997.15,235539,2,997.4,149180,195838,0.020061186619181683,0
2023-07-28 10:50:28,997.15,235542,2,997.4,149260,195693,0.020061186619181683,0
2023-07-28 10:50:28,997.05,235542,7,997.4,149260,195693,0.01003059330958514,0
2023-07-28 10:50:33,997.05,235577,7,997.4,149239,195734,0.01003059330958514,0
2023-07-28 10:50:33,997.6,235577,13,997.4,149239,195734,0.06519885651236042,0
2023-07-28 10:50:38,997.6,235677,13,997.4,149590,195291,0.06519885651236042,0
2023-07-28 10:50:38,997.6,235677,13,997.4,149870,195401,0.06519885651236042,0
2023-07-28 10:50:49,997.5,235708,6,997.4,149948,195805,0.05516826320276388,0
2023-07-28 10:50:49,997.55,235708,33,997.4,149948,195805,0.06018355985755645,0
2023-07-28 10:50:49,997.55,235708,32,997.4,149948,195805,0.06018355985755645,0
2023-07-28 10:50:49,997.55,235708,1,997.4,149948,195805,0.06018355985755645,0
2023-07-28 10:50:52,997.55,235774,1,997.4,149822,195838,0.06018355985755645,0
2023-07-28 10:50:52,997.5,235774,10,997.4,149822,195838,0.05516826320276388,0
2023-07-28 10:50:56,997.5,235784,10,997.4,149722,195958,0.05516826320276388,0
2023-07-28 10:50:56,997.5,235784,10,997.4,150044,196006,0.05516826320276388,0
2023-07-28 10:50:56,997.25,235784,1,997.4,150044,196006,0.030091779928778224,0
2023-07-28 10:51:06,997.25,235785,1,997.4,149962,196205,0.030091779928778224,0
2023-07-28 10:51:06,997.25,235785,1,997.4,148463,196350,0.030091779928778224,0
2023-07-28 10:51:06,997.25,235785,1,997.4,149188,196243,0.030091779928778224,0
2023-07-28 10:51:06,997.25,235785,1,997.4,150384,196215,0.030091779928778224,0
2023-07-28 10:51:06,997.25,235785,1,997.4,149279,196987,0.030091779928778224,0
2023-07-28 10:51:06,997.5,235785,10,997.4,149279,196987,0.05516826320276388,0
2023-07-28 10:51:26,997.5,235796,1,997.4,149341,196567,0.05516826320276388,0
2023-07-28 10:51:26,997.5,235796,95,997.4,149341,196567,0.05516826320276388,0
2023-07-28 10:51:33,997.5,235897,1,997.4,149339,196397,0.05516826320276388,0
2023-07-28 10:51:34,997.5,235898,1,997.4,149446,196444,0.05516826320276388,0
2023-07-28 10:51:34,997.5,235898,1,997.4,149446,196476,0.05516826320276388,0
2023-07-28 10:51:34,997.25,235898,1,997.4,149446,196476,0.030091779928778224,0
2023-07-28 10:51:34,997.25,235898,4,997.4,149446,196476,0.030091779928778224,0
2023-07-28 10:51:34,997.25,235898,18,997.4,149446,196476,0.030091779928778224,0
2023-07-28 10:51:46,997.25,235931,10,997.4,150204,197438,0.030091779928778224,0
2023-07-28 10:51:46,997.25,235931,10,997.4,150412,197299,0.030091779928778224,0
2023-07-28 10:51:46,997.45,235931,9,997.4,150412,197299,0.05015296654797131,0
2023-07-28 10:51:52,997.45,235962,9,997.4,150576,196782,0.05015296654797131,0
2023-07-28 10:51:52,997.45,235962,9,997.4,150579,196738,0.05015296654797131,0
2023-07-28 10:51:52,997.45,235962,9,997.4,150576,196983,0.05015296654797131,0
2023-07-28 10:51:52,997.45,235962,30,997.4,150576,196983,0.05015296654797131,0
2023-07-28 10:52:05,997.45,235992,30,997.4,150507,197125,0.05015296654797131,0
2023-07-28 10:52:05,997.45,235992,20,997.4,150507,197125,0.05015296654797131,0
2023-07-28 10:52:05,997.45,235992,100,997.4,150507,197125,0.05015296654797131,0
2023-07-28 10:52:12,997.45,236212,100,997.4,149945,196182,0.05015296654797131,0
2023-07-28 10:52:12,997.45,236212,100,997.4,150049,196422,0.05015296654797131,0
2023-07-28 10:52:12,997.45,236212,5,997.4,150049,196422,0.05015296654797131,0
2023-07-28 10:52:12,996.9,236212,12,997.4,150049,196422,-0.005015296654803973,0
2023-07-28 10:52:20,996.9,236783,12,997.4,149326,197122,-0.005015296654803973,0
2023-07-28 10:52:20,996.9,236783,12,997.4,150205,196640,-0.005015296654803973,0
2023-07-28 10:52:20,996.9,236783,34,997.4,150205,196640,-0.005015296654803973,0
2023-07-28 10:52:27,996.9,236983,34,997.4,149815,196734,-0.005015296654803973,0
2023-07-28 10:52:27,996.9,236983,34,997.4,149945,196709,-0.005015296654803973,0
2023-07-28 10:52:27,996.9,236983,34,997.4,149945,196478,-0.005015296654803973,0
2023-07-28 10:52:43,997.0,237033,50,997.4,149915,196576,0.00501529665479257,0
2023-07-28 10:52:47,996.95,237049,6,997.4,150974,196521,0.0,0
2023-07-28 10:52:47,996.95,237049,6,997.4,150974,196521,0.0,0
2023-07-28 10:52:47,996.95,237049,6,997.4,151028,199162,0.0,0
2023-07-28 10:52:47,996.95,237049,1,997.4,151028,199162,0.0,0
2023-07-28 10:52:47,996.95,237049,1,997.4,151028,199162,0.0,0
2023-07-28 10:52:56,997.5,237251,24,997.4,151368,199452,0.05516826320276388,0
2023-07-28 10:52:56,997.5,237251,10,997.4,151368,199452,0.05516826320276388,0
2023-07-28 10:52:57,997.5,237261,10,997.4,151346,199544,0.05516826320276388,0
2023-07-28 10:52:57,996.95,237261,1,997.4,151346,199544,0.0,0
2023-07-28 10:53:01,996.95,237262,1,997.4,151158,199682,0.0,0
2023-07-28 10:53:01,996.95,237262,1,997.4,150795,199843,0.0,0
2023-07-28 10:53:01,997.5,237262,5,997.4,150795,199843,0.05516826320276388,0
2023-07-28 10:53:10,997.5,237312,5,997.4,150901,199810,0.05516826320276388,0
2023-07-28 10:53:10,996.95,237312,100,997.4,150901,199810,0.0,0
2023-07-28 10:53:15,996.95,237412,100,997.4,150836,200065,0.0,0
2023-07-28 10:53:15,997.0,237412,2,997.4,150836,200065,0.00501529665479257,0
2023-07-28 10:53:15,997.0,237412,2,997.4,150836,200065,0.00501529665479257,0
2023-07-28 10:53:15,997.0,237412,2,997.4,150836,200065,0.00501529665479257,0
2023-07-28 10:53:15,997.0,237412,2,997.4,150836,200065,0.00501529665479257,0
2023-07-28 10:53:20,997.0,237414,2,997.4,150820,200146,0.00501529665479257,0
2023-07-28 10:53:20,997.0,237414,2,997.4,150820,200146,0.00501529665479257,0
2023-07-28 10:53:20,997.0,237414,2,997.4,150820,200146,0.00501529665479257,0
2023-07-28 10:53:20,997.0,237414,2,997.4,150820,200146,0.00501529665479257,0
2023-07-28 10:53:20,997.0,237414,2,997.4,150820,200146,0.00501529665479257,0
2023-07-28 10:53:20,997.0,237414,2,997.4,151157,199959,0.00501529665479257,0
2023-07-28 10:53:20,997.0,237414,2,997.4,150979,200080,0.00501529665479257,0
2023-07-28 10:53:20,997.0,237414,1,997.4,150979,200080,0.00501529665479257,0
2023-07-28 10:53:20,997.0,237414,8,997.4,150979,200080,0.00501529665479257,0
2023-07-28 10:53:34,997.0,237440,8,997.4,150938,200062,0.00501529665479257,0
2023-07-28 10:53:38,997.25,237469,29,997.4,151623,200199,0.030091779928778224,0
2023-07-28 10:53:38,997.25,237469,29,997.4,150636,200226,0.030091779928778224,0
2023-07-28 10:53:38,997.25,237469,29,997.4,149743,200232,0.030091779928778224,0
2023-07-28 10:53:38,997.25,237469,29,997.4,149676,200158,0.030091779928778224,0
2023-07-28 10:53:38,997.25,237469,13,997.4,149676,200158,0.030091779928778224,0
2023-07-28 10:53:38,997.9,237469,173,997.4,149676,200158,0.09529063644113865,0
2023-07-28 10:53:56,997.9,238482,173,997.4,149146,198464,0.09529063644113865,0
2023-07-28 10:53:56,997.75,238482,1,997.4,149146,198464,0.08024474647674953,0
2023-07-28 10:53:56,997.2,238482,1,997.4,149146,198464,0.025076483273985654,0
2023-07-28 10:54:02,997.2,238484,1,997.4,149136,198542,0.025076483273985654,0
2023-07-28 10:54:02,997.2,238484,12,997.4,149136,198542,0.025076483273985654,0
2023-07-28 10:54:07,997.2,238496,12,997.4,148942,199568,0.025076483273985654,0
2023-07-28 10:54:07,997.25,238496,1,997.4,148942,199568,0.030091779928778224,0
2023-07-28 10:54:07,996.85,238496,4,997.4,148942,199568,-0.010030593309596542,0
2023-07-28 10:54:10,996.85,239062,4,997.4,148500,199781,-0.010030593309596542,0
2023-07-28 10:54:10,996.85,239062,4,997.4,148580,199860,-0.010030593309596542,0
2023-07-28 10:54:10,996.85,239062,40,997.4,148580,199860,-0.010030593309596542,0
2023-07-28 10:54:20,997.65,239662,26,997.4,148778,199672,0.07021415316715299,0
2023-07-28 10:54:20,997.7,239662,26,997.4,148778,199672,0.07522944982195696,0
2023-07-28 10:54:23,997.7,239860,26,997.4,148865,199834,0.07522944982195696,0
2023-07-28 10:54:23,997.7,239860,26,997.4,149389,199348,0.07522944982195696,0
2023-07-28 10:54:23,997.7,239860,26,997.4,149419,199313,0.07522944982195696,0
2023-07-28 10:54:23,997.7,239860,26,997.4,149409,199324,0.07522944982195696,0
2023-07-28 10:54:23,997.7,239860,1,997.4,149409,199324,0.07522944982195696,0
2023-07-28 10:54:40,997.7,239861,1,997.4,149410,199312,0.07522944982195696,0
2023-07-28 10:54:40,997.5,239861,2,997.4,149410,199312,0.05516826320276388,0
2023-07-28 10:54:40,997.7,239861,4,997.4,149410,199312,0.07522944982195696,0
2023-07-28 10:54:40,997.7,239861,1,997.4,149410,199312,0.07522944982195696,0
2023-07-28 10:54:46,997.7,239868,1,997.4,148956,199462,0.07522944982195696,0
2023-07-28 10:54:46,997.5,239868,298,997.4,148956,199462,0.05516826320276388,0
2023-07-28 10:54:52,997.45,240366,3,997.4,147950,199861,0.05015296654797131,0
2023-07-28 10:54:52,997.45,240366,3,997.4,147950,199861,0.05015296654797131,0
2023-07-28 10:54:52,997.5,240366,3,997.4,148412,200190,0.05516826320276388,0
2023-07-28 10:54:56,997.5,240369,3,997.4,148223,200599,0.05516826320276388,0
2023-07-28 10:54:56,997.45,240369,1,997.4,148223,200599,0.05015296654797131,0
2023-07-28 10:54:56,997.45,240369,6,997.4,148223,200599,0.05015296654797131,0
2023-07-28 10:54:56,996.95,240369,11,997.4,148223,200599,0.0,0
2023-07-28 10:55:03,996.95,240441,11,997.4,148203,200899,0.0,0
2023-07-28 10:55:03,996.95,240441,11,997.4,148261,200842,0.0,0
2023-07-28 10:55:03,996.95,240441,11,997.4,148261,200842,0.0,0
2023-07-28 10:55:03,996.95,240441,11,997.4,148261,200851,0.0,0
2023-07-28 10:55:03,996.95,240441,11,997.4,148261,200861,0.0,0
2023-07-28 10:55:03,996.95,240441,11,997.4,148264,200861,0.0,0
2023-07-28 10:55:10,997.45,240841,32,997.4,148207,200565,0.05015296654797131,0
2023-07-28 10:55:10,997.45,240841,32,997.4,148224,200529,0.05015296654797131,0
2023-07-28 10:55:10,997.45,240841,32,997.4,148622,200602,0.05015296654797131,0
2023-07-28 10:55:10,997.45,240841,32,997.4,148598,200755,0.05015296654797131,0
2023-07-28 10:55:10,997.45,240841,32,997.4,148661,200905,0.05015296654797131,0
2023-07-28 10:55:10,997.45,240841,32,997.4,148602,200955,0.05015296654797131,0
2023-07-28 10:55:10,997.45,240841,32,997.4,148621,200777,0.05015296654797131,0
2023-07-28 10:55:18,996.8,240845,3,997.4,147168,202614,-0.015045889964400516,0
2023-07-28 10:55:18,997.15,240845,42,997.4,147168,202614,0.020061186619181683,0
2023-07-28 10:55:19,997.15,240975,42,997.4,147229,201772,0.020061186619181683,0
2023-07-28 10:55:19,997.15,240975,42,997.4,147257,202157,0.020061186619181683,0
2023-07-28 10:55:19,997.15,240975,42,997.4,147257,202094,0.020061186619181683,0
2023-07-28 10:55:19,997.15,240975,42,997.4,147254,201976,0.020061186619181683,0
2023-07-28 10:55:19,997.15,240975,42,997.4,147181,202054,0.020061186619181683,0
2023-07-28 10:55:19,997.15,240975,42,997.4,147272,202068,0.020061186619181683,0
2023-07-28 10:55:25,996.7,240985,5,997.4,147826,202755,-0.025076483273985654,0
2023-07-28 10:55:27,996.65,240986,1,997.4,147857,202633,-0.030091779928789628,0
2023-07-28 10:55:27,997.15,240986,160,997.4,147857,202633,0.020061186619181683,0
2023-07-28 10:55:28,997.15,241286,160,997.4,145330,202106,0.020061186619181683,0
2023-07-28 10:55:28,996.65,241286,4,997.4,147445,202079,-0.030091779928789628,0
2023-07-28 10:55:29,996.65,241290,4,997.4,148193,202041,-0.030091779928789628,0
2023-07-28 10:55:29,997.3,241290,1,997.4,148193,202041,0.0351070765835708,0
2023-07-28 10:55:32,996.65,241427,27,997.4,147443,202110,-0.030091779928789628,0
2023-07-28 10:55:32,996.65,241427,27,997.4,147388,202291,-0.030091779928789628,0
2023-07-28 10:55:32,996.65,241427,27,997.4,148079,202271,-0.030091779928789628,0
2023-07-28 10:55:32,996.65,241427,27,997.4,148179,202271,-0.030091779928789628,0
2023-07-28 10:55:32,996.65,241427,27,997.4,148166,202123,-0.030091779928789628,0
2023-07-28 10:55:32,997.25,241427,50,997.4,148166,202123,0.030091779928778224,0
2023-07-28 10:55:38,997.25,241477,50,997.4,148117,202134,0.030091779928778224,0
2023-07-28 10:55:38,997.25,241477,50,997.4,148120,202134,0.030091779928778224,0
2023-07-28 10:55:38,997.25,241477,10,997.4,148120,202134,0.030091779928778224,0
2023-07-28 10:55:40,997.25,241487,10,997.4,148133,202199,0.030091779928778224,0
2023-07-28 10:55:40,997.25,241487,3,997.4,148207,202200,0.030091779928778224,0
2023-07-28 10:55:42,997.25,241490,3,997.4,148170,202197,0.030091779928778224,0
2023-07-28 10:55:42,997.25,241490,3,997.4,148699,202294,0.030091779928778224,0
2023-07-28 10:55:42,997.25,241490,3,997.4,148699,202304,0.030091779928778224,0
2023-07-28 10:55:42,997.25,241490,3,997.4,148699,202296,0.030091779928778224,0
2023-07-28 10:55:42,997.25,241490,3,997.4,148413,200239,0.030091779928778224,0
2023-07-28 10:55:42,997.0,241490,6,997.4,148628,201527,0.00501529665479257,0
2023-07-28 10:55:51,997.0,241496,6,997.4,148641,201661,0.00501529665479257,0
2023-07-28 10:55:51,996.15,241496,5,997.4,148641,201661,-0.08024474647676094,0
2023-07-28 10:55:52,996.15,241699,5,997.4,144344,202806,-0.08024474647676094,0
2023-07-28 10:55:52,996.1,241699,1,997.4,144389,202829,-0.08526004313155351,0
2023-07-28 10:55:54,996.1,241700,1,997.4,144463,202808,-0.08526004313155351,0
2023-07-28 10:55:54,996.5,241700,2,997.4,144463,202808,-0.04513766989317874,0
2023-07-28 10:55:55,996.5,241712,2,997.4,145321,202393,-0.04513766989317874,0
2023-07-28 10:55:55,996.5,241712,2,997.4,145341,202411,-0.04513766989317874,0
2023-07-28 10:55:55,996.5,241712,2,997.4,145341,202411,-0.04513766989317874,0
2023-07-28 10:55:55,996.5,241712,2,997.4,145348,202352,-0.04513766989317874,0
2023-07-28 10:55:55,996.5,241712,2,997.4,145416,202352,-0.04513766989317874,0
2023-07-28 10:55:55,996.1,241712,1,997.4,145416,202352,-0.08526004313155351,0
2023-07-28 10:56:02,996.1,241713,1,997.4,145415,202352,-0.08526004313155351,0
2023-07-28 10:56:02,996.0,241713,1,997.4,145415,202602,-0.09529063644115005,0
2023-07-28 10:56:04,996.0,241808,1,997.4,145251,202757,-0.09529063644115005,0
2023-07-28 10:56:09,995.75,242373,101,997.4,145566,203600,-0.12036711971513571,0
2023-07-28 10:56:09,995.75,242373,101,997.4,144378,203183,-0.12036711971513571,0
2023-07-28 10:56:09,996.4,242373,2,997.4,144378,203183,-0.055168263202775285,0
2023-07-28 10:56:16,996.4,242375,2,997.4,144766,203008,-0.055168263202775285,0
2023-07-28 10:56:16,996.4,242375,2,997.4,144766,203008,-0.055168263202775285,0
2023-07-28 10:56:16,996.4,242375,2,997.4,144766,203008,-0.055168263202775285,0
2023-07-28 10:56:16,996.4,242375,2,997.4,144766,203008,-0.055168263202775285,0
2023-07-28 10:56:16,996.4,242375,2,997.4,145665,202416,-0.055168263202775285,0
2023-07-28 10:56:16,996.4,242375,2,997.4,145665,202416,-0.055168263202775285,0
2023-07-28 10:56:16,996.4,242375,2,997.4,145665,202416,-0.055168263202775285,0
2023-07-28 10:56:16,996.45,242375,5,997.4,145665,202416,-0.05015296654797131,0
2023-07-28 10:56:16,996.45,242375,5,997.4,145665,202416,-0.05015296654797131,0
2023-07-28 10:56:16,996.45,242375,5,997.4,145665,202416,-0.05015296654797131,0
2023-07-28 10:56:16,996.5,242375,1,997.4,145665,202416,-0.04513766989317874,0
2023-07-28 10:56:16,996.7,242375,4,997.4,145665,202416,-0.025076483273985654,0
2023-07-28 10:56:16,996.6,242375,55,997.4,145665,202416,-0.0351070765835822,0
2023-07-28 10:56:30,996.6,242961,55,997.4,148073,200433,-0.0351070765835822,0
2023-07-28 10:56:30,996.6,242961,1,997.4,148073,200433,-0.0351070765835822,0
2023-07-28 10:56:37,996.6,242962,1,997.4,147940,200750,-0.0351070765835822,0
2023-07-28 10:56:37,996.6,242962,1,997.4,148687,200724,-0.0351070765835822,0
2023-07-28 10:56:37,997.2,242962,2,997.4,148687,200724,0.025076483273985654,0
2023-07-28 10:56:37,996.55,242962,33,997.4,148687,200724,-0.04012237323838617,0
2023-07-28 10:56:37,997.05,242962,10,997.4,148687,200724,0.01003059330958514,0
2023-07-28 10:56:48,997.15,243084,8,997.4,148650,200740,0.020061186619181683,0
2023-07-28 10:56:48,997.25,243084,2,997.4,148650,200740,0.030091779928778224,0
2023-07-28 10:56:48,997.3,243084,5,997.4,148650,200740,0.0351070765835708,0
2023-07-28 10:56:48,997.35,243084,5,997.4,148650,200740,0.04012237323837477,0
2023-07-28 10:56:48,997.35,243084,10,997.4,148650,200740,0.04012237323837477,0
2023-07-28 10:56:48,997.3,243084,5,997.4,148650,200740,0.0351070765835708,0
2023-07-28 10:56:54,996.9,243129,8,997.4,148231,200831,-0.005015296654803973,0
2023-07-28 10:56:57,996.9,243138,8,997.4,144794,200219,-0.005015296654803973,0
2023-07-28 10:56:57,997.2,243138,25,997.4,144794,200219,0.025076483273985654,0
2023-07-28 10:57:03,997.2,243173,25,997.4,148675,200778,0.025076483273985654,0
2023-07-28 10:57:03,997.2,243173,25,997.4,148675,200784,0.025076483273985654,0
2023-07-28 10:57:03,997.2,243173,25,997.4,148727,200784,0.025076483273985654,0
2023-07-28 10:57:03,997.2,243173,25,997.4,148727,200796,0.025076483273985654,0
2023-07-28 10:57:03,997.2,243173,25,997.4,148853,200796,0.025076483273985654,0
2023-07-28 10:57:03,997.2,243173,25,997.4,148822,200796,0.025076483273985654,0
2023-07-28 10:57:13,996.75,243178,5,997.4,147810,202206,-0.020061186619193084,0
2023-07-28 10:57:13,996.75,243178,5,997.4,147988,201614,-0.020061186619193084,0
2023-07-28 10:57:13,996.75,243178,5,997.4,148004,201652,-0.020061186619193084,0
2023-07-28 10:57:16,996.7,243179,1,997.4,147959,201396,-0.025076483273985654,0
2023-07-28 10:57:16,996.7,243179,1,997.4,147956,201464,-0.025076483273985654,0
2023-07-28 10:57:16,996.7,243179,1,997.4,148023,201420,-0.025076483273985654,0
2023-07-28 10:57:16,996.7,243179,2,997.4,148023,201420,-0.025076483273985654,0
2023-07-28 10:57:19,996.7,243182,2,997.4,148018,201355,-0.025076483273985654,0
2023-07-28 10:57:19,996.7,243182,2,997.4,147855,201281,-0.025076483273985654,0
2023-07-28 10:57:19,996.7,243182,2,997.4,147820,201409,-0.025076483273985654,0
2023-07-28 10:57:19,996.25,243182,12,997.4,147820,201409,-0.0702141531671644,0
2023-07-28 10:57:22,996.25,243482,12,997.39,141606,202687,-0.0702141531671644,0
2023-07-28 10:57:22,996.25,243482,12,997.39,143655,202106,-0.0702141531671644,0
2023-07-28 10:57:22,996.25,243482,12,997.39,140519,202161,-0.0702141531671644,0
2023-07-28 10:57:22,996.25,243482,12,997.39,145236,202123,-0.0702141531671644,0
2023-07-28 10:57:27,996.75,243493,11,997.39,144524,202088,-0.020061186619193084,0
2023-07-28 10:57:27,996.75,243493,11,997.39,145222,202087,-0.020061186619193084,0
2023-07-28 10:57:27,996.75,243493,11,997.39,145931,202076,-0.020061186619193084,0
2023-07-28 10:57:27,996.75,243493,11,997.39,145942,202093,-0.020061186619193084,0
2023-07-28 10:57:27,996.75,243493,11,997.39,141888,201819,-0.020061186619193084,0
2023-07-28 10:57:27,996.75,243493,11,997.39,146810,201522,-0.020061186619193084,0
2023-07-28 10:57:27,996.75,243493,11,997.39,147092,201531,-0.020061186619193084,0
2023-07-28 10:57:27,996.75,243493,11,997.39,147156,201522,-0.020061186619193084,0
2023-07-28 10:57:27,996.75,243493,7,997.39,147156,201422,-0.020061186619193084,0
2023-07-28 10:57:36,996.75,243500,7,997.39,147192,201344,-0.020061186619193084,0
2023-07-28 10:57:36,996.75,243500,7,997.39,147183,201344,-0.020061186619193084,0
2023-07-28 10:57:36,996.75,243500,7,997.39,147183,201402,-0.020061186619193084,0
2023-07-28 10:57:36,996.75,243500,7,997.39,146878,201429,-0.020061186619193084,0
2023-07-28 10:57:36,996.75,243500,7,997.39,146888,201423,-0.020061186619193084,0
2023-07-28 10:57:36,996.85,243500,2,997.39,146888,201423,-0.010030593309596542,0
2023-07-28 10:57:41,996.85,243502,2,997.39,146937,201375,-0.010030593309596542,0
2023-07-28 10:57:41,996.85,243502,2,997.39,146949,201375,-0.010030593309596542,0
2023-07-28 10:57:41,996.85,243502,2,997.39,147021,201375,-0.010030593309596542,0
2023-07-28 10:57:41,996.95,243502,7,997.39,147037,201375,0.0,0
2023-07-28 10:57:45,996.95,243602,7,997.39,147400,201173,0.0,0
2023-07-28 10:57:45,996.95,243602,7,997.39,147353,201173,0.0,0
2023-07-28 10:57:45,996.95,243602,7,997.39,147356,201173,0.0,0
2023-07-28 10:57:45,996.95,243602,20,997.39,147356,201173,0.0,0
2023-07-28 10:57:50,996.95,243622,20,997.39,147347,201243,0.0,0
2023-07-28 10:57:52,996.85,243623,1,997.39,147664,201280,-0.010030593309596542,0
2023-07-28 10:57:53,996.4,243624,1,997.39,147584,201369,-0.055168263202775285,0
2023-07-28 10:57:53,996.4,243624,1,997.39,147641,201275,-0.055168263202775285,0
2023-07-28 10:57:53,996.4,243624,1,997.39,147641,201275,-0.055168263202775285,0
2023-07-28 10:57:53,996.4,243624,1,997.39,147644,201275,-0.055168263202775285,0
2023-07-28 10:57:53,996.4,243624,1,997.39,147644,201275,-0.055168263202775285,0
2023-07-28 10:57:53,996.4,243624,1,997.39,146363,201222,-0.055168263202775285,0
2023-07-28 10:57:53,996.75,243624,1,997.39,146329,201237,-0.020061186619193084,0
2023-07-28 10:58:04,996.75,243625,1,997.39,146931,201143,-0.020061186619193084,0
2023-07-28 10:58:04,996.75,243625,1,997.39,147029,201184,-0.020061186619193084,0
2023-07-28 10:58:04,996.75,243625,1,997.39,146965,201184,-0.020061186619193084,0
2023-07-28 10:58:04,996.75,243625,1,997.39,146974,201184,-0.020061186619193084,0
2023-07-28 10:58:04,996.75,243625,1,997.39,147392,201107,-0.020061186619193084,0
2023-07-28 10:58:04,996.75,243625,1,997.39,146775,201045,-0.020061186619193084,0
2023-07-28 10:58:04,996.75,243625,1,997.39,148097,201045,-0.020061186619193084,0
2023-07-28 10:58:04,996.75,243625,1,997.39,148124,201045,-0.020061186619193084,0
2023-07-28 10:58:04,996.15,243625,145,997.39,148124,201045,-0.08024474647676094,0
2023-07-28 10:58:13,996.15,244190,145,997.39,147087,202428,-0.08024474647676094,0
2023-07-28 10:58:13,996.15,244190,145,997.39,147236,202444,-0.08024474647676094,0
2023-07-28 10:58:13,996.15,244190,145,997.39,147386,202030,-0.08024474647676094,0
2023-07-28 10:58:13,996.15,244190,145,997.39,147252,202080,-0.08024474647676094,0
2023-07-28 10:58:13,996.15,244190,145,997.39,147252,202214,-0.08024474647676094,0
2023-07-28 10:58:13,996.15,244190,145,997.39,147391,201930,-0.08024474647676094,0
2023-07-28 10:58:13,996.15,244190,145,997.39,147565,201876,-0.08024474647676094,0
2023-07-28 10:58:13,996.15,244190,145,997.39,147561,202010,-0.08024474647676094,0
2023-07-28 10:58:13,996.15,244190,145,997.39,147503,202060,-0.08024474647676094,0
2023-07-28 10:58:13,996.15,244190,145,997.39,143166,202572,-0.08024474647676094,0
2023-07-28 10:58:13,996.5,244190,20,997.39,143166,202572,-0.04513766989317874,0
2023-07-28 10:58:24,996.5,244210,20,997.39,144800,202128,-0.04513766989317874,0
2023-07-28 10:58:25,996.55,244310,8,997.39,145502,202150,-0.04012237323838617,0
2023-07-28 10:58:25,996.55,244310,8,997.39,145362,201844,-0.04012237323838617,0
2023-07-28 10:58:25,996.55,244310,8,997.39,144699,202151,-0.04012237323838617,0
2023-07-28 10:58:25,996.55,244310,8,997.39,144612,202093,-0.04012237323838617,0
2023-07-28 10:58:25,996.15,244310,1,997.39,144605,202093,-0.08024474647676094,0
2023-07-28 10:58:30,996.15,244311,1,997.39,145478,201871,-0.08024474647676094,0
2023-07-28 10:58:30,996.15,244311,1,997.39,144686,202095,-0.08024474647676094,0
2023-07-28 10:58:30,996.15,244311,1,997.39,144680,202047,-0.08024474647676094,0
2023-07-28 10:58:34,996.85,244473,157,997.39,146462,201373,-0.010030593309596542,0
2023-07-28 10:58:34,996.85,244473,157,997.39,146462,201373,-0.010030593309596542,0
2023-07-28 10:58:35,996.55,244474,1,997.39,146949,201455,-0.04012237323838617,0
2023-07-28 10:58:35,996.55,244474,1,997.39,146913,201445,-0.04012237323838617,0
2023-07-28 10:58:35,996.55,244474,1,997.39,146913,201374,-0.04012237323838617,0
2023-07-28 10:58:35,996.55,244474,1,997.39,146911,201374,-0.04012237323838617,0
2023-07-28 10:58:35,996.55,244474,1,997.39,146913,201446,-0.04012237323838617,0
2023-07-28 10:58:35,996.55,244474,1,997.39,146698,201466,-0.04012237323838617,0
2023-07-28 10:58:35,996.4,244474,7,997.39,146702,201446,-0.055168263202775285,0
2023-07-28 10:58:42,996.4,244484,7,997.39,146707,201497,-0.055168263202775285,0
2023-07-28 10:58:42,996.4,244484,7,997.39,146720,201497,-0.055168263202775285,0
2023-07-28 10:58:42,996.4,244484,1,997.39,147760,201938,-0.055168263202775285,0
2023-07-28 10:58:46,996.4,244485,1,997.39,147878,201796,-0.055168263202775285,0
2023-07-28 10:58:46,996.4,244485,1,997.39,147878,201787,-0.055168263202775285,0
2023-07-28 10:58:46,996.4,244485,1,997.39,147878,201787,-0.055168263202775285,0
2023-07-28 10:58:46,996.4,244485,1,997.39,147885,201944,-0.055168263202775285,0
2023-07-28 10:58:46,996.4,244485,1,997.39,147876,201944,-0.055168263202775285,0
2023-07-28 10:58:46,996.55,244485,1,997.39,147876,201944,-0.04012237323838617,0
2023-07-28 10:58:52,996.55,244486,27,997.39,147917,201917,-0.04012237323838617,0
2023-07-28 10:58:55,996.55,244515,2,997.39,148019,201181,-0.04012237323838617,0
2023-07-28 10:58:55,996.55,244515,2,997.39,147841,201262,-0.04012237323838617,0
2023-07-28 10:58:55,996.55,244515,2,997.39,148481,201255,-0.04012237323838617,0
2023-07-28 10:58:55,996.55,244515,2,997.39,148481,201255,-0.04012237323838617,0
2023-07-28 10:58:55,996.55,244515,2,997.39,148485,201255,-0.04012237323838617,0
2023-07-28 10:58:55,996.55,244515,2,997.39,148365,201253,-0.04012237323838617,0
2023-07-28 10:58:55,996.55,244515,2,997.39,148361,201253,-0.04012237323838617,0
2023-07-28 10:58:55,996.55,244515,2,997.39,148535,201274,-0.04012237323838617,0
2023-07-28 10:58:55,996.55,244515,2,997.39,148670,200929,-0.04012237323838617,0
2023-07-28 10:58:55,996.55,244515,1,997.39,148670,201122,-0.04012237323838617,0
2023-07-28 10:59:05,996.55,244516,1,997.39,148366,201163,-0.04012237323838617,0
2023-07-28 10:59:05,996.55,244516,1,997.39,148366,201163,-0.04012237323838617,0
2023-07-28 10:59:05,996.5,244516,4,997.39,148366,201163,-0.04513766989317874,0
2023-07-28 10:59:08,996.5,244556,4,997.39,148343,201163,-0.04513766989317874,0
2023-07-28 10:59:08,996.5,244556,4,997.39,148444,201199,-0.04513766989317874,0
2023-07-28 10:59:08,996.9,244556,1,997.39,148439,201223,-0.005015296654803973,0
2023-07-28 10:59:10,996.9,244557,1,997.39,148459,201251,-0.005015296654803973,0
2023-07-28 10:59:10,996.9,244557,1,997.39,148455,201251,-0.005015296654803973,0
2023-07-28 10:59:10,996.9,244557,1,997.39,148455,201251,-0.005015296654803973,0
2023-07-28 10:59:12,996.9,244558,1,997.39,148438,201250,-0.005015296654803973,0
2023-07-28 10:59:12,996.9,244558,1,997.39,148409,201279,-0.005015296654803973,0
2023-07-28 10:59:12,996.9,244558,1,997.39,148409,201279,-0.005015296654803973,0
2023-07-28 10:59:12,996.9,244558,1,997.39,148409,201279,-0.005015296654803973,0
2023-07-28 10:59:12,996.9,244558,1,997.39,148399,201279,-0.005015296654803973,0
2023-07-28 10:59:12,996.9,244558,1,997.39,148399,201279,-0.005015296654803973,0
2023-07-28 10:59:19,996.9,244559,1,997.39,148404,201248,-0.005015296654803973,0
2023-07-28 10:59:20,996.9,244561,2,997.39,149040,201243,-0.005015296654803973,0
2023-07-28 10:59:20,996.9,244561,2,997.39,149057,201282,-0.005015296654803973,0
2023-07-28 10:59:20,996.9,244561,2,997.39,149057,201282,-0.005015296654803973,0
2023-07-28 10:59:20,996.9,244561,2,997.39,149040,201282,-0.005015296654803973,0
2023-07-28 10:59:20,996.9,244561,2,997.39,149040,201282,-0.005015296654803973,0
2023-07-28 10:59:20,996.9,244561,2,997.39,149092,201282,-0.005015296654803973,0
2023-07-28 10:59:20,997.1,244561,3,997.39,149092,201282,0.015045889964389112,0
2023-07-28 10:59:24,997.1,244579,3,997.39,148450,201095,0.015045889964389112,0
2023-07-28 10:59:24,997.1,244579,3,997.39,148450,201095,0.015045889964389112,0
2023-07-28 10:59:24,997.1,244579,3,997.39,148502,201099,0.015045889964389112,0
2023-07-28 10:59:24,997.1,244579,3,997.39,148488,201099,0.015045889964389112,0
2023-07-28 10:59:24,997.1,244579,3,997.39,148439,201104,0.015045889964389112,0
2023-07-28 10:59:24,997.1,244579,3,997.39,148439,201163,0.015045889964389112,0
2023-07-28 10:59:24,997.1,244579,4,997.39,148439,201163,0.015045889964389112,0
2023-07-28 10:59:31,997.1,244589,4,997.39,148444,201157,0.015045889964389112,0
2023-07-28 10:59:32,997.1,244593,4,997.39,148440,201153,0.015045889964389112,0
2023-07-28 10:59:32,997.1,244593,4,997.39,148440,201225,0.015045889964389112,0
2023-07-28 10:59:32,997.1,244593,4,997.39,149478,200800,0.015045889964389112,0
2023-07-28 10:59:32,997.1,244593,4,997.39,150316,201221,0.015045889964389112,0
2023-07-28 10:59:32,997.1,244593,4,997.39,150169,201221,0.015045889964389112,0
2023-07-28 10:59:32,997.1,244593,4,997.39,150173,201271,0.015045889964389112,0
2023-07-28 10:59:32,997.1,244593,4,997.39,150171,201271,0.015045889964389112,0
2023-07-28 10:59:42,997.1,244594,1,997.39,149975,201509,0.015045889964389112,0
2023-07-28 10:59:42,997.1,244594,1,997.39,149974,201454,0.015045889964389112,0
2023-07-28 10:59:42,997.1,244594,1,997.39,149984,201454,0.015045889964389112,0
2023-07-28 10:59:42,997.1,244594,1,997.39,149871,201587,0.015045889964389112,0
2023-07-28 10:59:46,997.1,244599,5,997.39,149600,201742,0.015045889964389112,0
2023-07-28 10:59:46,997.1,244599,5,997.39,149607,201742,0.015045889964389112,0
2023-07-28 10:59:46,997.1,244599,5,997.39,149607,201745,0.015045889964389112,0
2023-07-28 10:59:48,997.1,244601,2,997.39,149607,201684,0.015045889964389112,0
2023-07-28 10:59:48,997.1,244601,2,997.39,149611,201684,0.015045889964389112,0
2023-07-28 10:59:48,997.1,244601,2,997.39,149607,201684,0.015045889964389112,0
2023-07-28 10:59:48,997.1,244601,2,997.39,149607,201684,0.015045889964389112,0
2023-07-28 10:59:48,997.1,244601,2,997.39,149617,201684,0.015045889964389112,0
2023-07-28 10:59:48,997.1,244601,2,997.39,149597,201684,0.015045889964389112,0
2023-07-28 10:59:48,997.1,244601,2,997.39,149575,201684,0.015045889964389112,0
2023-07-28 10:59:48,997.1,244601,2,997.39,149575,201696,0.015045889964389112,0
2023-07-28 10:59:48,996.65,244601,5,997.39,149575,201696,-0.030091779928789628,0
2023-07-28 10:59:59,996.65,244606,5,997.39,149603,201696,-0.030091779928789628,0
2023-07-28 10:59:59,996.65,244606,5,997.39,149607,201696,-0.030091779928789628,0
2023-07-28 11:00:01,997.1,244608,2,997.39,149607,201700,0.015045889964389112,0
2023-07-28 11:00:01,997.1,244608,2,997.39,149603,201700,0.015045889964389112,0
2023-07-28 11:00:03,997.1,244708,100,997.39,149648,201600,0.015045889964389112,0
2023-07-28 11:00:03,997.1,244708,5,997.39,149648,201600,0.015045889964389112,0
2023-07-28 11:00:03,997.1,244713,5,997.39,149703,201595,0.015045889964389112,0
2023-07-28 11:00:03,997.1,244713,5,997.39,149702,201595,0.015045889964389112,0
2023-07-28 11:00:03,997.1,244713,6,997.39,149427,201501,0.015045889964389112,0
2023-07-28 11:00:03,997.1,244713,10,997.39,149427,201501,0.015045889964389112,0
2023-07-28 11:00:03,997.1,244713,1,997.39,149427,201501,0.015045889964389112,0
2023-07-28 11:00:03,997.1,244713,1,997.39,149427,201501,0.015045889964389112,0
2023-07-28 11:00:12,997.1,244731,1,997.39,150007,201346,0.015045889964389112,0
2023-07-28 11:00:12,997.1,244731,5,997.39,150007,201346,0.015045889964389112,0
2023-07-28 11:00:12,997.0,244731,1,997.39,150007,201346,0.00501529665479257,0
2023-07-28 11:00:16,997.1,244738,1,997.39,149821,201352,0.015045889964389112,0
2023-07-28 11:00:16,996.65,244738,1,997.39,149821,201352,-0.030091779928789628,0
2023-07-28 11:00:16,996.4,244738,106,997.39,149821,201352,-0.055168263202775285,0
2023-07-28 11:00:22,997.05,245305,18,997.39,149081,201620,0.01003059330958514,0
2023-07-28 11:00:22,997.05,245333,18,997.39,149230,201618,0.01003059330958514,0
2023-07-28 11:00:22,997.1,245333,1,997.39,149230,201618,0.015045889964389112,0
2023-07-28 11:00:22,997.1,245333,1,997.39,149230,201618,0.015045889964389112,0
2023-07-28 11:00:28,997.1,245335,1,997.39,149233,201573,0.015045889964389112,0
2023-07-28 11:00:28,997.1,245335,2,997.39,149233,201573,0.015045889964389112,0
2023-07-28 11:00:32,997.1,245337,1,997.39,149239,201571,0.015045889964389112,0
2023-07-28 11:00:36,997.1,245338,1,997.39,149457,201429,0.015045889964389112,0
2023-07-28 11:00:36,996.6,245338,17,997.39,149457,201429,-0.0351070765835822,0
2023-07-28 11:00:42,996.6,245355,17,997.39,149375,201428,-0.0351070765835822,0
2023-07-28 11:00:42,996.6,245355,17,997.39,149377,201428,-0.0351070765835822,0
2023-07-28 11:00:42,996.6,245355,17,997.39,149377,201434,-0.0351070765835822,0
2023-07-28 11:00:42,996.65,245355,1,997.39,149377,201434,-0.030091779928789628,0
2023-07-28 11:00:56,996.65,245356,1,997.39,149955,201046,-0.030091779928789628,0
2023-07-28 11:00:56,997.1,245356,1,997.39,149955,201046,0.015045889964389112,0
2023-07-28 11:00:58,997.1,245357,1,997.39,149964,201314,0.015045889964389112,0
2023-07-28 11:00:58,997.0,245357,1,997.39,149964,201314,0.00501529665479257,0
2023-07-28 11:00:58,997.0,245357,12,997.39,149964,201314,0.00501529665479257,0
2023-07-28 11:01:05,997.0,245370,12,997.39,149964,201243,0.00501529665479257,0
2023-07-28 11:01:05,997.0,245370,5,997.39,149964,201243,0.00501529665479257,0
2023-07-28 11:01:10,997.0,245375,5,997.39,149748,201988,0.00501529665479257,0
2023-07-28 11:01:10,996.9,245375,1,997.39,149748,201988,-0.005015296654803973,0
2023-07-28 11:01:10,996.9,245375,1,997.39,149748,201988,-0.005015296654803973,0
2023-07-28 11:01:19,996.9,245378,1,997.39,148973,202312,-0.005015296654803973,0
2023-07-28 11:01:19,996.9,245379,1,997.39,148585,202387,-0.005015296654803973,0
2023-07-28 11:01:26,996.9,245429,50,997.39,148565,202376,-0.005015296654803973,0
2023-07-28 11:01:26,996.9,245429,2,997.39,148565,202376,-0.005015296654803973,0
2023-07-28 11:01:27,996.9,245431,2,997.39,148581,202229,-0.005015296654803973,0
2023-07-28 11:01:27,996.9,245431,2,997.39,148565,202365,-0.005015296654803973,0
2023-07-28 11:01:27,996.9,245431,20,997.39,148565,202365,-0.005015296654803973,0
2023-07-28 11:01:35,996.9,245452,1,997.39,148548,202334,-0.005015296654803973,0
2023-07-28 11:01:39,996.9,245453,1,997.39,148616,202352,-0.005015296654803973,0
2023-07-28 11:01:39,996.65,245453,1,997.39,148616,202352,-0.030091779928789628,0
2023-07-28 11:01:39,996.9,245453,10,997.39,148616,202352,-0.005015296654803973,0
2023-07-28 11:01:39,996.9,245453,1,997.39,148616,202352,-0.005015296654803973,0
2023-07-28 11:01:47,996.9,245465,1,997.39,148722,202352,-0.005015296654803973,0
2023-07-28 11:01:47,996.9,245465,56,997.39,148689,202352,-0.005015296654803973,0
2023-07-28 11:01:59,996.9,245528,7,997.39,149414,202267,-0.005015296654803973,0
2023-07-28 11:01:59,997.0,245528,3,997.39,149414,202267,0.00501529665479257,0
2023-07-28 11:02:00,997.0,245531,56,997.39,149547,202290,0.00501529665479257,0
2023-07-28 11:02:00,997.5,245531,12,997.39,149547,202290,0.05516826320276388,0
2023-07-28 11:02:00,997.5,245531,156,997.39,149547,202290,0.05516826320276388,0
2023-07-28 11:02:00,997.65,245531,28,997.39,149547,202290,0.07021415316715299,0
2023-07-28 11:02:07,997.15,246651,13,997.39,150721,198992,0.020061186619181683,0
2023-07-28 11:02:07,997.15,246651,1,997.39,150721,198992,0.020061186619181683,0
2023-07-28 11:02:07,997.65,246651,18,997.39,150721,198992,0.07021415316715299,0
2023-07-28 11:02:07,997.65,246651,26,997.39,150721,198992,0.07021415316715299,0
2023-07-28 11:02:12,997.65,247317,34,997.39,151957,198612,0.07021415316715299,0
2023-07-28 11:02:12,997.75,247317,5,997.39,151957,198612,0.08024474647674953,0
2023-07-28 11:02:15,997.9,247644,5,997.39,152173,198032,0.09529063644113865,0
2023-07-28 11:02:15,997.9,247644,1,997.39,152173,198032,0.09529063644113865,0
2023-07-28 11:02:15,997.9,247644,3,997.39,152173,198032,0.09529063644113865,0
2023-07-28 11:02:15,997.65,247644,1,997.39,152173,198032,0.07021415316715299,0
2023-07-28 11:02:15,997.65,247644,1,997.39,152173,198032,0.07021415316715299,0
2023-07-28 11:02:22,997.9,247686,2,997.39,151434,198241,0.09529063644113865,0
2023-07-28 11:02:22,997.9,247686,2,997.39,151434,198241,0.09529063644113865,0
2023-07-28 11:02:22,997.9,247686,1,997.39,151434,198241,0.09529063644113865,0
2023-07-28 11:02:22,997.9,247686,1,997.39,151434,198241,0.09529063644113865,0
2023-07-28 11:02:22,997.9,247686,1,997.39,151434,198241,0.09529063644113865,0
2023-07-28 11:02:22,997.9,247686,1,997.39,151434,198241,0.09529063644113865,0
2023-07-28 11:02:25,997.9,247691,1,997.39,151485,198171,0.09529063644113865,0
2023-07-28 11:02:25,997.9,247691,1,997.39,151563,198344,0.09529063644113865,0
2023-07-28 11:02:25,997.75,247691,3,997.39,151563,198344,0.08024474647674953,0
2023-07-28 11:02:25,997.75,247691,2,997.39,151563,198344,0.08024474647674953,0
2023-07-28 11:02:35,997.75,247696,2,997.39,151555,198193,0.08024474647674953,0
2023-07-28 11:02:35,997.75,247696,13,997.39,151555,198193,0.08024474647674953,0
2023-07-28 11:02:40,997.75,247709,1,997.39,151594,198193,0.08024474647674953,0
2023-07-28 11:02:40,997.75,247709,1,997.39,151594,198193,0.08024474647674953,0
2023-07-28 11:02:40,997.7,247709,24,997.39,151594,198193,0.07522944982195696,0
2023-07-28 11:02:40,997.9,247709,1,997.39,151594,198193,0.09529063644113865,0
2023-07-28 11:02:40,998.0,247709,33,997.39,151594,198193,0.10532122975073518,0
2023-07-28 11:02:44,998.0,248487,33,997.39,151479,197022,0.10532122975073518,0
2023-07-28 11:02:44,998.0,248487,43,997.39,151479,197022,0.10532122975073518,0
2023-07-28 11:02:44,997.9,248487,1,997.39,151479,197022,0.09529063644113865,0
2023-07-28 11:02:49,997.9,248532,1,997.39,152269,196979,0.09529063644113865,0
2023-07-28 11:02:49,998.0,248532,2,997.39,152269,196979,0.10532122975073518,0
2023-07-28 11:02:49,997.9,248532,78,997.39,152269,196979,0.09529063644113865,0
2023-07-28 11:02:50,997.9,248634,78,997.39,152017,196885,0.09529063644113865,0
2023-07-28 11:02:50,998.0,248634,13,997.39,152017,196885,0.10532122975073518,0
2023-07-28 11:02:55,998.0,248647,1,997.39,151948,196889,0.10532122975073518,0
2023-07-28 11:02:55,997.75,248647,30,997.39,151948,196889,0.08024474647674953,0
2023-07-28 11:03:01,997.95,249075,91,997.39,152105,197605,0.10030593309594261,0
2023-07-28 11:03:01,997.9,249075,20,997.39,152105,197605,0.09529063644113865,0
2023-07-28 11:03:05,997.9,249175,62,997.39,152478,197451,0.09529063644113865,0
2023-07-28 11:03:05,997.95,249175,8,997.39,152478,197451,0.10030593309594261,0
2023-07-28 11:03:06,997.95,249183,8,997.39,152427,197613,0.10030593309594261,0
2023-07-28 11:03:06,997.95,249183,2,997.39,152427,197613,0.10030593309594261,0
2023-07-28 11:03:06,997.65,249183,1,997.39,152427,197613,0.07021415316715299,0
2023-07-28 11:03:06,997.95,249183,25,997.39,152427,197613,0.10030593309594261,0
2023-07-28 11:03:14,997.95,249211,25,997.39,151824,197675,0.10030593309594261,0
2023-07-28 11:03:14,997.95,249211,3,997.39,151824,197675,0.10030593309594261,0
2023-07-28 11:03:15,997.95,249214,3,997.39,151853,197672,0.10030593309594261,0
2023-07-28 11:03:19,997.95,249215,1,997.39,151880,197817,0.10030593309594261,0
2023-07-28 11:03:19,997.9,249215,1,997.39,151880,197817,0.09529063644113865,0
2023-07-28 11:03:26,997.95,249216,19,997.39,151989,197733,0.10030593309594261,0
2023-07-28 11:03:27,997.95,249237,19,997.39,151988,197869,0.10030593309594261,0
2023-07-28 11:03:32,997.95,249408,102,997.39,151622,197732,0.10030593309594261,0
2023-07-28 11:03:32,997.95,249408,25,997.39,151622,197732,0.10030593309594261,0
2023-07-28 11:03:36,997.95,249444,25,997.39,148133,197771,0.10030593309594261,0
2023-07-28 11:03:36,997.95,249444,25,997.39,148133,197771,0.10030593309594261,0
2023-07-28 11:03:36,998.0,249444,1,997.39,148133,197771,0.10532122975073518,0
2023-07-28 11:03:41,998.0,249472,3,997.39,152066,197658,0.10532122975073518,0
2023-07-28 11:03:41,998.0,249472,1,997.39,152066,197658,0.10532122975073518,0
2023-07-28 11:03:44,998.0,249476,1,997.39,152322,197700,0.10532122975073518,0
2023-07-28 11:03:44,998.0,249476,16,997.39,152322,197700,0.10532122975073518,0
2023-07-28 11:03:50,998.2,249577,122,997.39,152228,197599,0.12538241636992828,0
2023-07-28 11:03:50,997.95,249577,25,997.39,152228,197599,0.10030593309594261,0
2023-07-28 11:03:50,997.95,249577,1,997.39,152228,197599,0.10030593309594261,0
2023-07-28 11:03:55,997.95,250031,60,997.39,154460,197666,0.10030593309594261,0
2023-07-28 11:03:55,998.65,250031,9,997.39,154460,197666,0.17052008626309562,0
2023-07-28 11:03:59,998.6,250824,105,997.4,150643,193735,0.16550478960830303,0
2023-07-28 11:03:59,998.55,250824,24,997.4,150643,193735,0.16048949295349907,0
2023-07-28 11:03:59,998.7,250824,12,997.4,150643,193735,0.17553538291789958,0
2023-07-28 11:04:04,997.85,251391,85,997.4,150097,199086,0.09027533978634608,0
2023-07-28 11:04:04,998.35,251391,6,997.4,150097,199086,0.14042830633431738,0
2023-07-28 11:04:04,998.35,251391,8,997.4,150097,199086,0.14042830633431738,0
2023-07-28 11:04:12,998.35,251550,11,997.4,150206,198663,0.14042830633431738,0
2023-07-28 11:04:12,997.55,251550,18,997.4,150206,198663,0.06018355985755645,0
2023-07-28 11:04:12,998.15,251550,9,997.4,150206,198663,0.1203671197151243,0
2023-07-28 11:04:14,998.15,252224,9,997.4,150410,198913,0.1203671197151243,0
2023-07-28 11:04:22,997.6,252254,7,997.4,150190,199164,0.06519885651236042,0
2023-07-28 11:04:22,997.6,252254,7,997.4,150441,199007,0.06519885651236042,0
2023-07-28 11:04:22,998.25,252254,6,997.4,150441,199007,0.13039771302472083,0
2023-07-28 11:04:30,997.7,252358,4,997.4,151106,199109,0.07522944982195696,0
2023-07-28 11:04:30,998.0,252358,25,997.4,151106,199109,0.10532122975073518,0
2023-07-28 11:04:30,997.9,252358,5,997.4,151106,199109,0.09529063644113865,0
2023-07-28 11:04:33,997.9,252398,5,997.4,150643,199038,0.09529063644113865,0
2023-07-28 11:04:33,997.6,252398,10,997.4,150643,199038,0.06519885651236042,0
2023-07-28 11:04:33,997.2,252398,2,997.4,150643,199038,0.025076483273985654,0
2023-07-28 11:04:33,997.0,252398,1,997.4,150643,199038,0.00501529665479257,0
2023-07-28 11:04:38,997.0,252575,1,997.4,143655,199902,0.00501529665479257,0
2023-07-28 11:04:38,997.0,252575,1,997.4,143655,199902,0.00501529665479257,0
2023-07-28 11:04:38,997.0,252575,100,997.4,143655,199902,0.00501529665479257,0
2023-07-28 11:04:42,997.0,252677,100,997.4,147195,199914,0.00501529665479257,0
2023-07-28 11:04:42,996.9,252677,2,997.4,147195,199914,-0.005015296654803973,0
2023-07-28 11:04:46,996.9,252798,2,997.4,146634,200197,-0.005015296654803973,0
2023-07-28 11:04:46,997.0,252798,2,997.4,146634,200197,0.00501529665479257,0
2023-07-28 11:04:48,997.0,252800,2,997.4,147131,200266,0.00501529665479257,0
2023-07-28 11:04:48,996.8,252800,3,997.4,147131,200266,-0.015045889964400516,0
2023-07-28 11:04:48,997.0,252800,1,997.4,147131,200266,0.00501529665479257,0
2023-07-28 11:04:55,997.0,252820,1,997.4,146878,200385,0.00501529665479257,0
2023-07-28 11:04:55,996.7,252820,20,997.4,146878,200385,-0.025076483273985654,0
2023-07-28 11:05:00,996.7,252854,4,997.4,146905,200403,-0.025076483273985654,0
2023-07-28 11:05:00,997.05,252854,10,997.4,146905,200403,0.01003059330958514,0
2023-07-28 11:05:03,997.05,252949,10,997.4,146658,199708,0.01003059330958514,0
2023-07-28 11:05:03,997.05,252949,10,997.4,146637,199621,0.01003059330958514,0
2023-07-28 11:05:03,997.05,252949,10,997.4,146514,199682,0.01003059330958514,0
2023-07-28 11:05:03,997.05,252949,10,997.4,146566,199691,0.01003059330958514,0
2023-07-28 11:05:03,997.05,252949,10,997.4,146668,199682,0.01003059330958514,0
2023-07-28 11:05:03,997.05,252949,10,997.4,146530,199676,0.01003059330958514,0
2023-07-28 11:05:03,997.05,252949,10,997.4,146548,199675,0.01003059330958514,0
2023-07-28 11:05:03,997.05,252949,10,997.4,146644,199675,0.01003059330958514,0
2023-07-28 11:05:13,996.6,252959,3,997.4,146192,199723,-0.0351070765835822,0
2023-07-28 11:05:15,996.6,252960,1,997.4,146026,199733,-0.0351070765835822,0
2023-07-28 11:05:15,996.6,252960,1,997.4,145695,200117,-0.0351070765835822,0
2023-07-28 11:05:15,996.6,252960,1,997.4,145715,200115,-0.0351070765835822,0
2023-07-28 11:05:15,996.6,252960,1,997.4,145697,200066,-0.0351070765835822,0
2023-07-28 11:05:15,996.6,252960,1,997.4,145545,199906,-0.0351070765835822,0
2023-07-28 11:05:15,997.0,252960,2,997.4,145547,199981,0.00501529665479257,0
2023-07-28 11:05:21,997.0,253086,2,997.4,139962,199776,0.00501529665479257,0
2023-07-28 11:05:21,997.0,253086,2,997.4,145785,200354,0.00501529665479257,0
2023-07-28 11:05:21,997.0,253086,2,997.4,145785,200354,0.00501529665479257,0
2023-07-28 11:05:21,997.0,253086,2,997.4,145785,200354,0.00501529665479257,0
2023-07-28 11:05:21,997.0,253086,2,997.4,145561,200335,0.00501529665479257,0
2023-07-28 11:05:21,997.0,253086,2,997.4,145577,200326,0.00501529665479257,0
2023-07-28 11:05:21,996.4,253086,8,997.4,145577,200326,-0.055168263202775285,0
2023-07-28 11:05:25,996.4,253121,8,997.4,145944,200510,-0.055168263202775285,0
2023-07-28 11:05:25,996.4,253121,8,997.4,145944,200510,-0.055168263202775285,0
2023-07-28 11:05:25,996.4,253121,8,997.4,146039,200623,-0.055168263202775285,0
2023-07-28 11:05:25,996.4,253121,8,997.4,145983,200575,-0.055168263202775285,0
2023-07-28 11:05:25,996.4,253121,8,997.4,145947,200645,-0.055168263202775285,0
2023-07-28 11:05:25,996.4,253121,8,997.4,145933,200587,-0.055168263202775285,0
2023-07-28 11:05:25,996.4,253121,8,997.4,145990,200640,-0.055168263202775285,0
2023-07-28 11:05:25,997.0,253121,268,997.4,145975,200529,0.00501529665479257,0
2023-07-28 11:05:34,997.0,253471,268,997.4,145931,200349,0.00501529665479257,0
2023-07-28 11:05:34,997.0,253471,268,997.4,145991,200343,0.00501529665479257,0
2023-07-28 11:05:34,997.0,253471,268,997.4,145991,200377,0.00501529665479257,0
2023-07-28 11:05:34,997.0,253471,268,997.4,145992,200386,0.00501529665479257,0
2023-07-28 11:05:34,997.0,253471,268,997.4,145992,200377,0.00501529665479257,0
2023-07-28 11:05:34,997.0,253471,268,997.4,146020,200386,0.00501529665479257,0
2023-07-28 11:05:34,997.0,253471,2,997.4,146020,200386,0.00501529665479257,0
2023-07-28 11:05:42,997.0,253473,2,997.4,146075,200386,0.00501529665479257,0
2023-07-28 11:05:42,997.0,253473,2,997.4,146597,200266,0.00501529665479257,0
2023-07-28 11:05:42,997.0,253473,2,997.4,146459,200307,0.00501529665479257,0
2023-07-28 11:05:42,997.0,253473,2,997.4,146520,200316,0.00501529665479257,0
2023-07-28 11:05:42,997.0,253473,2,997.4,146459,200341,0.00501529665479257,0
2023-07-28 11:05:42,997.0,253473,2,997.4,146528,200341,0.00501529665479257,0
2023-07-28 11:05:48,996.35,253733,6,997.4,146090,200712,-0.060183559857567855,0
2023-07-28 11:05:48,996.35,253733,6,997.4,146523,200503,-0.060183559857567855,0
2023-07-28 11:05:48,996.35,253733,6,997.4,146578,200491,-0.060183559857567855,0
2023-07-28 11:05:48,996.35,253733,6,997.4,146586,200497,-0.060183559857567855,0
2023-07-28 11:05:48,996.35,253733,1,997.4,146586,200497,-0.060183559857567855,0
2023-07-28 11:05:52,996.35,253734,31,997.4,146598,200501,-0.060183559857567855,0
2023-07-28 11:05:53,996.35,253784,31,997.4,146162,200826,-0.060183559857567855,0
2023-07-28 11:05:53,996.35,253784,31,997.4,146152,200826,-0.060183559857567855,0
2023-07-28 11:05:53,996.35,253784,31,997.4,146152,200826,-0.060183559857567855,0
2023-07-28 11:05:53,996.35,253784,31,997.4,146162,200826,-0.060183559857567855,0
2023-07-28 11:05:53,996.35,253784,31,997.4,146214,200838,-0.060183559857567855,0
2023-07-28 11:05:53,996.35,253784,31,997.4,146214,200783,-0.060183559857567855,0
2023-07-28 11:05:53,996.35,253784,31,997.4,146218,200784,-0.060183559857567855,0
2023-07-28 11:05:53,996.35,253784,31,997.4,146160,200621,-0.060183559857567855,0
2023-07-28 11:05:53,996.35,253784,31,997.4,146156,200615,-0.060183559857567855,0
2023-07-28 11:05:53,996.35,253784,31,997.4,146182,200615,-0.060183559857567855,0
2023-07-28 11:05:53,996.35,253784,31,997.4,146182,200615,-0.060183559857567855,0
2023-07-28 11:05:53,996.35,253784,31,997.4,146486,200616,-0.060183559857567855,0
2023-07-28 11:05:53,996.35,253784,1,997.4,146486,200616,-0.060183559857567855,0
2023-07-28 11:06:06,996.35,253785,1,997.4,145847,200769,-0.060183559857567855,0
2023-07-28 11:06:08,996.75,253835,17,997.4,146232,200302,-0.020061186619193084,0
2023-07-28 11:06:08,996.75,253835,17,997.4,146276,200298,-0.020061186619193084,0
2023-07-28 11:06:10,996.65,254408,1,997.39,145464,200943,-0.030091779928789628,0
2023-07-28 11:06:10,996.65,254408,1,997.39,145464,200943,-0.030091779928789628,0
2023-07-28 11:06:10,996.65,254408,1,997.39,145604,200895,-0.030091779928789628,0
2023-07-28 11:06:12,996.05,254448,8,997.39,145022,200491,-0.09027533978635748,0
2023-07-28 11:06:12,996.05,254448,8,997.39,145022,200491,-0.09027533978635748,0
2023-07-28 11:06:12,996.05,254448,8,997.39,145775,200532,-0.09027533978635748,0
2023-07-28 11:06:12,996.05,254448,8,997.39,145775,200532,-0.09027533978635748,0
2023-07-28 11:06:12,996.05,254448,2,997.39,145775,200538,-0.09027533978635748,0
2023-07-28 11:06:16,996.05,254493,2,997.39,145628,200764,-0.09027533978635748,0
2023-07-28 11:06:16,996.05,254493,12,997.39,145628,200764,-0.09027533978635748,0
2023-07-28 11:06:17,996.05,254513,12,997.39,145776,200784,-0.09027533978635748,0
2023-07-28 11:06:17,996.05,254513,12,997.39,145675,200885,-0.09027533978635748,0
2023-07-28 11:06:17,996.05,254513,12,997.39,145539,200902,-0.09027533978635748,0
2023-07-28 11:06:17,996.05,254513,12,997.39,145608,200909,-0.09027533978635748,0
2023-07-28 11:06:17,996.05,254513,12,997.39,145604,200909,-0.09027533978635748,0
2023-07-28 11:06:17,996.05,254513,12,997.39,145742,200558,-0.09027533978635748,0
2023-07-28 11:06:17,996.05,254513,12,997.39,145795,200614,-0.09027533978635748,0
2023-07-28 11:06:17,996.05,254513,12,997.39,145794,200540,-0.09027533978635748,0
2023-07-28 11:06:17,996.05,254513,12,997.39,145794,200540,-0.09027533978635748,0
2023-07-28 11:06:29,996.05,254514,1,997.39,145686,200689,-0.09027533978635748,0
2023-07-28 11:06:29,996.05,254514,1,997.39,145700,201039,-0.09027533978635748,0
2023-07-28 11:06:29,996.05,254514,1,997.39,145748,201064,-0.09027533978635748,0
2023-07-28 11:06:33,996.05,254564,27,997.39,145771,201064,-0.09027533978635748,0
2023-07-28 11:06:33,996.05,254564,27,997.39,145765,201064,-0.09027533978635748,0
2023-07-28 11:06:33,996.05,254564,27,997.39,145765,201068,-0.09027533978635748,0
2023-07-28 11:06:33,996.05,254564,27,997.39,145765,201068,-0.09027533978635748,0
2023-07-28 11:06:33,996.05,254564,27,997.39,145774,201068,-0.09027533978635748,0
2023-07-28 11:06:33,996.05,254564,27,997.39,145783,201079,-0.09027533978635748,0
2023-07-28 11:06:33,996.05,254564,1,997.39,145783,201079,-0.09027533978635748,0
2023-07-28 11:06:41,996.05,254565,1,997.39,145792,201085,-0.09027533978635748,0
2023-07-28 11:06:41,996.05,254565,1,997.39,145788,201085,-0.09027533978635748,0
2023-07-28 11:06:41,996.05,254565,1,997.39,145788,201085,-0.09027533978635748,0
2023-07-28 11:06:41,996.05,254565,4,997.39,145788,201085,-0.09027533978635748,0
2023-07-28 11:06:44,996.05,254665,4,997.39,145700,201221,-0.09027533978635748,0
2023-07-28 11:06:44,996.05,254665,4,997.39,145711,201139,-0.09027533978635748,0
2023-07-28 11:06:44,996.05,254665,4,997.39,145709,201154,-0.09027533978635748,0
2023-07-28 11:06:44,996.05,254665,4,997.39,145710,201134,-0.09027533978635748,0
2023-07-28 11:06:44,996.05,254665,4,997.39,145710,201134,-0.09027533978635748,0
2023-07-28 11:06:44,996.65,254665,5,997.39,145710,201134,-0.030091779928789628,0
2023-07-28 11:06:44,996.7,254665,1,997.39,145710,201134,-0.025076483273985654,0
2023-07-28 11:06:51,996.75,254696,4,997.39,146398,200514,-0.020061186619193084,0
2023-07-28 11:06:51,996.75,254696,4,997.39,146380,200514,-0.020061186619193084,0
2023-07-28 11:06:51,996.75,254696,4,997.39,146380,200612,-0.020061186619193084,0
2023-07-28 11:06:55,996.9,254796,16,997.39,146486,200643,-0.005015296654803973,0
2023-07-28 11:06:55,996.9,254796,16,997.39,146505,200706,-0.005015296654803973,0
2023-07-28 11:06:55,996.9,254796,16,997.39,146484,200712,-0.005015296654803973,0
2023-07-28 11:06:55,996.9,254796,16,997.39,146484,200712,-0.005015296654803973,0
2023-07-28 11:06:55,996.25,254796,3,997.39,146484,200712,-0.0702141531671644,0
2023-07-28 11:06:59,996.25,254819,3,997.39,146471,200731,-0.0702141531671644,0
2023-07-28 11:06:59,996.25,254819,3,997.39,146577,200774,-0.0702141531671644,0
2023-07-28 11:06:59,996.25,254819,3,997.39,146438,200850,-0.0702141531671644,0
2023-07-28 11:06:59,996.25,254819,3,997.39,146434,200850,-0.0702141531671644,0
2023-07-28 11:06:59,996.25,254819,10,997.39,146505,200850,-0.0702141531671644,0
2023-07-28 11:07:03,996.25,254829,10,997.39,146495,200850,-0.0702141531671644,0
2023-07-28 11:07:03,996.25,254829,10,997.39,146495,200870,-0.0702141531671644,0
2023-07-28 11:07:03,996.25,254829,1,997.39,146495,200870,-0.0702141531671644,0
2023-07-28 11:07:06,996.25,254830,1,997.39,145983,201876,-0.0702141531671644,0
2023-07-28 11:07:06,996.25,254830,1,997.39,145968,201973,-0.0702141531671644,0
2023-07-28 11:07:06,996.65,254830,3,997.39,145968,201973,-0.030091779928789628,0
2023-07-28 11:07:06,996.25,254830,5,997.39,145968,201973,-0.0702141531671644,0
2023-07-28 11:07:16,996.25,254933,5,997.39,146133,201797,-0.0702141531671644,0
2023-07-28 11:07:16,996.25,254933,5,997.39,146260,201072,-0.0702141531671644,0
2023-07-28 11:07:26,996.15,254944,1,997.39,146267,201743,-0.08024474647676094,0
2023-07-28 11:07:26,996.65,254944,10,997.39,146267,201743,-0.030091779928789628,0
2023-07-28 11:07:26,996.65,254944,1,997.39,146267,201743,-0.030091779928789628,0
2023-07-28 11:07:28,996.65,254955,1,997.39,145331,201744,-0.030091779928789628,0
2023-07-28 11:07:28,996.1,254955,1,997.39,145331,201744,-0.08526004313155351,0
2023-07-28 11:07:28,996.65,254955,7,997.39,145331,201744,-0.030091779928789628,0
2023-07-28 11:07:28,996.15,254955,15,997.39,145331,201744,-0.08024474647676094,0
2023-07-28 11:07:28,995.75,254955,10,997.39,145331,201744,-0.12036711971513571,0
2023-07-28 11:07:38,995.75,257006,10,997.38,145097,202414,-0.12036711971513571,0
2023-07-28 11:07:43,995.75,257007,1,997.38,146686,201769,-0.12036711971513571,0
2023-07-28 11:07:43,995.75,257007,1,997.38,146717,201737,-0.12036711971513571,0
2023-07-28 11:07:52,996.1,257022,3,997.38,147444,201392,-0.08526004313155351,0
2023-07-28 11:07:52,996.35,257022,1,997.38,147444,201392,-0.060183559857567855,0
2023-07-28 11:07:55,996.45,257067,5,997.38,147088,200898,-0.05015296654797131,0
2023-07-28 11:07:55,996.5,257067,3,997.38,147088,200898,-0.04513766989317874,0
2023-07-28 11:07:57,996.5,257071,3,997.38,146878,201229,-0.04513766989317874,0
2023-07-28 11:07:57,996.6,257071,4,997.38,146878,201229,-0.0351070765835822,0
2023-07-28 11:07:57,996.6,257071,1,997.38,146878,201229,-0.0351070765835822,0
2023-07-28 11:07:57,996.65,257071,1,997.38,146878,201229,-0.030091779928789628,0
2023-07-28 11:08:05,996.65,257103,1,997.38,146740,200816,-0.030091779928789628,0
2023-07-28 11:08:05,996.65,257103,1,997.38,146766,200816,-0.030091779928789628,0
2023-07-28 11:08:05,996.65,257103,1,997.38,146900,201272,-0.030091779928789628,0
2023-07-28 11:08:05,996.65,257103,1,997.38,146835,201344,-0.030091779928789628,0
2023-07-28 11:08:05,996.65,257103,1,997.38,146734,201898,-0.030091779928789628,0
2023-07-28 11:08:05,996.0,257103,4,997.38,146734,201898,-0.09529063644115005,0
2023-07-28 11:08:10,996.0,257668,4,997.37,146525,202136,-0.09529063644115005,0
2023-07-28 11:08:10,996.0,257668,4,997.37,146682,201939,-0.09529063644115005,0
2023-07-28 11:08:10,996.0,257668,4,997.37,146693,201946,-0.09529063644115005,0
2023-07-28 11:08:10,996.0,257668,4,997.37,147632,201946,-0.09529063644115005,0
2023-07-28 11:08:10,996.0,257668,4,997.37,147632,201946,-0.09529063644115005,0
2023-07-28 11:08:10,996.0,257668,4,997.37,147642,201946,-0.09529063644115005,0
2023-07-28 11:08:10,996.0,257668,4,997.37,147642,201946,-0.09529063644115005,0
2023-07-28 11:08:20,996.05,257669,1,997.37,147645,201949,-0.09027533978635748,0
2023-07-28 11:08:20,996.05,257669,1,997.37,147741,201952,-0.09027533978635748,0
2023-07-28 11:08:20,996.05,257669,1,997.37,148332,201968,-0.09027533978635748,0
2023-07-28 11:08:20,996.05,257669,1,997.37,148332,201968,-0.09027533978635748,0
2023-07-28 11:08:20,996.05,257669,1,997.37,148343,202019,-0.09027533978635748,0
2023-07-28 11:08:20,996.95,257669,3,997.37,148343,202019,0.0,0
2023-07-28 11:08:20,996.95,257669,3,997.37,148343,202019,0.0,0
2023-07-28 11:08:24,996.95,257819,3,997.37,148896,201932,0.0,0
2023-07-28 11:08:24,996.95,257819,3,997.37,148896,201932,0.0,0
2023-07-28 11:08:24,996.95,257819,3,997.37,148875,202032,0.0,0
2023-07-28 11:08:24,996.95,257819,3,997.37,148875,202032,0.0,0
2023-07-28 11:08:24,996.95,257819,3,997.37,148971,201930,0.0,0
2023-07-28 11:08:24,996.95,257819,3,997.37,149056,201930,0.0,0
2023-07-28 11:08:24,996.95,257819,3,997.37,149022,201930,0.0,0
2023-07-28 11:08:24,996.95,257819,3,997.37,148718,201870,0.0,0
2023-07-28 11:08:24,996.95,257819,3,997.37,148605,201998,0.0,0
2023-07-28 11:08:24,996.95,257819,3,997.37,148570,202086,0.0,0
2023-07-28 11:08:24,996.95,257819,3,997.37,148526,202133,0.0,0
2023-07-28 11:08:24,996.95,257819,3,997.37,148526,202133,0.0,0
2023-07-28 11:08:24,996.75,257819,1,997.37,148526,202133,-0.020061186619193084,0
2023-07-28 11:08:36,996.75,257820,1,997.37,148447,202119,-0.020061186619193084,0
2023-07-28 11:08:36,996.75,257820,1,997.37,148450,202095,-0.020061186619193084,0
2023-07-28 11:08:36,996.75,257820,1,997.37,148451,202095,-0.020061186619193084,0
2023-07-28 11:08:36,996.75,257820,1,997.37,148455,202095,-0.020061186619193084,0
2023-07-28 11:08:36,996.75,257820,1,997.37,148455,202095,-0.020061186619193084,0
2023-07-28 11:08:36,996.75,257820,1,997.37,148445,202095,-0.020061186619193084,0
2023-07-28 11:08:42,996.75,257840,1,997.37,148510,202080,-0.020061186619193084,0
2023-07-28 11:08:42,996.75,257840,1,997.37,148500,202080,-0.020061186619193084,0
2023-07-28 11:08:42,996.75,257840,1,997.37,148510,202080,-0.020061186619193084,0
2023-07-28 11:08:42,996.75,257840,1,997.37,148510,202080,-0.020061186619193084,0
2023-07-28 11:08:42,996.75,257840,1,997.37,148497,202086,-0.020061186619193084,0
2023-07-28 11:08:42,996.75,257840,1,997.37,148501,202086,-0.020061186619193084,0
2023-07-28 11:08:42,996.75,257840,1,997.37,148501,202086,-0.020061186619193084,0
2023-07-28 11:08:42,996.75,257840,1,997.37,148537,202217,-0.020061186619193084,0
2023-07-28 11:08:42,996.75,257840,1,997.37,148537,202218,-0.020061186619193084,0
2023-07-28 11:08:42,996.75,257840,1,997.37,148537,202218,-0.020061186619193084,0
2023-07-28 11:08:54,996.65,257850,10,997.37,148311,201830,-0.030091779928789628,0
2023-07-28 11:08:54,996.75,257850,12,997.37,148311,201830,-0.020061186619193084,0
2023-07-28 11:08:55,996.75,257862,12,997.37,148437,201763,-0.020061186619193084,0
2023-07-28 11:08:55,996.75,257862,12,997.37,148381,201742,-0.020061186619193084,0
2023-07-28 11:08:55,996.25,257862,1,997.37,148381,201742,-0.0702141531671644,0
2023-07-28 11:08:59,996.25,257863,1,997.37,148398,201733,-0.0702141531671644,0
2023-07-28 11:08:59,996.25,257863,1,997.37,148398,201733,-0.0702141531671644,0
2023-07-28 11:09:02,996.15,257864,4,997.37,148393,201787,-0.08024474647676094,0
2023-07-28 11:09:03,996.15,257874,4,997.37,148358,201970,-0.08024474647676094,0
2023-07-28 11:09:03,996.15,257874,4,997.37,148376,201970,-0.08024474647676094,0
2023-07-28 11:09:03,996.15,257874,4,997.37,148372,201970,-0.08024474647676094,0
2023-07-28 11:09:03,996.15,257874,4,997.37,147559,202586,-0.08024474647676094,0
2023-07-28 11:09:03,996.15,257874,4,997.37,147461,202540,-0.08024474647676094,0
2023-07-28 11:09:03,996.15,257874,4,997.37,147516,202473,-0.08024474647676094,0
2023-07-28 11:09:03,996.15,257874,1,997.37,147516,202473,-0.08024474647676094,0
2023-07-28 11:09:03,996.15,257874,1,997.37,147516,202473,-0.08024474647676094,0
2023-07-28 11:09:03,996.6,257874,25,997.37,147516,202473,-0.0351070765835822,0
2023-07-28 11:09:21,996.6,257902,25,997.37,147608,202320,-0.0351070765835822,0
2023-07-28 11:09:21,996.6,257902,50,997.37,147608,202320,-0.0351070765835822,0
2023-07-28 11:09:21,996.25,257902,24,997.37,147608,202320,-0.0702141531671644,0
2023-07-28 11:09:30,996.25,258052,24,997.37,147708,202165,-0.0702141531671644,0
2023-07-28 11:09:30,996.6,258052,1,997.37,147708,202165,-0.0351070765835822,0
2023-07-28 11:09:30,996.6,258052,23,997.37,147708,202165,-0.0351070765835822,0
2023-07-28 11:09:34,996.6,258077,23,997.37,147577,202273,-0.0351070765835822,0
2023-07-28 11:09:34,996.15,258077,1,997.37,147577,202273,-0.08024474647676094,0
2023-07-28 11:09:36,996.15,258078,1,997.37,147606,202278,-0.08024474647676094,0
2023-07-28 11:09:36,996.15,258078,1,997.37,147601,202391,-0.08024474647676094,0
2023-07-28 11:09:36,996.6,258078,3,997.37,147601,202391,-0.0351070765835822,0
2023-07-28 11:09:44,996.6,258081,3,997.37,147510,202397,-0.0351070765835822,0
2023-07-28 11:09:44,996.55,258081,7,997.37,147510,202397,-0.04012237323838617,0
2023-07-28 11:09:50,996.55,258088,41,997.37,147629,202501,-0.04012237323838617,0
2023-07-28 11:09:51,996.55,258166,41,997.37,147595,202467,-0.04012237323838617,0
2023-07-28 11:09:51,996.75,258166,17,997.37,147595,202467,-0.020061186619193084,0
2023-07-28 11:09:56,996.75,258666,17,997.37,147897,201890,-0.020061186619193084,0
2023-07-28 11:09:56,996.75,258666,17,997.37,147742,202082,-0.020061186619193084,0
2023-07-28 11:09:56,996.75,258666,17,997.37,147646,202075,-0.020061186619193084,0
2023-07-28 11:09:56,996.75,258666,17,997.37,147647,202075,-0.020061186619193084,0
2023-07-28 11:09:56,996.75,258666,17,997.37,147651,202075,-0.020061186619193084,0
2023-07-28 11:09:56,996.75,258666,17,997.37,147651,202075,-0.020061186619193084,0
2023-07-28 11:09:56,996.15,258666,548,997.37,147651,202075,-0.08024474647676094,0
2023-07-28 11:10:09,996.15,259231,548,997.37,147136,202123,-0.08024474647676094,0
2023-07-28 11:10:11,996.2,259232,1,997.37,147135,202121,-0.07522944982195696,0
2023-07-28 11:10:11,996.2,259232,1,997.37,147131,202121,-0.07522944982195696,0
2023-07-28 11:10:11,996.2,259232,1,997.37,147132,202121,-0.07522944982195696,0
2023-07-28 11:10:11,996.7,259232,7,997.37,147132,202121,-0.025076483273985654,0
2023-07-28 11:10:14,996.7,259242,7,997.37,147129,202098,-0.025076483273985654,0
2023-07-28 11:10:14,996.7,259242,7,997.37,147129,202101,-0.025076483273985654,0
2023-07-28 11:10:14,996.7,259242,12,997.37,147129,202101,-0.025076483273985654,0
2023-07-28 11:10:16,996.7,259255,12,997.37,147154,202034,-0.025076483273985654,0
2023-07-28 11:10:16,996.7,259255,12,997.37,147074,202637,-0.025076483273985654,0
2023-07-28 11:10:16,996.7,259255,12,997.37,147101,202633,-0.025076483273985654,0
2023-07-28 11:10:16,996.7,259255,12,997.37,147087,202634,-0.025076483273985654,0
2023-07-28 11:10:16,996.7,259255,12,997.37,147123,202444,-0.025076483273985654,0
2023-07-28 11:10:16,996.7,259255,12,997.37,147123,202444,-0.025076483273985654,0
2023-07-28 11:10:16,996.7,259255,12,997.37,147137,202448,-0.025076483273985654,0
2023-07-28 11:10:23,996.65,259256,1,997.37,147122,202550,-0.030091779928789628,0
2023-07-28 11:10:23,996.65,259256,1,997.37,147123,202552,-0.030091779928789628,0
2023-07-28 11:10:23,996.65,259256,1,997.37,147073,202620,-0.030091779928789628,0
2023-07-28 11:10:23,996.65,259256,1,997.37,147073,202691,-0.030091779928789628,0
2023-07-28 11:10:23,996.65,259256,1,997.37,147073,202614,-0.030091779928789628,0
2023-07-28 11:10:23,996.65,259256,1,997.37,147000,202614,-0.030091779928789628,0
2023-07-28 11:10:23,996.65,259256,1,997.37,146997,202614,-0.030091779928789628,0
2023-07-28 11:10:23,996.65,259256,1,997.37,147026,202595,-0.030091779928789628,0
2023-07-28 11:10:23,996.65,259256,1,997.37,147041,202587,-0.030091779928789628,0
2023-07-28 11:10:23,996.65,259256,1,997.37,146980,203092,-0.030091779928789628,0
2023-07-28 11:10:23,996.65,259256,32,997.37,146980,203092,-0.030091779928789628,0
2023-07-28 11:10:32,996.65,259314,32,997.37,147022,202354,-0.030091779928789628,0
2023-07-28 11:10:32,996.65,259314,32,997.37,147102,202336,-0.030091779928789628,0
2023-07-28 11:10:32,996.65,259314,32,997.37,147100,202410,-0.030091779928789628,0
2023-07-28 11:10:32,996.65,259314,32,997.37,143601,202410,-0.030091779928789628,0
2023-07-28 11:10:32,996.65,259314,32,997.37,147143,202471,-0.030091779928789628,0
2023-07-28 11:10:32,996.65,259314,32,997.37,147142,202469,-0.030091779928789628,0
2023-07-28 11:10:32,996.65,259314,32,997.37,147138,202469,-0.030091779928789628,0
2023-07-28 11:10:32,996.65,259314,32,997.37,147110,202469,-0.030091779928789628,0
2023-07-28 11:10:32,996.65,259314,32,997.37,147110,202469,-0.030091779928789628,0
2023-07-28 11:10:46,996.2,259364,10,997.37,147133,202477,-0.07522944982195696,0
2023-07-28 11:10:48,996.2,259365,1,997.37,147132,202481,-0.07522944982195696,0
2023-07-28 11:10:48,996.2,259365,1,997.37,147136,202469,-0.07522944982195696,0
2023-07-28 11:10:48,996.2,259365,1,997.37,147136,202475,-0.07522944982195696,0
2023-07-28 11:10:48,996.2,259365,1,997.37,146461,202465,-0.07522944982195696,0
2023-07-28 11:10:48,996.2,259365,1,997.37,147161,202475,-0.07522944982195696,0
2023-07-28 11:10:48,996.2,259365,1,997.37,147161,202475,-0.07522944982195696,0
2023-07-28 11:10:48,996.2,259365,1,997.37,147160,202475,-0.07522944982195696,0
2023-07-28 11:10:48,996.2,259365,1,997.37,147160,202475,-0.07522944982195696,0
2023-07-28 11:10:48,996.7,259365,2,997.37,147160,202475,-0.025076483273985654,0
2023-07-28 11:10:57,996.7,259370,100,997.37,147164,202473,-0.025076483273985654,0
2023-07-28 11:10:58,996.7,259470,100,997.37,147071,202199,-0.025076483273985654,0
2023-07-28 11:10:58,996.7,259470,49,997.37,147071,202199,-0.025076483273985654,0
2023-07-28 11:10:59,996.7,259670,49,997.37,147211,201968,-0.025076483273985654,0
2023-07-28 11:10:59,996.7,259670,49,997.37,147190,202079,-0.025076483273985654,0
2023-07-28 11:10:59,996.7,259670,49,997.37,147190,202073,-0.025076483273985654,0
2023-07-28 11:11:02,996.7,259671,1,997.37,147187,202074,-0.025076483273985654,0
2023-07-28 11:11:03,996.75,259771,80,997.37,147240,202137,-0.020061186619193084,0
2023-07-28 11:11:03,996.75,259771,80,997.37,147240,202137,-0.020061186619193084,0
2023-07-28 11:11:03,996.75,259771,80,997.37,147240,202137,-0.020061186619193084,0
2023-07-28 11:11:03,996.75,259771,80,997.37,147240,202137,-0.020061186619193084,0
2023-07-28 11:11:03,996.7,259771,1,997.37,147240,202137,-0.025076483273985654,0
2023-07-28 11:11:07,996.7,259849,1,997.37,147136,202213,-0.025076483273985654,0
2023-07-28 11:11:07,996.7,259849,1,997.37,147136,202213,-0.025076483273985654,0
2023-07-28 11:11:07,996.7,259849,1,997.37,147140,202213,-0.025076483273985654,0
2023-07-28 11:11:07,996.7,259849,1,997.37,147136,202213,-0.025076483273985654,0
2023-07-28 11:11:07,996.7,259849,1,997.37,147136,202213,-0.025076483273985654,0
2023-07-28 11:11:07,996.7,259849,1,997.37,147399,201988,-0.025076483273985654,0
2023-07-28 11:11:07,996.7,259849,1,997.37,147399,202004,-0.025076483273985654,0
2023-07-28 11:11:07,996.7,259849,1,997.37,147330,202070,-0.025076483273985654,0
2023-07-28 11:11:19,996.2,259858,9,997.37,147371,201986,-0.07522944982195696,0
2023-07-28 11:11:19,996.2,259858,10,997.37,147371,201986,-0.07522944982195696,0
2023-07-28 11:11:19,996.2,259868,10,997.37,147315,202046,-0.07522944982195696,0
2023-07-28 11:11:19,996.2,259868,10,997.37,147315,202048,-0.07522944982195696,0
2023-07-28 11:11:19,996.2,259868,10,997.37,147311,202048,-0.07522944982195696,0
2023-07-28 11:11:19,996.2,259868,10,997.37,147311,202048,-0.07522944982195696,0
2023-07-28 11:11:19,996.2,259868,10,997.37,147386,201996,-0.07522944982195696,0
2023-07-28 11:11:19,996.2,259868,10,997.37,147386,201996,-0.07522944982195696,0
2023-07-28 11:11:25,996.25,259869,1,997.37,147364,202007,-0.0702141531671644,0
2023-07-28 11:11:25,996.25,259869,1,997.37,147090,202497,-0.0702141531671644,0
2023-07-28 11:11:25,996.25,259869,10,997.37,147092,202469,-0.0702141531671644,0
2023-07-28 11:11:25,996.25,259869,10,997.37,147092,202469,-0.0702141531671644,0
2023-07-28 11:11:27,996.25,259879,10,997.37,147082,202459,-0.0702141531671644,0
2023-07-28 11:11:27,996.25,259879,10,997.37,147082,202487,-0.0702141531671644,0
2023-07-28 11:11:27,996.25,259879,3,997.37,147086,202487,-0.0702141531671644,0
2023-07-28 11:11:30,996.25,259889,3,997.37,147199,202571,-0.0702141531671644,0
2023-07-28 11:11:30,996.25,259889,2,997.37,147199,202571,-0.0702141531671644,0
2023-07-28 11:11:31,996.25,259899,2,997.37,147122,202574,-0.0702141531671644,0
2023-07-28 11:11:31,996.25,259899,2,997.37,147077,202319,-0.0702141531671644,0
2023-07-28 11:11:31,996.25,259899,2,997.37,147087,202319,-0.0702141531671644,0
2023-07-28 11:11:34,996.7,259900,1,997.37,147097,202318,-0.025076483273985654,0
2023-07-28 11:11:34,996.7,259900,1,997.37,147097,202318,-0.025076483273985654,0
2023-07-28 11:11:34,996.7,259900,1,997.37,147097,202318,-0.025076483273985654,0
2023-07-28 11:11:34,996.7,259900,1,997.37,147097,202318,-0.025076483273985654,0
2023-07-28 11:11:37,996.7,259901,1,997.37,147098,202318,-0.025076483273985654,0
2023-07-28 11:11:37,996.7,259901,1,997.37,147098,202318,-0.025076483273985654,0
2023-07-28 11:11:37,996.25,259901,5,997.37,147098,202318,-0.0702141531671644,0
2023-07-28 11:11:40,996.25,259906,5,997.37,147092,202407,-0.0702141531671644,0
2023-07-28 11:11:40,996.25,259906,5,997.37,147092,202407,-0.0702141531671644,0
2023-07-28 11:11:40,996.25,259906,5,997.37,147092,202407,-0.0702141531671644,0
2023-07-28 11:11:40,996.25,259906,5,997.37,147092,202407,-0.0702141531671644,0
2023-07-28 11:11:40,996.25,259906,5,997.37,147092,202407,-0.0702141531671644,0
2023-07-28 11:11:47,996.65,259907,30,997.37,147092,202406,-0.030091779928789628,0
2023-07-28 11:11:49,996.65,259947,10,997.37,147092,202366,-0.030091779928789628,0
2023-07-28 11:11:49,996.65,259947,10,997.37,147096,202360,-0.030091779928789628,0
2023-07-28 11:11:49,996.65,259947,10,997.37,147093,202360,-0.030091779928789628,0
2023-07-28 11:11:49,996.65,259947,10,997.37,147093,202360,-0.030091779928789628,0
2023-07-28 11:11:49,996.65,259947,10,997.37,147093,202360,-0.030091779928789628,0
2023-07-28 11:11:49,996.65,259947,10,997.37,147093,202360,-0.030091779928789628,0
2023-07-28 11:11:49,996.65,259947,10,997.37,147093,202360,-0.030091779928789628,0
2023-07-28 11:11:49,996.65,259947,10,997.37,147093,202361,-0.030091779928789628,0
2023-07-28 11:11:49,996.65,259947,10,997.37,147093,202313,-0.030091779928789628,0
2023-07-28 11:11:49,996.25,259947,1,997.37,147097,202313,-0.0702141531671644,0
2023-07-28 11:12:00,996.25,259948,1,997.37,146868,202131,-0.0702141531671644,0
2023-07-28 11:12:02,996.65,259952,4,997.37,146864,202119,-0.030091779928789628,0
2023-07-28 11:12:03,996.25,259984,16,997.37,146845,202105,-0.0702141531671644,0
2023-07-28 11:12:03,996.25,259984,1,997.37,146845,202105,-0.0702141531671644,0
2023-07-28 11:12:04,996.25,259985,1,997.37,146844,202040,-0.0702141531671644,0
2023-07-28 11:12:04,996.25,259985,1,997.37,146844,202046,-0.0702141531671644,0
2023-07-28 11:12:04,996.25,259985,1,997.37,146750,202142,-0.0702141531671644,0
2023-07-28 11:12:04,996.25,259985,1,997.37,146754,202142,-0.0702141531671644,0
2023-07-28 11:12:04,996.25,259985,1,997.37,146750,202129,-0.0702141531671644,0
2023-07-28 11:12:04,996.15,259985,420,997.37,146750,202129,-0.08024474647676094,0
2023-07-28 11:12:19,996.15,260550,420,997.36,146249,202595,-0.08024474647676094,0
2023-07-28 11:12:19,996.15,260550,5,997.36,146249,202595,-0.08024474647676094,0
2023-07-28 11:12:24,996.55,260579,5,997.36,146145,202357,-0.04012237323838617,0
2023-07-28 11:12:24,996.55,260579,5,997.36,147272,201981,-0.04012237323838617,0
2023-07-28 11:12:24,996.55,260579,5,997.36,147168,202245,-0.04012237323838617,0
2023-07-28 11:12:24,996.55,260579,5,997.36,147016,202273,-0.04012237323838617,0
2023-07-28 11:12:24,996.15,260579,1,997.36,147016,202273,-0.08024474647676094,0
2023-07-28 11:12:41,996.15,260580,1,997.36,147079,202312,-0.08024474647676094,0
2023-07-28 11:12:41,996.15,260580,1,997.36,146996,202312,-0.08024474647676094,0
2023-07-28 11:12:41,996.6,260580,53,997.36,146996,202312,-0.0351070765835822,0
2023-07-28 11:12:50,996.6,261181,500,997.36,147075,202366,-0.0351070765835822,0
2023-07-28 11:12:50,996.6,261181,500,997.36,147030,202391,-0.0351070765835822,0
2023-07-28 11:12:50,995.85,261181,13,997.36,147030,202391,-0.11033652640553916,0
2023-07-28 11:12:57,995.85,261631,13,997.36,146971,202649,-0.11033652640553916,0
2023-07-28 11:12:57,996.45,261631,2,997.36,146971,202649,-0.05015296654797131,0
2023-07-28 11:12:57,996.45,261631,1,997.36,146971,202649,-0.05015296654797131,0
2023-07-28 11:13:00,996.45,261635,1,997.36,146965,202784,-0.05015296654797131,0
2023-07-28 11:13:00,995.85,261635,176,997.36,146965,202784,-0.11033652640553916,0
2023-07-28 11:13:06,995.85,261841,176,997.36,146810,203251,-0.11033652640553916,0
2023-07-28 11:13:06,995.8,261841,15,997.36,146810,203251,-0.11535182306034314,0
2023-07-28 11:13:11,995.8,261861,15,997.36,146810,203267,-0.11535182306034314,0
2023-07-28 11:13:11,995.75,261861,1,997.36,146810,203267,-0.12036711971513571,0
2023-07-28 11:13:11,996.15,261861,1,997.36,146810,203267,-0.08024474647676094,0
2023-07-28 11:13:15,996.15,261863,1,997.36,146879,202992,-0.08024474647676094,0
2023-07-28 11:13:15,995.75,261863,1,997.36,146879,202992,-0.12036711971513571,0
2023-07-28 11:13:18,995.75,261864,1,997.36,146937,202995,-0.12036711971513571,0
2023-07-28 11:13:18,995.75,261864,5,997.36,146992,203001,-0.12036711971513571,0
2023-07-28 11:13:18,995.75,261864,1,997.36,146992,203001,-0.12036711971513571,0
2023-07-28 11:13:18,996.15,261864,1,997.36,146992,203001,-0.08024474647676094,0
2023-07-28 11:13:28,996.15,261871,1,997.36,146960,203024,-0.08024474647676094,0
2023-07-28 11:13:28,996.15,261871,1,997.36,146960,203031,-0.08024474647676094,0
2023-07-28 11:13:28,996.15,261871,2,997.36,146959,203031,-0.08024474647676094,0
2023-07-28 11:13:28,996.15,261871,1,997.36,146959,203031,-0.08024474647676094,0
2023-07-28 11:13:42,996.15,261874,1,997.36,146907,202996,-0.08024474647676094,0
2023-07-28 11:13:42,996.15,261874,1,997.36,146888,203075,-0.08024474647676094,0
2023-07-28 11:13:42,996.15,261874,1,997.36,146840,203134,-0.08024474647676094,0
2023-07-28 11:13:42,995.75,261874,1,997.36,146840,203134,-0.12036711971513571,0
2023-07-28 11:13:55,995.75,261875,1,997.36,146839,203162,-0.12036711971513571,0
2023-07-28 11:13:55,995.75,261875,1,997.36,146861,203132,-0.12036711971513571,0
2023-07-28 11:13:55,996.15,261875,5,997.36,146861,203132,-0.08024474647676094,0
2023-07-28 11:14:02,996.15,261880,5,997.36,146784,203100,-0.08024474647676094,0
2023-07-28 11:14:02,995.1,261880,3,997.36,146784,203100,-0.18556597622749613,0
2023-07-28 11:14:09,995.1,262445,3,997.35,141987,203733,-0.18556597622749613,0
2023-07-28 11:14:09,995.25,262445,1,997.35,141987,203733,-0.17052008626310702,0
2023-07-28 11:14:09,995.8,262445,1,997.35,141987,203733,-0.11535182306034314,0
2023-07-28 11:14:13,995.8,262447,1,997.35,145810,203215,-0.11535182306034314,0
2023-07-28 11:14:13,995.8,262447,1,997.35,145928,204215,-0.11535182306034314,0
2023-07-28 11:14:13,995.8,262447,1,997.35,145212,204127,-0.11535182306034314,0
2023-07-28 11:14:13,995.8,262447,1,997.35,145212,204127,-0.11535182306034314,0
2023-07-28 11:14:13,995.8,262447,1,997.35,145212,204127,-0.11535182306034314,0
2023-07-28 11:14:13,995.8,262447,1,997.35,145212,204127,-0.11535182306034314,0
2023-07-28 11:14:13,995.8,262447,1,997.35,145212,204127,-0.11535182306034314,0
2023-07-28 11:14:13,995.8,262447,1,997.35,145212,204127,-0.11535182306034314,0
2023-07-28 11:14:13,995.8,262447,1,997.35,145121,204127,-0.11535182306034314,0
2023-07-28 11:14:13,995.8,262447,1,997.35,145121,204127,-0.11535182306034314,0
2023-07-28 11:14:13,995.8,262447,1,997.35,145121,204127,-0.11535182306034314,0
2023-07-28 11:14:13,995.8,262447,1,997.35,145121,204127,-0.11535182306034314,0
2023-07-28 11:14:31,995.75,262448,1,997.35,143697,204112,-0.12036711971513571,0
2023-07-28 11:14:31,995.25,262448,1,997.35,143697,204112,-0.17052008626310702,0
2023-07-28 11:14:32,995.25,262449,1,997.35,145220,204110,-0.17052008626310702,0
2023-07-28 11:14:32,995.15,262449,44,997.35,145220,204110,-0.18055067957270357,0
2023-07-28 11:14:32,995.75,262449,1,997.35,145220,204110,-0.12036711971513571,0
2023-07-28 11:14:39,995.75,262550,1,997.35,145303,204196,-0.12036711971513571,0
2023-07-28 11:14:39,995.1,262550,25,997.35,145303,204196,-0.18556597622749613,0
2023-07-28 11:14:39,995.15,262550,20,997.35,145303,204196,-0.18055067957270357,0
2023-07-28 11:14:46,995.15,262610,20,997.35,145383,204264,-0.18055067957270357,0
2023-07-28 11:14:46,995.15,262610,20,997.35,147951,204171,-0.18055067957270357,0
2023-07-28 11:14:46,995.15,262610,1,997.35,147951,204171,-0.18055067957270357,0
2023-07-28 11:14:46,995.15,262610,3,997.35,147951,204171,-0.18055067957270357,0
2023-07-28 11:14:46,995.65,262610,1,997.35,147951,204171,-0.13039771302473224,0
2023-07-28 11:14:56,995.65,262815,1,997.35,147844,204178,-0.13039771302473224,0
2023-07-28 11:14:56,995.6,262815,60,997.35,147844,204178,-0.13541300967952483,0
2023-07-28 11:14:56,995.65,262815,4,997.35,147844,204178,-0.13039771302473224,0
2023-07-28 11:15:00,995.65,262883,4,997.35,147464,203824,-0.13039771302473224,0
2023-07-28 11:15:00,995.65,262883,5,997.35,147464,203824,-0.13039771302473224,0
2023-07-28 11:15:06,995.9,262940,37,997.35,148543,202957,-0.10532122975074659,0
2023-07-28 11:15:06,995.95,262944,4,997.35,148393,203360,-0.10030593309594261,0
2023-07-28 11:15:06,995.95,262944,4,997.35,148399,203489,-0.10030593309594261,0
2023-07-28 11:15:09,995.7,262945,1,997.35,148398,203492,-0.12538241636992828,0
2023-07-28 11:15:09,995.95,262945,3,997.35,148398,203492,-0.10030593309594261,0
2023-07-28 11:15:10,995.95,262949,3,997.35,148403,203484,-0.10030593309594261,0
2023-07-28 11:15:10,995.95,262949,3,997.35,148403,203478,-0.10030593309594261,0
2023-07-28 11:15:10,995.95,262949,3,997.35,148404,203878,-0.10030593309594261,0
2023-07-28 11:15:10,995.95,262949,3,997.35,148404,203878,-0.10030593309594261,0
2023-07-28 11:15:10,995.95,262949,3,997.35,148404,203878,-0.10030593309594261,0
2023-07-28 11:15:10,995.95,262949,4,997.35,148404,203878,-0.10030593309594261,0
2023-07-28 11:15:15,995.95,262953,4,997.35,148327,203874,-0.10030593309594261,0
2023-07-28 11:15:15,995.95,262953,4,997.35,148405,203874,-0.10030593309594261,0
2023-07-28 11:15:15,995.7,262953,5,997.35,148405,203874,-0.12538241636992828,0
2023-07-28 11:15:17,995.7,262958,5,997.35,148322,203874,-0.12538241636992828,0
2023-07-28 11:15:17,995.7,262958,5,997.35,148452,205974,-0.12538241636992828,0
2023-07-28 11:15:20,996.0,263039,9,997.35,148938,205507,-0.09529063644115005,0
2023-07-28 11:15:21,996.0,263043,4,997.35,148801,205593,-0.09529063644115005,0
2023-07-28 11:15:21,996.0,263043,4,997.35,148663,205660,-0.09529063644115005,0
2023-07-28 11:15:23,996.0,263048,5,997.35,148612,205691,-0.09529063644115005,0
2023-07-28 11:15:25,996.05,263052,2,997.35,148616,205687,-0.09027533978635748,0
2023-07-28 11:15:25,996.05,263052,2,997.35,148668,205745,-0.09027533978635748,0
2023-07-28 11:15:25,996.05,263052,2,997.35,148668,205755,-0.09027533978635748,0
2023-07-28 11:15:25,996.05,263052,2,997.35,148712,205781,-0.09027533978635748,0
2023-07-28 11:15:30,996.05,263056,3,997.35,148784,205725,-0.09027533978635748,0
2023-07-28 11:15:30,996.05,263056,3,997.35,148784,205725,-0.09027533978635748,0
2023-07-28 11:15:30,996.05,263056,3,997.35,148721,205725,-0.09027533978635748,0
2023-07-28 11:15:30,996.05,263056,4,997.35,148628,205854,-0.09027533978635748,0
2023-07-28 11:15:35,996.05,263060,4,997.35,148590,202352,-0.09027533978635748,0
2023-07-28 11:15:36,996.2,263075,5,997.35,149313,205216,-0.07522944982195696,0
2023-07-28 11:15:36,996.2,263075,5,997.35,149327,205178,-0.07522944982195696,0
2023-07-28 11:15:39,996.25,263078,3,997.35,150108,205183,-0.0702141531671644,0
2023-07-28 11:15:40,996.25,263082,4,997.35,150112,205179,-0.0702141531671644,0
2023-07-28 11:15:40,996.25,263082,4,997.35,150151,205179,-0.0702141531671644,0
2023-07-28 11:15:40,996.25,263082,4,997.35,150147,205179,-0.0702141531671644,0
2023-07-28 11:15:40,996.25,263082,4,997.35,150144,205209,-0.0702141531671644,0
2023-07-28 11:15:43,996.25,263140,4,997.35,149929,204976,-0.0702141531671644,0
2023-07-28 11:15:43,996.25,263140,1,997.35,149929,204976,-0.0702141531671644,0
2023-07-28 11:15:45,996.3,263145,2,997.35,150565,205651,-0.06519885651237183,0
2023-07-28 11:15:45,996.3,263145,1,997.35,150555,205677,-0.06519885651237183,0
2023-07-28 11:15:46,996.3,263146,1,997.35,150511,205877,-0.06519885651237183,0
2023-07-28 11:15:46,996.25,263146,149,997.35,150511,205877,-0.0702141531671644,0
2023-07-28 11:15:47,996.25,263346,149,997.35,150442,205877,-0.0702141531671644,0
2023-07-28 11:15:47,996.25,263346,149,997.35,150496,205877,-0.0702141531671644,0
2023-07-28 11:15:47,996.35,263346,1,997.35,150496,205877,-0.060183559857567855,0
2023-07-28 11:15:50,996.35,263351,1,997.35,149812,205693,-0.060183559857567855,0
2023-07-28 11:15:50,996.35,263351,1,997.35,149792,205699,-0.060183559857567855,0
2023-07-28 11:15:50,996.35,263351,1,997.35,149788,205699,-0.060183559857567855,0
2023-07-28 11:15:50,996.35,263351,1,997.35,149787,205699,-0.060183559857567855,0
2023-07-28 11:15:50,996.35,263351,1,997.35,150487,205707,-0.060183559857567855,0
2023-07-28 11:15:54,996.4,263352,1,997.35,150453,205511,-0.055168263202775285,0
2023-07-28 11:15:54,996.4,263352,1,997.35,150479,205511,-0.055168263202775285,0
2023-07-28 11:15:56,996.6,263382,6,997.35,150989,204780,-0.0351070765835822,0
2023-07-28 11:15:56,996.6,263382,6,997.35,151015,204772,-0.0351070765835822,0
2023-07-28 11:15:56,996.6,263382,6,997.35,150950,204906,-0.0351070765835822,0
2023-07-28 11:15:56,996.35,263382,25,997.35,150950,204906,-0.060183559857567855,0
2023-07-28 11:15:59,996.25,263411,4,997.35,150907,204949,-0.0702141531671644,0
2023-07-28 11:15:59,996.25,263411,4,997.35,150907,204949,-0.0702141531671644,0
2023-07-28 11:15:59,996.25,263411,4,997.35,151607,204949,-0.0702141531671644,0
2023-07-28 11:15:59,996.25,263411,4,997.35,151646,204919,-0.0702141531671644,0
2023-07-28 11:15:59,996.25,263411,4,997.35,151646,204919,-0.0702141531671644,0
2023-07-28 11:15:59,996.25,263411,4,997.35,151712,204919,-0.0702141531671644,0
2023-07-28 11:15:59,996.25,263411,4,997.35,151712,204920,-0.0702141531671644,0
2023-07-28 11:15:59,996.65,263411,4,997.35,151712,204920,-0.030091779928789628,0
2023-07-28 11:16:08,996.65,263476,4,997.35,151700,204715,-0.030091779928789628,0
2023-07-28 11:16:08,996.7,263476,4,997.35,151700,204715,-0.025076483273985654,0
2023-07-28 11:16:12,996.7,263481,4,997.35,151787,204017,-0.025076483273985654,0
2023-07-28 11:16:12,996.0,263481,5,997.35,151787,204017,-0.09529063644115005,0
2023-07-28 11:16:12,996.0,263481,2,997.35,151787,204017,-0.09529063644115005,0
2023-07-28 11:16:21,996.0,264053,2,997.35,150482,205930,-0.09529063644115005,0
2023-07-28 11:16:21,996.0,264053,1,997.35,150482,205930,-0.09529063644115005,0
2023-07-28 11:16:22,996.0,264054,1,997.35,151150,205953,-0.09529063644115005,0
2023-07-28 11:16:22,996.55,264054,1,997.35,151150,205953,-0.04012237323838617,0
2023-07-28 11:16:22,996.0,264054,44,997.35,151150,205953,-0.09529063644115005,0
2023-07-28 11:16:29,996.0,264145,44,997.35,151422,206027,-0.09529063644115005,0
2023-07-28 11:16:29,996.55,264145,1,997.35,151422,206027,-0.04012237323838617,0
2023-07-28 11:16:31,996.55,264156,10,997.35,151608,205921,-0.04012237323838617,0
2023-07-28 11:16:31,996.0,264156,49,997.35,151608,205921,-0.09529063644115005,0
2023-07-28 11:16:37,996.0,264225,49,997.34,150849,205877,-0.09529063644115005,0
2023-07-28 11:16:37,996.0,264225,49,997.34,151221,205128,-0.09529063644115005,0
2023-07-28 11:16:37,996.0,264225,49,997.34,151298,205191,-0.09529063644115005,0
2023-07-28 11:16:37,996.0,264225,49,997.34,151208,205210,-0.09529063644115005,0
2023-07-28 11:16:37,996.0,264225,49,997.34,151200,205290,-0.09529063644115005,0
2023-07-28 11:16:37,996.2,264225,1,997.34,151200,205290,-0.07522944982195696,0
2023-07-28 11:17:04,996.65,264233,4,997.34,150861,205379,-0.030091779928789628,0
2023-07-28 11:17:04,996.65,264233,4,997.34,150859,205462,-0.030091779928789628,0
2023-07-28 11:17:04,996.2,264233,17,997.34,150859,205462,-0.07522944982195696,0
2023-07-28 11:17:11,996.2,264250,17,997.34,151771,205331,-0.07522944982195696,0
2023-07-28 11:17:11,996.2,264250,5,997.34,151771,205331,-0.07522944982195696,0
2023-07-28 11:17:15,996.2,264255,5,997.34,151536,205209,-0.07522944982195696,0
2023-07-28 11:17:15,996.2,264255,5,997.34,151536,205234,-0.07522944982195696,0
2023-07-28 11:17:15,996.2,264255,20,997.34,151536,205234,-0.07522944982195696,0
2023-07-28 11:17:15,996.2,264255,20,997.34,151536,205234,-0.07522944982195696,0
2023-07-28 11:17:15,996.7,264255,5,997.34,151536,205234,-0.025076483273985654,0
2023-07-28 11:17:15,996.7,264255,5,997.34,151536,205234,-0.025076483273985654,0
2023-07-28 11:17:15,996.7,264255,5,997.34,151536,205234,-0.025076483273985654,0
2023-07-28 11:17:15,996.7,264255,5,997.34,151536,205234,-0.025076483273985654,0
2023-07-28 11:17:25,996.7,264285,5,997.34,151471,205274,-0.025076483273985654,0
2023-07-28 11:17:25,996.7,264285,5,997.34,151471,205274,-0.025076483273985654,0
2023-07-28 11:17:25,996.7,264285,5,997.34,151471,205274,-0.025076483273985654,0
2023-07-28 11:17:25,996.7,264285,5,997.34,151471,205274,-0.025076483273985654,0
2023-07-28 11:17:25,996.2,264285,20,997.34,151471,205274,-0.07522944982195696,0
2023-07-28 11:17:29,996.2,264305,20,997.34,151455,205280,-0.07522944982195696,0
2023-07-28 11:17:35,996.2,264306,1,997.34,151450,205282,-0.07522944982195696,0
2023-07-28 11:17:35,996.2,264306,4,997.34,151450,205282,-0.07522944982195696,0
2023-07-28 11:17:39,996.2,264310,4,997.34,150791,205175,-0.07522944982195696,0
2023-07-28 11:17:39,996.2,264310,50,997.34,150791,205175,-0.07522944982195696,0
2023-07-28 11:17:43,996.2,264360,50,997.34,150719,205010,-0.07522944982195696,0
2023-07-28 11:17:43,996.7,264360,21,997.34,150383,205274,-0.025076483273985654,0
2023-07-28 11:17:43,996.2,264360,1,997.34,150383,205274,-0.07522944982195696,0
2023-07-28 11:17:52,996.2,264411,1,997.34,150675,205388,-0.07522944982195696,0
2023-07-28 11:17:52,996.65,264411,3,997.34,150675,205388,-0.030091779928789628,0
2023-07-28 11:17:56,996.65,264414,3,997.34,150709,205364,-0.030091779928789628,0
2023-07-28 11:18:01,996.65,264424,7,997.34,150658,205320,-0.030091779928789628,0
2023-07-28 11:18:01,996.65,264424,1,997.34,150658,205320,-0.030091779928789628,0
2023-07-28 11:18:05,996.65,264425,4,997.34,150748,205456,-0.030091779928789628,0
2023-07-28 11:18:06,996.65,264429,4,997.34,149973,205482,-0.030091779928789628,0
2023-07-28 11:18:06,996.65,264429,4,997.34,150673,205482,-0.030091779928789628,0
2023-07-28 11:18:06,996.2,264429,27,997.34,150673,205482,-0.07522944982195696,0
2023-07-28 11:18:09,996.2,264456,27,997.34,150724,205482,-0.07522944982195696,0
2023-07-28 11:18:10,996.0,265021,105,997.34,150138,206227,-0.09529063644115005,0
2023-07-28 11:18:10,996.0,265021,1,997.34,150945,205822,-0.09529063644115005,0
2023-07-28 11:18:12,996.0,265022,1,997.34,150970,205883,-0.09529063644115005,0
2023-07-28 11:18:12,996.0,265022,1,997.34,151101,205883,-0.09529063644115005,0
2023-07-28 11:18:12,996.0,265022,1,997.34,151101,205832,-0.09529063644115005,0
2023-07-28 11:18:12,996.0,265022,50,997.34,151101,205832,-0.09529063644115005,0
2023-07-28 11:18:15,996.0,265072,50,997.34,151051,205833,-0.09529063644115005,0
2023-07-28 11:18:15,996.0,265072,50,997.34,151059,205959,-0.09529063644115005,0
2023-07-28 11:18:15,996.0,265072,50,997.34,151059,205971,-0.09529063644115005,0
2023-07-28 11:18:15,996.05,265072,10,997.34,151059,205971,-0.09027533978635748,0
2023-07-28 11:18:18,996.05,265107,10,997.34,151135,205890,-0.09027533978635748,0
2023-07-28 11:18:18,996.6,265107,1,997.34,151139,205890,-0.0351070765835822,0
2023-07-28 11:18:20,996.6,265108,1,997.34,151152,205882,-0.0351070765835822,0
2023-07-28 11:18:20,996.0,265108,242,997.34,151161,205865,-0.09529063644115005,0
2023-07-28 11:18:23,996.0,265508,242,997.34,152533,205694,-0.09529063644115005,0
2023-07-28 11:18:24,996.0,265509,1,997.34,152473,205692,-0.09529063644115005,0
2023-07-28 11:18:24,996.0,265509,1,997.34,150931,205672,-0.09529063644115005,0
2023-07-28 11:18:24,996.0,265509,1,997.34,151227,205672,-0.09529063644115005,0
2023-07-28 11:18:24,996.0,265509,1,997.34,151231,205672,-0.09529063644115005,0
2023-07-28 11:18:24,996.45,265509,1,997.34,151231,205666,-0.05015296654797131,0
2023-07-28 11:18:31,996.45,265510,1,997.34,151354,205466,-0.05015296654797131,0
2023-07-28 11:18:31,996.45,265510,1,997.34,151276,205466,-0.05015296654797131,0
2023-07-28 11:18:31,996.45,265510,1,997.34,151354,205466,-0.05015296654797131,0
2023-07-28 11:18:31,996.45,265510,1,997.34,151354,205518,-0.05015296654797131,0
2023-07-28 11:18:31,996.45,265510,1,997.34,151354,205518,-0.05015296654797131,0
2023-07-28 11:18:31,996.45,265510,1,997.34,151313,205570,-0.05015296654797131,0
2023-07-28 11:18:31,996.45,265510,1,997.34,151313,205570,-0.05015296654797131,0
2023-07-28 11:18:31,996.45,265510,1,997.34,151238,205570,-0.05015296654797131,0
2023-07-28 11:18:31,996.45,265510,1,997.34,151242,205570,-0.05015296654797131,0
2023-07-28 11:18:31,996.45,265510,1,997.34,151238,205570,-0.05015296654797131,0
2023-07-28 11:18:31,996.45,265510,1,997.34,150236,206106,-0.05015296654797131,0
2023-07-28 11:18:31,996.45,265510,1,997.34,149715,206346,-0.05015296654797131,0
2023-07-28 11:18:31,996.45,265510,1,997.34,149641,206371,-0.05015296654797131,0
2023-07-28 11:18:31,996.45,265510,1,997.34,149643,206300,-0.05015296654797131,0
2023-07-28 11:18:31,996.45,265510,1,997.34,149619,206431,-0.05015296654797131,0
2023-07-28 11:18:49,995.95,265567,52,997.34,150366,206533,-0.10030593309594261,0
2023-07-28 11:18:49,995.9,265567,1,997.34,150366,206533,-0.10532122975074659,0
2023-07-28 11:18:50,995.9,265572,1,997.34,150363,206538,-0.10532122975074659,0
2023-07-28 11:18:50,995.85,265572,1,997.34,150363,206538,-0.11033652640553916,0
2023-07-28 11:18:51,995.85,265573,4,997.34,150289,206517,-0.11033652640553916,0
2023-07-28 11:18:52,995.8,265582,1,997.34,150288,206660,-0.11535182306034314,0
2023-07-28 11:18:53,995.7,265672,10,997.34,150211,206670,-0.12538241636992828,0
2023-07-28 11:18:54,995.7,265685,13,997.34,150173,206651,-0.12538241636992828,0
2023-07-28 11:18:54,995.5,265685,3,997.34,150267,206559,-0.14544360298912137,0
2023-07-28 11:18:57,995.5,265718,3,997.34,150175,206810,-0.14544360298912137,0
2023-07-28 11:18:57,995.5,265718,3,997.34,150167,206758,-0.14544360298912137,0
2023-07-28 11:18:57,995.5,265718,3,997.34,150241,206806,-0.14544360298912137,0
2023-07-28 11:19:00,996.1,265724,6,997.34,150255,206800,-0.08526004313155351,0
2023-07-28 11:19:00,996.1,265724,6,997.34,150251,206810,-0.08526004313155351,0
2023-07-28 11:19:00,996.1,265724,6,997.34,150264,206810,-0.08526004313155351,0
2023-07-28 11:19:03,995.5,265733,7,997.34,150207,206812,-0.14544360298912137,0
2023-07-28 11:19:05,995.5,265743,7,997.34,150157,206865,-0.14544360298912137,0
2023-07-28 11:19:05,995.45,265743,27,997.34,150157,206865,-0.15045889964391393,0
2023-07-28 11:19:07,995.45,265793,27,997.34,150148,206833,-0.15045889964391393,0
2023-07-28 11:19:07,995.45,265793,10,997.34,150148,206833,-0.15045889964391393,0
2023-07-28 11:19:10,995.45,265824,10,997.34,148744,207838,-0.15045889964391393,0
2023-07-28 11:19:10,995.65,265824,8,997.34,148744,207838,-0.13039771302473224,0
2023-07-28 11:19:10,995.4,265824,1,997.34,148744,207838,-0.1554741962987179,0
2023-07-28 11:19:20,995.4,265849,1,997.34,147878,207214,-0.1554741962987179,0
2023-07-28 11:19:26,995.4,265850,1,997.34,148297,207445,-0.1554741962987179,0
2023-07-28 11:19:26,995.4,265850,1,997.34,147854,207322,-0.1554741962987179,0
2023-07-28 11:19:35,995.4,265851,1,997.34,147849,207291,-0.1554741962987179,0
2023-07-28 11:19:35,995.4,265851,1,997.34,147873,207297,-0.1554741962987179,0
2023-07-28 11:19:35,995.4,265851,1,997.34,147867,207297,-0.1554741962987179,0
2023-07-28 11:19:35,995.4,265851,1,997.34,147676,207335,-0.1554741962987179,0
2023-07-28 11:19:35,995.7,265851,4,997.34,147676,207335,-0.12538241636992828,0
2023-07-28 11:19:51,995.4,265876,19,997.34,147507,207354,-0.1554741962987179,0
2023-07-28 11:19:55,995.7,265877,1,997.34,147538,207272,-0.12538241636992828,0
2023-07-28 11:19:55,995.4,265877,29,997.34,147538,207272,-0.1554741962987179,0
2023-07-28 11:19:55,995.7,265877,10,997.34,147538,207272,-0.12538241636992828,0
2023-07-28 11:20:00,995.4,265920,4,997.34,146469,207280,-0.1554741962987179,0
2023-07-28 11:20:00,995.75,265920,25,997.34,146469,207280,-0.12036711971513571,0
2023-07-28 11:20:00,995.75,266220,25,997.33,146593,206949,-0.12036711971513571,0
2023-07-28 11:20:00,995.4,266220,1,997.33,146593,206949,-0.1554741962987179,0
2023-07-28 11:20:00,995.4,266220,6,997.33,146593,206949,-0.1554741962987179,0
2023-07-28 11:20:07,995.4,266227,6,997.33,147558,206674,-0.1554741962987179,0
2023-07-28 11:20:07,995.15,266227,447,997.33,147558,206674,-0.18055067957270357,0
2023-07-28 11:20:09,995.15,266792,447,997.33,146634,207273,-0.18055067957270357,0
2023-07-28 11:20:09,995.4,266792,50,997.33,146634,207273,-0.1554741962987179,0
2023-07-28 11:20:16,995.15,266872,30,997.33,147455,206886,-0.18055067957270357,0
2023-07-28 11:20:16,995.15,266872,50,997.33,147455,206886,-0.18055067957270357,0
2023-07-28 11:20:20,995.15,266922,50,997.33,147405,206868,-0.18055067957270357,0
2023-07-28 11:20:20,995.65,266922,3,997.33,147405,206868,-0.13039771302473224,0
2023-07-28 11:20:20,995.65,266922,3,997.33,147405,206868,-0.13039771302473224,0
2023-07-28 11:20:20,995.65,266922,3,997.33,147405,206868,-0.13039771302473224,0
2023-07-28 11:20:23,995.65,266925,3,997.33,147241,207009,-0.13039771302473224,0
2023-07-28 11:20:23,995.65,266925,3,997.33,147241,207009,-0.13039771302473224,0
2023-07-28 11:20:23,995.65,266925,3,997.33,147241,207009,-0.13039771302473224,0
2023-07-28 11:20:23,995.65,266925,3,997.33,147241,207009,-0.13039771302473224,0
2023-07-28 11:20:23,995.65,266925,3,997.33,147241,207009,-0.13039771302473224,0
2023-07-28 11:20:23,995.65,266925,3,997.33,147241,207009,-0.13039771302473224,0
2023-07-28 11:20:23,995.65,266925,3,997.33,147241,207009,-0.13039771302473224,0
2023-07-28 11:20:23,995.65,266925,3,997.33,147241,207009,-0.13039771302473224,0
2023-07-28 11:20:23,995.65,266925,1,997.33,147241,207009,-0.13039771302473224,0
2023-07-28 11:20:31,995.65,266926,1,997.33,147362,206916,-0.13039771302473224,0
2023-07-28 11:20:31,995.65,266926,1,997.33,147422,206942,-0.13039771302473224,0
2023-07-28 11:20:31,995.15,266926,448,997.33,147422,206942,-0.18055067957270357,0
2023-07-28 11:20:31,995.2,266926,1,997.33,147422,206942,-0.17553538291789958,0
2023-07-28 11:20:42,995.2,267485,1,997.32,147077,207113,-0.17553538291789958,0
2023-07-28 11:20:42,995.2,267485,1,997.32,147077,207113,-0.17553538291789958,0
2023-07-28 11:20:46,995.2,267487,1,997.32,148128,206959,-0.17553538291789958,0
2023-07-28 11:20:46,995.6,267487,3,997.32,148128,206959,-0.13541300967952483,0
2023-07-28 11:20:48,995.6,267490,3,997.32,148103,206965,-0.13541300967952483,0
2023-07-28 11:20:48,995.6,267490,5,997.32,148103,206965,-0.13541300967952483,0
2023-07-28 11:20:55,995.6,267495,5,997.32,148031,206821,-0.13541300967952483,0
2023-07-28 11:21:01,995.65,267496,1,997.32,148082,206298,-0.13039771302473224,0
