2023-07-28 10:49:27,97.95,9862141,232,97.38,2054327,1967092,-2.3916292974588855,0
2023-07-28 10:49:27,97.85,9862141,296,97.38,2054327,1967092,-2.4912805181863478,0
2023-07-28 10:49:27,97.95,9862141,864,97.38,2054327,1967092,-2.3916292974588855,0
2023-07-28 10:49:31,97.95,9869848,864,97.39,2053800,1969627,-2.3916292974588855,0
2023-07-28 10:49:31,97.95,9869848,157,97.39,2053800,1969627,-2.3916292974588855,0
2023-07-28 10:49:31,97.95,9869848,159,97.39,2053800,1969627,-2.3916292974588855,0
2023-07-28 10:49:31,97.9,9869848,29,97.39,2053800,1969627,-2.4414549078226098,0
2023-07-28 10:49:31,97.95,9869848,5,97.39,2053800,1969627,-2.3916292974588855,0
2023-07-28 10:49:36,97.95,9873482,28,97.39,2042863,1972859,-2.3916292974588855,0
2023-07-28 10:49:36,97.95,9873482,414,97.39,2042863,1972859,-2.3916292974588855,0
2023-07-28 10:49:36,97.9,9873482,27,97.39,2042863,1972859,-2.4414549078226098,0
2023-07-28 10:49:36,97.95,9873482,717,97.39,2042863,1972859,-2.3916292974588855,0
2023-07-28 10:49:39,97.95,9875168,717,97.39,2045569,1973148,-2.3916292974588855,0
2023-07-28 10:49:39,97.9,9875168,5,97.39,2045569,1973148,-2.4414549078226098,0
2023-07-28 10:49:45,97.9,9875174,153,97.39,2046202,1971207,-2.4414549078226098,0
2023-07-28 10:49:45,97.9,9875174,185,97.39,2046202,1971207,-2.4414549078226098,0
2023-07-28 10:49:47,97.9,9875908,185,97.39,2044955,1975821,-2.4414549078226098,0
2023-07-28 10:49:47,97.9,9875908,120,97.39,2044955,1975821,-2.4414549078226098,0
2023-07-28 10:49:47,97.95,9875908,1,97.39,2044955,1975821,-2.3916292974588855,0
2023-07-28 10:49:51,97.95,9876029,1,97.39,2048877,1973397,-2.3916292974588855,0
2023-07-28 10:49:51,97.9,9876029,250,97.39,2048877,1973397,-2.4414549078226098,0
2023-07-28 10:49:51,97.95,9876029,141,97.39,2048877,1973397,-2.3916292974588855,0
2023-07-28 10:49:55,97.95,9876420,141,97.39,2046579,1982152,-2.3916292974588855,0
2023-07-28 10:49:55,97.9,9876420,6,97.39,2046579,1982152,-2.4414549078226098,0
2023-07-28 10:49:55,97.95,9876420,3,97.39,2046579,1982152,-2.3916292974588855,0
2023-07-28 10:49:55,97.95,9876420,8,97.39,2046579,1982152,-2.3916292974588855,0
2023-07-28 10:50:01,97.95,9876973,8,97.39,2049226,1981185,-2.3916292974588855,0
2023-07-28 10:50:01,97.95,9876973,108,97.39,2049226,1981185,-2.3916292974588855,0
2023-07-28 10:50:01,97.85,9876973,498,97.39,2049226,1981185,-2.4912805181863478,0
2023-07-28 10:50:01,97.95,9876973,105,97.39,2049226,1981185,-2.3916292974588855,0
2023-07-28 10:50:06,97.95,9878335,105,97.39,2048042,1980423,-2.3916292974588855,0
2023-07-28 10:50:06,97.9,9878335,50,97.39,2048042,1980423,-2.4414549078226098,0
2023-07-28 10:50:06,97.9,9878335,5,97.39,2048042,1980423,-2.4414549078226098,0
2023-07-28 10:50:06,97.9,9878335,5,97.39,2048042,1980423,-2.4414549078226098,0
2023-07-28 10:50:06,97.95,9878335,10,97.39,2048042,1980423,-2.3916292974588855,0
2023-07-28 10:50:11,97.9,9878617,2,97.39,2051071,1988098,-2.4414549078226098,0
2023-07-28 10:50:11,97.85,9878617,70,97.39,2051071,1988098,-2.4912805181863478,0
2023-07-28 10:50:11,97.95,9878617,51,97.39,2051071,1988098,-2.3916292974588855,0
2023-07-28 10:50:11,97.95,9878617,3,97.39,2051071,1988098,-2.3916292974588855,0
2023-07-28 10:50:14,97.95,9878996,3,97.39,2050302,1989617,-2.3916292974588855,0
2023-07-28 10:50:14,97.95,9878996,20,97.39,2050302,1989617,-2.3916292974588855,0
2023-07-28 10:50:14,97.95,9878996,500,97.39,2050302,1989617,-2.3916292974588855,0
2023-07-28 10:50:14,97.95,9878996,100,97.39,2050302,1989617,-2.3916292974588855,0
2023-07-28 10:50:18,97.95,9880088,100,97.39,2054424,1988491,-2.3916292974588855,0
2023-07-28 10:50:18,97.9,9880088,300,97.39,2054424,1988491,-2.4414549078226098,0
2023-07-28 10:50:18,97.9,9880088,300,97.39,2054424,1988491,-2.4414549078226098,0
2023-07-28 10:50:18,97.85,9880088,93,97.39,2054424,1988491,-2.4912805181863478,0
2023-07-28 10:50:18,97.85,9880088,93,97.39,2054424,1988491,-2.4912805181863478,0
2023-07-28 10:50:18,97.85,9880088,93,97.39,2054424,1988491,-2.4912805181863478,0
2023-07-28 10:50:18,97.85,9880088,93,97.39,2054424,1988491,-2.4912805181863478,0
2023-07-28 10:50:21,97.85,9881164,93,97.39,2054597,1985205,-2.4912805181863478,0
2023-07-28 10:50:21,97.9,9881164,800,97.39,2054597,1985205,-2.4414549078226098,0
2023-07-28 10:50:21,97.9,9881164,800,97.39,2054597,1985205,-2.4414549078226098,0
2023-07-28 10:50:21,97.95,9881164,323,97.39,2054597,1985205,-2.3916292974588855,0
2023-07-28 10:50:21,97.9,9881164,1949,97.39,2054597,1985205,-2.4414549078226098,0
2023-07-28 10:50:28,97.95,9885620,1066,97.39,2058283,1980086,-2.3916292974588855,0
2023-07-28 10:50:28,97.9,9885620,25,97.39,2058283,1980086,-2.4414549078226098,0
2023-07-28 10:50:28,97.95,9885620,25,97.39,2058283,1980086,-2.3916292974588855,0
2023-07-28 10:50:28,97.95,9885620,600,97.39,2058283,1980086,-2.3916292974588855,0
2023-07-28 10:50:32,97.95,9886295,1,97.39,2060723,1979563,-2.3916292974588855,0
2023-07-28 10:50:32,97.9,9886295,25,97.39,2060723,1979563,-2.4414549078226098,0
2023-07-28 10:50:32,97.95,9886295,322,97.39,2060723,1979563,-2.3916292974588855,0
2023-07-28 10:50:32,98.05,9886295,316,97.39,2060723,1979563,-2.291978076731437,0
2023-07-28 10:50:37,98.0,9950171,2,97.39,2077834,1902882,-2.3418036870951613,0
2023-07-28 10:50:37,98.0,9950171,50,97.39,2077834,1902882,-2.3418036870951613,0
2023-07-28 10:50:37,98.05,9950171,10,97.39,2077834,1902882,-2.291978076731437,0
2023-07-28 10:50:37,98.05,9950171,1,97.39,2077834,1902882,-2.291978076731437,0
2023-07-28 10:50:37,98.0,9950171,50,97.39,2077834,1902882,-2.3418036870951613,0
2023-07-28 10:50:41,98.0,9950531,50,97.39,2076533,1824399,-2.3418036870951613,0
2023-07-28 10:50:41,98.05,9950531,3,97.39,2076533,1824399,-2.291978076731437,0
2023-07-28 10:50:41,98.05,9950531,270,97.39,2076533,1824399,-2.291978076731437,0
2023-07-28 10:50:46,98.05,9950950,270,97.39,2092966,1911693,-2.291978076731437,0
2023-07-28 10:50:46,98.05,9950950,10,97.39,2092966,1911693,-2.291978076731437,0
2023-07-28 10:50:46,98.1,9950950,1,97.39,2092966,1911693,-2.2421524663677133,0
2023-07-28 10:50:53,98.05,9954466,1,97.39,2092483,1917704,-2.291978076731437,0
2023-07-28 10:50:53,98.1,9954466,20,97.39,2092483,1917704,-2.2421524663677133,0
2023-07-28 10:50:53,98.1,9954466,250,97.39,2092483,1917704,-2.2421524663677133,0
2023-07-28 10:50:53,98.1,9954466,423,97.39,2092483,1917704,-2.2421524663677133,0
2023-07-28 10:50:57,98.1,9955846,100,97.39,2095071,1919309,-2.2421524663677133,0
2023-07-28 10:50:57,98.05,9955846,430,97.39,2095071,1919309,-2.291978076731437,0
2023-07-28 10:50:57,98.1,9955846,674,97.39,2095071,1919309,-2.2421524663677133,0
2023-07-28 10:50:57,98.05,9955846,180,97.39,2095071,1919309,-2.291978076731437,0
2023-07-28 10:50:57,98.05,9955846,1400,97.39,2095071,1919309,-2.291978076731437,0
2023-07-28 10:51:01,98.05,9963306,1400,97.39,2106296,1905817,-2.291978076731437,0
2023-07-28 10:51:01,98.05,9963306,401,97.39,2106296,1905817,-2.291978076731437,0
2023-07-28 10:51:01,98.05,9963306,900,97.39,2106296,1905817,-2.291978076731437,0
2023-07-28 10:51:01,98.05,9963306,20,97.39,2106296,1905817,-2.291978076731437,0
2023-07-28 10:51:05,98.05,9967493,20,97.39,2112699,1907327,-2.291978076731437,0
2023-07-28 10:51:05,98.05,9967493,100,97.39,2112699,1907327,-2.291978076731437,0
2023-07-28 10:51:11,98.1,9972264,100,97.39,2104621,1909263,-2.2421524663677133,0
2023-07-28 10:51:11,98.1,9972264,27,97.39,2104621,1909263,-2.2421524663677133,0
2023-07-28 10:51:15,98.05,9977001,1049,97.39,2106227,1911566,-2.291978076731437,0
2023-07-28 10:51:15,98.05,9977001,48,97.39,2106227,1911566,-2.291978076731437,0
2023-07-28 10:51:15,98.1,9977001,70,97.39,2106227,1911566,-2.2421524663677133,0
2023-07-28 10:51:15,98.05,9977001,500,97.39,2106227,1911566,-2.291978076731437,0
2023-07-28 10:51:20,98.05,9982854,250,97.39,2105313,1911913,-2.291978076731437,0
2023-07-28 10:51:20,98.1,9982854,200,97.39,2105313,1911913,-2.2421524663677133,0
2023-07-28 10:51:23,98.1,9983054,200,97.39,2100575,1920806,-2.2421524663677133,0
2023-07-28 10:51:23,98.1,9983054,5,97.39,2100575,1920806,-2.2421524663677133,0
2023-07-28 10:51:23,98.1,9983054,443,97.39,2100575,1920806,-2.2421524663677133,0
2023-07-28 10:51:26,98.1,9983502,443,97.39,2103920,1921193,-2.2421524663677133,0
2023-07-28 10:51:26,98.1,9983502,20,97.39,2103920,1921193,-2.2421524663677133,0
2023-07-28 10:51:26,98.05,9983502,765,97.39,2103920,1921193,-2.291978076731437,0
2023-07-28 10:51:26,98.05,9983502,500,97.39,2103920,1921193,-2.291978076731437,0
2023-07-28 10:51:32,98.05,9986422,500,97.39,2087309,1925926,-2.291978076731437,0
2023-07-28 10:51:32,98.1,9986422,11,97.39,2087309,1925926,-2.2421524663677133,0
2023-07-28 10:51:32,98.05,9986422,202,97.39,2087309,1925926,-2.291978076731437,0
2023-07-28 10:51:36,98.05,9986844,202,97.39,2092063,1925815,-2.291978076731437,0
2023-07-28 10:51:36,98.0,9986844,292,97.39,2092063,1925815,-2.3418036870951613,0
2023-07-28 10:51:36,98.0,9986844,25,97.39,2092063,1925815,-2.3418036870951613,0
2023-07-28 10:51:36,98.1,9986844,50,97.39,2092063,1925815,-2.2421524663677133,0
2023-07-28 10:51:40,98.1,9987306,50,97.39,2090135,1924683,-2.2421524663677133,0
2023-07-28 10:51:40,98.1,9987306,62,97.39,2090764,1924718,-2.2421524663677133,0
2023-07-28 10:51:40,98.1,9987306,10,97.39,2090764,1924718,-2.2421524663677133,0
2023-07-28 10:51:47,98.1,9987978,10,97.39,2089174,1925128,-2.2421524663677133,0
2023-07-28 10:51:47,98.1,9987978,206,97.39,2089174,1925128,-2.2421524663677133,0
2023-07-28 10:51:47,98.05,9987978,1200,97.39,2089174,1925128,-2.291978076731437,0
2023-07-28 10:51:47,98.1,9987978,72,97.39,2089174,1925128,-2.2421524663677133,0
2023-07-28 10:51:52,98.1,9991350,100,97.39,2038173,1919339,-2.2421524663677133,0
2023-07-28 10:51:52,98.1,9991350,1,97.39,2038173,1919339,-2.2421524663677133,0
2023-07-28 10:51:56,98.1,9991451,1,97.39,2095072,1921876,-2.2421524663677133,0
2023-07-28 10:51:56,98.1,9991451,25,97.39,2095072,1921876,-2.2421524663677133,0
2023-07-28 10:51:56,98.1,9991451,40,97.39,2095072,1921876,-2.2421524663677133,0
2023-07-28 10:51:56,98.1,9991451,256,97.39,2095072,1921876,-2.2421524663677133,0
2023-07-28 10:52:01,98.1,9991772,256,97.39,2096171,1922597,-2.2421524663677133,0
2023-07-28 10:52:01,98.05,9991772,73,97.39,2096171,1922597,-2.291978076731437,0
2023-07-28 10:52:01,98.05,9991772,25,97.39,2096171,1922597,-2.291978076731437,0
2023-07-28 10:52:01,98.1,9991772,5,97.39,2096171,1922597,-2.2421524663677133,0
2023-07-28 10:52:07,98.1,9992189,10,97.39,2091855,1925884,-2.2421524663677133,0
2023-07-28 10:52:07,98.1,9992189,3,97.39,2091855,1925884,-2.2421524663677133,0
2023-07-28 10:52:07,98.1,9992189,25,97.39,2091855,1925884,-2.2421524663677133,0
2023-07-28 10:52:07,98.1,9992189,13,97.39,2091855,1925884,-2.2421524663677133,0
2023-07-28 10:52:11,98.1,9992460,50,97.39,2096255,1916462,-2.2421524663677133,0
2023-07-28 10:52:11,98.05,9992460,98,97.39,2096255,1916462,-2.291978076731437,0
2023-07-28 10:52:11,98.05,9992460,1,97.39,2096255,1916462,-2.291978076731437,0
2023-07-28 10:52:11,98.1,9992460,18,97.39,2096255,1916462,-2.2421524663677133,0
2023-07-28 10:52:11,98.1,9992460,1,97.39,2096255,1916462,-2.2421524663677133,0
2023-07-28 10:52:15,98.1,9992580,1,97.39,2096657,1917977,-2.2421524663677133,0
2023-07-28 10:52:15,98.1,9992580,22,97.39,2096657,1917977,-2.2421524663677133,0
2023-07-28 10:52:15,98.1,9992580,142,97.39,2096657,1917977,-2.2421524663677133,0
2023-07-28 10:52:15,98.1,9992580,30,97.39,2096657,1917977,-2.2421524663677133,0
2023-07-28 10:52:18,98.1,9992872,30,97.39,2096577,1917640,-2.2421524663677133,0
2023-07-28 10:52:18,98.05,9992872,565,97.39,2096577,1917640,-2.291978076731437,0
2023-07-28 10:52:18,98.1,9992872,50,97.39,2096577,1917640,-2.2421524663677133,0
2023-07-28 10:52:18,98.1,9992872,20,97.39,2096577,1917640,-2.2421524663677133,0
2023-07-28 10:52:22,98.1,9995242,20,97.39,2096801,1916289,-2.2421524663677133,0
2023-07-28 10:52:22,98.1,9995242,50,97.39,2096801,1916289,-2.2421524663677133,0
2023-07-28 10:52:22,98.1,9995242,216,97.39,2096801,1916289,-2.2421524663677133,0
2023-07-28 10:52:27,98.1,9995508,216,97.39,2098526,1917623,-2.2421524663677133,0
2023-07-28 10:52:27,98.05,9995508,10,97.39,2098526,1917623,-2.291978076731437,0
2023-07-28 10:52:27,98.1,9995508,40,97.39,2098526,1917623,-2.2421524663677133,0
2023-07-28 10:52:32,98.1,9996662,40,97.39,2098516,1916492,-2.2421524663677133,0
2023-07-28 10:52:32,98.1,9996662,394,97.39,2098516,1916492,-2.2421524663677133,0
2023-07-28 10:52:35,98.1,9998662,394,97.39,2098572,1915801,-2.2421524663677133,0
2023-07-28 10:52:35,98.1,9998662,249,97.39,2098572,1915801,-2.2421524663677133,0
2023-07-28 10:52:42,98.1,9998911,249,97.39,2097109,1917650,-2.2421524663677133,0
2023-07-28 10:52:42,98.1,9998911,2,97.39,2097109,1917650,-2.2421524663677133,0
2023-07-28 10:52:42,98.05,9998911,549,97.39,2097109,1917650,-2.291978076731437,0
2023-07-28 10:52:49,98.05,9999613,549,97.39,2099434,1913273,-2.291978076731437,0
2023-07-28 10:52:49,98.05,9999613,50,97.39,2099434,1913273,-2.291978076731437,0
2023-07-28 10:52:49,98.1,9999613,7,97.39,2099434,1913273,-2.2421524663677133,0
2023-07-28 10:52:54,98.1,9999670,7,97.39,2099384,1914989,-2.2421524663677133,0
2023-07-28 10:52:54,98.1,9999670,137,97.39,2099384,1914989,-2.2421524663677133,0
2023-07-28 10:52:54,98.05,9999670,200,97.39,2099384,1914989,-2.291978076731437,0
2023-07-28 10:52:59,98.1,10006720,10,97.39,2098977,1909352,-2.2421524663677133,0
2023-07-28 10:52:59,98.1,10006720,10,97.39,2098977,1909352,-2.2421524663677133,0
2023-07-28 10:52:59,98.1,10006720,139,97.39,2098977,1909352,-2.2421524663677133,0
2023-07-28 10:53:00,98.1,10007122,139,97.39,2100375,1909600,-2.2421524663677133,0
2023-07-28 10:53:00,98.1,10007122,10,97.39,2100375,1909600,-2.2421524663677133,0
2023-07-28 10:53:00,98.1,10007122,12,97.39,2100375,1909600,-2.2421524663677133,0
2023-07-28 10:53:00,98.1,10007122,1,97.39,2100375,1909600,-2.2421524663677133,0
2023-07-28 10:53:00,98.1,10007122,10,97.39,2100375,1909600,-2.2421524663677133,0
2023-07-28 10:53:00,98.1,10007122,11,97.39,2100375,1909600,-2.2421524663677133,0
2023-07-28 10:53:08,98.1,10007185,11,97.39,2099776,1908519,-2.2421524663677133,0
2023-07-28 10:53:08,98.05,10007185,467,97.39,2099776,1908519,-2.291978076731437,0
2023-07-28 10:53:08,98.1,10007185,742,97.39,2099776,1908519,-2.2421524663677133,0
2023-07-28 10:53:12,98.1,10010195,742,97.39,2097981,1905860,-2.2421524663677133,0
2023-07-28 10:53:12,98.1,10010195,2,97.39,2097981,1905860,-2.2421524663677133,0
2023-07-28 10:53:12,98.05,10010195,300,97.39,2097981,1905860,-2.291978076731437,0
2023-07-28 10:53:12,98.05,10010195,99,97.39,2097981,1905860,-2.291978076731437,0
2023-07-28 10:53:16,98.05,10010597,99,97.39,2094431,1911182,-2.291978076731437,0
2023-07-28 10:53:16,98.05,10010597,118,97.39,2094431,1911182,-2.291978076731437,0
2023-07-28 10:53:16,98.05,10010597,118,97.39,2094431,1911182,-2.291978076731437,0
2023-07-28 10:53:19,98.05,10011429,118,97.39,2083051,1920441,-2.291978076731437,0
2023-07-28 10:53:19,98.05,10011429,118,97.39,2083051,1920441,-2.291978076731437,0
2023-07-28 10:53:19,98.05,10011429,118,97.39,2083051,1920441,-2.291978076731437,0
2023-07-28 10:53:19,98.05,10011429,12,97.39,2083051,1920441,-2.291978076731437,0
2023-07-28 10:53:19,98.05,10011429,12,97.39,2083051,1920441,-2.291978076731437,0
2023-07-28 10:53:19,98.05,10011429,12,97.39,2083051,1920441,-2.291978076731437,0
2023-07-28 10:53:19,98.05,10011429,20,97.39,2083051,1920441,-2.291978076731437,0
2023-07-28 10:53:19,98.05,10011429,20,97.39,2083051,1920441,-2.291978076731437,0
2023-07-28 10:53:26,98.05,10011464,20,97.39,2083001,1919196,-2.291978076731437,0
2023-07-28 10:53:26,98.05,10011484,20,97.39,2084079,1920764,-2.291978076731437,0
2023-07-28 10:53:26,98.05,10011484,70,97.39,2084079,1920764,-2.291978076731437,0
2023-07-28 10:53:26,98.05,10011484,28,97.39,2084079,1920764,-2.291978076731437,0
2023-07-28 10:53:32,98.05,10011582,2,97.39,2084177,1920909,-2.291978076731437,0
2023-07-28 10:53:32,98.05,10011582,1,97.39,2084177,1920909,-2.291978076731437,0
2023-07-28 10:53:32,98.05,10011582,50,97.39,2084177,1920909,-2.291978076731437,0
2023-07-28 10:53:32,97.95,10011582,338,97.39,2084177,1920909,-2.3916292974588855,0
2023-07-28 10:53:38,98.05,10056812,100,97.4,2024798,1930582,-2.291978076731437,0
2023-07-28 10:53:38,98.0,10056812,21,97.4,2024798,1930582,-2.3418036870951613,0
2023-07-28 10:53:40,98.0,10056933,21,97.4,2033181,1930304,-2.3418036870951613,0
2023-07-28 10:53:40,98.05,10056933,4,97.4,2033181,1930304,-2.291978076731437,0
2023-07-28 10:53:40,98.05,10056933,1,97.4,2033181,1930304,-2.291978076731437,0
2023-07-28 10:53:48,98.0,10057538,500,97.4,2035058,1935392,-2.3418036870951613,0
2023-07-28 10:53:48,98.05,10057538,16,97.4,2035058,1935392,-2.291978076731437,0
2023-07-28 10:53:48,98.0,10057538,500,97.4,2035058,1935392,-2.3418036870951613,0
2023-07-28 10:53:53,97.95,10063916,7,97.4,2071407,1934448,-2.3916292974588855,0
2023-07-28 10:53:53,98.0,10063916,200,97.4,2071407,1934448,-2.3418036870951613,0
2023-07-28 10:53:53,97.95,10063916,35,97.4,2071407,1934448,-2.3916292974588855,0
2023-07-28 10:53:57,97.95,10064826,35,97.4,2068461,1936868,-2.3916292974588855,0
2023-07-28 10:53:57,98.0,10064826,10,97.4,2068461,1936868,-2.3418036870951613,0
2023-07-28 10:53:57,97.95,10064826,250,97.4,2068461,1936868,-2.3916292974588855,0
2023-07-28 10:54:01,97.95,10065087,250,97.4,2064242,1938367,-2.3916292974588855,0
2023-07-28 10:54:01,98.0,10065087,823,97.4,2064242,1938367,-2.3418036870951613,0
2023-07-28 10:54:01,98.0,10065087,923,97.4,2064242,1938367,-2.3418036870951613,0
2023-07-28 10:54:07,97.95,10070365,74,97.4,1994496,1949506,-2.3916292974588855,0
2023-07-28 10:54:07,97.9,10070365,134,97.4,1994496,1949506,-2.4414549078226098,0
2023-07-28 10:54:07,97.95,10070365,38,97.4,1994496,1949506,-2.3916292974588855,0
2023-07-28 10:54:07,97.95,10070365,1,97.4,1994496,1949506,-2.3916292974588855,0
2023-07-28 10:54:07,97.85,10070365,46,97.4,1994496,1949506,-2.4912805181863478,0
2023-07-28 10:54:07,97.95,10070365,347,97.4,1994496,1949506,-2.3916292974588855,0
2023-07-28 10:54:07,97.95,10070365,20,97.4,1994496,1949506,-2.3916292974588855,0
2023-07-28 10:54:07,98.0,10070365,442,97.4,1994496,1949506,-2.3418036870951613,0
2023-07-28 10:54:15,98.0,10089156,442,97.4,2046240,1942558,-2.3418036870951613,0
2023-07-28 10:54:15,98.0,10089156,3,97.4,2046240,1942558,-2.3418036870951613,0
2023-07-28 10:54:15,97.95,10089156,50,97.4,2046240,1942558,-2.3916292974588855,0
2023-07-28 10:54:15,98.0,10089156,26,97.4,2046240,1942558,-2.3418036870951613,0
2023-07-28 10:54:19,98.0,10089235,26,97.4,2045011,1943029,-2.3418036870951613,0
2023-07-28 10:54:19,98.0,10089235,10,97.4,2045011,1943029,-2.3418036870951613,0
2023-07-28 10:54:25,98.0,10089245,10,97.4,2040711,1945020,-2.3418036870951613,0
2023-07-28 10:54:25,97.95,10089245,1,97.4,2040711,1945020,-2.3916292974588855,0
2023-07-28 10:54:25,97.95,10089245,31,97.4,2040711,1945020,-2.3916292974588855,0
2023-07-28 10:54:25,97.95,10089245,1,97.4,2040711,1945020,-2.3916292974588855,0
2023-07-28 10:54:28,97.95,10089461,1,97.4,2042490,1947339,-2.3916292974588855,0
2023-07-28 10:54:28,98.0,10089461,100,97.4,2042490,1947339,-2.3418036870951613,0
2023-07-28 10:54:34,97.9,10090595,169,97.4,2043022,1946538,-2.4414549078226098,0
2023-07-28 10:54:34,98.0,10090595,400,97.4,2043022,1946538,-2.3418036870951613,0
2023-07-28 10:54:34,97.9,10090595,558,97.4,2043022,1946538,-2.4414549078226098,0
2023-07-28 10:54:34,97.95,10090595,6,97.4,2043022,1946538,-2.3916292974588855,0
2023-07-28 10:54:34,98.0,10090595,369,97.4,2043022,1946538,-2.3418036870951613,0
2023-07-28 10:54:37,98.0,10092492,369,97.4,1993322,1956054,-2.3418036870951613,0
2023-07-28 10:54:37,98.0,10092492,20,97.4,1993322,1956054,-2.3418036870951613,0
2023-07-28 10:54:40,98.0,10092512,20,97.4,1993843,1963450,-2.3418036870951613,0
2023-07-28 10:54:40,98.0,10092512,2,97.4,1993843,1963450,-2.3418036870951613,0
2023-07-28 10:54:40,98.0,10092512,50,97.4,1993843,1963450,-2.3418036870951613,0
2023-07-28 10:54:40,98.0,10092512,5,97.4,1993843,1963450,-2.3418036870951613,0
2023-07-28 10:54:40,97.95,10092512,25,97.4,1993843,1963450,-2.3916292974588855,0
2023-07-28 10:54:46,98.0,10092604,1,97.4,1994485,1976819,-2.3418036870951613,0
2023-07-28 10:54:46,98.0,10092604,43,97.4,1994485,1976819,-2.3418036870951613,0
2023-07-28 10:54:47,98.0,10092723,43,97.4,1994067,1975705,-2.3418036870951613,0
2023-07-28 10:54:47,98.0,10092723,2,97.4,1994067,1975705,-2.3418036870951613,0
2023-07-28 10:54:47,98.0,10092723,147,97.4,1994067,1975705,-2.3418036870951613,0
2023-07-28 10:54:53,98.0,10093104,147,97.4,2003159,1976623,-2.3418036870951613,0
2023-07-28 10:54:53,98.0,10093104,10,97.4,2003159,1976623,-2.3418036870951613,0
2023-07-28 10:54:53,98.0,10093104,100,97.4,2003159,1976623,-2.3418036870951613,0
2023-07-28 10:54:58,98.0,10093264,100,97.4,2003803,1976968,-2.3418036870951613,0
2023-07-28 10:54:58,98.0,10093264,273,97.4,2003803,1976968,-2.3418036870951613,0
2023-07-28 10:55:01,98.0,10093537,273,97.4,2003753,1977405,-2.3418036870951613,0
2023-07-28 10:55:01,98.0,10093537,12,97.4,2003753,1977405,-2.3418036870951613,0
2023-07-28 10:55:05,98.0,10093549,10,97.4,2003854,1977520,-2.3418036870951613,0
2023-07-28 10:55:07,98.0,10093812,10,97.4,2004603,1977421,-2.3418036870951613,0
2023-07-28 10:55:07,98.0,10093812,100,97.4,2004603,1977421,-2.3418036870951613,0
2023-07-28 10:55:07,97.95,10093812,27,97.4,2004603,1977421,-2.3916292974588855,0
2023-07-28 10:55:14,97.95,10093939,27,97.4,2067363,1987918,-2.3916292974588855,0
2023-07-28 10:55:14,97.95,10093939,30,97.4,2067363,1987918,-2.3916292974588855,0
2023-07-28 10:55:14,97.95,10093939,10,97.4,2067363,1987918,-2.3916292974588855,0
2023-07-28 10:55:19,97.95,10094454,10,97.4,2067941,1987415,-2.3916292974588855,0
2023-07-28 10:55:19,97.95,10094454,10,97.4,2064355,1991257,-2.3916292974588855,0
2023-07-28 10:55:19,97.95,10094454,10,97.4,2064443,1992087,-2.3916292974588855,0
2023-07-28 10:55:19,97.95,10094454,50,97.4,2064443,1992087,-2.3916292974588855,0
2023-07-28 10:55:19,97.95,10094454,823,97.4,2064443,1992087,-2.3916292974588855,0
2023-07-28 10:55:19,97.95,10094454,1,97.4,2064443,1992087,-2.3916292974588855,0
2023-07-28 10:55:33,97.95,10095672,1,97.4,2063745,1987285,-2.3916292974588855,0
2023-07-28 10:55:33,97.95,10095672,1,97.4,2065182,1986529,-2.3916292974588855,0
2023-07-28 10:55:33,97.95,10095672,35,97.4,2065182,1986529,-2.3916292974588855,0
2023-07-28 10:55:33,97.95,10095672,50,97.4,2065182,1986529,-2.3916292974588855,0
2023-07-28 10:55:42,97.95,10095822,50,97.4,2060139,1991917,-2.3916292974588855,0
2023-07-28 10:55:42,97.95,10095822,50,97.4,2060139,1991917,-2.3916292974588855,0
2023-07-28 10:55:42,97.95,10095822,24,97.4,2060139,1991917,-2.3916292974588855,0
2023-07-28 10:55:42,97.95,10095822,9,97.4,2060139,1991917,-2.3916292974588855,0
2023-07-28 10:55:48,97.95,10095946,9,97.4,2060212,1992817,-2.3916292974588855,0
2023-07-28 10:55:48,97.95,10095946,30,97.4,2060212,1992817,-2.3916292974588855,0
2023-07-28 10:55:48,97.95,10095946,15,97.4,2060212,1992817,-2.3916292974588855,0
2023-07-28 10:55:48,97.95,10095946,3,97.4,2060212,1992817,-2.3916292974588855,0
2023-07-28 10:55:48,97.9,10095946,359,97.4,2060212,1992817,-2.4414549078226098,0
2023-07-28 10:55:48,97.95,10095946,183,97.4,2060212,1992817,-2.3916292974588855,0
2023-07-28 10:55:48,97.95,10095946,49,97.4,2060212,1992817,-2.3916292974588855,0
2023-07-28 10:55:48,97.95,10095946,50,97.4,2060212,1992817,-2.3916292974588855,0
2023-07-28 10:55:48,97.95,10095946,25,97.4,2060212,1992817,-2.3916292974588855,0
2023-07-28 10:55:58,97.95,10097025,49,97.4,2060359,2000088,-2.3916292974588855,0
2023-07-28 10:55:58,97.95,10097025,20,97.4,2060359,2000088,-2.3916292974588855,0
2023-07-28 10:55:58,97.95,10097025,10,97.4,2060359,2000088,-2.3916292974588855,0
2023-07-28 10:55:58,97.9,10097025,500,97.4,2060359,2000088,-2.4414549078226098,0
2023-07-28 10:56:03,98.0,10097767,121,97.4,2068256,2023721,-2.3418036870951613,0
2023-07-28 10:56:03,98.0,10097767,27,97.4,2068256,2023721,-2.3418036870951613,0
2023-07-28 10:56:07,98.0,10097794,27,97.4,2061731,2023694,-2.3418036870951613,0
2023-07-28 10:56:07,98.0,10097794,148,97.4,2061731,2023694,-2.3418036870951613,0
2023-07-28 10:56:10,97.95,10098794,21,97.4,2061904,2023553,-2.3916292974588855,0
2023-07-28 10:56:10,98.0,10098794,531,97.4,2061904,2023553,-2.3418036870951613,0
2023-07-28 10:56:10,98.0,10098794,30,97.4,2061904,2023553,-2.3418036870951613,0
2023-07-28 10:56:10,97.95,10098794,30,97.4,2061904,2023553,-2.3916292974588855,0
2023-07-28 10:56:17,97.95,10099585,455,97.4,2067808,2027456,-2.3916292974588855,0
2023-07-28 10:56:17,98.0,10099585,69,97.4,2067808,2027456,-2.3418036870951613,0
2023-07-28 10:56:17,98.0,10099585,223,97.4,2067808,2027456,-2.3418036870951613,0
2023-07-28 10:56:17,98.0,10099585,50,97.4,2067808,2027456,-2.3418036870951613,0
2023-07-28 10:56:17,98.0,10099585,50,97.4,2067808,2027456,-2.3418036870951613,0
2023-07-28 10:56:17,98.0,10099585,50,97.4,2067808,2027456,-2.3418036870951613,0
2023-07-28 10:56:20,98.0,10100447,50,97.4,2057237,2038152,-2.3418036870951613,0
2023-07-28 10:56:20,97.95,10100447,10,97.4,2057237,2038152,-2.3916292974588855,0
2023-07-28 10:56:20,98.0,10100447,357,97.4,2057237,2038152,-2.3418036870951613,0
2023-07-28 10:56:20,98.0,10100447,357,97.4,2057237,2038152,-2.3418036870951613,0
2023-07-28 10:56:20,98.0,10100447,357,97.4,2057237,2038152,-2.3418036870951613,0
2023-07-28 10:56:20,98.0,10100447,357,97.4,2057237,2038152,-2.3418036870951613,0
2023-07-28 10:56:24,98.0,10101359,357,97.4,2057008,2052845,-2.3418036870951613,0
2023-07-28 10:56:24,98.0,10101359,30,97.4,2057008,2052845,-2.3418036870951613,0
2023-07-28 10:56:24,97.95,10101359,1,97.4,2057008,2052845,-2.3916292974588855,0
2023-07-28 10:56:24,98.0,10101359,16,97.4,2057008,2052845,-2.3418036870951613,0
2023-07-28 10:56:32,97.95,10101877,339,97.4,2057573,2059980,-2.3916292974588855,0
2023-07-28 10:56:32,97.95,10101877,200,97.4,2057573,2059980,-2.3916292974588855,0
2023-07-28 10:56:37,97.95,10102227,150,97.4,2060797,2062032,-2.3916292974588855,0
2023-07-28 10:56:37,97.95,10102227,148,97.4,2060797,2062032,-2.3916292974588855,0
2023-07-28 10:56:37,97.95,10102227,10,97.4,2060797,2062032,-2.3916292974588855,0
2023-07-28 10:56:39,97.95,10102385,10,97.4,2059623,2061879,-2.3916292974588855,0
2023-07-28 10:56:39,97.95,10102385,10,97.4,2022597,2077285,-2.3916292974588855,0
2023-07-28 10:56:39,97.95,10102385,30,97.4,2022597,2077285,-2.3916292974588855,0
2023-07-28 10:56:49,97.95,10102415,30,97.4,2028022,2082590,-2.3916292974588855,0
2023-07-28 10:56:49,97.95,10102415,1,97.4,2028022,2082590,-2.3916292974588855,0
2023-07-28 10:56:49,97.95,10102415,25,97.4,2028022,2082590,-2.3916292974588855,0
2023-07-28 10:56:55,97.95,10102522,11,97.4,2028711,2083103,-2.3916292974588855,0
2023-07-28 10:56:55,97.9,10102522,120,97.4,2028711,2083103,-2.4414549078226098,0
2023-07-28 10:56:55,97.95,10102522,10,97.4,2028711,2083103,-2.3916292974588855,0
2023-07-28 10:56:55,97.95,10102522,26,97.4,2028711,2083103,-2.3916292974588855,0
2023-07-28 10:56:58,97.95,10102900,26,97.4,2028302,2082925,-2.3916292974588855,0
2023-07-28 10:56:58,97.95,10102900,26,97.4,2028304,2083695,-2.3916292974588855,0
2023-07-28 10:56:58,97.95,10102900,1495,97.4,2028304,2083695,-2.3916292974588855,0
2023-07-28 10:57:07,97.95,10107395,1495,97.4,2034733,2073371,-2.3916292974588855,0
2023-07-28 10:57:07,97.95,10107395,30,97.4,2034733,2073371,-2.3916292974588855,0
2023-07-28 10:57:07,97.95,10107395,53,97.4,2034733,2073371,-2.3916292974588855,0
2023-07-28 10:57:10,97.95,10107785,53,97.4,2033942,2074540,-2.3916292974588855,0
2023-07-28 10:57:10,97.95,10107785,20,97.4,2033942,2074540,-2.3916292974588855,0
2023-07-28 10:57:10,97.95,10107785,10,97.4,2033942,2074540,-2.3916292974588855,0
2023-07-28 10:57:19,97.8,10133245,4936,97.4,1948574,2078980,-2.541106128550072,0
2023-07-28 10:57:19,97.9,10133245,980,97.4,1948574,2078980,-2.4414549078226098,0
2023-07-28 10:57:19,97.9,10133245,103,97.4,1948574,2078980,-2.4414549078226098,0
2023-07-28 10:57:23,97.9,10134696,50,97.4,1998965,2079578,-2.4414549078226098,0
2023-07-28 10:57:23,97.9,10134696,75,97.4,1998965,2079578,-2.4414549078226098,0
2023-07-28 10:57:23,97.9,10134696,296,97.4,1998965,2079578,-2.4414549078226098,0
2023-07-28 10:57:23,97.9,10134696,325,97.4,1998965,2079578,-2.4414549078226098,0
2023-07-28 10:57:28,97.85,10136802,100,97.4,1998740,2076304,-2.4912805181863478,0
2023-07-28 10:57:28,97.9,10136802,49,97.4,1998740,2076304,-2.4414549078226098,0
2023-07-28 10:57:28,97.9,10136802,1000,97.4,1998740,2076304,-2.4414549078226098,0
2023-07-28 10:57:28,97.9,10136802,30,97.4,1998740,2076304,-2.4414549078226098,0
2023-07-28 10:57:28,97.9,10136802,14,97.4,1998740,2076304,-2.4414549078226098,0
2023-07-28 10:57:28,97.9,10136802,5,97.4,1998740,2076304,-2.4414549078226098,0
2023-07-28 10:57:36,97.9,10138403,5,97.4,1997240,2075319,-2.4414549078226098,0
2023-07-28 10:57:36,97.9,10138403,122,97.4,1997240,2075319,-2.4414549078226098,0
2023-07-28 10:57:36,97.9,10138403,444,97.4,1997240,2075319,-2.4414549078226098,0
2023-07-28 10:57:36,97.9,10138403,3,97.4,1997240,2075319,-2.4414549078226098,0
2023-07-28 10:57:41,97.9,10139806,1,97.4,1997305,2075052,-2.4414549078226098,0
2023-07-28 10:57:41,97.9,10139806,5,97.4,1997305,2075052,-2.4414549078226098,0
2023-07-28 10:57:41,97.9,10139806,3,97.4,1997305,2075052,-2.4414549078226098,0
2023-07-28 10:57:41,97.95,10139806,498,97.4,1997305,2075052,-2.3916292974588855,0
2023-07-28 10:57:50,97.9,10143634,30,97.4,2010278,2080898,-2.4414549078226098,0
2023-07-28 10:57:50,97.95,10143634,14,97.4,2010278,2080898,-2.3916292974588855,0
2023-07-28 10:57:50,97.95,10143634,188,97.4,2010278,2080898,-2.3916292974588855,0
2023-07-28 10:57:50,97.9,10143634,400,97.4,2010278,2080898,-2.4414549078226098,0
2023-07-28 10:57:55,97.95,10145780,704,97.4,2010142,2078348,-2.3916292974588855,0
2023-07-28 10:57:55,97.95,10145780,1,97.4,2010142,2078348,-2.3916292974588855,0
2023-07-28 10:57:55,97.95,10145780,5,97.4,2010142,2078348,-2.3916292974588855,0
2023-07-28 10:57:55,97.9,10145780,578,97.4,2010142,2078348,-2.4414549078226098,0
2023-07-28 10:57:55,97.95,10145780,36,97.4,2010142,2078348,-2.3916292974588855,0
2023-07-28 10:57:55,97.95,10145780,83,97.4,2010142,2078348,-2.3916292974588855,0
2023-07-28 10:57:55,97.9,10145780,1,97.4,2010142,2078348,-2.4414549078226098,0
2023-07-28 10:57:55,97.95,10145780,370,97.4,2010142,2078348,-2.3916292974588855,0
2023-07-28 10:58:04,97.95,10152069,5,97.4,2009442,2079392,-2.3916292974588855,0
2023-07-28 10:58:04,97.95,10152069,5,97.4,2009442,2079392,-2.3916292974588855,0
2023-07-28 10:58:04,97.95,10152069,10,97.4,2009442,2079392,-2.3916292974588855,0
2023-07-28 10:58:04,97.95,10152069,50,97.4,2009442,2079392,-2.3916292974588855,0
2023-07-28 10:58:08,97.95,10157617,28,97.4,1996543,2068383,-2.3916292974588855,0
2023-07-28 10:58:08,97.9,10157617,830,97.4,1996543,2068383,-2.4414549078226098,0
2023-07-28 10:58:08,97.9,10157617,488,97.4,1996543,2068383,-2.4414549078226098,0
2023-07-28 10:58:08,97.9,10157617,164,97.4,1996543,2068383,-2.4414549078226098,0
2023-07-28 10:58:12,97.9,10160636,164,97.4,2013534,2075269,-2.4414549078226098,0
2023-07-28 10:58:12,97.9,10160636,29,97.4,2013534,2075269,-2.4414549078226098,0
2023-07-28 10:58:12,97.85,10160636,209,97.4,2013534,2075269,-2.4912805181863478,0
2023-07-28 10:58:16,97.9,10161032,117,97.4,1975482,2090509,-2.4414549078226098,0
2023-07-28 10:58:16,97.9,10161032,220,97.4,1975482,2090509,-2.4414549078226098,0
2023-07-28 10:58:21,97.9,10164252,92,97.4,2038045,2081902,-2.4414549078226098,0
2023-07-28 10:58:21,97.9,10164252,1586,97.4,2038045,2081902,-2.4414549078226098,0
2023-07-28 10:58:21,97.9,10164252,16,97.4,2038045,2081902,-2.4414549078226098,0
2023-07-28 10:58:21,97.9,10164252,5,97.4,2038045,2081902,-2.4414549078226098,0
2023-07-28 10:58:21,97.9,10164252,3,97.4,2038045,2081902,-2.4414549078226098,0
2023-07-28 10:58:26,97.9,10170889,2,97.4,1964205,2089098,-2.4414549078226098,0
2023-07-28 10:58:26,97.9,10170889,65,97.4,1964205,2089098,-2.4414549078226098,0
2023-07-28 10:58:26,97.9,10170889,32,97.4,1964205,2089098,-2.4414549078226098,0
2023-07-28 10:58:26,97.9,10170889,357,97.4,1964205,2089098,-2.4414549078226098,0
2023-07-28 10:58:30,97.9,10175070,449,97.4,2042019,2078567,-2.4414549078226098,0
2023-07-28 10:58:30,97.95,10175070,1478,97.4,2042019,2078567,-2.3916292974588855,0
2023-07-28 10:58:31,97.95,10176548,1478,97.4,2041732,2076776,-2.3916292974588855,0
2023-07-28 10:58:31,97.95,10176548,1,97.4,2041732,2076776,-2.3916292974588855,0
2023-07-28 10:58:38,97.95,10176549,1,97.4,2042447,2077152,-2.3916292974588855,0
2023-07-28 10:58:38,97.95,10176549,379,97.4,2042447,2077152,-2.3916292974588855,0
2023-07-28 10:58:38,97.9,10176549,6,97.4,2042447,2077152,-2.4414549078226098,0
2023-07-28 10:58:43,97.95,10177373,193,97.4,2042393,2076177,-2.3916292974588855,0
2023-07-28 10:58:43,97.9,10177373,1,97.4,2042393,2076177,-2.4414549078226098,0
2023-07-28 10:58:43,97.95,10177373,100,97.4,2042393,2076177,-2.3916292974588855,0
2023-07-28 10:58:48,97.9,10177493,1,97.4,2045678,2085305,-2.4414549078226098,0
2023-07-28 10:58:48,97.9,10177493,55,97.4,2045678,2085305,-2.4414549078226098,0
2023-07-28 10:58:48,97.9,10177493,58,97.4,2045678,2085305,-2.4414549078226098,0
2023-07-28 10:58:48,97.9,10177493,29,97.4,2045678,2085305,-2.4414549078226098,0
2023-07-28 10:58:48,97.9,10177493,50,97.4,2045678,2085305,-2.4414549078226098,0
2023-07-28 10:58:52,97.9,10177709,24,97.4,2047116,2092373,-2.4414549078226098,0
2023-07-28 10:58:52,97.9,10177709,50,97.4,2047116,2092373,-2.4414549078226098,0
2023-07-28 10:58:52,97.9,10177709,25,97.4,2047116,2092373,-2.4414549078226098,0
2023-07-28 10:58:56,97.9,10178054,269,97.4,2055333,2089936,-2.4414549078226098,0
2023-07-28 10:58:56,97.9,10178054,133,97.4,2055333,2089936,-2.4414549078226098,0
2023-07-28 10:58:56,97.9,10178054,15,97.4,2055333,2089936,-2.4414549078226098,0
2023-07-28 10:58:56,97.9,10178054,7,97.4,2055333,2089936,-2.4414549078226098,0
2023-07-28 10:59:00,97.9,10178209,7,97.4,2054391,2090259,-2.4414549078226098,0
2023-07-28 10:59:00,97.9,10178209,25,97.4,2054391,2090259,-2.4414549078226098,0
2023-07-28 10:59:00,97.9,10178209,27,97.4,2054391,2090259,-2.4414549078226098,0
2023-07-28 10:59:00,97.9,10178209,153,97.4,2054391,2090259,-2.4414549078226098,0
2023-07-28 10:59:03,97.9,10178491,153,97.4,2054393,2089500,-2.4414549078226098,0
2023-07-28 10:59:03,97.9,10178491,4,97.4,2054393,2089500,-2.4414549078226098,0
2023-07-28 10:59:03,97.9,10178491,20,97.4,2054393,2089500,-2.4414549078226098,0
2023-07-28 10:59:07,97.9,10182788,20,97.4,2056353,2091569,-2.4414549078226098,0
2023-07-28 10:59:07,97.85,10182788,346,97.4,2056353,2091569,-2.4912805181863478,0
2023-07-28 10:59:07,97.9,10182788,2482,97.4,2056353,2091569,-2.4414549078226098,0
2023-07-28 10:59:14,97.9,10185919,49,97.4,2053244,2091710,-2.4414549078226098,0
2023-07-28 10:59:14,97.9,10185919,10,97.4,2053244,2091710,-2.4414549078226098,0
2023-07-28 10:59:14,97.9,10185919,30,97.4,2053244,2091710,-2.4414549078226098,0
2023-07-28 10:59:18,97.9,10186259,30,97.4,2051709,2090391,-2.4414549078226098,0
2023-07-28 10:59:18,97.85,10186259,280,97.4,2051709,2090391,-2.4912805181863478,0
2023-07-28 10:59:18,97.85,10186259,98,97.4,2051709,2090391,-2.4912805181863478,0
2023-07-28 10:59:18,97.8,10186259,47,97.4,2051709,2090391,-2.541106128550072,0
2023-07-28 10:59:18,97.8,10186259,47,97.4,2051709,2090391,-2.541106128550072,0
2023-07-28 10:59:18,97.85,10186259,201,97.4,2051709,2090391,-2.4912805181863478,0
2023-07-28 10:59:22,97.85,10205314,14,97.4,2022778,2099052,-2.4912805181863478,0
2023-07-28 10:59:22,97.8,10205314,22,97.4,2022778,2099052,-2.541106128550072,0
2023-07-28 10:59:22,97.8,10205314,22,97.4,2022778,2099052,-2.541106128550072,0
2023-07-28 10:59:22,97.85,10205314,19,97.4,2022778,2099052,-2.4912805181863478,0
2023-07-28 10:59:22,97.85,10205314,19,97.4,2022778,2099052,-2.4912805181863478,0
2023-07-28 10:59:22,97.85,10205314,118,97.4,2022778,2099052,-2.4912805181863478,0
2023-07-28 10:59:22,97.85,10205314,300,97.4,2022778,2099052,-2.4912805181863478,0
2023-07-28 10:59:26,97.85,10205791,300,97.4,2024226,2094463,-2.4912805181863478,0
2023-07-28 10:59:26,97.85,10205791,206,97.4,2024226,2094463,-2.4912805181863478,0
2023-07-28 10:59:26,97.8,10205791,100,97.4,2024226,2094463,-2.541106128550072,0
2023-07-28 10:59:26,97.85,10205791,49,97.4,2024226,2094463,-2.4912805181863478,0
2023-07-28 10:59:29,97.85,10206146,49,97.4,2027144,2094408,-2.4912805181863478,0
2023-07-28 10:59:29,97.85,10206146,30,97.4,2027144,2094408,-2.4912805181863478,0
2023-07-28 10:59:29,97.85,10206146,2,97.4,2027144,2094408,-2.4912805181863478,0
2023-07-28 10:59:29,97.85,10206146,15,97.4,2027144,2094408,-2.4912805181863478,0
2023-07-28 10:59:29,97.85,10206146,1,97.4,2027144,2094408,-2.4912805181863478,0
2023-07-28 10:59:34,97.85,10206194,1,97.4,2027638,2094926,-2.4912805181863478,0
2023-07-28 10:59:34,97.85,10206194,50,97.4,2027638,2094926,-2.4912805181863478,0
2023-07-28 10:59:34,97.85,10206194,25,97.4,2027638,2094926,-2.4912805181863478,0
2023-07-28 10:59:40,97.85,10206369,100,97.4,2027661,2095801,-2.4912805181863478,0
2023-07-28 10:59:40,97.85,10206369,49,97.4,2027661,2095801,-2.4912805181863478,0
2023-07-28 10:59:40,97.85,10206369,3,97.4,2027661,2095801,-2.4912805181863478,0
2023-07-28 10:59:40,97.85,10206369,2,97.4,2027661,2095801,-2.4912805181863478,0
2023-07-28 10:59:40,97.85,10206369,10,97.4,2027661,2095801,-2.4912805181863478,0
2023-07-28 10:59:44,97.85,10206939,500,97.4,2027932,2104181,-2.4912805181863478,0
2023-07-28 10:59:44,97.8,10206939,100,97.4,2027932,2104181,-2.541106128550072,0
2023-07-28 10:59:44,97.85,10206939,49,97.4,2027932,2104181,-2.4912805181863478,0
2023-07-28 10:59:48,97.85,10207334,49,97.4,2025898,2118263,-2.4912805181863478,0
2023-07-28 10:59:48,97.85,10207334,400,97.4,2025898,2118263,-2.4912805181863478,0
2023-07-28 10:59:48,97.8,10207334,70,97.4,2025898,2118263,-2.541106128550072,0
2023-07-28 10:59:48,97.85,10207334,200,97.4,2025898,2118263,-2.4912805181863478,0
2023-07-28 10:59:48,97.85,10207334,145,97.4,2025898,2118263,-2.4912805181863478,0
2023-07-28 10:59:53,97.8,10208700,20,97.4,2026177,2107547,-2.541106128550072,0
2023-07-28 10:59:53,97.85,10208700,11,97.4,2026177,2107547,-2.4912805181863478,0
2023-07-28 10:59:53,97.85,10208700,9,97.4,2026177,2107547,-2.4912805181863478,0
2023-07-28 10:59:53,97.85,10208700,1,97.4,2026177,2107547,-2.4912805181863478,0
2023-07-28 10:59:57,97.85,10213129,50,97.4,2043703,2095477,-2.4912805181863478,0
2023-07-28 10:59:57,97.9,10213129,1544,97.4,2043703,2095477,-2.4414549078226098,0
2023-07-28 10:59:57,97.9,10213129,11,97.4,2043703,2095477,-2.4414549078226098,0
2023-07-28 10:59:57,97.9,10213129,33,97.4,2043703,2095477,-2.4414549078226098,0
2023-07-28 11:00:02,97.9,10215203,60,97.4,2045860,2091573,-2.4414549078226098,0
2023-07-28 11:00:02,97.9,10215203,3,97.4,2045860,2091573,-2.4414549078226098,0
2023-07-28 11:00:02,97.9,10215203,119,97.4,2045860,2091573,-2.4414549078226098,0
2023-07-28 11:00:02,97.85,10215203,43,97.4,2045860,2091573,-2.4912805181863478,0
2023-07-28 11:00:02,97.9,10215203,5,97.4,2045860,2091573,-2.4414549078226098,0
2023-07-28 11:00:02,97.9,10215203,1,97.4,2045860,2091573,-2.4414549078226098,0
2023-07-28 11:00:07,97.9,10215527,2,97.4,2041690,2095670,-2.4414549078226098,0
2023-07-28 11:00:07,97.9,10215527,16,97.4,2041690,2095670,-2.4414549078226098,0
2023-07-28 11:00:07,97.9,10215527,750,97.4,2041690,2095670,-2.4414549078226098,0
2023-07-28 11:00:07,97.9,10215527,171,97.4,2041690,2095670,-2.4414549078226098,0
2023-07-28 11:00:12,97.9,10217642,958,97.4,2040875,2093500,-2.4414549078226098,0
2023-07-28 11:00:12,97.9,10217642,106,97.4,2040875,2093500,-2.4414549078226098,0
2023-07-28 11:00:12,97.9,10217642,1000,97.4,2040875,2093500,-2.4414549078226098,0
2023-07-28 11:00:12,97.9,10217642,5,97.4,2040875,2093500,-2.4414549078226098,0
2023-07-28 11:00:17,97.85,10218784,31,97.4,2041022,2091833,-2.4912805181863478,0
2023-07-28 11:00:17,97.9,10218784,57,97.4,2041022,2091833,-2.4414549078226098,0
2023-07-28 11:00:21,97.9,10218843,2,97.4,2032091,2094963,-2.4414549078226098,0
2023-07-28 11:00:21,97.9,10218843,3,97.4,2032091,2094963,-2.4414549078226098,0
2023-07-28 11:00:21,97.9,10218843,249,97.4,2032091,2094963,-2.4414549078226098,0
2023-07-28 11:00:24,97.9,10219095,12,97.4,2032091,2094686,-2.4414549078226098,0
2023-07-28 11:00:24,97.9,10219095,10,97.4,2032091,2094686,-2.4414549078226098,0
2023-07-28 11:00:24,97.9,10219095,30,97.4,2032091,2094686,-2.4414549078226098,0
2023-07-28 11:00:28,97.9,10219747,50,97.4,2032159,2093618,-2.4414549078226098,0
2023-07-28 11:00:28,97.85,10219747,50,97.4,2032159,2093618,-2.4912805181863478,0
2023-07-28 11:00:28,97.9,10219747,1,97.4,2032159,2093618,-2.4414549078226098,0
2023-07-28 11:00:28,97.9,10219747,5,97.4,2032159,2093618,-2.4414549078226098,0
2023-07-28 11:00:28,97.9,10219747,40,97.4,2032159,2093618,-2.4414549078226098,0
2023-07-28 11:00:28,97.9,10219747,1000,97.4,2032159,2093618,-2.4414549078226098,0
2023-07-28 11:00:43,97.9,10221377,1000,97.4,2039711,2091833,-2.4414549078226098,0
2023-07-28 11:00:43,97.9,10221377,30,97.4,2039711,2091833,-2.4414549078226098,0
2023-07-28 11:00:43,97.9,10221377,132,97.4,2039711,2091833,-2.4414549078226098,0
2023-07-28 11:00:45,97.9,10221539,9,97.4,2039736,2095641,-2.4414549078226098,0
2023-07-28 11:00:45,97.9,10221539,2,97.4,2039736,2095641,-2.4414549078226098,0
2023-07-28 11:00:50,97.9,10221550,2,97.4,2039774,2095680,-2.4414549078226098,0
2023-07-28 11:00:50,97.9,10221550,1,97.4,2039774,2095680,-2.4414549078226098,0
2023-07-28 11:00:56,97.9,10221556,5,97.4,2042224,2094438,-2.4414549078226098,0
2023-07-28 11:00:56,97.9,10221556,440,97.4,2042224,2094438,-2.4414549078226098,0
2023-07-28 11:00:56,97.9,10221556,150,97.4,2042224,2094438,-2.4414549078226098,0
2023-07-28 11:00:56,97.9,10221556,1,97.4,2042224,2094438,-2.4414549078226098,0
2023-07-28 11:00:56,97.9,10221556,60,97.4,2042224,2094438,-2.4414549078226098,0
2023-07-28 11:00:56,97.9,10221556,100,97.4,2042224,2094438,-2.4414549078226098,0
2023-07-28 11:01:04,97.9,10223037,14,97.4,2043689,2093207,-2.4414549078226098,0
2023-07-28 11:01:04,97.9,10223037,15,97.4,2043689,2093207,-2.4414549078226098,0
2023-07-28 11:01:04,97.9,10223037,400,97.4,2043689,2093207,-2.4414549078226098,0
2023-07-28 11:01:04,97.9,10223037,1,97.4,2043689,2093207,-2.4414549078226098,0
2023-07-28 11:01:04,97.9,10223037,100,97.4,2043689,2093207,-2.4414549078226098,0
2023-07-28 11:01:04,97.9,10223037,25,97.4,2043689,2093207,-2.4414549078226098,0
2023-07-28 11:01:04,97.9,10223037,10,97.4,2043689,2093207,-2.4414549078226098,0
2023-07-28 11:01:04,97.9,10223037,800,97.4,2043689,2093207,-2.4414549078226098,0
2023-07-28 11:01:17,97.9,10224404,42,97.4,2042173,2093578,-2.4414549078226098,0
2023-07-28 11:01:17,97.9,10224404,233,97.4,2042173,2093578,-2.4414549078226098,0
2023-07-28 11:01:22,97.9,10224717,28,97.4,2033693,2094395,-2.4414549078226098,0
2023-07-28 11:01:22,97.9,10224717,15,97.4,2033693,2094395,-2.4414549078226098,0
2023-07-28 11:01:22,97.9,10224717,1,97.4,2033693,2094395,-2.4414549078226098,0
2023-07-28 11:01:22,97.9,10224717,5,97.4,2033693,2094395,-2.4414549078226098,0
2023-07-28 11:01:22,97.9,10224717,100,97.4,2033693,2094395,-2.4414549078226098,0
2023-07-28 11:01:25,97.9,10224838,100,97.4,2033693,2094474,-2.4414549078226098,0
2023-07-28 11:01:25,97.9,10224838,200,97.4,2033693,2094474,-2.4414549078226098,0
2023-07-28 11:01:27,97.9,10225044,3298,97.4,2036017,2089834,-2.4414549078226098,0
2023-07-28 11:01:27,97.9,10225044,1630,97.4,2036017,2089834,-2.4414549078226098,0
2023-07-28 11:01:27,97.9,10225044,3,97.4,2036017,2089834,-2.4414549078226098,0
2023-07-28 11:01:27,97.9,10225044,37,97.4,2036017,2089834,-2.4414549078226098,0
2023-07-28 11:01:33,97.9,10233404,37,97.41,2036373,2092565,-2.4414549078226098,0
2023-07-28 11:01:33,97.9,10233404,206,97.41,2036373,2092565,-2.4414549078226098,0
2023-07-28 11:01:33,97.9,10233404,100,97.41,2036373,2092565,-2.4414549078226098,0
2023-07-28 11:01:37,97.9,10234128,36,97.41,2035932,2092259,-2.4414549078226098,0
2023-07-28 11:01:37,97.85,10234128,200,97.41,2035932,2092259,-2.4912805181863478,0
2023-07-28 11:01:37,97.9,10234128,117,97.41,2035932,2092259,-2.4414549078226098,0
2023-07-28 11:01:37,97.9,10234128,2,97.41,2035932,2092259,-2.4414549078226098,0
2023-07-28 11:01:41,97.9,10234532,2,97.41,2035207,2099443,-2.4414549078226098,0
2023-07-28 11:01:41,97.85,10234532,15,97.41,2035207,2099443,-2.4912805181863478,0
2023-07-28 11:01:41,97.9,10234532,1,97.41,2035207,2099443,-2.4414549078226098,0
2023-07-28 11:01:45,97.9,10234733,1,97.41,2031775,2101176,-2.4414549078226098,0
2023-07-28 11:01:45,97.85,10234733,65,97.41,2031775,2101176,-2.4912805181863478,0
2023-07-28 11:01:45,97.9,10234733,42,97.41,2031775,2101176,-2.4414549078226098,0
2023-07-28 11:01:45,97.9,10234733,110,97.41,2031775,2101176,-2.4414549078226098,0
2023-07-28 11:01:49,97.9,10235216,110,97.41,2031500,2103678,-2.4414549078226098,0
2023-07-28 11:01:49,97.9,10235216,849,97.41,2031500,2103678,-2.4414549078226098,0
2023-07-28 11:01:53,97.9,10236158,849,97.41,2031505,2103974,-2.4414549078226098,0
2023-07-28 11:01:53,97.9,10236158,100,97.41,2031505,2103974,-2.4414549078226098,0
2023-07-28 11:01:53,97.9,10236158,500,97.41,2031505,2103974,-2.4414549078226098,0
2023-07-28 11:01:58,97.9,10236758,500,97.41,2031811,2103598,-2.4414549078226098,0
2023-07-28 11:01:58,97.9,10236758,200,97.41,2031811,2103598,-2.4414549078226098,0
2023-07-28 11:02:01,97.9,10236958,200,97.41,2030229,2103968,-2.4414549078226098,0
2023-07-28 11:02:01,97.85,10236958,3,97.41,2030229,2103968,-2.4912805181863478,0
2023-07-28 11:02:01,97.85,10236958,1,97.41,2030229,2103968,-2.4912805181863478,0
2023-07-28 11:02:01,97.9,10236958,1,97.41,2030229,2103968,-2.4414549078226098,0
2023-07-28 11:02:01,97.9,10236958,40,97.41,2030229,2103968,-2.4414549078226098,0
2023-07-28 11:02:07,97.9,10237995,40,97.41,2033528,2102172,-2.4414549078226098,0
2023-07-28 11:02:07,97.9,10237995,200,97.41,2033528,2102172,-2.4414549078226098,0
2023-07-28 11:02:07,97.9,10237995,98,97.41,2033528,2102172,-2.4414549078226098,0
2023-07-28 11:02:07,97.85,10237995,20,97.41,2033528,2102172,-2.4912805181863478,0
2023-07-28 11:02:12,97.85,10238313,20,97.41,2033528,2102323,-2.4912805181863478,0
2023-07-28 11:02:12,97.9,10238313,10,97.41,2033528,2102323,-2.4414549078226098,0
2023-07-28 11:02:12,97.9,10238313,25,97.41,2033528,2102323,-2.4414549078226098,0
2023-07-28 11:02:12,97.9,10238313,45,97.41,2033528,2102323,-2.4414549078226098,0
2023-07-28 11:02:12,97.9,10238313,12,97.41,2033528,2102323,-2.4414549078226098,0
2023-07-28 11:02:17,97.9,10238427,22,97.41,2033528,2102008,-2.4414549078226098,0
2023-07-28 11:02:17,97.85,10238427,500,97.41,2033528,2102008,-2.4912805181863478,0
2023-07-28 11:02:17,97.9,10238427,247,97.41,2033528,2102008,-2.4414549078226098,0
2023-07-28 11:02:17,97.9,10238427,24,97.41,2033528,2102008,-2.4414549078226098,0
2023-07-28 11:02:17,97.9,10238427,5,97.41,2033528,2102008,-2.4414549078226098,0
2023-07-28 11:02:21,97.9,10239253,5,97.41,2031281,2105077,-2.4414549078226098,0
2023-07-28 11:02:21,97.9,10239253,5,97.41,2031281,2105077,-2.4414549078226098,0
2023-07-28 11:02:21,97.9,10239253,169,97.41,2031281,2105077,-2.4414549078226098,0
2023-07-28 11:02:21,97.9,10239253,169,97.41,2031281,2105077,-2.4414549078226098,0
2023-07-28 11:02:21,97.9,10239253,160,97.41,2031281,2105077,-2.4414549078226098,0
2023-07-28 11:02:25,97.9,10239582,160,97.41,2031183,2104424,-2.4414549078226098,0
2023-07-28 11:02:25,97.9,10239582,500,97.41,2031183,2104424,-2.4414549078226098,0
2023-07-28 11:02:25,97.85,10239582,2,97.41,2031183,2104424,-2.4912805181863478,0
2023-07-28 11:02:25,97.9,10239582,40,97.41,2031183,2104424,-2.4414549078226098,0
2023-07-28 11:02:30,97.9,10240536,40,97.41,2031701,2103470,-2.4414549078226098,0
2023-07-28 11:02:30,97.9,10240536,32,97.41,2031701,2103470,-2.4414549078226098,0
2023-07-28 11:02:30,97.9,10240536,10,97.41,2031701,2103470,-2.4414549078226098,0
2023-07-28 11:02:32,97.9,10240578,10,97.41,2031701,2106505,-2.4414549078226098,0
2023-07-28 11:02:32,97.9,10240578,2,97.41,2031701,2106505,-2.4414549078226098,0
2023-07-28 11:02:32,97.9,10240578,27,97.41,2031701,2106505,-2.4414549078226098,0
2023-07-28 11:02:32,97.9,10240578,25,97.41,2031701,2106505,-2.4414549078226098,0
2023-07-28 11:02:39,97.9,10241194,1,97.41,2031417,2110939,-2.4414549078226098,0
2023-07-28 11:02:39,97.9,10241194,31,97.41,2031417,2110939,-2.4414549078226098,0
2023-07-28 11:02:39,97.9,10241194,10,97.41,2031417,2110939,-2.4414549078226098,0
2023-07-28 11:02:41,97.9,10241265,4,97.41,2031600,2114473,-2.4414549078226098,0
2023-07-28 11:02:41,97.9,10241265,20,97.41,2031600,2114473,-2.4414549078226098,0
2023-07-28 11:02:41,97.85,10241265,10,97.41,2031600,2114473,-2.4912805181863478,0
2023-07-28 11:02:41,97.9,10241265,10,97.41,2031600,2114473,-2.4414549078226098,0
2023-07-28 11:02:47,97.9,10241555,10,97.41,2031436,2109542,-2.4414549078226098,0
2023-07-28 11:02:47,97.9,10241555,14,97.41,2031436,2109542,-2.4414549078226098,0
2023-07-28 11:02:47,97.9,10241555,10,97.41,2031436,2109542,-2.4414549078226098,0
2023-07-28 11:02:49,97.9,10241579,10,97.41,2031422,2119439,-2.4414549078226098,0
2023-07-28 11:02:49,97.9,10241579,1,97.41,2031422,2119439,-2.4414549078226098,0
2023-07-28 11:02:49,97.9,10241579,20,97.41,2031422,2119439,-2.4414549078226098,0
2023-07-28 11:02:55,97.9,10241678,4,97.41,2031471,2119600,-2.4414549078226098,0
2023-07-28 11:02:56,97.9,10241682,4,97.41,2031511,2120128,-2.4414549078226098,0
2023-07-28 11:02:56,97.9,10241682,4,97.41,2031511,2121382,-2.4414549078226098,0
2023-07-28 11:02:56,97.9,10241682,5,97.41,2031511,2121382,-2.4414549078226098,0
2023-07-28 11:02:56,97.85,10241682,1,97.41,2031511,2121382,-2.4912805181863478,0
2023-07-28 11:03:09,97.9,10241757,69,97.41,2031732,2156825,-2.4414549078226098,0
2023-07-28 11:03:09,97.9,10241757,4,97.41,2031732,2156825,-2.4414549078226098,0
2023-07-28 11:03:09,97.9,10241761,4,97.41,2032787,2156821,-2.4414549078226098,0
2023-07-28 11:03:09,97.9,10241761,100,97.41,2032787,2156821,-2.4414549078226098,0
2023-07-28 11:03:09,97.9,10241761,13,97.41,2032787,2156821,-2.4414549078226098,0
2023-07-28 11:03:16,97.9,10241874,6,97.41,2032825,2156708,-2.4414549078226098,0
2023-07-28 11:03:16,97.9,10241874,96,97.41,2032825,2156708,-2.4414549078226098,0
2023-07-28 11:03:19,97.9,10241976,5,97.41,2029012,2156816,-2.4414549078226098,0
2023-07-28 11:03:19,97.9,10241976,25,97.41,2029012,2156816,-2.4414549078226098,0
2023-07-28 11:03:19,97.85,10241976,32,97.41,2029012,2156816,-2.4912805181863478,0
2023-07-28 11:03:19,97.9,10241976,25,97.41,2029012,2156816,-2.4414549078226098,0
2023-07-28 11:03:24,97.9,10242231,25,97.41,2029134,2157261,-2.4414549078226098,0
2023-07-28 11:03:24,97.9,10242231,39,97.41,2029134,2157261,-2.4414549078226098,0
2023-07-28 11:03:24,97.9,10242231,10,97.41,2029134,2157261,-2.4414549078226098,0
2023-07-28 11:03:30,97.9,10242380,10,97.41,2029291,2157112,-2.4414549078226098,0
2023-07-28 11:03:30,97.9,10242380,10,97.41,2030693,2158112,-2.4414549078226098,0
2023-07-28 11:03:30,97.9,10242380,10,97.41,2035771,2158112,-2.4414549078226098,0
2023-07-28 11:03:30,97.85,10242380,148,97.41,2035771,2158112,-2.4912805181863478,0
2023-07-28 11:03:30,97.9,10242380,11,97.41,2035771,2158112,-2.4414549078226098,0
2023-07-28 11:03:42,97.9,10245780,2,97.41,2033097,2154432,-2.4414549078226098,0
2023-07-28 11:03:42,97.9,10245780,56,97.41,2033097,2154432,-2.4414549078226098,0
2023-07-28 11:03:45,97.9,10246073,56,97.41,2033850,2154139,-2.4414549078226098,0
2023-07-28 11:03:45,97.9,10246073,56,97.41,2033763,2155005,-2.4414549078226098,0
2023-07-28 11:03:45,97.9,10246073,56,97.41,2033763,2154581,-2.4414549078226098,0
2023-07-28 11:03:45,97.9,10246073,56,97.41,2031997,2154583,-2.4414549078226098,0
2023-07-28 11:03:45,97.9,10246073,41,97.41,2031997,2154583,-2.4414549078226098,0
2023-07-28 11:03:45,97.9,10246073,24,97.41,2031997,2154583,-2.4414549078226098,0
2023-07-28 11:04:02,97.9,10246202,24,97.41,2032101,2154655,-2.4414549078226098,0
2023-07-28 11:04:02,97.9,10246202,35,97.41,2032101,2154655,-2.4414549078226098,0
2023-07-28 11:04:06,97.9,10246322,35,97.41,2031471,2154637,-2.4414549078226098,0
2023-07-28 11:04:06,97.9,10246322,100,97.41,2031471,2154637,-2.4414549078226098,0
2023-07-28 11:04:06,97.9,10246322,10,97.41,2031471,2154637,-2.4414549078226098,0
2023-07-28 11:04:11,97.9,10246432,10,97.41,2031708,2154529,-2.4414549078226098,0
2023-07-28 11:04:11,97.9,10246432,10,97.41,2031513,2154531,-2.4414549078226098,0
2023-07-28 11:04:11,97.9,10246432,30,97.41,2031513,2154531,-2.4414549078226098,0
2023-07-28 11:04:18,97.9,10246495,30,97.41,2031379,2154904,-2.4414549078226098,0
2023-07-28 11:04:18,97.9,10246495,9,97.41,2031379,2154904,-2.4414549078226098,0
2023-07-28 11:04:22,97.9,10246504,9,97.41,2031323,2155411,-2.4414549078226098,0
2023-07-28 11:04:22,97.85,10246504,511,97.41,2031323,2155411,-2.4912805181863478,0
2023-07-28 11:04:22,97.8,10246504,40,97.41,2031323,2155411,-2.541106128550072,0
2023-07-28 11:04:22,97.85,10246504,20,97.41,2031323,2155411,-2.4912805181863478,0
2023-07-28 11:04:22,97.85,10246504,1,97.41,2031323,2155411,-2.4912805181863478,0
2023-07-28 11:04:29,97.85,10248573,70,97.41,2035571,2154070,-2.4912805181863478,0
2023-07-28 11:04:29,97.85,10248573,100,97.41,2035571,2154070,-2.4912805181863478,0
2023-07-28 11:04:29,97.85,10248573,69,97.41,2035571,2154070,-2.4912805181863478,0
2023-07-28 11:04:29,97.85,10248573,1,97.41,2035571,2154070,-2.4912805181863478,0
2023-07-28 11:04:34,97.85,10248999,25,97.41,2035595,2153649,-2.4912805181863478,0
2023-07-28 11:04:34,97.85,10248999,51,97.41,2035595,2153649,-2.4912805181863478,0
2023-07-28 11:04:34,97.85,10249050,51,97.41,2035782,2154115,-2.4912805181863478,0
2023-07-28 11:04:34,97.85,10249050,1,97.41,2035782,2154115,-2.4912805181863478,0
2023-07-28 11:04:40,97.85,10249051,1,97.41,2035182,2154829,-2.4912805181863478,0
2023-07-28 11:04:47,97.85,10249061,10,97.41,2032597,2153878,-2.4912805181863478,0
2023-07-28 11:04:47,97.85,10249061,5,97.41,2032597,2153878,-2.4912805181863478,0
2023-07-28 11:04:47,97.85,10249061,18,97.41,2032597,2153878,-2.4912805181863478,0
2023-07-28 11:04:47,97.85,10249061,9,97.41,2032597,2153878,-2.4912805181863478,0
2023-07-28 11:04:47,97.85,10249061,50,97.41,2032597,2153878,-2.4912805181863478,0
2023-07-28 11:04:51,97.85,10249168,25,97.41,2032899,2156834,-2.4912805181863478,0
2023-07-28 11:04:51,97.85,10249168,500,97.41,2032899,2156834,-2.4912805181863478,0
2023-07-28 11:04:55,97.85,10250126,316,97.41,2033575,2155971,-2.4912805181863478,0
2023-07-28 11:04:55,97.8,10250126,94,97.41,2033575,2155971,-2.541106128550072,0
2023-07-28 11:04:55,97.85,10250126,99,97.41,2033575,2155971,-2.4912805181863478,0
2023-07-28 11:05:00,97.85,10250426,1,97.41,2031492,2159019,-2.4912805181863478,0
2023-07-28 11:05:00,97.85,10250426,1,97.41,2031492,2159019,-2.4912805181863478,0
2023-07-28 11:05:00,97.85,10250426,5,97.41,2031492,2159019,-2.4912805181863478,0
2023-07-28 11:05:00,97.7,10250426,280,97.41,2031492,2159019,-2.6407573492775205,0
2023-07-28 11:05:00,97.8,10250426,40,97.41,2031492,2159019,-2.541106128550072,0
2023-07-28 11:05:04,97.85,10296580,1047,97.41,2047736,2147711,-2.4912805181863478,0
2023-07-28 11:05:04,97.85,10296580,1047,97.41,2047736,2147711,-2.4912805181863478,0
2023-07-28 11:05:04,97.85,10296580,1047,97.41,2045760,2148585,-2.4912805181863478,0
2023-07-28 11:05:04,97.9,10296580,564,97.41,2045760,2148585,-2.4414549078226098,0
2023-07-28 11:05:04,97.85,10296580,817,97.41,2045760,2148585,-2.4912805181863478,0
2023-07-28 11:05:04,97.9,10296580,493,97.41,2045760,2148585,-2.4414549078226098,0
2023-07-28 11:05:12,97.9,10301927,370,97.41,2051845,2144847,-2.4414549078226098,0
2023-07-28 11:05:12,97.85,10301927,120,97.41,2051845,2144847,-2.4912805181863478,0
2023-07-28 11:05:12,97.9,10301927,5,97.41,2051845,2144847,-2.4414549078226098,0
2023-07-28 11:05:15,97.9,10302052,5,97.41,2051399,2145880,-2.4414549078226098,0
2023-07-28 11:05:15,97.9,10302052,1,97.41,2051399,2145880,-2.4414549078226098,0
2023-07-28 11:05:15,97.9,10302052,2,97.41,2051399,2145880,-2.4414549078226098,0
2023-07-28 11:05:19,97.9,10302055,2,97.41,2051460,2147755,-2.4414549078226098,0
2023-07-28 11:05:19,97.9,10302055,2,97.41,2051460,2147755,-2.4414549078226098,0
2023-07-28 11:05:19,97.9,10302055,2,97.41,2051460,2147755,-2.4414549078226098,0
2023-07-28 11:05:19,97.9,10302055,2,97.41,2051460,2147755,-2.4414549078226098,0
2023-07-28 11:05:19,97.9,10302055,2,97.41,2051460,2147755,-2.4414549078226098,0
2023-07-28 11:05:19,97.9,10302055,2,97.41,2051460,2147755,-2.4414549078226098,0
2023-07-28 11:05:19,97.9,10302055,2,97.41,2050564,2145681,-2.4414549078226098,0
2023-07-28 11:05:19,97.9,10302055,2,97.41,2050564,2145681,-2.4414549078226098,0
2023-07-28 11:05:19,97.9,10302055,2,97.41,2050564,2145681,-2.4414549078226098,0
2023-07-28 11:05:19,97.9,10302055,1,97.41,2050564,2145681,-2.4414549078226098,0
2023-07-28 11:05:29,97.9,10302056,3,97.41,2050612,2154674,-2.4414549078226098,0
2023-07-28 11:05:30,97.9,10302059,3,97.41,2050605,2154146,-2.4414549078226098,0
2023-07-28 11:05:30,97.85,10302059,57,97.41,2050605,2154146,-2.4912805181863478,0
2023-07-28 11:05:30,97.85,10302059,30,97.41,2050605,2154146,-2.4912805181863478,0
2023-07-28 11:05:38,97.9,10303843,1504,97.41,2048147,2158045,-2.4414549078226098,0
2023-07-28 11:05:38,97.85,10303843,25,97.41,2048147,2158045,-2.4912805181863478,0
2023-07-28 11:05:42,97.9,10304873,1000,97.41,2050979,2153748,-2.4414549078226098,0
2023-07-28 11:05:42,97.9,10304873,1,97.41,2050979,2153748,-2.4414549078226098,0
2023-07-28 11:05:43,97.9,10304909,1,97.41,2050456,2153573,-2.4414549078226098,0
2023-07-28 11:05:43,97.9,10304909,1,97.41,2047096,2156818,-2.4414549078226098,0
2023-07-28 11:05:43,97.9,10304909,1,97.41,2047096,2156818,-2.4414549078226098,0
2023-07-28 11:05:54,97.9,10304910,1,97.41,2044786,2156817,-2.4414549078226098,0
2023-07-28 11:05:54,97.9,10304910,1,97.41,2045497,2166843,-2.4414549078226098,0
2023-07-28 11:05:54,97.8,10304910,278,97.41,2045497,2166843,-2.541106128550072,0
2023-07-28 11:05:54,97.9,10304910,478,97.41,2045497,2166843,-2.4414549078226098,0
2023-07-28 11:06:03,97.9,10306388,478,97.41,2044994,2170476,-2.4414549078226098,0
2023-07-28 11:06:03,97.9,10306388,480,97.41,2044994,2170476,-2.4414549078226098,0
2023-07-28 11:06:03,97.9,10306388,10,97.41,2044994,2170476,-2.4414549078226098,0
2023-07-28 11:06:03,97.8,10306388,54,97.41,2044994,2170476,-2.541106128550072,0
2023-07-28 11:06:09,97.9,10307423,245,97.41,2044369,2168126,-2.4414549078226098,0
2023-07-28 11:06:09,97.9,10307423,245,97.41,2043011,2169673,-2.4414549078226098,0
2023-07-28 11:06:09,97.8,10307423,272,97.41,2043011,2169673,-2.541106128550072,0
2023-07-28 11:06:09,97.9,10307423,109,97.41,2043011,2169673,-2.4414549078226098,0
2023-07-28 11:06:15,97.9,10308187,109,97.41,2042187,2168354,-2.4414549078226098,0
2023-07-28 11:06:15,97.85,10308187,7,97.41,2042187,2168354,-2.4912805181863478,0
2023-07-28 11:06:15,97.9,10308187,79,97.41,2042187,2168354,-2.4414549078226098,0
2023-07-28 11:06:22,97.9,10308277,79,97.41,2042238,2169322,-2.4414549078226098,0
2023-07-28 11:06:22,97.9,10308277,100,97.41,2042238,2169322,-2.4414549078226098,0
2023-07-28 11:06:22,97.8,10308277,35,97.41,2042238,2169322,-2.541106128550072,0
2023-07-28 11:06:22,97.9,10308277,384,97.41,2042238,2169322,-2.4414549078226098,0
2023-07-28 11:06:26,97.9,10309876,50,97.41,2043895,2167128,-2.4414549078226098,0
2023-07-28 11:06:32,97.9,10309976,50,97.41,2041244,2166958,-2.4414549078226098,0
2023-07-28 11:06:32,97.8,10309976,385,97.41,2041244,2166958,-2.541106128550072,0
2023-07-28 11:06:32,97.9,10309976,238,97.41,2041244,2166958,-2.4414549078226098,0
2023-07-28 11:06:32,97.8,10309976,13,97.41,2041244,2166958,-2.541106128550072,0
2023-07-28 11:06:35,97.8,10310781,13,97.41,2039570,2167252,-2.541106128550072,0
2023-07-28 11:06:35,97.8,10310781,98,97.41,2039570,2167252,-2.541106128550072,0
2023-07-28 11:06:35,97.9,10310781,37,97.41,2039570,2167252,-2.4414549078226098,0
2023-07-28 11:06:35,97.8,10310781,90,97.41,2039570,2167252,-2.541106128550072,0
2023-07-28 11:06:40,97.8,10311046,90,97.41,2003415,2167187,-2.541106128550072,0
2023-07-28 11:06:40,97.9,10311046,44,97.41,2003415,2167187,-2.4414549078226098,0
2023-07-28 11:06:45,97.9,10311590,500,97.41,2005663,2166662,-2.4414549078226098,0
2023-07-28 11:06:45,97.8,10311590,118,97.41,2005663,2166662,-2.541106128550072,0
2023-07-28 11:06:50,97.9,10316708,2444,97.41,2010426,2160229,-2.4414549078226098,0
2023-07-28 11:06:50,97.9,10316708,2444,97.41,2045282,2159576,-2.4414549078226098,0
2023-07-28 11:06:50,97.9,10316708,2444,97.41,2003507,2166715,-2.4414549078226098,0
2023-07-28 11:06:50,97.9,10316708,5,97.41,2003507,2166715,-2.4414549078226098,0
2023-07-28 11:07:01,97.9,10316713,5,97.41,2042096,2167821,-2.4414549078226098,0
2023-07-28 11:07:01,97.9,10316713,5,97.41,2049590,2166024,-2.4414549078226098,0
2023-07-28 11:07:01,97.9,10316713,5,97.41,2049858,2166024,-2.4414549078226098,0
2023-07-28 11:07:01,97.85,10316713,152,97.41,2049858,2166024,-2.4912805181863478,0
2023-07-28 11:07:01,97.85,10316713,8,97.41,2049858,2166024,-2.4912805181863478,0
2023-07-28 11:07:01,97.9,10316713,1969,97.41,2049858,2166024,-2.4414549078226098,0
2023-07-28 11:07:16,97.9,10319854,70,97.41,2045621,2154445,-2.4414549078226098,0
2023-07-28 11:07:16,97.9,10319854,35,97.41,2045621,2154445,-2.4414549078226098,0
2023-07-28 11:07:16,97.9,10319854,1185,97.41,2045621,2154445,-2.4414549078226098,0
2023-07-28 11:07:20,97.9,10321194,642,97.41,2045125,2155499,-2.4414549078226098,0
2023-07-28 11:07:21,97.9,10321836,642,97.41,2044830,2158322,-2.4414549078226098,0
2023-07-28 11:07:21,97.9,10321836,642,97.41,2044797,2157628,-2.4414549078226098,0
2023-07-28 11:07:21,97.9,10321836,314,97.41,2044797,2157628,-2.4414549078226098,0
2023-07-28 11:07:21,97.9,10321836,155,97.41,2044797,2157628,-2.4414549078226098,0
2023-07-28 11:07:31,97.9,10322305,155,97.41,2038184,2156722,-2.4414549078226098,0
2023-07-28 11:07:37,97.85,10322306,1,97.41,2045335,2158367,-2.4912805181863478,0
2023-07-28 11:07:37,97.9,10322306,7,97.41,2045335,2158367,-2.4414549078226098,0
2023-07-28 11:07:42,97.9,10322367,4,97.41,2038319,2159306,-2.4414549078226098,0
2023-07-28 11:07:42,97.9,10322367,4,97.41,2038319,2159306,-2.4414549078226098,0
2023-07-28 11:07:42,97.9,10322367,25,97.41,2038319,2159306,-2.4414549078226098,0
2023-07-28 11:07:43,97.9,10322392,25,97.41,2045537,2161331,-2.4414549078226098,0
2023-07-28 11:07:43,97.85,10322392,1,97.41,2045537,2161331,-2.4912805181863478,0
2023-07-28 11:07:47,97.85,10322393,1,97.41,2049877,2169981,-2.4912805181863478,0
2023-07-28 11:07:47,97.9,10322393,50,97.41,2049877,2169981,-2.4414549078226098,0
2023-07-28 11:07:55,97.85,10322743,300,97.41,2049432,2169175,-2.4912805181863478,0
2023-07-28 11:07:55,97.9,10322743,173,97.41,2049432,2169175,-2.4414549078226098,0
2023-07-28 11:07:55,97.9,10322743,1,97.41,2049432,2169175,-2.4414549078226098,0
2023-07-28 11:07:55,97.85,10322743,40,97.41,2049432,2169175,-2.4912805181863478,0
2023-07-28 11:07:59,97.85,10322957,40,97.41,2049530,2169120,-2.4912805181863478,0
2023-07-28 11:07:59,97.9,10322957,20,97.41,2049530,2169120,-2.4414549078226098,0
2023-07-28 11:07:59,97.9,10322957,1,97.41,2049530,2169120,-2.4414549078226098,0
2023-07-28 11:08:02,97.9,10322978,1,97.41,2051760,2169155,-2.4414549078226098,0
2023-07-28 11:08:02,97.9,10322978,692,97.41,2051760,2169155,-2.4414549078226098,0
2023-07-28 11:08:02,97.9,10322978,100,97.41,2051760,2169155,-2.4414549078226098,0
2023-07-28 11:08:02,97.9,10322978,1,97.41,2051760,2169155,-2.4414549078226098,0
2023-07-28 11:08:08,97.9,10324215,1,97.41,2051673,2167918,-2.4414549078226098,0
2023-07-28 11:08:08,97.9,10324215,20,97.41,2051673,2167918,-2.4414549078226098,0
2023-07-28 11:08:09,97.9,10324235,20,97.41,2051912,2167898,-2.4414549078226098,0
2023-07-28 11:08:09,97.9,10324235,20,97.41,2051912,2167898,-2.4414549078226098,0
2023-07-28 11:08:15,97.9,10324255,20,97.41,2052145,2167084,-2.4414549078226098,0
2023-07-28 11:08:15,97.85,10324255,200,97.41,2052145,2167084,-2.4912805181863478,0
2023-07-28 11:08:15,97.9,10324255,500,97.41,2052145,2167084,-2.4414549078226098,0
2023-07-28 11:08:15,97.9,10324255,2290,97.41,2052145,2167084,-2.4414549078226098,0
2023-07-28 11:08:23,97.9,10328910,100,97.41,2052276,2159901,-2.4414549078226098,0
2023-07-28 11:08:23,97.9,10328910,100,97.41,2052276,2159901,-2.4414549078226098,0
2023-07-28 11:08:23,97.9,10328910,100,97.41,2052276,2159901,-2.4414549078226098,0
2023-07-28 11:08:23,97.9,10328910,100,97.41,2052276,2159901,-2.4414549078226098,0
2023-07-28 11:08:23,97.9,10328910,100,97.41,2052276,2159901,-2.4414549078226098,0
2023-07-28 11:08:23,97.9,10328910,50,97.41,2052276,2159901,-2.4414549078226098,0
2023-07-28 11:08:23,97.9,10328910,50,97.41,2052276,2159901,-2.4414549078226098,0
2023-07-28 11:08:27,97.95,10356061,15,97.41,2066701,2112729,-2.3916292974588855,0
2023-07-28 11:08:27,98.0,10356061,1504,97.41,2066701,2112729,-2.3418036870951613,0
2023-07-28 11:08:27,98.0,10356061,1504,97.41,2066701,2112729,-2.3418036870951613,0
2023-07-28 11:08:27,98.0,10356061,20,97.41,2066701,2112729,-2.3418036870951613,0
2023-07-28 11:08:27,98.0,10356061,15,97.41,2066701,2112729,-2.3418036870951613,0
2023-07-28 11:08:27,98.05,10356061,32,97.41,2066701,2112729,-2.291978076731437,0
2023-07-28 11:08:31,98.05,10383706,32,97.41,2098008,2073042,-2.291978076731437,0
2023-07-28 11:08:31,98.0,10383706,50,97.41,2098008,2073042,-2.3418036870951613,0
2023-07-28 11:08:32,98.05,10383756,1,97.41,2083169,2074849,-2.291978076731437,0
2023-07-28 11:08:32,98.05,10383756,9,97.41,2083169,2074849,-2.291978076731437,0
2023-07-28 11:08:38,98.05,10383966,9,97.41,2082510,2074689,-2.291978076731437,0
2023-07-28 11:08:38,98.05,10383966,392,97.41,2082510,2074689,-2.291978076731437,0
2023-07-28 11:08:45,98.05,10384358,392,97.41,2081145,2076913,-2.291978076731437,0
2023-07-28 11:08:45,98.05,10384358,500,97.41,2081145,2076913,-2.291978076731437,0
2023-07-28 11:08:45,98.05,10384358,50,97.41,2081145,2076913,-2.291978076731437,0
2023-07-28 11:08:49,98.05,10384910,2,97.41,2081730,2076400,-2.291978076731437,0
2023-07-28 11:08:49,98.05,10384910,165,97.41,2081730,2076400,-2.291978076731437,0
2023-07-28 11:08:49,98.05,10384910,25,97.41,2081730,2076400,-2.291978076731437,0
2023-07-28 11:08:52,98.0,10385935,100,97.41,2080784,2076650,-2.3418036870951613,0
2023-07-28 11:08:52,98.0,10385935,50,97.41,2080784,2076650,-2.3418036870951613,0
2023-07-28 11:08:52,98.0,10385935,1,97.41,2080784,2076650,-2.3418036870951613,0
2023-07-28 11:08:56,98.0,10386086,1,97.41,2081226,2076650,-2.3418036870951613,0
2023-07-28 11:08:56,98.0,10386086,1,97.41,2081239,2078725,-2.3418036870951613,0
2023-07-28 11:09:04,98.05,10386286,200,97.41,2081241,2078675,-2.291978076731437,0
2023-07-28 11:09:04,98.05,10386286,199,97.41,2081241,2078675,-2.291978076731437,0
2023-07-28 11:09:07,98.0,10386526,200,97.41,2082780,2078435,-2.3418036870951613,0
2023-07-28 11:09:07,98.05,10386526,450,97.41,2082780,2078435,-2.291978076731437,0
2023-07-28 11:09:07,98.05,10386526,10,97.41,2082780,2078435,-2.291978076731437,0
2023-07-28 11:09:11,98.05,10387186,10,97.41,2082263,2093250,-2.291978076731437,0
2023-07-28 11:09:11,98.05,10387186,1,97.41,2082263,2093250,-2.291978076731437,0
2023-07-28 11:09:17,98.0,10387489,300,97.41,2082056,2092383,-2.3418036870951613,0
2023-07-28 11:09:17,98.05,10387489,722,97.41,2082056,2092383,-2.291978076731437,0
2023-07-28 11:09:18,98.05,10388311,722,97.41,2074329,2095518,-2.291978076731437,0
2023-07-28 11:09:18,98.05,10388311,179,97.41,2074329,2095518,-2.291978076731437,0
2023-07-28 11:09:18,98.05,10388311,660,97.41,2074329,2095518,-2.291978076731437,0
2023-07-28 11:09:24,98.05,10404982,660,97.41,2071376,2081049,-2.291978076731437,0
2023-07-28 11:09:24,98.05,10404982,10,97.41,2071376,2081049,-2.291978076731437,0
2023-07-28 11:09:24,98.05,10404982,10,97.41,2071376,2081049,-2.291978076731437,0
2023-07-28 11:09:24,98.05,10404982,200,97.41,2071376,2081049,-2.291978076731437,0
2023-07-28 11:09:28,98.05,10410202,200,97.41,2019081,2083457,-2.291978076731437,0
2023-07-28 11:09:28,98.05,10410202,200,97.41,2024784,2085589,-2.291978076731437,0
2023-07-28 11:09:28,98.05,10410202,11,97.41,2024784,2085589,-2.291978076731437,0
2023-07-28 11:09:35,98.05,10410213,11,97.41,2026706,2084534,-2.291978076731437,0
2023-07-28 11:09:35,98.05,10410213,100,97.41,2026706,2084534,-2.291978076731437,0
2023-07-28 11:09:41,98.05,10410313,100,97.41,2025877,2083986,-2.291978076731437,0
2023-07-28 11:09:41,98.05,10410313,100,97.41,2025877,2083986,-2.291978076731437,0
2023-07-28 11:09:45,98.05,10411415,445,97.41,2025875,2082530,-2.291978076731437,0
2023-07-28 11:09:45,98.05,10411415,20,97.41,2025875,2082530,-2.291978076731437,0
2023-07-28 11:09:49,98.05,10411455,20,97.41,2031886,2078544,-2.291978076731437,0
2023-07-28 11:09:54,98.05,10424742,19,97.41,2057040,2061756,-2.291978076731437,0
2023-07-28 11:09:54,98.05,10424742,19,97.41,2100548,2054666,-2.291978076731437,0
2023-07-28 11:09:54,98.1,10424742,1,97.41,2100548,2054666,-2.2421524663677133,0
2023-07-28 11:09:54,98.1,10424742,16,97.41,2100548,2054666,-2.2421524663677133,0
2023-07-28 11:10:05,98.1,10424768,16,97.41,2098025,2056004,-2.2421524663677133,0
2023-07-28 11:10:05,98.1,10424768,200,97.41,2098025,2056004,-2.2421524663677133,0
2023-07-28 11:10:05,98.05,10424768,3,97.41,2098025,2056004,-2.291978076731437,0
2023-07-28 11:10:05,98.1,10424768,20,97.41,2098025,2056004,-2.2421524663677133,0
2023-07-28 11:10:05,98.1,10424768,1,97.41,2098025,2056004,-2.2421524663677133,0
2023-07-28 11:10:05,98.1,10424768,100,97.41,2098025,2056004,-2.2421524663677133,0
2023-07-28 11:10:05,98.1,10424768,100,97.41,2098025,2056004,-2.2421524663677133,0
2023-07-28 11:10:05,98.1,10424768,97,97.41,2098025,2056004,-2.2421524663677133,0
2023-07-28 11:10:15,98.1,10426292,97,97.41,2142177,2038076,-2.2421524663677133,0
2023-07-28 11:10:15,98.1,10426292,1,97.41,2142177,2038076,-2.2421524663677133,0
2023-07-28 11:10:15,98.05,10426292,300,97.41,2142177,2038076,-2.291978076731437,0
2023-07-28 11:10:15,98.1,10426292,1,97.41,2142177,2038076,-2.2421524663677133,0
2023-07-28 11:10:15,98.1,10426292,118,97.41,2142177,2038076,-2.2421524663677133,0
2023-07-28 11:10:21,98.15,10426819,100,97.41,2124755,2047278,-2.192326856003975,0
2023-07-28 11:10:25,98.15,10426822,2,97.41,2140795,2047276,-2.192326856003975,0
2023-07-28 11:10:25,98.1,10426822,25,97.41,2140795,2047276,-2.2421524663677133,0
2023-07-28 11:10:25,98.15,10426822,1,97.41,2140795,2047276,-2.192326856003975,0
2023-07-28 11:10:28,98.15,10427148,1,97.41,2089406,2048895,-2.192326856003975,0
2023-07-28 11:10:28,98.15,10427148,338,97.41,2089406,2048895,-2.192326856003975,0
2023-07-28 11:10:33,98.1,10430195,50,97.41,2140275,2028449,-2.2421524663677133,0
2023-07-28 11:10:33,98.15,10430195,180,97.41,2140275,2028449,-2.192326856003975,0
2023-07-28 11:10:36,98.15,10430375,180,97.41,2138949,2030148,-2.192326856003975,0
2023-07-28 11:10:36,98.15,10430375,900,97.41,2138949,2030148,-2.192326856003975,0
2023-07-28 11:10:36,98.15,10430375,150,97.41,2138949,2030148,-2.192326856003975,0
2023-07-28 11:10:36,98.15,10430375,25,97.41,2138949,2030148,-2.192326856003975,0
2023-07-28 11:10:36,98.1,10430375,100,97.41,2138949,2030148,-2.2421524663677133,0
2023-07-28 11:10:41,98.1,10431580,100,97.41,2134702,2029842,-2.2421524663677133,0
2023-07-28 11:10:41,98.15,10431580,38,97.41,2134702,2029842,-2.192326856003975,0
2023-07-28 11:10:45,98.15,10432633,1000,97.42,2137887,2028730,-2.192326856003975,0
2023-07-28 11:10:45,98.15,10432633,34,97.42,2137887,2028730,-2.192326856003975,0
2023-07-28 11:10:45,98.1,10432633,1,97.42,2137887,2028730,-2.2421524663677133,0
2023-07-28 11:10:47,98.1,10432668,1,97.42,2136059,2028748,-2.2421524663677133,0
2023-07-28 11:10:47,98.1,10432668,4,97.42,2136059,2028748,-2.2421524663677133,0
2023-07-28 11:10:54,98.1,10432877,5,97.42,2135373,2029043,-2.2421524663677133,0
2023-07-28 11:10:54,98.1,10432877,5,97.42,2135373,2029043,-2.2421524663677133,0
2023-07-28 11:10:54,98.1,10432877,830,97.42,2135373,2029043,-2.2421524663677133,0
2023-07-28 11:10:55,98.1,10436985,830,97.42,2126842,2039463,-2.2421524663677133,0
2023-07-28 11:10:55,98.1,10436985,50,97.42,2126842,2039463,-2.2421524663677133,0
2023-07-28 11:10:55,98.1,10436985,1251,97.42,2126842,2039463,-2.2421524663677133,0
2023-07-28 11:10:59,98.0,10439036,1420,97.42,2127773,2037758,-2.3418036870951613,0
2023-07-28 11:10:59,98.05,10439036,1000,97.42,2127773,2037758,-2.291978076731437,0
2023-07-28 11:10:59,98.05,10439036,1,97.42,2127773,2037758,-2.291978076731437,0
2023-07-28 11:11:04,98.05,10459947,1,97.42,2038841,2058476,-2.291978076731437,0
2023-07-28 11:11:04,98.05,10459947,433,97.42,2038841,2058476,-2.291978076731437,0
2023-07-28 11:11:04,98.05,10459947,25,97.42,2038841,2058476,-2.291978076731437,0
2023-07-28 11:11:10,98.0,10460455,50,97.42,2039739,2059748,-2.3418036870951613,0
2023-07-28 11:11:10,98.05,10460455,50,97.42,2039739,2059748,-2.291978076731437,0
2023-07-28 11:11:10,98.05,10460455,100,97.42,2039739,2059748,-2.291978076731437,0
2023-07-28 11:11:14,98.05,10460605,100,97.42,2041759,2058943,-2.291978076731437,0
2023-07-28 11:11:19,98.05,10460705,100,97.42,2042483,2057883,-2.291978076731437,0
2023-07-28 11:11:19,98.05,10460705,3,97.42,2042483,2057883,-2.291978076731437,0
2023-07-28 11:11:24,98.05,10460808,100,97.42,2042477,2057780,-2.291978076731437,0
2023-07-28 11:11:24,98.05,10460808,100,97.42,2042477,2057780,-2.291978076731437,0
2023-07-28 11:11:24,98.0,10460808,50,97.42,2042477,2057780,-2.3418036870951613,0
2023-07-28 11:11:24,98.0,10460808,50,97.42,2042477,2057780,-2.3418036870951613,0
2023-07-28 11:11:24,98.0,10460808,50,97.42,2042477,2057780,-2.3418036870951613,0
2023-07-28 11:11:24,98.0,10460808,50,97.42,2042477,2057780,-2.3418036870951613,0
2023-07-28 11:11:24,98.0,10460808,50,97.42,2042477,2057780,-2.3418036870951613,0
2023-07-28 11:11:25,98.0,10460858,50,97.42,2043427,2064891,-2.3418036870951613,0
2023-07-28 11:11:25,98.0,10460858,50,97.42,2043427,2064891,-2.3418036870951613,0
2023-07-28 11:11:25,98.0,10460858,50,97.42,2043427,2064891,-2.3418036870951613,0
2023-07-28 11:11:25,98.05,10460858,1,97.42,2043427,2064891,-2.291978076731437,0
2023-07-28 11:11:32,98.0,10460860,1,97.42,2042007,2072628,-2.3418036870951613,0
2023-07-28 11:11:32,98.05,10460860,5,97.42,2042007,2072628,-2.291978076731437,0
2023-07-28 11:11:32,98.05,10460860,1,97.42,2042007,2072628,-2.291978076731437,0
2023-07-28 11:11:34,98.05,10460866,1,97.42,2042007,2078287,-2.291978076731437,0
2023-07-28 11:11:34,98.0,10460866,100,97.42,2042007,2078287,-2.3418036870951613,0
2023-07-28 11:11:34,98.05,10460866,30,97.42,2042007,2078287,-2.291978076731437,0
2023-07-28 11:11:34,98.05,10460866,224,97.42,2042007,2078287,-2.291978076731437,0
2023-07-28 11:11:39,98.0,10466694,900,97.42,2045755,2073841,-2.3418036870951613,0
2023-07-28 11:11:39,98.05,10466694,1,97.42,2045755,2073841,-2.291978076731437,0
2023-07-28 11:11:44,98.05,10466695,1,97.42,2028626,2073962,-2.291978076731437,0
2023-07-28 11:11:44,98.05,10466695,1,97.42,2030987,2074012,-2.291978076731437,0
2023-07-28 11:11:44,98.05,10466695,100,97.42,2030987,2074012,-2.291978076731437,0
2023-07-28 11:11:53,98.05,10466935,140,97.42,2032013,2073922,-2.291978076731437,0
2023-07-28 11:11:53,98.05,10466935,8,97.42,2032013,2073922,-2.291978076731437,0
2023-07-28 11:11:53,98.05,10466935,4,97.42,2032013,2073922,-2.291978076731437,0
2023-07-28 11:11:57,98.05,10467053,5,97.42,2032340,2074755,-2.291978076731437,0
2023-07-28 11:11:57,98.05,10467053,5,97.42,2032340,2074755,-2.291978076731437,0
2023-07-28 11:11:57,98.05,10467053,100,97.42,2032340,2074755,-2.291978076731437,0
2023-07-28 11:11:57,98.05,10467053,10,97.42,2032340,2074755,-2.291978076731437,0
2023-07-28 11:11:59,98.05,10467163,10,97.42,2032601,2075255,-2.291978076731437,0
2023-07-28 11:11:59,98.05,10467163,10,97.42,2031945,2075255,-2.291978076731437,0
2023-07-28 11:11:59,98.05,10467163,1,97.42,2031945,2075255,-2.291978076731437,0
2023-07-28 11:11:59,98.0,10467163,200,97.42,2031945,2075255,-2.3418036870951613,0
2023-07-28 11:12:08,98.05,10467364,36,97.42,2032284,2076032,-2.291978076731437,0
2023-07-28 11:12:10,98.05,10467464,36,97.42,2032291,2077188,-2.291978076731437,0
2023-07-28 11:12:10,98.05,10467464,361,97.42,2032291,2077188,-2.291978076731437,0
2023-07-28 11:12:10,98.0,10467464,5,97.42,2032291,2077188,-2.3418036870951613,0
2023-07-28 11:12:10,98.05,10467464,2,97.42,2032291,2077188,-2.291978076731437,0
2023-07-28 11:12:17,98.05,10467832,2,97.42,2073042,2076054,-2.291978076731437,0
2023-07-28 11:12:17,98.0,10467832,20,97.42,2073042,2076054,-2.3418036870951613,0
2023-07-28 11:12:20,98.0,10467852,20,97.42,2047949,2076455,-2.3418036870951613,0
2023-07-28 11:12:20,98.05,10467852,369,97.42,2047949,2076455,-2.291978076731437,0
2023-07-28 11:12:27,98.05,10468652,369,97.42,2054150,2076537,-2.291978076731437,0
2023-07-28 11:12:27,98.1,10468652,657,97.42,2054150,2076537,-2.2421524663677133,0
2023-07-28 11:12:27,98.1,10468652,2,97.42,2054150,2076537,-2.2421524663677133,0
2023-07-28 11:12:29,98.1,10478654,2,97.42,2069174,2068181,-2.2421524663677133,0
2023-07-28 11:12:29,98.05,10478654,50,97.42,2069174,2068181,-2.291978076731437,0
2023-07-28 11:12:29,98.05,10478654,300,97.42,2069174,2068181,-2.291978076731437,0
2023-07-28 11:12:36,98.05,10479004,10,97.42,2057104,2073982,-2.291978076731437,0
2023-07-28 11:12:36,98.05,10479004,12,97.42,2057104,2073982,-2.291978076731437,0
2023-07-28 11:12:38,98.05,10479026,12,97.42,2057996,2073951,-2.291978076731437,0
2023-07-28 11:12:38,98.05,10479026,55,97.42,2057996,2073951,-2.291978076731437,0
2023-07-28 11:12:38,98.05,10479026,30,97.42,2057996,2073951,-2.291978076731437,0
2023-07-28 11:12:38,98.05,10479026,3,97.42,2057996,2073951,-2.291978076731437,0
2023-07-28 11:12:44,98.05,10479432,3,97.42,2057448,2079145,-2.291978076731437,0
2023-07-28 11:12:44,98.05,10479432,14,97.42,2057448,2079145,-2.291978076731437,0
2023-07-28 11:12:44,98.05,10479432,37,97.42,2057448,2079145,-2.291978076731437,0
2023-07-28 11:12:50,98.05,10479483,37,97.42,2057468,2078628,-2.291978076731437,0
2023-07-28 11:12:50,98.05,10479483,4,97.42,2057468,2078628,-2.291978076731437,0
2023-07-28 11:12:50,98.05,10479483,85,97.42,2057468,2078628,-2.291978076731437,0
2023-07-28 11:12:50,98.0,10479483,60,97.42,2057468,2078628,-2.3418036870951613,0
2023-07-28 11:12:56,98.0,10479633,60,97.42,2061550,2074853,-2.3418036870951613,0
2023-07-28 11:12:56,98.05,10479633,400,97.42,2061550,2074853,-2.291978076731437,0
2023-07-28 11:12:56,98.05,10479633,433,97.42,2061550,2074853,-2.291978076731437,0
2023-07-28 11:13:01,98.05,10480733,433,97.42,2057057,2078063,-2.291978076731437,0
2023-07-28 11:13:01,98.0,10480733,10,97.42,2057057,2078063,-2.3418036870951613,0
2023-07-28 11:13:04,98.05,10480743,10,97.42,2058197,2089463,-2.291978076731437,0
2023-07-28 11:13:04,98.05,10480743,3,97.42,2058197,2089463,-2.291978076731437,0
2023-07-28 11:13:08,98.05,10480856,3,97.42,2059803,2089375,-2.291978076731437,0
2023-07-28 11:13:08,98.05,10480856,25,97.42,2059803,2089375,-2.291978076731437,0
2023-07-28 11:13:12,98.05,10480881,25,97.42,2060597,2085744,-2.291978076731437,0
2023-07-28 11:13:12,98.05,10480881,994,97.42,2060597,2085744,-2.291978076731437,0
2023-07-28 11:13:12,98.05,10480881,296,97.42,2060597,2085744,-2.291978076731437,0
2023-07-28 11:13:19,98.0,10482882,1,97.42,2060068,2085510,-2.3418036870951613,0
2023-07-28 11:13:19,98.05,10482882,30,97.42,2060068,2085510,-2.291978076731437,0
2023-07-28 11:13:19,98.1,10482882,692,97.42,2060068,2085510,-2.2421524663677133,0
2023-07-28 11:13:22,98.1,10483912,692,97.42,2063030,2084868,-2.2421524663677133,0
2023-07-28 11:13:28,98.1,10484912,17,97.42,2063095,2090170,-2.2421524663677133,0
2023-07-28 11:13:28,98.1,10484912,1,97.42,2063095,2090170,-2.2421524663677133,0
2023-07-28 11:13:30,98.1,10485550,1,97.42,2065753,2090927,-2.2421524663677133,0
2023-07-28 11:13:30,98.1,10485550,50,97.42,2065753,2090927,-2.2421524663677133,0
2023-07-28 11:13:30,98.1,10485550,10,97.42,2065753,2090927,-2.2421524663677133,0
2023-07-28 11:13:30,98.05,10485550,5,97.42,2065753,2090927,-2.291978076731437,0
2023-07-28 11:13:30,98.05,10485550,6,97.42,2065753,2090927,-2.291978076731437,0
2023-07-28 11:13:37,98.05,10497527,181,97.42,2087909,2108646,-2.291978076731437,0
2023-07-28 11:13:37,98.05,10497527,500,97.42,2087909,2108646,-2.291978076731437,0
2023-07-28 11:13:37,98.05,10497527,1,97.42,2087909,2108646,-2.291978076731437,0
2023-07-28 11:13:40,98.05,10499028,1,97.42,2093923,2105364,-2.291978076731437,0
2023-07-28 11:13:40,98.05,10499028,1,97.42,2093923,2105364,-2.291978076731437,0
2023-07-28 11:13:44,98.05,10499029,1,97.42,2091090,2105892,-2.291978076731437,0
2023-07-28 11:13:44,98.05,10499029,3,97.42,2091090,2105892,-2.291978076731437,0
2023-07-28 11:13:44,98.05,10499029,50,97.42,2091090,2105892,-2.291978076731437,0
2023-07-28 11:13:44,98.05,10499029,50,97.42,2091090,2105892,-2.291978076731437,0
2023-07-28 11:13:49,98.05,10499132,50,97.42,2090155,2105789,-2.291978076731437,0
2023-07-28 11:13:49,98.05,10499132,60,97.42,2090155,2105789,-2.291978076731437,0
2023-07-28 11:13:54,98.05,10499222,50,97.42,2103428,2102622,-2.291978076731437,0
2023-07-28 11:13:56,98.05,10499272,50,97.42,2102431,2120749,-2.291978076731437,0
2023-07-28 11:13:56,98.05,10499272,1,97.42,2102431,2120749,-2.291978076731437,0
2023-07-28 11:14:08,98.0,10499782,100,97.42,2105564,2116597,-2.3418036870951613,0
2023-07-28 11:14:08,98.0,10499782,200,97.42,2105564,2116597,-2.3418036870951613,0
2023-07-28 11:14:12,98.05,10500132,50,97.42,2107155,2116651,-2.291978076731437,0
2023-07-28 11:14:12,98.05,10500132,1,97.42,2107155,2116651,-2.291978076731437,0
2023-07-28 11:14:16,98.05,10500133,1,97.42,2107909,2115335,-2.291978076731437,0
2023-07-28 11:14:16,98.05,10500133,1,97.42,2107775,2115510,-2.291978076731437,0
2023-07-28 11:14:16,98.05,10500133,5,97.42,2107775,2115510,-2.291978076731437,0
2023-07-28 11:14:16,98.05,10500133,5,97.42,2107775,2115510,-2.291978076731437,0
2023-07-28 11:14:16,98.05,10500133,5,97.42,2107775,2115510,-2.291978076731437,0
2023-07-28 11:14:16,98.05,10500133,5,97.42,2107775,2115510,-2.291978076731437,0
2023-07-28 11:14:25,98.05,10500142,4,97.42,2106792,2118134,-2.291978076731437,0
2023-07-28 11:14:25,98.05,10500142,198,97.42,2106792,2118134,-2.291978076731437,0
2023-07-28 11:14:25,98.05,10500142,1000,97.42,2106792,2118134,-2.291978076731437,0
2023-07-28 11:14:25,98.0,10500142,150,97.42,2106792,2118134,-2.3418036870951613,0
2023-07-28 11:14:25,98.0,10500142,150,97.42,2106792,2118134,-2.3418036870951613,0
2023-07-28 11:14:25,98.0,10500142,150,97.42,2106792,2118134,-2.3418036870951613,0
2023-07-28 11:14:25,98.05,10500142,258,97.42,2106792,2118134,-2.291978076731437,0
2023-07-28 11:14:29,98.05,10501791,258,97.42,2071075,2116535,-2.291978076731437,0
2023-07-28 11:14:29,98.05,10501791,10,97.42,2071075,2116535,-2.291978076731437,0
2023-07-28 11:14:29,98.0,10501791,176,97.42,2071075,2116535,-2.3418036870951613,0
2023-07-28 11:14:29,98.05,10501791,10,97.42,2071075,2116535,-2.291978076731437,0
2023-07-28 11:14:29,98.05,10501791,1,97.42,2071075,2116535,-2.291978076731437,0
2023-07-28 11:14:39,98.05,10502024,12,97.42,2071011,2104546,-2.291978076731437,0
2023-07-28 11:14:39,98.05,10502024,12,97.42,2071011,2104546,-2.291978076731437,0
2023-07-28 11:14:39,98.05,10502024,10,97.42,2071011,2104546,-2.291978076731437,0
2023-07-28 11:14:39,98.05,10502024,470,97.42,2071011,2104546,-2.291978076731437,0
2023-07-28 11:14:42,98.05,10502573,470,97.42,2071841,2111006,-2.291978076731437,0
2023-07-28 11:14:42,98.05,10502573,224,97.42,2071841,2111006,-2.291978076731437,0
2023-07-28 11:14:47,98.05,10503073,6,97.42,2072171,2112649,-2.291978076731437,0
2023-07-28 11:14:47,98.05,10503073,37,97.42,2072171,2112649,-2.291978076731437,0
2023-07-28 11:14:52,98.0,10503246,25,97.42,2070377,2114756,-2.3418036870951613,0
2023-07-28 11:14:52,98.0,10503246,20,97.42,2070377,2114756,-2.3418036870951613,0
2023-07-28 11:14:52,98.05,10503246,5,97.42,2070377,2114756,-2.291978076731437,0
2023-07-28 11:14:52,98.05,10503246,20,97.42,2070377,2114756,-2.291978076731437,0
2023-07-28 11:14:56,98.0,10504321,30,97.42,2112744,2109175,-2.3418036870951613,0
2023-07-28 11:14:56,98.05,10504321,120,97.42,2112744,2109175,-2.291978076731437,0
2023-07-28 11:14:56,98.05,10504321,83,97.42,2112744,2109175,-2.291978076731437,0
2023-07-28 11:14:56,98.0,10504321,2,97.42,2112744,2109175,-2.3418036870951613,0
2023-07-28 11:14:59,98.05,10504668,67,97.42,2113579,2110385,-2.291978076731437,0
2023-07-28 11:14:59,98.05,10504668,1,97.42,2113579,2110385,-2.291978076731437,0
2023-07-28 11:15:04,98.05,10504736,1,97.42,2106870,2114709,-2.291978076731437,0
2023-07-28 11:15:04,98.05,10504736,50,97.42,2106870,2114709,-2.291978076731437,0
2023-07-28 11:15:04,98.05,10504736,48,97.42,2106870,2114709,-2.291978076731437,0
2023-07-28 11:15:04,98.05,10504736,8,97.42,2106870,2114709,-2.291978076731437,0
2023-07-28 11:15:04,98.05,10504736,3,97.42,2106870,2114709,-2.291978076731437,0
2023-07-28 11:15:09,98.05,10504845,3,97.42,2110231,2111685,-2.291978076731437,0
2023-07-28 11:15:09,98.05,10504845,100,97.42,2110231,2111685,-2.291978076731437,0
2023-07-28 11:15:09,98.05,10504845,1,97.42,2110231,2111685,-2.291978076731437,0
2023-07-28 11:15:09,98.05,10504845,5,97.42,2110231,2111685,-2.291978076731437,0
2023-07-28 11:15:13,98.05,10504951,5,97.42,2109933,2108443,-2.291978076731437,0
2023-07-28 11:15:13,98.0,10504951,100,97.42,2109933,2108443,-2.3418036870951613,0
2023-07-28 11:15:13,98.05,10504951,4,97.42,2109933,2108443,-2.291978076731437,0
2023-07-28 11:15:16,98.05,10505055,4,97.42,2107351,2113419,-2.291978076731437,0
2023-07-28 11:15:16,98.05,10505055,11,97.42,2107351,2113419,-2.291978076731437,0
2023-07-28 11:15:20,98.05,10505066,11,97.42,2108197,2113848,-2.291978076731437,0
2023-07-28 11:15:20,98.05,10505066,150,97.42,2108197,2113848,-2.291978076731437,0
2023-07-28 11:15:26,98.05,10505216,150,97.42,2057404,2115070,-2.291978076731437,0
2023-07-28 11:15:26,98.05,10505216,10,97.42,2057404,2115070,-2.291978076731437,0
2023-07-28 11:15:31,98.05,10505226,10,97.42,2056657,2115060,-2.291978076731437,0
2023-07-28 11:15:31,98.05,10505226,5,97.42,2056657,2115060,-2.291978076731437,0
2023-07-28 11:15:34,98.05,10505231,5,97.42,2056555,2115136,-2.291978076731437,0
2023-07-28 11:15:34,98.05,10505231,5,97.42,2056295,2115127,-2.291978076731437,0
2023-07-28 11:15:34,98.05,10505231,20,97.42,2056295,2115127,-2.291978076731437,0
2023-07-28 11:15:43,98.0,10505476,62,97.42,2056195,2116863,-2.3418036870951613,0
2023-07-28 11:15:43,98.0,10505476,200,97.42,2056195,2116863,-2.3418036870951613,0
2023-07-28 11:15:43,98.05,10505476,42,97.42,2056195,2116863,-2.291978076731437,0
2023-07-28 11:15:47,98.05,10505778,20,97.42,2056033,2117384,-2.291978076731437,0
2023-07-28 11:15:47,98.05,10505778,20,97.42,2056033,2117384,-2.291978076731437,0
2023-07-28 11:15:47,98.05,10505778,1,97.42,2056033,2117384,-2.291978076731437,0
2023-07-28 11:15:47,98.0,10505778,100,97.42,2056033,2117384,-2.3418036870951613,0
2023-07-28 11:15:52,98.0,10523606,807,97.42,2067903,2113227,-2.3418036870951613,0
2023-07-28 11:15:52,98.0,10523606,7,97.42,2067903,2113227,-2.3418036870951613,0
2023-07-28 11:15:56,98.0,10524661,15,97.42,2077246,2117275,-2.3418036870951613,0
2023-07-28 11:15:56,98.0,10524661,200,97.42,2077246,2117275,-2.3418036870951613,0
2023-07-28 11:15:59,98.0,10524876,200,97.42,2080681,2118035,-2.3418036870951613,0
2023-07-28 11:15:59,98.0,10524876,300,97.42,2080681,2118035,-2.3418036870951613,0
2023-07-28 11:16:03,98.0,10525176,300,97.42,2079882,2115544,-2.3418036870951613,0
2023-07-28 11:16:03,98.0,10525176,25,97.42,2079882,2115544,-2.3418036870951613,0
2023-07-28 11:16:03,98.0,10525176,5,97.42,2079882,2115544,-2.3418036870951613,0
2023-07-28 11:16:03,98.0,10525176,4,97.42,2079882,2115544,-2.3418036870951613,0
2023-07-28 11:16:08,97.85,10538367,300,97.42,2017312,2134294,-2.4912805181863478,0
2023-07-28 11:16:08,97.9,10538367,4,97.42,2017312,2134294,-2.4414549078226098,0
2023-07-28 11:16:12,97.85,10538372,1,97.42,2062368,2139243,-2.4912805181863478,0
2023-07-28 11:16:12,97.9,10538372,100,97.42,2062368,2139243,-2.4414549078226098,0
2023-07-28 11:16:12,97.9,10538372,69,97.42,2062368,2139243,-2.4414549078226098,0
2023-07-28 11:16:15,97.9,10538541,69,97.42,2066443,2134034,-2.4414549078226098,0
2023-07-28 11:16:15,97.9,10538541,69,97.42,2062355,2137727,-2.4414549078226098,0
2023-07-28 11:16:15,97.9,10538541,7,97.42,2062355,2137727,-2.4414549078226098,0
2023-07-28 11:16:22,97.9,10538548,7,97.42,2061982,2138420,-2.4414549078226098,0
2023-07-28 11:16:22,97.9,10538548,7,97.42,2062040,2138920,-2.4414549078226098,0
2023-07-28 11:16:22,97.9,10538548,1,97.42,2062040,2138920,-2.4414549078226098,0
2023-07-28 11:16:22,97.85,10538548,100,97.42,2062040,2138920,-2.4912805181863478,0
2023-07-28 11:16:22,97.85,10538548,452,97.42,2062040,2138920,-2.4912805181863478,0
2023-07-28 11:16:32,97.85,10539150,452,97.42,2061143,2139207,-2.4912805181863478,0
2023-07-28 11:16:32,97.85,10539150,139,97.42,2061143,2139207,-2.4912805181863478,0
2023-07-28 11:16:37,97.85,10539289,139,97.42,2061471,2139357,-2.4912805181863478,0
2023-07-28 11:16:37,97.9,10539289,22,97.42,2061471,2139357,-2.4414549078226098,0
2023-07-28 11:16:37,97.85,10539289,300,97.42,2061471,2139357,-2.4912805181863478,0
2023-07-28 11:16:42,97.9,10539873,2,97.42,2061056,2138772,-2.4414549078226098,0
2023-07-28 11:16:42,97.9,10539873,50,97.42,2061056,2138772,-2.4414549078226098,0
2023-07-28 11:16:42,97.9,10539873,1,97.42,2061056,2138772,-2.4414549078226098,0
2023-07-28 11:16:45,97.9,10539924,1,97.42,2061140,2138721,-2.4414549078226098,0
2023-07-28 11:16:45,97.9,10539924,47,97.42,2061140,2138721,-2.4414549078226098,0
2023-07-28 11:16:45,97.9,10539924,1,97.42,2061140,2138721,-2.4414549078226098,0
2023-07-28 11:16:45,97.9,10539924,2,97.42,2061140,2138721,-2.4414549078226098,0
2023-07-28 11:16:49,97.9,10539974,2,97.42,2061238,2139021,-2.4414549078226098,0
2023-07-28 11:16:49,97.9,10539974,97,97.42,2061238,2139021,-2.4414549078226098,0
2023-07-28 11:16:53,97.9,10540071,97,97.42,2061239,2139022,-2.4414549078226098,0
2023-07-28 11:16:53,97.9,10540071,500,97.42,2061239,2139022,-2.4414549078226098,0
2023-07-28 11:16:59,97.9,10540871,64,97.42,2061278,2138768,-2.4414549078226098,0
2023-07-28 11:17:03,97.9,10540971,100,97.42,2061278,2138820,-2.4414549078226098,0
2023-07-28 11:17:03,97.9,10540971,20,97.42,2061278,2138820,-2.4414549078226098,0
2023-07-28 11:17:03,97.85,10540971,139,97.42,2061278,2138820,-2.4912805181863478,0
2023-07-28 11:17:07,97.85,10541130,139,97.42,2060867,2138800,-2.4912805181863478,0
2023-07-28 11:17:07,97.9,10541130,20,97.42,2060867,2138800,-2.4414549078226098,0
2023-07-28 11:17:12,97.85,10541182,32,97.42,2061378,2138280,-2.4912805181863478,0
2023-07-28 11:17:12,97.9,10541182,3,97.42,2061378,2138280,-2.4414549078226098,0
2023-07-28 11:17:14,97.9,10541185,3,97.42,2061399,2138287,-2.4414549078226098,0
2023-07-28 11:17:14,97.9,10541185,3,97.42,2061638,2138287,-2.4414549078226098,0
2023-07-28 11:17:14,97.9,10541185,3,97.42,2061638,2138287,-2.4414549078226098,0
2023-07-28 11:17:14,97.9,10541185,3,97.42,2061638,2138287,-2.4414549078226098,0
2023-07-28 11:17:14,97.8,10541185,97,97.42,2061638,2138287,-2.541106128550072,0
2023-07-28 11:17:25,97.75,10565478,145,97.42,1952694,2141432,-2.5909317389137962,0
2023-07-28 11:17:25,97.75,10565478,145,97.42,1952694,2141432,-2.5909317389137962,0
2023-07-28 11:17:25,97.8,10565478,256,97.42,1952694,2141432,-2.541106128550072,0
2023-07-28 11:17:25,97.75,10565478,93,97.42,1952694,2141432,-2.5909317389137962,0
2023-07-28 11:17:25,97.75,10565478,93,97.42,1952694,2141432,-2.5909317389137962,0
2023-07-28 11:17:25,97.8,10565478,35,97.42,1952694,2141432,-2.541106128550072,0
2023-07-28 11:17:25,97.8,10565478,35,97.42,1952694,2141432,-2.541106128550072,0
2023-07-28 11:17:29,97.8,10569525,35,97.42,1975975,2151818,-2.541106128550072,0
2023-07-28 11:17:29,97.8,10569525,275,97.42,1975975,2151818,-2.541106128550072,0
2023-07-28 11:17:29,97.75,10569525,10,97.42,1975975,2151818,-2.5909317389137962,0
2023-07-28 11:17:34,97.8,10570146,305,97.42,1976703,2151257,-2.541106128550072,0
2023-07-28 11:17:34,97.75,10570146,1200,97.42,1976703,2151257,-2.5909317389137962,0
2023-07-28 11:17:34,97.75,10570146,17,97.42,1976703,2151257,-2.5909317389137962,0
2023-07-28 11:17:34,97.7,10570146,97,97.42,1976703,2151257,-2.6407573492775205,0
2023-07-28 11:17:34,97.7,10570146,727,97.42,1976703,2151257,-2.6407573492775205,0
2023-07-28 11:17:39,97.75,10579629,1400,97.42,1969533,2143592,-2.5909317389137962,0
2023-07-28 11:17:39,97.75,10579629,300,97.42,1969533,2143592,-2.5909317389137962,0
2023-07-28 11:17:39,97.8,10579629,457,97.42,1969533,2143592,-2.541106128550072,0
2023-07-28 11:17:42,97.8,10587910,457,97.42,1973746,2134762,-2.541106128550072,0
2023-07-28 11:17:42,97.8,10587910,1,97.42,1973746,2134762,-2.541106128550072,0
2023-07-28 11:17:42,97.75,10587910,200,97.42,1973746,2134762,-2.5909317389137962,0
2023-07-28 11:17:46,97.75,10588111,200,97.42,1977922,2134082,-2.5909317389137962,0
2023-07-28 11:17:46,97.8,10588111,100,97.42,1977922,2134082,-2.541106128550072,0
2023-07-28 11:17:46,97.8,10588111,2,97.42,1977922,2134082,-2.541106128550072,0
2023-07-28 11:17:46,97.8,10588111,500,97.42,1977922,2134082,-2.541106128550072,0
2023-07-28 11:17:46,97.85,10588111,7,97.42,1977922,2134082,-2.4912805181863478,0
2023-07-28 11:17:52,97.85,10591918,7,97.42,1972639,2131993,-2.4912805181863478,0
2023-07-28 11:17:52,97.8,10591918,44,97.42,1972639,2131993,-2.541106128550072,0
2023-07-28 11:17:52,97.8,10591918,22,97.42,1972639,2131993,-2.541106128550072,0
2023-07-28 11:17:57,97.8,10591985,1,97.42,1975424,2132669,-2.541106128550072,0
2023-07-28 11:17:57,97.8,10591985,183,97.42,1975424,2132669,-2.541106128550072,0
2023-07-28 11:17:57,97.8,10591985,3,97.42,1975424,2132669,-2.541106128550072,0
2023-07-28 11:17:57,97.85,10591985,1,97.42,1975424,2132669,-2.4912805181863478,0
2023-07-28 11:18:01,97.8,10592263,4,97.42,1972392,2132688,-2.541106128550072,0
2023-07-28 11:18:01,97.85,10592263,13,97.42,1972392,2132688,-2.4912805181863478,0
2023-07-28 11:18:01,97.85,10592263,540,97.42,1972392,2132688,-2.4912805181863478,0
2023-07-28 11:18:01,97.85,10592263,100,97.42,1972392,2132688,-2.4912805181863478,0
2023-07-28 11:18:06,97.85,10594697,1,97.42,1988537,2127410,-2.4912805181863478,0
2023-07-28 11:18:06,97.8,10594697,66,97.42,1988537,2127410,-2.541106128550072,0
2023-07-28 11:18:06,97.8,10594697,166,97.42,1988537,2127410,-2.541106128550072,0
2023-07-28 11:18:06,97.8,10594697,388,97.42,1988537,2127410,-2.541106128550072,0
2023-07-28 11:18:09,97.8,10599015,388,97.42,1971029,2144720,-2.541106128550072,0
2023-07-28 11:18:09,97.8,10599015,334,97.42,1971029,2144720,-2.541106128550072,0
2023-07-28 11:18:09,97.8,10599015,2,97.42,1971029,2144720,-2.541106128550072,0
2023-07-28 11:18:09,97.7,10599015,723,97.42,1971029,2144720,-2.6407573492775205,0
2023-07-28 11:18:14,97.8,10602241,100,97.42,1965827,2143772,-2.541106128550072,0
2023-07-28 11:18:14,97.8,10602241,15,97.42,1965827,2143772,-2.541106128550072,0
2023-07-28 11:18:18,97.8,10602456,15,97.42,1965708,2145782,-2.541106128550072,0
2023-07-28 11:18:18,97.8,10602456,15,97.42,1951864,2149544,-2.541106128550072,0
2023-07-28 11:18:28,97.75,10602476,11,97.42,1959090,2148948,-2.5909317389137962,0
2023-07-28 11:18:28,97.8,10602476,1,97.42,1959090,2148948,-2.541106128550072,0
2023-07-28 11:18:32,97.8,10602477,1,97.42,1961936,2149047,-2.541106128550072,0
2023-07-28 11:18:32,97.75,10602477,139,97.42,1961936,2149047,-2.5909317389137962,0
2023-07-28 11:18:35,97.75,10604317,139,97.42,1951697,2162412,-2.5909317389137962,0
2023-07-28 11:18:35,97.7,10604317,139,97.42,1951697,2162412,-2.6407573492775205,0
2023-07-28 11:18:35,97.75,10604317,15,97.42,1951697,2162412,-2.5909317389137962,0
2023-07-28 11:18:35,97.65,10604317,108,97.42,1951697,2162412,-2.6905829596412443,0
2023-07-28 11:18:35,97.65,10604317,1317,97.42,1951697,2162412,-2.6905829596412443,0
2023-07-28 11:18:35,97.75,10604317,4,97.42,1951697,2162412,-2.5909317389137962,0
2023-07-28 11:18:42,97.8,10616652,2,97.42,1955155,2142709,-2.541106128550072,0
2023-07-28 11:18:42,97.7,10616652,1130,97.42,1955155,2142709,-2.6407573492775205,0
2023-07-28 11:18:42,97.8,10616652,584,97.42,1955155,2142709,-2.541106128550072,0
2023-07-28 11:18:46,97.8,10624448,300,97.42,1998664,2139924,-2.541106128550072,0
2023-07-28 11:18:46,97.8,10624448,1,97.42,1998664,2139924,-2.541106128550072,0
2023-07-28 11:18:46,97.8,10624448,134,97.42,1998664,2139924,-2.541106128550072,0
2023-07-28 11:18:46,97.7,10624448,139,97.42,1998664,2139924,-2.6407573492775205,0
2023-07-28 11:18:46,97.8,10624448,754,97.42,1998664,2139924,-2.541106128550072,0
2023-07-28 11:18:51,97.75,10628022,77,97.42,1997702,2140252,-2.5909317389137962,0
2023-07-28 11:18:51,97.8,10628022,38,97.42,1997702,2140252,-2.541106128550072,0
2023-07-28 11:18:51,97.75,10628022,177,97.42,1997702,2140252,-2.5909317389137962,0
2023-07-28 11:18:51,97.8,10628022,12,97.42,1997702,2140252,-2.541106128550072,0
2023-07-28 11:18:55,97.8,10628536,12,97.42,2006185,2135886,-2.541106128550072,0
2023-07-28 11:18:55,97.8,10628536,98,97.42,2006185,2135886,-2.541106128550072,0
2023-07-28 11:18:56,97.8,10628634,98,97.42,2013310,2138872,-2.541106128550072,0
2023-07-28 11:18:56,97.75,10628634,2931,97.42,2013310,2138872,-2.5909317389137962,0
2023-07-28 11:18:56,97.75,10628634,1,97.42,2013310,2138872,-2.5909317389137962,0
2023-07-28 11:19:03,97.75,10638368,1,97.42,2002778,2156169,-2.5909317389137962,0
2023-07-28 11:19:03,97.75,10638368,17,97.42,2002778,2156169,-2.5909317389137962,0
2023-07-28 11:19:08,97.75,10640142,1597,97.42,2003288,2154535,-2.5909317389137962,0
2023-07-28 11:19:08,97.75,10640142,5,97.42,2003288,2154535,-2.5909317389137962,0
2023-07-28 11:19:08,97.75,10640142,10,97.42,2003288,2154535,-2.5909317389137962,0
2023-07-28 11:19:08,97.7,10640142,12,97.42,2003288,2154535,-2.6407573492775205,0
2023-07-28 11:19:11,97.75,10640188,14,97.42,2003616,2154772,-2.5909317389137962,0
2023-07-28 11:19:11,97.75,10640188,100,97.42,2003616,2154772,-2.5909317389137962,0
2023-07-28 11:19:11,97.7,10640188,35,97.42,2003616,2154772,-2.6407573492775205,0
2023-07-28 11:19:11,97.75,10640188,71,97.42,2003616,2154772,-2.5909317389137962,0
2023-07-28 11:19:14,97.7,10640399,200,97.42,2002368,2156594,-2.6407573492775205,0
2023-07-28 11:19:14,97.75,10640399,99,97.42,2002368,2156594,-2.5909317389137962,0
2023-07-28 11:19:14,97.75,10640399,2447,97.42,2002368,2156594,-2.5909317389137962,0
2023-07-28 11:19:14,97.75,10640399,1205,97.42,2002368,2156594,-2.5909317389137962,0
2023-07-28 11:19:20,97.75,10644350,1205,97.42,2005899,2150269,-2.5909317389137962,0
2023-07-28 11:19:20,97.75,10644350,100,97.42,2005899,2150269,-2.5909317389137962,0
2023-07-28 11:19:20,97.75,10644350,49,97.42,2005899,2150269,-2.5909317389137962,0
2023-07-28 11:19:20,97.75,10644350,50,97.42,2005899,2150269,-2.5909317389137962,0
2023-07-28 11:19:25,97.7,10645149,340,97.42,2001154,2152621,-2.6407573492775205,0
2023-07-28 11:19:25,97.75,10645149,246,97.42,2001154,2152621,-2.5909317389137962,0
