2023-07-28 10:49:29,1332.0,394049,1,1330.33,58544,65966,0.0075080711765079244,0
2023-07-28 10:49:24,1332.0,394047,1,1330.33,58431,66013,0.0075080711765079244,0
2023-07-28 10:49:30,1331.5,394068,19,1330.33,58430,65978,-0.03003228470606584,0
2023-07-28 10:49:30,1332.0,394068,1,1330.33,58430,65978,0.0075080711765079244,0
2023-07-28 10:49:31,1332.0,394069,1,1330.33,58394,65972,0.0075080711765079244,0
2023-07-28 10:49:31,1332.0,394069,1,1330.33,58405,66013,0.0075080711765079244,0
2023-07-28 10:49:31,1332.0,394069,1,1330.33,58405,66023,0.0075080711765079244,0
2023-07-28 10:49:34,1332.0,394072,3,1330.33,58398,66077,0.0075080711765079244,0
2023-07-28 10:49:34,1332.0,394072,3,1330.33,58398,66046,0.0075080711765079244,0
2023-07-28 10:49:34,1332.0,394072,3,1330.33,58424,66032,0.0075080711765079244,0
2023-07-28 10:49:34,1332.0,394072,3,1330.33,58442,65952,0.0075080711765079244,0
2023-07-28 10:49:34,1332.0,394072,3,1330.33,58486,66031,0.0075080711765079244,0
2023-07-28 10:49:34,1332.0,394072,3,1330.33,58486,66031,0.0075080711765079244,0
2023-07-28 10:49:39,1332.0,394075,3,1330.33,58297,66050,0.0075080711765079244,0
2023-07-28 10:49:39,1332.0,394075,3,1330.33,58311,66029,0.0075080711765079244,0
2023-07-28 10:49:39,1332.0,394075,3,1330.33,58376,66022,0.0075080711765079244,0
2023-07-28 10:49:39,1332.0,394075,3,1330.33,58389,65978,0.0075080711765079244,0
2023-07-28 10:49:39,1332.0,394075,3,1330.33,58457,65964,0.0075080711765079244,0
2023-07-28 10:49:44,1332.0,394078,3,1330.33,58581,65892,0.0075080711765079244,0
2023-07-28 10:49:44,1332.0,394078,3,1330.33,58636,65851,0.0075080711765079244,0
2023-07-28 10:49:44,1332.0,394078,3,1330.33,58556,65927,0.0075080711765079244,0
2023-07-28 10:49:44,1332.0,394078,3,1330.33,58533,65927,0.0075080711765079244,0
2023-07-28 10:49:44,1332.0,394078,3,1330.33,58327,65937,0.0075080711765079244,0
2023-07-28 10:49:44,1332.0,394078,2,1330.33,58327,65937,0.0075080711765079244,0
2023-07-28 10:49:49,1332.0,394080,2,1330.33,58513,65941,0.0075080711765079244,0
2023-07-28 10:49:49,1332.0,394080,2,1330.33,58513,65943,0.0075080711765079244,0
2023-07-28 10:49:49,1332.0,394080,2,1330.33,58346,66035,0.0075080711765079244,0
2023-07-28 10:49:49,1332.0,394080,2,1330.33,58273,66013,0.0075080711765079244,0
2023-07-28 10:49:49,1332.0,394080,2,1330.33,58395,65980,0.0075080711765079244,0
2023-07-28 10:49:49,1332.0,394080,4,1330.33,58395,65980,0.0075080711765079244,0
2023-07-28 10:49:54,1332.0,394084,4,1330.33,58507,65945,0.0075080711765079244,0
2023-07-28 10:49:54,1332.0,394084,4,1330.33,58269,65941,0.0075080711765079244,0
2023-07-28 10:49:54,1332.0,394084,4,1330.33,58310,65936,0.0075080711765079244,0
2023-07-28 10:49:54,1332.0,394084,4,1330.33,58376,65939,0.0075080711765079244,0
2023-07-28 10:49:59,1332.0,394086,2,1330.33,58414,65916,0.0075080711765079244,0
2023-07-28 10:50:00,1331.7,394087,1,1330.33,58400,65939,-0.01501614235303292,0
2023-07-28 10:50:00,1331.7,394087,1,1330.33,58304,66001,-0.01501614235303292,0
2023-07-28 10:50:00,1331.7,394087,1,1330.33,58347,65998,-0.01501614235303292,0
2023-07-28 10:50:00,1331.7,394087,1,1330.33,58365,65960,-0.01501614235303292,0
2023-07-28 10:50:04,1332.0,394091,4,1330.33,58361,65976,0.0075080711765079244,0
2023-07-28 10:50:04,1332.0,394091,4,1330.33,58362,66037,0.0075080711765079244,0
2023-07-28 10:50:04,1332.0,394091,4,1330.33,58390,66033,0.0075080711765079244,0
2023-07-28 10:50:04,1332.0,394091,4,1330.33,58377,65959,0.0075080711765079244,0
2023-07-28 10:50:04,1331.75,394091,2,1330.33,58353,65941,-0.011262106764778958,0
2023-07-28 10:50:08,1331.75,394093,2,1330.33,58341,65976,-0.011262106764778958,0
2023-07-28 10:50:08,1332.0,394093,1,1330.33,58341,65976,0.0075080711765079244,0
2023-07-28 10:50:09,1332.0,394094,1,1330.33,58361,65975,0.0075080711765079244,0
2023-07-28 10:50:09,1332.0,394094,1,1330.33,58429,65975,0.0075080711765079244,0
2023-07-28 10:50:09,1332.0,394094,1,1330.33,58356,65966,0.0075080711765079244,0
2023-07-28 10:50:09,1332.0,394094,1,1330.33,58356,65966,0.0075080711765079244,0
2023-07-28 10:50:14,1332.0,394097,3,1330.33,58417,65982,0.0075080711765079244,0
2023-07-28 10:50:14,1332.0,394097,3,1330.33,58423,65992,0.0075080711765079244,0
2023-07-28 10:50:14,1332.0,394097,3,1330.33,58306,66009,0.0075080711765079244,0
2023-07-28 10:50:14,1332.0,394097,3,1330.33,58315,66040,0.0075080711765079244,0
2023-07-28 10:50:14,1332.0,394097,3,1330.33,58375,66004,0.0075080711765079244,0
2023-07-28 10:50:14,1332.0,394097,2,1330.33,58375,66004,0.0075080711765079244,0
2023-07-28 10:50:19,1332.0,394099,2,1330.33,58368,66022,0.0075080711765079244,0
2023-07-28 10:50:19,1332.0,394099,2,1330.33,58368,66022,0.0075080711765079244,0
2023-07-28 10:50:19,1332.0,394099,2,1330.33,58356,66037,0.0075080711765079244,0
2023-07-28 10:50:19,1332.0,394099,2,1330.33,58356,66037,0.0075080711765079244,0
2023-07-28 10:50:19,1332.0,394099,2,1330.33,58379,66024,0.0075080711765079244,0
2023-07-28 10:50:19,1332.0,394099,2,1330.33,58379,66024,0.0075080711765079244,0
2023-07-28 10:50:19,1332.0,394099,2,1330.33,58403,66024,0.0075080711765079244,0
2023-07-28 10:50:24,1331.75,394103,4,1330.33,58470,66029,-0.011262106764778958,0
2023-07-28 10:50:24,1331.75,394103,4,1330.33,58470,66029,-0.011262106764778958,0
2023-07-28 10:50:24,1331.7,394103,30,1330.33,58470,66029,-0.01501614235303292,0
2023-07-28 10:50:26,1331.7,394142,30,1330.33,58355,65938,-0.01501614235303292,0
2023-07-28 10:50:26,1331.7,394142,30,1330.33,58372,65938,-0.01501614235303292,0
2023-07-28 10:50:26,1331.7,394142,30,1330.33,58360,65917,-0.01501614235303292,0
2023-07-28 10:50:26,1332.0,394142,2,1330.33,58359,65974,0.0075080711765079244,0
2023-07-28 10:50:29,1331.7,394144,1,1330.33,58313,65909,-0.01501614235303292,0
2023-07-28 10:50:31,1331.7,394145,1,1330.33,58286,65958,-0.01501614235303292,0
2023-07-28 10:50:31,1331.7,394145,1,1330.33,58349,65973,-0.01501614235303292,0
2023-07-28 10:50:31,1331.7,394145,1,1330.33,58393,65970,-0.01501614235303292,0
2023-07-28 10:50:31,1332.0,394145,3,1330.33,58393,65970,0.0075080711765079244,0
2023-07-28 10:50:34,1332.0,394148,3,1330.33,58393,65988,0.0075080711765079244,0
2023-07-28 10:50:34,1332.0,394148,3,1330.33,58393,66007,0.0075080711765079244,0
2023-07-28 10:50:34,1332.0,394148,3,1330.33,58295,66046,0.0075080711765079244,0
2023-07-28 10:50:34,1332.0,394148,3,1330.33,58305,65960,0.0075080711765079244,0
2023-07-28 10:50:38,1331.75,394149,1,1330.33,58231,65986,-0.011262106764778958,0
2023-07-28 10:50:39,1332.0,394151,2,1330.33,58439,65951,0.0075080711765079244,0
2023-07-28 10:50:39,1332.0,394151,2,1330.33,58313,65981,0.0075080711765079244,0
2023-07-28 10:50:39,1332.0,394151,2,1330.33,58308,65977,0.0075080711765079244,0
2023-07-28 10:50:44,1331.75,394155,1,1330.33,58417,65970,-0.011262106764778958,0
2023-07-28 10:50:44,1331.75,394155,1,1330.33,58417,65970,-0.011262106764778958,0
2023-07-28 10:50:44,1331.75,394155,1,1330.33,58417,65972,-0.011262106764778958,0
2023-07-28 10:50:44,1331.75,394155,1,1330.33,58440,65984,-0.011262106764778958,0
2023-07-28 10:50:44,1331.75,394155,1,1330.33,58402,66002,-0.011262106764778958,0
2023-07-28 10:50:44,1331.75,394155,1,1330.33,58334,66002,-0.011262106764778958,0
2023-07-28 10:50:44,1332.0,394155,2,1330.33,58334,66002,0.0075080711765079244,0
2023-07-28 10:50:49,1332.0,394157,2,1330.33,58433,65961,0.0075080711765079244,0
2023-07-28 10:50:49,1332.0,394157,2,1330.33,58372,65989,0.0075080711765079244,0
2023-07-28 10:50:49,1332.0,394157,2,1330.33,58411,65993,0.0075080711765079244,0
2023-07-28 10:50:49,1332.0,394157,2,1330.33,58411,65993,0.0075080711765079244,0
2023-07-28 10:50:49,1332.0,394157,2,1330.33,58411,65993,0.0075080711765079244,0
2023-07-28 10:50:49,1332.0,394157,4,1330.33,58411,65993,0.0075080711765079244,0
2023-07-28 10:50:54,1332.0,394161,4,1330.33,58404,66002,0.0075080711765079244,0
2023-07-28 10:50:54,1332.0,394161,4,1330.33,58426,66001,0.0075080711765079244,0
2023-07-28 10:50:54,1332.0,394161,4,1330.33,58426,66001,0.0075080711765079244,0
2023-07-28 10:50:54,1332.0,394161,4,1330.33,58424,66002,0.0075080711765079244,0
2023-07-28 10:50:54,1332.0,394161,2,1330.33,58424,66010,0.0075080711765079244,0
2023-07-28 10:50:59,1332.0,394163,2,1330.33,58443,65999,0.0075080711765079244,0
2023-07-28 10:50:59,1331.7,394163,3,1330.33,58443,65999,-0.01501614235303292,0
2023-07-28 10:51:01,1331.7,394369,3,1330.33,58351,66317,-0.01501614235303292,0
2023-07-28 10:51:03,1331.7,394375,6,1330.33,58426,65119,-0.01501614235303292,0
2023-07-28 10:51:03,1331.7,394375,6,1330.33,58439,66221,-0.01501614235303292,0
2023-07-28 10:51:04,1331.5,394400,16,1330.33,58399,66230,-0.03003228470606584,0
2023-07-28 10:51:04,1331.5,394400,16,1330.33,58376,66261,-0.03003228470606584,0
2023-07-28 10:51:04,1331.95,394400,15,1330.33,58318,66261,0.0037540355882539622,0
2023-07-28 10:51:07,1331.95,394415,15,1330.33,58372,66206,0.0037540355882539622,0
2023-07-28 10:51:07,1331.95,394415,3,1330.33,58372,66206,0.0037540355882539622,0
2023-07-28 10:51:09,1331.95,394418,3,1330.33,58376,66248,0.0037540355882539622,0
2023-07-28 10:51:09,1331.95,394418,3,1330.33,58376,66168,0.0037540355882539622,0
2023-07-28 10:51:09,1331.95,394418,3,1330.33,58417,66175,0.0037540355882539622,0
2023-07-28 10:51:14,1331.95,394421,3,1330.33,58418,66166,0.0037540355882539622,0
2023-07-28 10:51:14,1331.95,394421,3,1330.33,58417,66191,0.0037540355882539622,0
2023-07-28 10:51:19,1331.95,394423,2,1330.33,58400,66188,0.0037540355882539622,0
2023-07-28 10:51:19,1331.95,394423,2,1330.33,58401,66197,0.0037540355882539622,0
2023-07-28 10:51:24,1331.95,394428,5,1330.33,58393,66188,0.0037540355882539622,0
2023-07-28 10:51:24,1331.95,394428,5,1330.33,58381,66188,0.0037540355882539622,0
2023-07-28 10:51:24,1331.95,394428,5,1330.33,58382,66193,0.0037540355882539622,0
2023-07-28 10:51:28,1331.55,394429,1,1330.33,58358,66192,-0.02627824911781188,0
2023-07-28 10:51:28,1331.55,394429,1,1330.33,58358,66197,-0.02627824911781188,0
2023-07-28 10:51:28,1331.95,394429,1,1330.33,58358,66197,0.0037540355882539622,0
2023-07-28 10:51:29,1331.95,394430,1,1330.33,58362,66198,0.0037540355882539622,0
2023-07-28 10:51:29,1331.95,394430,1,1330.33,58359,66023,0.0037540355882539622,0
2023-07-28 10:51:29,1331.95,394430,1,1330.33,58348,66032,0.0037540355882539622,0
2023-07-28 10:51:34,1332.0,394433,3,1330.33,58341,66017,0.0075080711765079244,0
2023-07-28 10:51:34,1332.0,394433,3,1330.33,58357,66023,0.0075080711765079244,0
2023-07-28 10:51:34,1332.0,394433,3,1330.33,58364,66045,0.0075080711765079244,0
2023-07-28 10:51:34,1332.0,394433,3,1330.33,58364,66064,0.0075080711765079244,0
2023-07-28 10:51:39,1332.0,394436,3,1330.33,58363,66035,0.0075080711765079244,0
2023-07-28 10:51:39,1332.0,394436,3,1330.33,58363,66054,0.0075080711765079244,0
2023-07-28 10:51:39,1332.0,394436,3,1330.33,58364,66040,0.0075080711765079244,0
2023-07-28 10:51:44,1332.0,394437,1,1330.33,58398,66013,0.0075080711765079244,0
2023-07-28 10:51:44,1332.0,394437,3,1330.33,58398,66013,0.0075080711765079244,0
2023-07-28 10:51:44,1332.0,394440,3,1330.33,58397,66002,0.0075080711765079244,0
2023-07-28 10:51:44,1332.0,394440,3,1330.33,58363,66010,0.0075080711765079244,0
2023-07-28 10:51:44,1332.0,394440,3,1330.33,58364,66057,0.0075080711765079244,0
2023-07-28 10:51:44,1332.0,394440,3,1330.33,58364,66055,0.0075080711765079244,0
2023-07-28 10:51:44,1332.0,394440,2,1330.33,58364,66055,0.0075080711765079244,0
2023-07-28 10:51:49,1332.0,394442,2,1330.33,58347,66053,0.0075080711765079244,0
2023-07-28 10:51:49,1332.0,394442,2,1330.33,58366,66059,0.0075080711765079244,0
2023-07-28 10:51:49,1332.0,394442,2,1330.33,58367,66063,0.0075080711765079244,0
2023-07-28 10:51:49,1332.0,394442,2,1330.33,58367,66051,0.0075080711765079244,0
2023-07-28 10:51:54,1332.0,394446,4,1330.33,58366,66037,0.0075080711765079244,0
2023-07-28 10:51:54,1332.0,394446,4,1330.33,58366,66037,0.0075080711765079244,0
2023-07-28 10:51:54,1332.0,394446,4,1330.33,58367,66043,0.0075080711765079244,0
2023-07-28 10:51:58,1332.1,394986,88,1330.33,58630,65649,0.015016142353015849,0
2023-07-28 10:51:58,1332.35,394986,13,1330.33,58630,65649,0.03378632029430273,0
2023-07-28 10:51:59,1333.15,395013,1,1330.33,59152,65420,0.0938508897064344,0
2023-07-28 10:51:59,1333.15,395013,1,1330.33,59155,65605,0.0938508897064344,0
2023-07-28 10:51:59,1333.45,395013,10,1330.33,59155,65605,0.11637510323597526,0
2023-07-28 10:52:01,1333.45,395027,20,1330.33,59156,65695,0.11637510323597526,0
2023-07-28 10:52:01,1333.45,395053,20,1330.33,58623,65827,0.11637510323597526,0
2023-07-28 10:52:01,1333.45,395053,20,1330.33,58783,65843,0.11637510323597526,0
2023-07-28 10:52:01,1333.35,395053,4,1330.33,58783,65843,0.10886703205945025,0
2023-07-28 10:52:04,1333.35,395057,4,1330.33,58690,65940,0.10886703205945025,0
2023-07-28 10:52:04,1333.35,395057,4,1330.33,58384,65876,0.10886703205945025,0
2023-07-28 10:52:04,1333.35,395057,4,1330.33,58616,65914,0.10886703205945025,0
2023-07-28 10:52:04,1333.35,395057,4,1330.33,58572,66053,0.10886703205945025,0
2023-07-28 10:52:04,1333.35,395057,4,1330.33,58535,66077,0.10886703205945025,0
2023-07-28 10:52:09,1332.75,395060,3,1330.33,58567,66100,0.06381860500036857,0
2023-07-28 10:52:09,1332.75,395060,3,1330.33,58758,66146,0.06381860500036857,0
2023-07-28 10:52:09,1332.55,395060,16,1330.33,58758,66146,0.04880246264733565,0
2023-07-28 10:52:09,1331.9,395060,1,1330.33,58758,66146,0.0,0
2023-07-28 10:52:12,1331.9,395086,1,1330.33,58862,66118,0.0,0
2023-07-28 10:52:12,1331.9,395086,1,1330.33,58892,66064,0.0,0
2023-07-28 10:52:14,1332.65,395089,3,1330.33,58857,66087,0.05631053382386065,0
2023-07-28 10:52:14,1332.65,395089,3,1330.33,58864,66071,0.05631053382386065,0
2023-07-28 10:52:14,1332.65,395089,3,1330.33,59017,65993,0.05631053382386065,0
2023-07-28 10:52:14,1332.65,395089,3,1330.33,58837,66152,0.05631053382386065,0
2023-07-28 10:52:14,1332.65,395089,3,1330.33,58815,66128,0.05631053382386065,0
2023-07-28 10:52:19,1332.7,395092,3,1330.33,58839,66066,0.06006456941211461,0
2023-07-28 10:52:19,1332.7,395092,3,1330.33,58853,66061,0.06006456941211461,0
2023-07-28 10:52:19,1332.7,395092,3,1330.33,58917,66037,0.06006456941211461,0
2023-07-28 10:52:19,1332.7,395092,3,1330.33,58890,66126,0.06006456941211461,0
2023-07-28 10:52:19,1332.05,395092,1,1330.33,58890,66126,0.011262106764761887,0
2023-07-28 10:52:23,1332.05,395093,1,1330.33,58966,66155,0.011262106764761887,0
2023-07-28 10:52:24,1332.7,395096,3,1330.33,58929,66114,0.06006456941211461,0
2023-07-28 10:52:24,1332.7,395096,3,1330.33,58929,66149,0.06006456941211461,0
2023-07-28 10:52:24,1332.7,395096,3,1330.33,58943,66138,0.06006456941211461,0
2023-07-28 10:52:24,1332.7,395096,3,1330.33,58977,66100,0.06006456941211461,0
2023-07-28 10:52:24,1332.7,395096,3,1330.33,58951,66148,0.06006456941211461,0
2023-07-28 10:52:24,1332.75,395096,1,1330.33,58969,66148,0.06381860500036857,0
2023-07-28 10:52:29,1332.75,395098,1,1330.33,59047,66038,0.06381860500036857,0
2023-07-28 10:52:29,1332.75,395098,1,1330.33,59169,65944,0.06381860500036857,0
2023-07-28 10:52:29,1332.95,395098,3,1330.33,59169,65944,0.07883474735340149,0
2023-07-28 10:52:32,1332.95,395110,3,1330.33,58780,65777,0.07883474735340149,0
2023-07-28 10:52:32,1332.95,395110,3,1330.33,58976,65777,0.07883474735340149,0
2023-07-28 10:52:32,1333.25,395110,1,1330.33,58992,65790,0.10135896088294233,0
2023-07-28 10:52:34,1333.25,395113,1,1330.33,59123,65804,0.10135896088294233,0
2023-07-28 10:52:34,1333.25,395113,1,1330.33,59172,65821,0.10135896088294233,0
2023-07-28 10:52:34,1333.25,395113,1,1330.33,59005,65960,0.10135896088294233,0
2023-07-28 10:52:34,1333.25,395113,1,1330.33,59054,65861,0.10135896088294233,0
2023-07-28 10:52:34,1333.15,395113,3,1330.33,59054,65861,0.0938508897064344,0
2023-07-28 10:52:39,1332.45,395116,11,1330.33,59110,65831,0.041294391470827724,0
2023-07-28 10:52:40,1332.45,395127,11,1330.33,58970,66102,0.041294391470827724,0
2023-07-28 10:52:40,1332.45,395127,11,1330.33,59125,65978,0.041294391470827724,0
2023-07-28 10:52:40,1332.85,395127,4,1330.33,59164,65997,0.07132667617687649,0
2023-07-28 10:52:44,1332.85,395131,4,1330.33,59178,65985,0.07132667617687649,0
2023-07-28 10:52:44,1332.85,395131,4,1330.33,59179,65995,0.07132667617687649,0
2023-07-28 10:52:44,1332.85,395131,4,1330.33,59166,65982,0.07132667617687649,0
2023-07-28 10:52:44,1332.85,395131,4,1330.33,59166,65982,0.07132667617687649,0
2023-07-28 10:52:44,1332.85,395131,2,1330.33,59182,65945,0.07132667617687649,0
2023-07-28 10:52:49,1332.85,395133,2,1330.33,59162,65991,0.07132667617687649,0
2023-07-28 10:52:49,1332.85,395133,2,1330.33,59142,66048,0.07132667617687649,0
2023-07-28 10:52:49,1332.85,395133,2,1330.33,59147,66052,0.07132667617687649,0
2023-07-28 10:52:49,1332.85,395133,2,1330.33,59128,66052,0.07132667617687649,0
2023-07-28 10:52:54,1332.85,395137,1,1330.33,59158,66027,0.07132667617687649,0
2023-07-28 10:52:54,1332.85,395137,1,1330.33,59158,66027,0.07132667617687649,0
2023-07-28 10:52:54,1332.85,395137,1,1330.33,59034,65880,0.07132667617687649,0
2023-07-28 10:52:54,1332.85,395137,1,1330.33,58973,65923,0.07132667617687649,0
2023-07-28 10:52:54,1333.0,395137,10,1330.33,59017,65922,0.08258878294165545,0
2023-07-28 10:52:57,1333.0,395147,10,1330.33,59039,65912,0.08258878294165545,0
2023-07-28 10:52:59,1333.0,395149,2,1330.33,59046,65868,0.08258878294165545,0
2023-07-28 10:52:59,1333.0,395149,2,1330.33,59289,65868,0.08258878294165545,0
2023-07-28 10:52:59,1333.0,395149,2,1330.33,59175,65932,0.08258878294165545,0
2023-07-28 10:52:59,1333.0,395149,2,1330.33,59214,65932,0.08258878294165545,0
2023-07-28 10:52:59,1333.0,395149,2,1330.33,59209,65938,0.08258878294165545,0
2023-07-28 10:53:04,1333.0,395152,3,1330.33,59191,65824,0.08258878294165545,0
2023-07-28 10:53:04,1333.0,395152,3,1330.33,58933,65936,0.08258878294165545,0
2023-07-28 10:53:04,1333.0,395152,3,1330.33,58984,65920,0.08258878294165545,0
2023-07-28 10:53:04,1333.0,395152,3,1330.33,58984,65913,0.08258878294165545,0
2023-07-28 10:53:04,1332.8,395152,1,1330.33,58984,65913,0.06757264058862253,0
2023-07-28 10:53:09,1333.0,395156,3,1330.33,59558,65834,0.08258878294165545,0
2023-07-28 10:53:09,1333.0,395156,3,1330.33,59410,65889,0.08258878294165545,0
2023-07-28 10:53:09,1332.3,395156,8,1330.33,59286,65923,0.030032284706048767,0
2023-07-28 10:53:12,1332.3,395167,8,1330.33,59165,65938,0.030032284706048767,0
2023-07-28 10:53:12,1332.3,395167,8,1330.33,59233,65832,0.030032284706048767,0
2023-07-28 10:53:12,1332.3,395167,8,1330.33,59196,65860,0.030032284706048767,0
2023-07-28 10:53:12,1332.3,395167,8,1330.33,59196,65890,0.030032284706048767,0
2023-07-28 10:53:12,1332.3,395167,8,1330.33,59197,65890,0.030032284706048767,0
2023-07-28 10:53:12,1332.3,395167,8,1330.33,59207,65889,0.030032284706048767,0
2023-07-28 10:53:19,1333.0,395169,2,1330.33,59196,65855,0.08258878294165545,0
2023-07-28 10:53:19,1333.0,395169,2,1330.33,59196,65856,0.08258878294165545,0
2023-07-28 10:53:19,1333.0,395169,2,1330.33,59197,65866,0.08258878294165545,0
2023-07-28 10:53:19,1333.0,395169,2,1330.33,59197,65866,0.08258878294165545,0
2023-07-28 10:53:19,1333.0,395169,2,1330.33,59207,65870,0.08258878294165545,0
2023-07-28 10:53:19,1333.0,395169,2,1330.33,59207,65870,0.08258878294165545,0
2023-07-28 10:53:19,1333.0,395169,2,1330.33,59158,65896,0.08258878294165545,0
2023-07-28 10:53:19,1333.0,395169,2,1330.33,59158,65896,0.08258878294165545,0
2023-07-28 10:53:24,1333.0,395174,5,1330.33,59205,65891,0.08258878294165545,0
2023-07-28 10:53:24,1333.0,395174,5,1330.33,59205,65891,0.08258878294165545,0
2023-07-28 10:53:26,1332.25,395184,1,1330.33,59204,65891,0.026278249117794805,0
2023-07-28 10:53:26,1332.25,395184,1,1330.33,59175,65874,0.026278249117794805,0
2023-07-28 10:53:26,1332.25,395184,1,1330.33,59208,65873,0.026278249117794805,0
2023-07-28 10:53:26,1333.0,395184,2,1330.33,59208,65873,0.08258878294165545,0
2023-07-28 10:53:29,1333.0,395186,2,1330.33,59212,65902,0.08258878294165545,0
2023-07-28 10:53:29,1333.0,395186,2,1330.33,59212,65850,0.08258878294165545,0
2023-07-28 10:53:29,1333.0,395186,2,1330.33,59210,65865,0.08258878294165545,0
2023-07-28 10:53:29,1333.0,395186,2,1330.33,59236,65865,0.08258878294165545,0
2023-07-28 10:53:34,1333.0,395189,3,1330.33,57995,65858,0.08258878294165545,0
2023-07-28 10:53:34,1333.0,395189,3,1330.33,58024,65882,0.08258878294165545,0
2023-07-28 10:53:34,1333.0,395189,3,1330.33,57992,65908,0.08258878294165545,0
2023-07-28 10:53:34,1333.0,395189,3,1330.33,57931,66026,0.08258878294165545,0
2023-07-28 10:53:34,1333.0,395189,3,1330.33,57863,66093,0.08258878294165545,0
2023-07-28 10:53:39,1332.85,395192,3,1330.33,57891,66051,0.07132667617687649,0
2023-07-28 10:53:39,1332.2,395192,1,1330.33,57891,66051,0.022524213529540843,0
2023-07-28 10:53:40,1332.2,395193,1,1330.33,57902,66046,0.022524213529540843,0
2023-07-28 10:53:40,1332.2,395193,1,1330.33,57884,66073,0.022524213529540843,0
2023-07-28 10:53:40,1332.2,395193,1,1330.33,57894,66033,0.022524213529540843,0
2023-07-28 10:53:40,1332.2,395193,1,1330.33,57897,66028,0.022524213529540843,0
2023-07-28 10:53:40,1332.8,395193,3,1330.33,57897,66028,0.06757264058862253,0
2023-07-28 10:53:44,1332.8,395196,3,1330.33,57955,65978,0.06757264058862253,0
2023-07-28 10:53:44,1332.8,395196,3,1330.33,57967,66079,0.06757264058862253,0
2023-07-28 10:53:44,1332.8,395196,3,1330.33,57944,66001,0.06757264058862253,0
2023-07-28 10:53:44,1332.8,395196,3,1330.33,57938,66001,0.06757264058862253,0
2023-07-28 10:53:44,1332.8,395196,2,1330.33,57944,66001,0.06757264058862253,0
2023-07-28 10:53:49,1332.8,395198,2,1330.33,57964,65993,0.06757264058862253,0
2023-07-28 10:53:49,1332.8,395198,2,1330.33,58369,65810,0.06757264058862253,0
2023-07-28 10:53:49,1332.8,395198,2,1330.33,58211,65842,0.06757264058862253,0
2023-07-28 10:53:49,1332.8,395198,2,1330.33,58195,65854,0.06757264058862253,0
2023-07-28 10:53:54,1333.0,395202,4,1330.33,57954,65962,0.08258878294165545,0
2023-07-28 10:53:54,1333.0,395202,4,1330.33,58052,65865,0.08258878294165545,0
2023-07-28 10:53:54,1333.0,395202,4,1330.33,58030,65929,0.08258878294165545,0
2023-07-28 10:53:54,1333.0,395202,4,1330.33,58047,65947,0.08258878294165545,0
2023-07-28 10:53:54,1333.0,395202,4,1330.33,58047,65947,0.08258878294165545,0
2023-07-28 10:53:54,1333.0,395202,2,1330.33,58047,65947,0.08258878294165545,0
2023-07-28 10:53:59,1333.0,395205,2,1330.33,58058,65857,0.08258878294165545,0
2023-07-28 10:53:59,1333.0,395205,2,1330.33,58083,65962,0.08258878294165545,0
2023-07-28 10:53:59,1333.0,395205,2,1330.33,58083,65967,0.08258878294165545,0
2023-07-28 10:53:59,1333.0,395205,2,1330.33,58046,65978,0.08258878294165545,0
2023-07-28 10:53:59,1333.0,395205,4,1330.33,58029,65965,0.08258878294165545,0
2023-07-28 10:54:04,1333.0,395209,4,1330.33,58021,66025,0.08258878294165545,0
2023-07-28 10:54:04,1333.0,395209,4,1330.33,58102,65934,0.08258878294165545,0
2023-07-28 10:54:04,1333.0,395209,4,1330.33,58005,65982,0.08258878294165545,0
2023-07-28 10:54:04,1332.4,395209,1,1330.33,58005,65982,0.03754035588257376,0
2023-07-28 10:54:08,1332.4,395210,1,1330.33,58048,65984,0.03754035588257376,0
2023-07-28 10:54:09,1333.0,395213,3,1330.33,58059,65967,0.08258878294165545,0
2023-07-28 10:54:09,1333.0,395213,3,1330.33,57901,65979,0.08258878294165545,0
2023-07-28 10:54:09,1333.0,395213,3,1330.33,57970,65946,0.08258878294165545,0
2023-07-28 10:54:09,1333.0,395213,3,1330.33,57950,65946,0.08258878294165545,0
2023-07-28 10:54:14,1333.0,395216,3,1330.33,57999,65911,0.08258878294165545,0
2023-07-28 10:54:14,1333.0,395216,3,1330.33,57919,65997,0.08258878294165545,0
2023-07-28 10:54:14,1333.0,395216,3,1330.33,57649,66158,0.08258878294165545,0
2023-07-28 10:54:14,1333.0,395216,3,1330.33,57846,66011,0.08258878294165545,0
2023-07-28 10:54:14,1333.0,395216,3,1330.33,57832,65991,0.08258878294165545,0
2023-07-28 10:54:19,1332.7,395218,2,1330.33,57907,65975,0.06006456941211461,0
2023-07-28 10:54:19,1332.7,395218,2,1330.33,57974,66060,0.06006456941211461,0
2023-07-28 10:54:19,1332.7,395218,2,1330.33,57721,66013,0.06006456941211461,0
2023-07-28 10:54:19,1332.7,395218,2,1330.33,57803,66078,0.06006456941211461,0
2023-07-28 10:54:19,1332.7,395218,2,1330.33,57764,66057,0.06006456941211461,0
2023-07-28 10:54:19,1332.65,395218,3,1330.33,57764,66057,0.05631053382386065,0
2023-07-28 10:54:24,1332.65,395222,3,1330.33,57719,66070,0.05631053382386065,0
2023-07-28 10:54:24,1332.65,395222,3,1330.33,57511,66041,0.05631053382386065,0
2023-07-28 10:54:24,1332.65,395222,3,1330.33,57768,66017,0.05631053382386065,0
2023-07-28 10:54:24,1332.65,395222,3,1330.33,57806,66043,0.05631053382386065,0
2023-07-28 10:54:29,1332.6,395224,2,1330.33,57761,66020,0.05255649823558961,0
2023-07-28 10:54:29,1332.6,395224,2,1330.33,57761,66020,0.05255649823558961,0
2023-07-28 10:54:29,1332.6,395224,2,1330.33,57862,66020,0.05255649823558961,0
2023-07-28 10:54:29,1332.6,395224,2,1330.33,57931,65865,0.05255649823558961,0
2023-07-28 10:54:29,1332.6,395224,2,1330.33,57753,66067,0.05255649823558961,0
2023-07-28 10:54:29,1332.6,395224,2,1330.33,57717,66030,0.05255649823558961,0
2023-07-28 10:54:29,1332.7,395224,2,1330.33,57717,66030,0.06006456941211461,0
2023-07-28 10:54:34,1332.7,395227,2,1330.33,57902,65964,0.06006456941211461,0
2023-07-28 10:54:34,1332.7,395227,2,1330.33,57819,66198,0.06006456941211461,0
2023-07-28 10:54:34,1332.7,395227,2,1330.33,57631,66541,0.06006456941211461,0
2023-07-28 10:54:34,1332.7,395227,2,1330.33,57769,66671,0.06006456941211461,0
2023-07-28 10:54:34,1332.7,395227,2,1330.33,57734,66915,0.06006456941211461,0
2023-07-28 10:54:34,1332.7,395227,3,1330.33,57734,66915,0.06006456941211461,0
2023-07-28 10:54:39,1332.7,395230,3,1330.33,57679,66949,0.06006456941211461,0
2023-07-28 10:54:39,1332.7,395230,3,1330.33,57612,66953,0.06006456941211461,0
2023-07-28 10:54:39,1332.7,395230,3,1330.33,57700,67066,0.06006456941211461,0
2023-07-28 10:54:39,1332.7,395230,3,1330.33,57645,66994,0.06006456941211461,0
2023-07-28 10:54:39,1332.7,395230,3,1330.33,57688,67161,0.06006456941211461,0
2023-07-28 10:54:44,1332.9,395234,4,1330.33,57747,67222,0.07508071176514752,0
2023-07-28 10:54:44,1332.9,395234,4,1330.33,57617,67497,0.07508071176514752,0
2023-07-28 10:54:44,1332.9,395234,4,1330.33,57727,67590,0.07508071176514752,0
2023-07-28 10:54:44,1332.9,395234,4,1330.33,57584,67696,0.07508071176514752,0
2023-07-28 10:54:44,1332.9,395234,2,1330.33,57540,68096,0.07508071176514752,0
2023-07-28 10:54:49,1332.9,395236,2,1330.33,57817,67768,0.07508071176514752,0
2023-07-28 10:54:49,1332.9,395236,2,1330.33,57473,67963,0.07508071176514752,0
2023-07-28 10:54:49,1332.9,395236,2,1330.33,57860,68051,0.07508071176514752,0
2023-07-28 10:54:49,1332.9,395236,2,1330.33,57992,68040,0.07508071176514752,0
2023-07-28 10:54:54,1332.85,395240,4,1330.33,57765,68685,0.07132667617687649,0
2023-07-28 10:54:54,1332.85,395240,4,1330.33,58011,68642,0.07132667617687649,0
2023-07-28 10:54:54,1332.85,395240,4,1330.33,58150,68681,0.07132667617687649,0
2023-07-28 10:54:59,1332.8,395242,2,1330.33,58119,68669,0.06757264058862253,0
2023-07-28 10:54:59,1332.8,395242,2,1330.33,58119,68669,0.06757264058862253,0
2023-07-28 10:54:59,1332.8,395242,2,1330.33,58253,68620,0.06757264058862253,0
2023-07-28 10:54:59,1332.8,395242,2,1330.33,57692,68650,0.06757264058862253,0
2023-07-28 10:54:59,1332.8,395242,1,1330.33,57733,68635,0.06757264058862253,0
2023-07-28 10:55:04,1332.8,395245,1,1330.33,57684,68707,0.06757264058862253,0
2023-07-28 10:55:04,1332.8,395245,1,1330.33,57787,68950,0.06757264058862253,0
2023-07-28 10:55:04,1332.8,395245,1,1330.33,57770,68882,0.06757264058862253,0
2023-07-28 10:55:04,1332.3,395245,1,1330.33,57799,68889,0.030032284706048767,0
2023-07-28 10:55:08,1332.3,395246,1,1330.33,57852,68805,0.030032284706048767,0
2023-07-28 10:55:09,1332.8,395248,2,1330.33,57744,68842,0.06757264058862253,0
2023-07-28 10:55:09,1332.8,395248,2,1330.33,57590,68659,0.06757264058862253,0
2023-07-28 10:55:09,1332.8,395248,2,1330.33,57716,68697,0.06757264058862253,0
2023-07-28 10:55:09,1332.8,395248,2,1330.33,57772,68730,0.06757264058862253,0
2023-07-28 10:55:09,1332.8,395248,2,1330.33,57858,68775,0.06757264058862253,0
2023-07-28 10:55:09,1332.8,395248,3,1330.33,57858,68775,0.06757264058862253,0
2023-07-28 10:55:14,1332.8,395251,3,1330.33,57898,68774,0.06757264058862253,0
2023-07-28 10:55:14,1332.8,395251,3,1330.33,58125,68776,0.06757264058862253,0
2023-07-28 10:55:14,1332.8,395251,3,1330.33,58004,68837,0.06757264058862253,0
2023-07-28 10:55:14,1332.8,395251,3,1330.33,57851,68918,0.06757264058862253,0
2023-07-28 10:55:14,1332.8,395251,10,1330.33,57851,68918,0.06757264058862253,0
2023-07-28 10:55:18,1333.0,395279,2,1330.33,58056,68643,0.08258878294165545,0
2023-07-28 10:55:19,1333.0,395281,2,1330.33,58185,68591,0.08258878294165545,0
2023-07-28 10:55:19,1333.0,395281,2,1330.33,58128,68635,0.08258878294165545,0
2023-07-28 10:55:19,1333.0,395281,2,1330.33,58128,68666,0.08258878294165545,0
2023-07-28 10:55:19,1333.0,395281,1,1330.33,58128,68666,0.08258878294165545,0
2023-07-28 10:55:23,1333.0,395282,1,1330.33,58186,68479,0.08258878294165545,0
2023-07-28 10:55:24,1333.1,395287,5,1330.33,57821,68424,0.09009685411816337,0
2023-07-28 10:55:24,1333.1,395287,5,1330.33,57778,68411,0.09009685411816337,0
2023-07-28 10:55:27,1333.1,395303,16,1330.33,57933,68406,0.09009685411816337,0
2023-07-28 10:55:27,1333.1,395303,16,1330.33,58068,68390,0.09009685411816337,0
2023-07-28 10:55:29,1333.15,395305,2,1330.33,58091,68388,0.0938508897064344,0
2023-07-28 10:55:30,1333.1,395310,4,1330.33,57772,68614,0.09009685411816337,0
2023-07-28 10:55:30,1333.05,395310,1,1330.33,57826,68616,0.08634281852990941,0
2023-07-28 10:55:34,1333.05,395313,1,1330.33,58068,68646,0.08634281852990941,0
2023-07-28 10:55:34,1333.05,395313,1,1330.33,58113,68689,0.08634281852990941,0
2023-07-28 10:55:34,1333.05,395313,1,1330.33,58070,68661,0.08634281852990941,0
2023-07-28 10:55:34,1333.05,395313,1,1330.33,57980,68610,0.08634281852990941,0
2023-07-28 10:55:34,1333.05,395313,1,1330.33,58222,68577,0.08634281852990941,0
2023-07-28 10:55:39,1333.15,395316,3,1330.33,58279,68442,0.0938508897064344,0
2023-07-28 10:55:39,1333.15,395316,3,1330.33,58259,68471,0.0938508897064344,0
2023-07-28 10:55:39,1333.15,395316,3,1330.33,58110,68422,0.0938508897064344,0
2023-07-28 10:55:39,1333.15,395316,3,1330.33,58086,68423,0.0938508897064344,0
2023-07-28 10:55:39,1333.15,395316,3,1330.33,58110,68379,0.0938508897064344,0
2023-07-28 10:55:39,1333.15,395316,2,1330.33,58110,68379,0.0938508897064344,0
2023-07-28 10:55:44,1333.15,395319,2,1330.33,57906,68352,0.0938508897064344,0
2023-07-28 10:55:44,1332.2,395319,8,1330.33,58233,68341,0.022524213529540843,0
2023-07-28 10:55:47,1332.2,395342,8,1330.33,58128,68315,0.022524213529540843,0
2023-07-28 10:55:47,1332.2,395342,8,1330.33,58188,68396,0.022524213529540843,0
2023-07-28 10:55:50,1332.2,395343,1,1330.33,58046,68409,0.022524213529540843,0
2023-07-28 10:55:51,1332.25,395344,1,1330.33,57934,68636,0.026278249117794805,0
2023-07-28 10:55:51,1332.25,395344,1,1330.33,57969,68466,0.026278249117794805,0
2023-07-28 10:55:51,1332.25,395344,1,1330.33,58328,68421,0.026278249117794805,0
2023-07-28 10:55:51,1332.25,395344,1,1330.33,57908,68446,0.026278249117794805,0
2023-07-28 10:55:51,1332.95,395344,4,1330.33,57908,68446,0.07883474735340149,0
2023-07-28 10:55:54,1332.95,395348,4,1330.33,57860,68429,0.07883474735340149,0
2023-07-28 10:55:54,1332.95,395348,4,1330.33,58024,68342,0.07883474735340149,0
2023-07-28 10:55:54,1332.95,395348,4,1330.33,57917,68408,0.07883474735340149,0
2023-07-28 10:55:54,1332.95,395348,4,1330.33,57895,68420,0.07883474735340149,0
2023-07-28 10:55:59,1333.15,395350,2,1330.33,58147,68403,0.0938508897064344,0
2023-07-28 10:55:59,1333.15,395350,2,1330.33,58167,68410,0.0938508897064344,0
2023-07-28 10:55:59,1333.15,395350,2,1330.33,58320,68306,0.0938508897064344,0
2023-07-28 10:55:59,1333.15,395350,2,1330.33,57735,67318,0.0938508897064344,0
2023-07-28 10:55:59,1333.15,395350,4,1330.33,57682,67279,0.0938508897064344,0
2023-07-28 10:56:04,1333.15,395354,4,1330.33,58072,67254,0.0938508897064344,0
2023-07-28 10:56:04,1333.15,395354,4,1330.33,57688,67034,0.0938508897064344,0
2023-07-28 10:56:04,1333.15,395354,4,1330.33,57675,67070,0.0938508897064344,0
2023-07-28 10:56:04,1333.15,395354,4,1330.33,57804,67077,0.0938508897064344,0
2023-07-28 10:56:04,1333.15,395354,4,1330.33,57800,67077,0.0938508897064344,0
2023-07-28 10:56:09,1333.15,395357,3,1330.33,57865,67055,0.0938508897064344,0
2023-07-28 10:56:09,1333.15,395357,3,1330.33,57708,67070,0.0938508897064344,0
2023-07-28 10:56:09,1333.15,395357,3,1330.33,57828,67087,0.0938508897064344,0
2023-07-28 10:56:09,1333.15,395357,3,1330.33,58087,67906,0.0938508897064344,0
2023-07-28 10:56:09,1333.15,395357,3,1330.33,58326,67925,0.0938508897064344,0
2023-07-28 10:56:14,1333.15,395360,3,1330.33,58280,67922,0.0938508897064344,0
2023-07-28 10:56:14,1333.15,395360,3,1330.33,58356,67890,0.0938508897064344,0
2023-07-28 10:56:14,1333.25,395360,10,1330.33,58356,67890,0.10135896088294233,0
2023-07-28 10:56:17,1333.25,395371,10,1330.33,58332,67903,0.10135896088294233,0
2023-07-28 10:56:17,1333.25,395371,10,1330.33,58256,67635,0.10135896088294233,0
2023-07-28 10:56:17,1333.25,395371,10,1330.33,57984,67701,0.10135896088294233,0
2023-07-28 10:56:19,1333.3,395373,2,1330.33,58113,67659,0.10511299647119629,0
2023-07-28 10:56:19,1333.3,395373,3,1330.33,58113,67659,0.10511299647119629,0
2023-07-28 10:56:20,1333.3,395376,3,1330.33,58412,67647,0.10511299647119629,0
2023-07-28 10:56:20,1333.3,395376,3,1330.33,58412,67647,0.10511299647119629,0
2023-07-28 10:56:20,1333.3,395376,3,1330.33,58209,67626,0.10511299647119629,0
2023-07-28 10:56:20,1333.3,395376,3,1330.33,58209,67626,0.10511299647119629,0
2023-07-28 10:56:20,1333.3,395376,3,1330.33,58009,67658,0.10511299647119629,0
2023-07-28 10:56:24,1333.55,395380,2,1330.33,58176,67658,0.12388317441248319,0
2023-07-28 10:56:24,1333.55,395380,2,1330.33,58176,67658,0.12388317441248319,0
2023-07-28 10:56:24,1333.55,395380,2,1330.33,57961,67662,0.12388317441248319,0
2023-07-28 10:56:24,1333.55,395380,2,1330.33,58200,67696,0.12388317441248319,0
2023-07-28 10:56:24,1333.55,395380,2,1330.33,58195,67695,0.12388317441248319,0
2023-07-28 10:56:24,1333.55,395380,2,1330.33,58182,67714,0.12388317441248319,0
2023-07-28 10:56:29,1333.55,395382,2,1330.33,58040,67688,0.12388317441248319,0
2023-07-28 10:56:29,1333.55,395382,2,1330.33,57979,67720,0.12388317441248319,0
2023-07-28 10:56:29,1333.55,395382,2,1330.33,58031,67717,0.12388317441248319,0
2023-07-28 10:56:29,1333.55,395382,2,1330.33,58223,67713,0.12388317441248319,0
2023-07-28 10:56:29,1333.55,395382,1,1330.33,58070,67771,0.12388317441248319,0
2023-07-28 10:56:34,1333.55,395385,1,1330.33,58231,67679,0.12388317441248319,0
2023-07-28 10:56:34,1333.55,395385,1,1330.33,58470,67692,0.12388317441248319,0
2023-07-28 10:56:36,1333.8,395436,5,1330.33,56744,67666,0.14265335235377005,0
2023-07-28 10:56:36,1333.8,395436,5,1330.33,56999,67688,0.14265335235377005,0
2023-07-28 10:56:36,1333.8,395436,5,1330.33,56804,67832,0.14265335235377005,0
2023-07-28 10:56:36,1333.7,395436,3,1330.33,56804,67832,0.13514528117726213,0
2023-07-28 10:56:39,1333.7,395439,3,1330.33,56647,67551,0.13514528117726213,0
2023-07-28 10:56:39,1333.7,395439,3,1330.33,56661,67556,0.13514528117726213,0
2023-07-28 10:56:39,1333.7,395439,3,1330.33,56739,67577,0.13514528117726213,0
2023-07-28 10:56:39,1333.7,395439,3,1330.33,56904,67588,0.13514528117726213,0
2023-07-28 10:56:44,1333.7,395443,4,1330.33,56726,67558,0.13514528117726213,0
2023-07-28 10:56:44,1333.7,395443,4,1330.33,56767,67571,0.13514528117726213,0
2023-07-28 10:56:44,1333.7,395443,8,1330.33,56897,67509,0.13514528117726213,0
2023-07-28 10:56:47,1333.7,395451,8,1330.33,56842,67540,0.13514528117726213,0
2023-07-28 10:56:48,1333.7,395459,8,1330.33,56709,67499,0.13514528117726213,0
2023-07-28 10:56:49,1333.7,395469,2,1330.33,56779,67519,0.13514528117726213,0
2023-07-28 10:56:51,1333.75,395477,2,1330.33,56774,67515,0.1388993167655161,0
2023-07-28 10:56:51,1333.75,395477,6,1330.33,57026,67537,0.1388993167655161,0
2023-07-28 10:56:52,1333.85,395485,1,1330.33,56912,67591,0.14640738794202401,0
2023-07-28 10:56:53,1333.75,395493,11,1330.33,56871,67506,0.1388993167655161,0
2023-07-28 10:56:54,1333.85,395508,2,1330.33,56909,67580,0.14640738794202401,0
2023-07-28 10:56:54,1333.85,395508,2,1330.33,57690,68332,0.14640738794202401,0
2023-07-28 10:56:54,1333.85,395508,2,1330.33,57563,68271,0.14640738794202401,0
2023-07-28 10:56:54,1333.85,395508,2,1330.33,57612,68290,0.14640738794202401,0
2023-07-28 10:56:59,1333.85,395510,2,1330.33,58080,68189,0.14640738794202401,0
2023-07-28 10:56:59,1333.85,395510,2,1330.33,58099,68162,0.14640738794202401,0
2023-07-28 10:56:59,1333.85,395510,2,1330.33,58118,68183,0.14640738794202401,0
2023-07-28 10:56:59,1333.85,395510,2,1330.33,58090,68183,0.14640738794202401,0
2023-07-28 10:57:04,1333.85,395513,1,1330.33,58074,68227,0.14640738794202401,0
2023-07-28 10:57:04,1333.0,395513,39,1330.33,58074,68227,0.08258878294165545,0
2023-07-28 10:57:05,1333.0,395699,39,1330.34,57335,68656,0.08258878294165545,0
2023-07-28 10:57:05,1333.0,395699,39,1330.34,57655,68592,0.08258878294165545,0
2023-07-28 10:57:05,1332.25,395699,5,1330.34,57655,68592,0.026278249117794805,0
2023-07-28 10:57:07,1332.25,395706,5,1330.34,57615,68691,0.026278249117794805,0
2023-07-28 10:57:09,1332.95,395708,2,1330.34,57666,68658,0.07883474735340149,0
2023-07-28 10:57:09,1332.95,395708,2,1330.34,57508,68747,0.07883474735340149,0
2023-07-28 10:57:09,1332.95,395708,2,1330.34,57530,68677,0.07883474735340149,0
2023-07-28 10:57:09,1332.95,395708,2,1330.34,57294,68754,0.07883474735340149,0
2023-07-28 10:57:09,1332.95,395708,2,1330.34,57157,68787,0.07883474735340149,0
2023-07-28 10:57:14,1332.9,395711,1,1330.34,57295,68781,0.07508071176514752,0
2023-07-28 10:57:14,1332.9,395711,1,1330.34,57653,68749,0.07508071176514752,0
2023-07-28 10:57:14,1332.9,395711,1,1330.34,57316,68820,0.07508071176514752,0
2023-07-28 10:57:14,1332.9,395711,1,1330.34,57362,68792,0.07508071176514752,0
2023-07-28 10:57:14,1332.9,395711,1,1330.34,57352,68783,0.07508071176514752,0
2023-07-28 10:57:14,1332.9,395711,1,1330.34,57352,68783,0.07508071176514752,0
2023-07-28 10:57:20,1332.15,395714,1,1330.34,57276,68907,0.01877017794128688,0
2023-07-28 10:57:20,1332.15,395714,1,1330.34,57295,68873,0.01877017794128688,0
2023-07-28 10:57:20,1332.15,395714,1,1330.34,57292,68850,0.01877017794128688,0
2023-07-28 10:57:20,1332.15,395714,1,1330.34,57293,68846,0.01877017794128688,0
2023-07-28 10:57:20,1332.7,395714,3,1330.34,57293,68846,0.06006456941211461,0
2023-07-28 10:57:24,1332.7,395719,3,1330.34,57314,68883,0.06006456941211461,0
2023-07-28 10:57:26,1331.75,396069,5,1330.34,53407,68771,-0.011262106764778958,0
2023-07-28 10:57:28,1330.7,396135,2,1330.34,54919,69058,-0.09009685411818044,0
2023-07-28 10:57:29,1331.55,396335,9,1330.34,57117,68604,-0.02627824911781188,0
2023-07-28 10:57:29,1330.65,396698,44,1330.34,57072,68626,-0.0938508897064344,0
2023-07-28 10:57:29,1330.65,396698,44,1330.34,57064,68602,-0.0938508897064344,0
2023-07-28 10:57:29,1330.65,396698,44,1330.34,57384,68641,-0.0938508897064344,0
2023-07-28 10:57:29,1330.65,396698,44,1330.34,57258,68529,-0.0938508897064344,0
2023-07-28 10:57:34,1332.1,396718,2,1330.34,57475,68406,0.015016142353015849,0
2023-07-28 10:57:34,1332.1,396718,2,1330.34,57613,68327,0.015016142353015849,0
2023-07-28 10:57:37,1332.35,396732,13,1330.34,57662,68169,0.03378632029430273,0
2023-07-28 10:57:37,1332.35,396732,13,1330.34,58299,67617,0.03378632029430273,0
2023-07-28 10:57:37,1332.35,396732,13,1330.34,57748,67893,0.03378632029430273,0
2023-07-28 10:57:37,1333.15,396732,3,1330.34,57748,67893,0.0938508897064344,0
2023-07-28 10:57:39,1333.15,396735,3,1330.34,57851,68051,0.0938508897064344,0
2023-07-28 10:57:39,1333.15,396735,3,1330.34,58258,68060,0.0938508897064344,0
2023-07-28 10:57:39,1333.15,396735,3,1330.34,58152,68046,0.0938508897064344,0
2023-07-28 10:57:44,1332.85,396738,2,1330.34,58015,67897,0.07132667617687649,0
2023-07-28 10:57:44,1332.05,396738,1,1330.34,58015,67897,0.011262106764761887,0
2023-07-28 10:57:46,1332.05,396739,1,1330.34,57915,68239,0.011262106764761887,0
2023-07-28 10:57:46,1332.05,396739,1,1330.34,57939,68184,0.011262106764761887,0
2023-07-28 10:57:46,1332.05,396739,1,1330.34,57889,68192,0.011262106764761887,0
2023-07-28 10:57:49,1331.6,396779,26,1330.34,57926,68327,-0.022524213529557916,0
2023-07-28 10:57:49,1331.6,396779,26,1330.34,57961,68246,-0.022524213529557916,0
2023-07-28 10:57:49,1331.6,396779,26,1330.34,57965,68180,-0.022524213529557916,0
2023-07-28 10:57:49,1331.6,396779,26,1330.34,57867,68119,-0.022524213529557916,0
2023-07-28 10:57:49,1331.55,396779,4,1330.34,57867,68119,-0.02627824911781188,0
2023-07-28 10:57:52,1331.55,396784,4,1330.34,57829,68184,-0.02627824911781188,0
2023-07-28 10:57:52,1331.55,396784,4,1330.34,57859,68169,-0.02627824911781188,0
2023-07-28 10:57:52,1332.3,396784,4,1330.34,57859,68169,0.030032284706048767,0
2023-07-28 10:57:54,1332.3,396788,4,1330.34,57896,68126,0.030032284706048767,0
2023-07-28 10:57:54,1332.3,396788,4,1330.34,57815,68140,0.030032284706048767,0
2023-07-28 10:57:57,1331.3,396888,27,1330.34,57774,68296,-0.04504842705909876,0
2023-07-28 10:57:57,1331.3,396888,27,1330.34,57827,68313,-0.04504842705909876,0
2023-07-28 10:57:57,1331.3,396888,27,1330.34,57832,68332,-0.04504842705909876,0
2023-07-28 10:57:57,1331.3,396888,27,1330.34,57884,68261,-0.04504842705909876,0
2023-07-28 10:57:57,1331.3,396888,1,1330.34,57839,68256,-0.04504842705909876,0
2023-07-28 10:58:02,1331.3,396889,1,1330.34,57827,68279,-0.04504842705909876,0
2023-07-28 10:58:04,1332.0,396892,3,1330.34,57826,68264,0.0075080711765079244,0
2023-07-28 10:58:04,1332.0,396892,3,1330.34,57875,68291,0.0075080711765079244,0
2023-07-28 10:58:04,1332.0,396892,3,1330.34,57856,68404,0.0075080711765079244,0
2023-07-28 10:58:09,1332.0,396895,3,1330.34,57865,68392,0.0075080711765079244,0
2023-07-28 10:58:09,1332.0,396895,3,1330.34,57874,68398,0.0075080711765079244,0
2023-07-28 10:58:11,1332.0,396901,6,1330.34,57857,68404,0.0075080711765079244,0
2023-07-28 10:58:11,1332.0,396901,6,1330.34,57835,68431,0.0075080711765079244,0
2023-07-28 10:58:11,1332.0,396901,6,1330.34,57835,68431,0.0075080711765079244,0
2023-07-28 10:58:14,1332.0,396904,3,1330.34,57804,68428,0.0075080711765079244,0
2023-07-28 10:58:14,1332.0,396904,3,1330.34,57846,68461,0.0075080711765079244,0
2023-07-28 10:58:14,1332.0,396904,3,1330.34,57846,68446,0.0075080711765079244,0
2023-07-28 10:58:14,1332.0,396904,3,1330.34,57826,68407,0.0075080711765079244,0
2023-07-28 10:58:14,1332.0,396904,42,1330.34,57851,68429,0.0075080711765079244,0
2023-07-28 10:58:19,1332.0,396948,2,1330.34,57813,68363,0.0075080711765079244,0
2023-07-28 10:58:19,1332.0,396948,2,1330.34,57729,68536,0.0075080711765079244,0
2023-07-28 10:58:22,1331.95,396959,10,1330.34,57775,68415,0.0037540355882539622,0
2023-07-28 10:58:22,1331.95,396959,10,1330.34,57755,68426,0.0037540355882539622,0
2023-07-28 10:58:22,1331.95,396959,10,1330.34,57855,68442,0.0037540355882539622,0
2023-07-28 10:58:22,1332.0,396959,4,1330.34,57855,68442,0.0075080711765079244,0
2023-07-28 10:58:24,1332.0,396963,4,1330.34,57816,68457,0.0075080711765079244,0
2023-07-28 10:58:24,1332.0,396963,4,1330.34,57740,68489,0.0075080711765079244,0
2023-07-28 10:58:24,1332.0,396963,4,1330.34,57758,68496,0.0075080711765079244,0
2023-07-28 10:58:24,1332.0,396963,4,1330.34,57780,68482,0.0075080711765079244,0
2023-07-28 10:58:29,1332.0,396965,2,1330.34,57831,68437,0.0075080711765079244,0
2023-07-28 10:58:29,1332.0,396965,2,1330.34,57831,68441,0.0075080711765079244,0
2023-07-28 10:58:29,1332.0,396965,2,1330.34,57791,68441,0.0075080711765079244,0
2023-07-28 10:58:33,1331.55,396968,2,1330.34,57788,68405,-0.02627824911781188,0
2023-07-28 10:58:34,1332.0,396970,2,1330.34,57783,68435,0.0075080711765079244,0
2023-07-28 10:58:34,1332.0,396970,2,1330.34,57813,68431,0.0075080711765079244,0
2023-07-28 10:58:34,1332.0,396970,2,1330.34,57794,68436,0.0075080711765079244,0
2023-07-28 10:58:34,1332.0,396970,2,1330.34,57831,68420,0.0075080711765079244,0
2023-07-28 10:58:39,1332.0,396973,3,1330.34,57830,68451,0.0075080711765079244,0
2023-07-28 10:58:39,1332.0,396973,6,1330.34,57830,68451,0.0075080711765079244,0
2023-07-28 10:58:40,1332.0,396979,6,1330.34,58160,68265,0.0075080711765079244,0
2023-07-28 10:58:42,1332.0,396990,11,1330.34,58282,68342,0.0075080711765079244,0
2023-07-28 10:58:42,1332.0,396990,11,1330.34,57795,68352,0.0075080711765079244,0
2023-07-28 10:58:44,1332.0,396994,4,1330.34,57827,68344,0.0075080711765079244,0
2023-07-28 10:58:44,1332.0,396994,4,1330.34,57811,68364,0.0075080711765079244,0
2023-07-28 10:58:44,1332.0,396994,4,1330.34,57901,68360,0.0075080711765079244,0
2023-07-28 10:58:44,1331.65,396994,1,1330.34,57845,68328,-0.01877017794128688,0
2023-07-28 10:58:48,1331.65,396995,1,1330.34,57825,68332,-0.01877017794128688,0
2023-07-28 10:58:49,1332.0,396996,1,1330.34,57837,68369,0.0075080711765079244,0
2023-07-28 10:58:49,1332.0,396996,1,1330.34,57798,68387,0.0075080711765079244,0
2023-07-28 10:58:49,1332.0,396996,1,1330.34,57793,68392,0.0075080711765079244,0
2023-07-28 10:58:49,1332.0,396996,1,1330.34,57793,68456,0.0075080711765079244,0
2023-07-28 10:58:49,1332.0,396996,5,1330.34,57793,68456,0.0075080711765079244,0
2023-07-28 10:58:54,1332.0,397001,5,1330.34,58001,68354,0.0075080711765079244,0
2023-07-28 10:58:54,1332.0,397001,5,1330.34,58049,68352,0.0075080711765079244,0
2023-07-28 10:58:54,1329.25,397001,11,1330.34,58049,68352,-0.1989638861776478,0
2023-07-28 10:58:57,1329.3,397714,1,1330.34,54179,69093,-0.19520985058939383,0
2023-07-28 10:58:59,1331.15,398127,9,1330.34,55747,68037,-0.05631053382386065,0
2023-07-28 10:58:59,1331.15,398127,9,1330.34,55747,68037,-0.05631053382386065,0
2023-07-28 10:58:59,1331.15,398127,9,1330.34,56946,67144,-0.05631053382386065,0
2023-07-28 10:58:59,1331.55,398127,39,1330.34,56946,67144,-0.02627824911781188,0
2023-07-28 10:59:01,1331.75,398206,2,1330.34,56840,68150,-0.011262106764778958,0
2023-07-28 10:59:01,1331.75,398206,2,1330.34,56840,68150,-0.011262106764778958,0
2023-07-28 10:59:01,1331.75,398206,2,1330.34,56987,68264,-0.011262106764778958,0
2023-07-28 10:59:01,1331.75,398206,2,1330.34,56313,68261,-0.011262106764778958,0
2023-07-28 10:59:04,1331.85,398209,1,1330.34,56952,68285,-0.0037540355882710336,0
2023-07-28 10:59:04,1331.85,398209,1,1330.34,56567,68434,-0.0037540355882710336,0
2023-07-28 10:59:04,1331.85,398209,1,1330.34,56596,68342,-0.0037540355882710336,0
2023-07-28 10:59:04,1331.85,398209,1,1330.34,56645,68458,-0.0037540355882710336,0
2023-07-28 10:59:04,1331.85,398209,1,1330.34,56690,68521,-0.0037540355882710336,0
2023-07-28 10:59:04,1331.6,398209,3,1330.34,56690,68521,-0.022524213529557916,0
2023-07-28 10:59:09,1331.6,398212,3,1330.34,56174,68588,-0.022524213529557916,0
2023-07-28 10:59:09,1331.6,398212,3,1330.34,56214,68652,-0.022524213529557916,0
2023-07-28 10:59:11,1330.0,398665,207,1330.34,55122,68732,-0.14265335235378712,0
2023-07-28 10:59:11,1330.25,398665,5,1330.34,55400,68721,-0.12388317441250025,0
2023-07-28 10:59:13,1330.25,398686,5,1330.34,55514,68640,-0.12388317441250025,0
2023-07-28 10:59:13,1330.75,398686,9,1330.34,55514,68640,-0.08634281852992648,0
2023-07-28 10:59:15,1330.75,398711,9,1330.34,56208,67971,-0.08634281852992648,0
2023-07-28 10:59:15,1331.1,398711,6,1330.34,56208,67971,-0.06006456941213168,0
2023-07-28 10:59:16,1331.1,398722,6,1330.34,56428,67992,-0.06006456941213168,0
2023-07-28 10:59:16,1331.1,398722,6,1330.34,56433,68061,-0.06006456941213168,0
2023-07-28 10:59:16,1331.1,398722,6,1330.34,56473,68113,-0.06006456941213168,0
2023-07-28 10:59:19,1331.0,398724,2,1330.34,56455,68131,-0.0675726405886396,0
2023-07-28 10:59:19,1331.0,398724,2,1330.34,56455,68132,-0.0675726405886396,0
2023-07-28 10:59:19,1331.0,398724,2,1330.34,56455,68132,-0.0675726405886396,0
2023-07-28 10:59:19,1331.0,398724,2,1330.34,56456,68132,-0.0675726405886396,0
2023-07-28 10:59:23,1330.65,398725,1,1330.34,56452,68131,-0.0938508897064344,0
2023-07-28 10:59:23,1330.65,398725,1,1330.34,56452,68131,-0.0938508897064344,0
2023-07-28 10:59:23,1330.65,398725,1,1330.34,56452,68131,-0.0938508897064344,0
2023-07-28 10:59:24,1331.0,398729,4,1330.34,56451,68126,-0.0675726405886396,0
2023-07-28 10:59:24,1331.0,398729,4,1330.34,56451,68126,-0.0675726405886396,0
2023-07-28 10:59:24,1331.0,398729,4,1330.34,56451,68126,-0.0675726405886396,0
2023-07-28 10:59:24,1331.0,398729,4,1330.34,56451,68126,-0.0675726405886396,0
2023-07-28 10:59:24,1331.0,398729,4,1330.34,56457,68125,-0.0675726405886396,0
2023-07-28 10:59:29,1331.0,398731,2,1330.34,56416,68149,-0.0675726405886396,0
2023-07-28 10:59:29,1331.0,398731,2,1330.34,56416,68155,-0.0675726405886396,0
2023-07-28 10:59:29,1331.0,398731,2,1330.34,56417,68167,-0.0675726405886396,0
2023-07-28 10:59:29,1330.65,398731,1,1330.34,56417,68167,-0.0938508897064344,0
2023-07-28 10:59:32,1330.65,398732,1,1330.34,56413,68162,-0.0938508897064344,0
2023-07-28 10:59:32,1330.65,398732,1,1330.34,56413,68162,-0.0938508897064344,0
2023-07-28 10:59:34,1331.0,398734,2,1330.34,56416,68154,-0.0675726405886396,0
2023-07-28 10:59:34,1331.0,398734,2,1330.34,56417,68154,-0.0675726405886396,0
2023-07-28 10:59:34,1331.0,398734,2,1330.34,56427,68154,-0.0675726405886396,0
2023-07-28 10:59:39,1331.0,398737,3,1330.34,56396,68172,-0.0675726405886396,0
2023-07-28 10:59:39,1331.0,398737,3,1330.34,56411,68172,-0.0675726405886396,0
2023-07-28 10:59:39,1331.0,398737,3,1330.34,56462,68172,-0.0675726405886396,0
2023-07-28 10:59:39,1331.0,398737,3,1330.34,56371,68172,-0.0675726405886396,0
2023-07-28 10:59:43,1330.75,398740,3,1330.34,56361,68176,-0.08634281852992648,0
2023-07-28 10:59:44,1331.0,398782,42,1330.34,56439,68299,-0.0675726405886396,0
2023-07-28 10:59:44,1331.0,398782,42,1330.34,56439,68299,-0.0675726405886396,0
2023-07-28 10:59:44,1331.0,398782,42,1330.34,56440,68299,-0.0675726405886396,0
2023-07-28 10:59:44,1331.0,398782,42,1330.34,56435,68299,-0.0675726405886396,0
2023-07-28 10:59:44,1331.0,398782,42,1330.34,56435,68299,-0.0675726405886396,0
2023-07-28 10:59:44,1331.0,398782,42,1330.34,56435,68299,-0.0675726405886396,0
2023-07-28 10:59:49,1331.0,398784,2,1330.34,56435,68293,-0.0675726405886396,0
2023-07-28 10:59:49,1331.0,398784,2,1330.34,56435,68793,-0.0675726405886396,0
2023-07-28 10:59:49,1331.0,398784,2,1330.34,56425,68834,-0.0675726405886396,0
2023-07-28 10:59:49,1331.0,398784,2,1330.34,56425,68834,-0.0675726405886396,0
2023-07-28 10:59:49,1331.0,398784,10,1330.34,56425,68834,-0.0675726405886396,0
2023-07-28 10:59:49,1331.0,398784,4,1330.34,56425,68834,-0.0675726405886396,0
2023-07-28 10:59:54,1331.0,398798,4,1330.34,56421,68823,-0.0675726405886396,0
2023-07-28 10:59:54,1331.0,398798,4,1330.34,56421,68816,-0.0675726405886396,0
2023-07-28 10:59:54,1331.0,398798,4,1330.34,56413,68816,-0.0675726405886396,0
2023-07-28 10:59:54,1331.0,398798,4,1330.34,56413,68819,-0.0675726405886396,0
2023-07-28 10:59:59,1331.0,398800,2,1330.34,56400,68812,-0.0675726405886396,0
2023-07-28 10:59:59,1331.0,398800,2,1330.34,56400,68812,-0.0675726405886396,0
2023-07-28 10:59:59,1331.0,398800,1,1330.34,56400,68812,-0.0675726405886396,0
2023-07-28 11:00:00,1331.0,398801,1,1330.34,56426,68787,-0.0675726405886396,0
2023-07-28 11:00:00,1331.0,398801,1,1330.34,56427,68748,-0.0675726405886396,0
2023-07-28 11:00:04,1331.0,398805,4,1330.34,56431,68749,-0.0675726405886396,0
2023-07-28 11:00:04,1331.0,398805,4,1330.34,56431,68749,-0.0675726405886396,0
2023-07-28 11:00:04,1331.0,398805,4,1330.34,56432,68749,-0.0675726405886396,0
2023-07-28 11:00:09,1331.0,398808,3,1330.34,56445,68741,-0.0675726405886396,0
2023-07-28 11:00:09,1331.0,398808,3,1330.34,56430,68745,-0.0675726405886396,0
2023-07-28 11:00:09,1331.0,398808,3,1330.34,56460,68753,-0.0675726405886396,0
2023-07-28 11:00:09,1331.0,398808,3,1330.34,56430,68749,-0.0675726405886396,0
2023-07-28 11:00:14,1331.0,398811,3,1330.34,56415,68742,-0.0675726405886396,0
2023-07-28 11:00:14,1330.75,398811,1,1330.34,56415,68742,-0.08634281852992648,0
2023-07-28 11:00:16,1330.75,398812,1,1330.34,56405,68741,-0.08634281852992648,0
2023-07-28 11:00:16,1330.75,398812,1,1330.34,56441,68773,-0.08634281852992648,0
2023-07-28 11:00:19,1331.0,398814,2,1330.34,56423,68759,-0.0675726405886396,0
2023-07-28 11:00:19,1331.0,398814,2,1330.34,56423,68747,-0.0675726405886396,0
2023-07-28 11:00:19,1331.0,398814,2,1330.34,56423,68742,-0.0675726405886396,0
2023-07-28 11:00:19,1331.0,398814,2,1330.34,56424,68756,-0.0675726405886396,0
2023-07-28 11:00:19,1331.0,398814,2,1330.34,56424,68759,-0.0675726405886396,0
2023-07-28 11:00:24,1331.0,398818,4,1330.34,56423,68740,-0.0675726405886396,0
2023-07-28 11:00:24,1331.0,398818,4,1330.34,56405,68746,-0.0675726405886396,0
2023-07-28 11:00:24,1331.0,398818,4,1330.34,56471,68753,-0.0675726405886396,0
2023-07-28 11:00:24,1331.0,398818,2,1330.34,56471,68753,-0.0675726405886396,0
2023-07-28 11:00:29,1331.0,398820,2,1330.34,56419,68716,-0.0675726405886396,0
2023-07-28 11:00:29,1331.0,398820,2,1330.34,56420,68721,-0.0675726405886396,0
2023-07-28 11:00:29,1331.0,398820,2,1330.34,56420,68723,-0.0675726405886396,0
2023-07-28 11:00:29,1331.0,398820,2,1330.34,56420,68723,-0.0675726405886396,0
2023-07-28 11:00:34,1331.0,398823,3,1330.34,56419,68715,-0.0675726405886396,0
2023-07-28 11:00:34,1331.0,398823,3,1330.34,56420,68747,-0.0675726405886396,0
2023-07-28 11:00:39,1331.0,398826,3,1330.34,56419,68738,-0.0675726405886396,0
2023-07-28 11:00:39,1331.0,398826,3,1330.34,56472,68749,-0.0675726405886396,0
2023-07-28 11:00:39,1331.0,398826,3,1330.34,56472,68744,-0.0675726405886396,0
2023-07-28 11:00:44,1331.0,398830,4,1330.34,56471,68734,-0.0675726405886396,0
2023-07-28 11:00:44,1331.0,398830,4,1330.34,56442,68769,-0.0675726405886396,0
2023-07-28 11:00:49,1331.0,398832,2,1330.34,56442,68766,-0.0675726405886396,0
2023-07-28 11:00:49,1331.0,398832,2,1330.34,56429,68766,-0.0675726405886396,0
2023-07-28 11:00:54,1331.0,398836,4,1330.34,56453,68744,-0.0675726405886396,0
2023-07-28 11:00:56,1331.5,399362,30,1330.34,56319,68415,-0.03003228470606584,0
2023-07-28 11:00:56,1331.5,399362,30,1330.34,56310,68536,-0.03003228470606584,0
2023-07-28 11:00:58,1332.0,399368,1,1330.34,56285,68424,0.0075080711765079244,0
2023-07-28 11:00:58,1332.0,399369,1,1330.34,56718,68225,0.0075080711765079244,0
2023-07-28 11:00:58,1332.35,399369,2,1330.34,56718,68225,0.03378632029430273,0
2023-07-28 11:00:59,1332.35,399371,2,1330.34,56713,68232,0.03378632029430273,0
2023-07-28 11:01:01,1332.05,399391,9,1330.34,57764,68562,0.011262106764761887,0
2023-07-28 11:01:01,1332.0,399419,1,1330.34,57370,68689,0.0075080711765079244,0
2023-07-28 11:01:01,1332.0,399419,1,1330.34,57788,68628,0.0075080711765079244,0
2023-07-28 11:01:01,1332.0,399419,1,1330.34,57850,68626,0.0075080711765079244,0
2023-07-28 11:01:01,1332.35,399419,2,1330.34,57850,68626,0.03378632029430273,0
2023-07-28 11:01:04,1332.35,399421,2,1330.34,57627,68696,0.03378632029430273,0
2023-07-28 11:01:04,1332.35,399421,2,1330.34,56631,67974,0.03378632029430273,0
2023-07-28 11:01:04,1331.65,399421,1,1330.34,56731,67973,-0.01877017794128688,0
2023-07-28 11:01:08,1331.65,399422,1,1330.34,56753,68025,-0.01877017794128688,0
2023-07-28 11:01:09,1332.35,399424,2,1330.34,56591,67979,0.03378632029430273,0
2023-07-28 11:01:09,1332.35,399424,2,1330.34,56735,67984,0.03378632029430273,0
2023-07-28 11:01:09,1332.35,399424,2,1330.34,56785,68004,0.03378632029430273,0
2023-07-28 11:01:14,1332.35,399427,3,1330.34,56848,67996,0.03378632029430273,0
2023-07-28 11:01:14,1332.35,399427,3,1330.34,56956,67996,0.03378632029430273,0
2023-07-28 11:01:14,1332.35,399427,3,1330.34,56962,67991,0.03378632029430273,0
2023-07-28 11:01:19,1332.35,399429,2,1330.34,56961,67989,0.03378632029430273,0
2023-07-28 11:01:19,1332.35,399429,2,1330.34,56956,67970,0.03378632029430273,0
2023-07-28 11:01:19,1332.35,399429,2,1330.34,56951,67971,0.03378632029430273,0
2023-07-28 11:01:24,1332.35,399434,5,1330.34,56969,67966,0.03378632029430273,0
2023-07-28 11:01:24,1332.35,399434,5,1330.34,57714,68716,0.03378632029430273,0
2023-07-28 11:01:24,1332.35,399434,5,1330.34,57712,68720,0.03378632029430273,0
2023-07-28 11:01:28,1332.35,399435,1,1330.34,57712,68715,0.03378632029430273,0
2023-07-28 11:01:28,1332.35,399435,2,1330.34,57752,68740,0.03378632029430273,0
2023-07-28 11:01:29,1332.35,399437,2,1330.34,57796,68608,0.03378632029430273,0
2023-07-28 11:01:29,1332.35,399437,2,1330.34,57937,68514,0.03378632029430273,0
2023-07-28 11:01:29,1332.35,399437,2,1330.34,57936,68539,0.03378632029430273,0
2023-07-28 11:01:29,1332.35,399437,2,1330.34,57936,68579,0.03378632029430273,0
2023-07-28 11:01:29,1332.5,399437,2,1330.34,57936,68579,0.045048427059081686,0
2023-07-28 11:01:34,1332.5,399440,2,1330.34,57860,68576,0.045048427059081686,0
2023-07-28 11:01:34,1332.5,399440,2,1330.34,58013,68566,0.045048427059081686,0
2023-07-28 11:01:34,1332.5,399440,2,1330.34,57957,68566,0.045048427059081686,0
2023-07-28 11:01:39,1332.65,399443,3,1330.34,57959,68596,0.05631053382386065,0
2023-07-28 11:01:40,1331.85,399461,13,1330.34,57847,68673,-0.0037540355882710336,0
2023-07-28 11:01:40,1331.9,399461,1,1330.34,57828,68650,0.0,0
2023-07-28 11:01:42,1331.9,399462,1,1330.34,57852,68645,0.0,0
2023-07-28 11:01:42,1331.9,399462,1,1330.34,57881,68629,0.0,0
2023-07-28 11:01:44,1332.5,399464,2,1330.34,57880,68618,0.045048427059081686,0
2023-07-28 11:01:44,1332.5,399464,2,1330.34,57861,68672,0.045048427059081686,0
2023-07-28 11:01:44,1332.5,399464,2,1330.34,57862,68672,0.045048427059081686,0
2023-07-28 11:01:44,1332.5,399464,2,1330.34,57854,68651,0.045048427059081686,0
2023-07-28 11:01:49,1332.5,399466,2,1330.34,57843,68664,0.045048427059081686,0
2023-07-28 11:01:49,1332.5,399466,2,1330.34,57844,68664,0.045048427059081686,0
2023-07-28 11:01:49,1332.5,399466,2,1330.34,57844,68645,0.045048427059081686,0
2023-07-28 11:01:49,1332.5,399466,2,1330.34,57839,68672,0.045048427059081686,0
2023-07-28 11:01:54,1332.5,399470,4,1330.34,57808,68666,0.045048427059081686,0
2023-07-28 11:01:54,1332.5,399470,4,1330.34,57827,68644,0.045048427059081686,0
2023-07-28 11:01:54,1332.5,399470,4,1330.34,57846,68639,0.045048427059081686,0
2023-07-28 11:01:54,1332.5,399470,4,1330.34,57851,68644,0.045048427059081686,0
2023-07-28 11:01:54,1332.5,399470,2,1330.34,57846,68660,0.045048427059081686,0
2023-07-28 11:01:59,1332.5,399472,2,1330.34,57840,68633,0.045048427059081686,0
2023-07-28 11:01:59,1332.5,399472,2,1330.34,57830,68660,0.045048427059081686,0
2023-07-28 11:01:59,1332.5,399472,2,1330.34,57836,68665,0.045048427059081686,0
2023-07-28 11:01:59,1332.5,399472,2,1330.34,57841,68648,0.045048427059081686,0
2023-07-28 11:02:04,1332.5,399476,4,1330.34,57857,68644,0.045048427059081686,0
2023-07-28 11:02:04,1332.5,399476,4,1330.34,57857,68649,0.045048427059081686,0
2023-07-28 11:02:04,1332.5,399476,4,1330.34,57859,68649,0.045048427059081686,0
2023-07-28 11:02:04,1332.5,399476,4,1330.34,57860,68631,0.045048427059081686,0
2023-07-28 11:02:04,1332.5,399476,4,1330.34,57860,68631,0.045048427059081686,0
2023-07-28 11:02:09,1332.5,399479,3,1330.34,57859,68618,0.045048427059081686,0
2023-07-28 11:02:09,1332.5,399479,3,1330.34,57859,68629,0.045048427059081686,0
2023-07-28 11:02:09,1332.5,399479,3,1330.34,57860,68629,0.045048427059081686,0
2023-07-28 11:02:09,1332.5,399479,3,1330.34,57860,68629,0.045048427059081686,0
2023-07-28 11:02:09,1332.5,399479,3,1330.34,57860,68619,0.045048427059081686,0
2023-07-28 11:02:09,1332.5,399479,3,1330.34,57860,68619,0.045048427059081686,0
2023-07-28 11:02:14,1332.5,399482,3,1330.34,57914,68558,0.045048427059081686,0
2023-07-28 11:02:14,1332.5,399482,3,1330.34,57914,68580,0.045048427059081686,0
2023-07-28 11:02:14,1332.5,399482,3,1330.34,57935,68580,0.045048427059081686,0
2023-07-28 11:02:14,1332.5,399482,3,1330.34,57908,68580,0.045048427059081686,0
2023-07-28 11:02:14,1332.5,399482,2,1330.34,57908,68580,0.045048427059081686,0
2023-07-28 11:02:19,1332.5,399484,2,1330.34,57881,68578,0.045048427059081686,0
2023-07-28 11:02:19,1332.5,399484,2,1330.34,57803,68617,0.045048427059081686,0
2023-07-28 11:02:19,1333.0,399484,30,1330.34,57803,68617,0.08258878294165545,0
2023-07-28 11:02:22,1333.0,400484,30,1330.35,57911,68410,0.08258878294165545,0
2023-07-28 11:02:22,1332.35,400484,13,1330.35,57911,68410,0.03378632029430273,0
2023-07-28 11:02:22,1332.7,400531,20,1330.35,57689,68476,0.06006456941211461,0
2023-07-28 11:02:22,1332.7,400531,20,1330.35,57689,68476,0.06006456941211461,0
2023-07-28 11:02:22,1333.15,400531,4,1330.35,57689,68476,0.0938508897064344,0
2023-07-28 11:02:22,1333.15,400531,4,1330.35,57689,68476,0.0938508897064344,0
2023-07-28 11:02:24,1333.15,400817,4,1330.35,58385,68299,0.0938508897064344,0
2023-07-28 11:02:24,1333.15,400817,4,1330.35,58488,68430,0.0938508897064344,0
2023-07-28 11:02:24,1333.15,400817,4,1330.35,58488,68430,0.0938508897064344,0
2023-07-28 11:02:24,1333.15,400817,4,1330.35,58202,68348,0.0938508897064344,0
2023-07-28 11:02:24,1332.25,400817,1,1330.35,58202,68348,0.026278249117794805,0
2023-07-28 11:02:28,1332.55,400819,1,1330.35,58473,68522,0.04880246264733565,0
2023-07-28 11:02:29,1332.55,400820,1,1330.35,58434,68456,0.04880246264733565,0
2023-07-28 11:02:29,1332.55,400820,1,1330.35,58466,68494,0.04880246264733565,0
2023-07-28 11:02:29,1332.55,400820,1,1330.35,58466,68493,0.04880246264733565,0
2023-07-28 11:02:29,1332.55,400820,1,1330.35,58433,68491,0.04880246264733565,0
2023-07-28 11:02:34,1332.15,400823,3,1330.35,58470,68474,0.01877017794128688,0
2023-07-28 11:02:34,1332.15,400823,3,1330.35,58471,68469,0.01877017794128688,0
2023-07-28 11:02:34,1332.15,400823,3,1330.35,58471,68455,0.01877017794128688,0
2023-07-28 11:02:39,1332.1,400826,3,1330.35,58470,68484,0.015016142353015849,0
2023-07-28 11:02:39,1332.1,400826,3,1330.35,58448,68491,0.015016142353015849,0
2023-07-28 11:02:39,1332.05,400826,4,1330.35,58448,68491,0.011262106764761887,0
2023-07-28 11:02:41,1332.05,400830,4,1330.35,58448,68463,0.011262106764761887,0
2023-07-28 11:02:41,1332.05,400830,4,1330.35,58443,68451,0.011262106764761887,0
2023-07-28 11:02:41,1332.05,400830,4,1330.35,58443,68451,0.011262106764761887,0
2023-07-28 11:02:41,1332.05,400830,4,1330.35,58443,68451,0.011262106764761887,0
2023-07-28 11:02:46,1332.05,400832,2,1330.35,58425,68449,0.011262106764761887,0
2023-07-28 11:02:46,1332.05,400832,2,1330.35,58425,68433,0.011262106764761887,0
2023-07-28 11:02:46,1332.05,400832,2,1330.35,58425,68433,0.011262106764761887,0
2023-07-28 11:02:49,1331.9,400842,9,1330.35,58415,68452,0.0,0
2023-07-28 11:02:49,1331.9,400842,9,1330.35,58415,68452,0.0,0
2023-07-28 11:02:49,1331.9,400842,9,1330.35,58268,68511,0.0,0
2023-07-28 11:02:49,1331.95,400842,1,1330.35,58268,68511,0.0037540355882539622,0
2023-07-28 11:02:51,1331.95,400843,1,1330.35,58222,68534,0.0037540355882539622,0
2023-07-28 11:02:51,1331.95,400843,1,1330.35,58222,68539,0.0037540355882539622,0
2023-07-28 11:02:51,1332.05,400843,11,1330.35,58222,68539,0.011262106764761887,0
2023-07-28 11:02:53,1332.05,400854,11,1330.35,58231,68631,0.011262106764761887,0
2023-07-28 11:02:54,1332.05,400858,4,1330.35,58243,68627,0.011262106764761887,0
2023-07-28 11:02:56,1332.05,400859,1,1330.35,58329,68651,0.011262106764761887,0
2023-07-28 11:02:56,1332.1,400860,11,1330.35,58329,68667,0.015016142353015849,0
2023-07-28 11:02:57,1332.1,400871,11,1330.35,58329,68627,0.015016142353015849,0
2023-07-28 11:02:57,1332.1,400871,2,1330.35,58341,68621,0.015016142353015849,0
2023-07-28 11:02:59,1332.1,400873,2,1330.35,58323,68659,0.015016142353015849,0
2023-07-28 11:02:59,1332.1,400873,3,1330.35,58352,68647,0.015016142353015849,0
2023-07-28 11:03:01,1332.1,400876,3,1330.35,58374,68644,0.015016142353015849,0
2023-07-28 11:03:01,1332.1,400876,3,1330.35,58374,68644,0.015016142353015849,0
2023-07-28 11:03:01,1332.1,400876,3,1330.35,58393,68600,0.015016142353015849,0
2023-07-28 11:03:01,1332.1,400876,3,1330.35,58393,68600,0.015016142353015849,0
2023-07-28 11:03:06,1332.15,400886,5,1330.35,58384,68579,0.01877017794128688,0
2023-07-28 11:03:06,1332.15,400886,5,1330.35,58385,68599,0.01877017794128688,0
2023-07-28 11:03:06,1332.15,400886,5,1330.35,58371,68599,0.01877017794128688,0
2023-07-28 11:03:06,1332.15,400886,5,1330.35,58365,68600,0.01877017794128688,0
2023-07-28 11:03:06,1332.15,400886,5,1330.35,58381,68600,0.01877017794128688,0
2023-07-28 11:03:06,1332.1,400886,1,1330.35,58382,68599,0.015016142353015849,0
2023-07-28 11:03:12,1332.1,400887,1,1330.35,58351,68598,0.015016142353015849,0
2023-07-28 11:03:12,1332.1,400887,1,1330.35,58345,68598,0.015016142353015849,0
2023-07-28 11:03:12,1332.15,400887,2,1330.35,58345,68598,0.01877017794128688,0
2023-07-28 11:03:14,1332.15,400889,2,1330.35,58355,68596,0.01877017794128688,0
2023-07-28 11:03:14,1332.2,400889,1,1330.35,58355,68596,0.022524213529540843,0
2023-07-28 11:03:16,1332.2,400904,1,1330.35,58356,68581,0.022524213529540843,0
2023-07-28 11:03:16,1332.2,400904,1,1330.35,58356,68581,0.022524213529540843,0
2023-07-28 11:03:16,1332.2,400904,1,1330.35,58356,68581,0.022524213529540843,0
2023-07-28 11:03:16,1332.2,400904,2,1330.35,58348,68581,0.022524213529540843,0
2023-07-28 11:03:19,1332.2,400906,2,1330.35,58360,68579,0.022524213529540843,0
2023-07-28 11:03:19,1332.2,400906,2,1330.35,58361,68579,0.022524213529540843,0
2023-07-28 11:03:19,1332.2,400906,2,1330.35,58370,68634,0.022524213529540843,0
2023-07-28 11:03:19,1332.2,400906,5,1330.35,58380,68630,0.022524213529540843,0
2023-07-28 11:03:24,1332.2,400911,5,1330.35,58374,68625,0.022524213529540843,0
2023-07-28 11:03:24,1332.2,400911,5,1330.35,58374,68625,0.022524213529540843,0
2023-07-28 11:03:24,1332.2,400911,5,1330.35,58375,68662,0.022524213529540843,0
2023-07-28 11:03:24,1332.2,400911,5,1330.35,58390,68648,0.022524213529540843,0
2023-07-28 11:03:29,1331.85,401061,16,1330.35,58117,68785,-0.0037540355882710336,0
2023-07-28 11:03:29,1331.85,401061,16,1330.35,58196,68785,-0.0037540355882710336,0
2023-07-28 11:03:29,1331.85,401061,16,1330.35,58206,68785,-0.0037540355882710336,0
2023-07-28 11:03:29,1331.85,401061,16,1330.35,58228,68768,-0.0037540355882710336,0
2023-07-28 11:03:29,1331.85,401061,16,1330.35,58238,68768,-0.0037540355882710336,0
2023-07-28 11:03:29,1331.85,401061,16,1330.35,58233,68768,-0.0037540355882710336,0
2023-07-28 11:03:29,1332.2,401061,3,1330.35,58233,68768,0.022524213529540843,0
2023-07-28 11:03:34,1332.2,401064,3,1330.35,58241,68761,0.022524213529540843,0
2023-07-28 11:03:34,1332.2,401064,3,1330.35,58253,68786,0.022524213529540843,0
2023-07-28 11:03:34,1332.2,401064,3,1330.35,58286,68788,0.022524213529540843,0
2023-07-28 11:03:34,1332.2,401064,3,1330.35,58286,68788,0.022524213529540843,0
2023-07-28 11:03:39,1332.2,401067,3,1330.35,58270,68769,0.022524213529540843,0
2023-07-28 11:03:39,1332.2,401067,3,1330.35,58270,68779,0.022524213529540843,0
2023-07-28 11:03:39,1332.2,401067,3,1330.35,58287,68779,0.022524213529540843,0
2023-07-28 11:03:42,1331.95,401070,3,1330.35,58271,68779,0.0037540355882539622,0
2023-07-28 11:03:42,1331.95,401070,3,1330.35,58271,68779,0.0037540355882539622,0
2023-07-28 11:03:42,1331.95,401070,3,1330.35,58271,68779,0.0037540355882539622,0
2023-07-28 11:03:42,1331.95,401070,3,1330.35,58271,68779,0.0037540355882539622,0
2023-07-28 11:03:42,1331.95,401070,3,1330.35,58272,68779,0.0037540355882539622,0
2023-07-28 11:03:47,1332.5,401520,441,1330.35,58433,68697,0.045048427059081686,0
2023-07-28 11:03:47,1332.5,401520,441,1330.35,58377,68713,0.045048427059081686,0
2023-07-28 11:03:47,1332.5,401520,2,1330.35,58377,68787,0.045048427059081686,0
2023-07-28 11:03:50,1332.5,401562,20,1330.35,58750,68549,0.045048427059081686,0
2023-07-28 11:03:50,1332.5,401562,20,1330.35,58643,68641,0.045048427059081686,0
2023-07-28 11:03:50,1332.5,401562,20,1330.35,58646,68624,0.045048427059081686,0
2023-07-28 11:03:50,1332.5,401562,20,1330.35,58603,68686,0.045048427059081686,0
2023-07-28 11:03:54,1332.1,401566,4,1330.35,58317,68704,0.015016142353015849,0
2023-07-28 11:03:54,1332.1,401566,4,1330.35,58263,68704,0.015016142353015849,0
2023-07-28 11:03:56,1331.9,401567,1,1330.35,58242,68732,0.0,0
2023-07-28 11:03:56,1331.9,401567,1,1330.35,58254,68732,0.0,0
2023-07-28 11:03:59,1332.1,401569,2,1330.35,58253,68773,0.015016142353015849,0
2023-07-28 11:03:59,1332.1,401569,2,1330.35,58254,68766,0.015016142353015849,0
2023-07-28 11:04:02,1330.7,402158,9,1330.35,57048,69130,-0.09009685411818044,0
2023-07-28 11:04:02,1330.7,402158,9,1330.35,57320,69019,-0.09009685411818044,0
2023-07-28 11:04:02,1331.5,402158,19,1330.35,57336,68941,-0.03003228470606584,0
2023-07-28 11:04:02,1332.0,402158,3,1330.35,57336,68941,0.0075080711765079244,0
2023-07-28 11:04:09,1332.0,402180,3,1330.35,57757,68768,0.0075080711765079244,0
2023-07-28 11:04:09,1332.15,402180,5,1330.35,57757,68768,0.01877017794128688,0
2023-07-28 11:04:09,1332.3,402180,2,1330.35,57757,68768,0.030032284706048767,0
2023-07-28 11:04:14,1332.3,402203,2,1330.35,57673,68663,0.030032284706048767,0
2023-07-28 11:04:14,1331.6,402203,1,1330.35,57673,68663,-0.022524213529557916,0
2023-07-28 11:04:19,1332.3,402205,1,1330.35,57637,68626,0.030032284706048767,0
2023-07-28 11:04:19,1332.25,402205,2,1330.35,57637,68626,0.026278249117794805,0
2023-07-28 11:04:23,1332.25,402215,2,1330.35,57548,68685,0.026278249117794805,0
2023-07-28 11:04:23,1332.25,402215,4,1330.35,57548,68685,0.026278249117794805,0
2023-07-28 11:04:24,1332.25,402219,4,1330.35,57556,68726,0.026278249117794805,0
2023-07-28 11:04:24,1332.15,402219,2,1330.35,57556,68726,0.01877017794128688,0
2023-07-28 11:04:24,1331.2,402219,16,1330.35,57556,68726,-0.05255649823560669,0
2023-07-28 11:04:31,1331.2,402246,16,1330.35,57569,68748,-0.05255649823560669,0
2023-07-28 11:04:31,1332.0,402246,3,1330.35,57569,68748,0.0075080711765079244,0
2023-07-28 11:04:34,1332.0,402249,3,1330.35,57581,68739,0.0075080711765079244,0
2023-07-28 11:04:34,1331.25,402249,1,1330.35,57581,68739,-0.048802462647352725,0
2023-07-28 11:04:34,1331.95,402249,2,1330.35,57581,68739,0.0037540355882539622,0
2023-07-28 11:04:39,1331.95,402252,2,1330.35,57341,68943,0.0037540355882539622,0
2023-07-28 11:04:39,1330.8,402252,1,1330.35,57341,68943,-0.08258878294167252,0
2023-07-28 11:04:39,1331.45,402252,4,1330.35,57341,68943,-0.0337863202943198,0
2023-07-28 11:04:44,1331.45,402257,4,1330.35,57357,68984,-0.0337863202943198,0
2023-07-28 11:04:44,1331.55,402257,2,1330.35,57357,68984,-0.02627824911781188,0
2023-07-28 11:04:49,1331.55,402259,2,1330.35,57448,68851,-0.02627824911781188,0
2023-07-28 11:04:54,1331.6,402263,4,1330.35,57536,68941,-0.022524213529557916,0
2023-07-28 11:04:54,1331.65,402263,1,1330.35,57553,68934,-0.01877017794128688,0
2023-07-28 11:04:59,1331.65,402265,1,1330.35,57507,69026,-0.01877017794128688,0
2023-07-28 11:04:59,1331.65,402265,3,1330.35,57507,69026,-0.01877017794128688,0
2023-07-28 11:04:59,1330.9,402265,1,1330.35,57507,69026,-0.07508071176514752,0
2023-07-28 11:05:05,1330.9,402269,1,1330.35,57454,69017,-0.07508071176514752,0
2023-07-28 11:05:05,1330.9,402269,1,1330.35,57478,69049,-0.07508071176514752,0
2023-07-28 11:05:05,1330.9,402269,1,1330.35,57477,68939,-0.07508071176514752,0
2023-07-28 11:05:05,1330.9,402269,1,1330.35,57477,68984,-0.07508071176514752,0
2023-07-28 11:05:05,1330.65,402269,32,1330.35,57477,68984,-0.0938508897064344,0
2023-07-28 11:05:10,1330.65,402372,32,1330.35,57376,69078,-0.0938508897064344,0
2023-07-28 11:05:10,1330.65,402372,32,1330.35,57377,69078,-0.0938508897064344,0
2023-07-28 11:05:10,1330.65,402372,32,1330.35,57446,69032,-0.0938508897064344,0
2023-07-28 11:05:10,1330.65,402372,32,1330.35,57454,69297,-0.0938508897064344,0
2023-07-28 11:05:10,1331.45,402372,3,1330.35,57454,69297,-0.0337863202943198,0
2023-07-28 11:05:14,1331.45,402375,3,1330.35,57478,69138,-0.0337863202943198,0
2023-07-28 11:05:14,1331.45,402375,3,1330.35,57482,69135,-0.0337863202943198,0
2023-07-28 11:05:14,1331.45,402375,3,1330.35,57460,69158,-0.0337863202943198,0
2023-07-28 11:05:14,1331.45,402375,3,1330.35,57427,69165,-0.0337863202943198,0
2023-07-28 11:05:14,1331.45,402375,3,1330.35,57460,69104,-0.0337863202943198,0
2023-07-28 11:05:14,1331.4,402375,2,1330.35,57460,69104,-0.03754035588257376,0
2023-07-28 11:05:19,1331.4,402377,2,1330.35,57420,69161,-0.03754035588257376,0
2023-07-28 11:05:19,1331.4,402377,2,1330.35,57423,69230,-0.03754035588257376,0
2023-07-28 11:05:22,1331.4,402397,12,1330.35,57479,69119,-0.03754035588257376,0
2023-07-28 11:05:22,1331.4,402397,12,1330.35,57479,69119,-0.03754035588257376,0
2023-07-28 11:05:22,1331.4,402397,12,1330.35,57404,68982,-0.03754035588257376,0
2023-07-28 11:05:22,1330.75,402397,1,1330.35,57404,68982,-0.08634281852992648,0
2023-07-28 11:05:22,1330.75,402397,1,1330.35,57404,68982,-0.08634281852992648,0
2023-07-28 11:05:24,1331.0,402402,4,1330.35,57429,69018,-0.0675726405886396,0
2023-07-28 11:05:24,1331.0,402402,4,1330.35,57354,69086,-0.0675726405886396,0
2023-07-28 11:05:24,1331.0,402402,4,1330.35,57354,69086,-0.0675726405886396,0
2023-07-28 11:05:24,1331.0,402402,4,1330.35,57355,69102,-0.0675726405886396,0
2023-07-28 11:05:24,1331.0,402402,4,1330.35,57354,69105,-0.0675726405886396,0
2023-07-28 11:05:24,1331.0,402402,112,1330.35,57354,69105,-0.0675726405886396,0
2023-07-28 11:05:29,1331.0,402552,112,1330.35,57326,69060,-0.0675726405886396,0
2023-07-28 11:05:29,1331.35,402555,3,1330.35,57422,69060,-0.0412943914708448,0
2023-07-28 11:05:29,1331.35,402555,3,1330.35,57365,69064,-0.0412943914708448,0
2023-07-28 11:05:29,1331.35,402555,5,1330.35,57367,69060,-0.0412943914708448,0
2023-07-28 11:05:32,1331.35,402566,5,1330.35,57530,68980,-0.0412943914708448,0
2023-07-28 11:05:34,1331.5,402569,3,1330.35,57785,68790,-0.03003228470606584,0
2023-07-28 11:05:35,1331.45,402581,12,1330.35,57769,68736,-0.0337863202943198,0
2023-07-28 11:05:35,1331.45,402581,12,1330.35,57819,68766,-0.0337863202943198,0
2023-07-28 11:05:35,1331.45,402581,12,1330.35,57672,68821,-0.0337863202943198,0
2023-07-28 11:05:35,1331.45,402581,12,1330.35,57630,68839,-0.0337863202943198,0
2023-07-28 11:05:35,1331.45,402581,3,1330.35,57630,68839,-0.0337863202943198,0
2023-07-28 11:05:39,1331.45,402584,3,1330.35,57560,68883,-0.0337863202943198,0
2023-07-28 11:05:39,1331.45,402584,3,1330.35,57485,68897,-0.0337863202943198,0
2023-07-28 11:05:39,1331.45,402584,3,1330.35,57512,68931,-0.0337863202943198,0
2023-07-28 11:05:39,1331.45,402584,3,1330.35,57487,68974,-0.0337863202943198,0
2023-07-28 11:05:39,1331.45,402584,3,1330.35,57487,68974,-0.0337863202943198,0
2023-07-28 11:05:44,1331.45,402587,3,1330.35,57459,68974,-0.0337863202943198,0
2023-07-28 11:05:44,1331.45,402587,3,1330.35,57451,68957,-0.0337863202943198,0
2023-07-28 11:05:44,1331.45,402587,3,1330.35,57410,68908,-0.0337863202943198,0
2023-07-28 11:05:48,1330.85,402588,1,1330.35,57442,68943,-0.07883474735341857,0
2023-07-28 11:05:48,1331.45,402588,2,1330.35,57455,68924,-0.0337863202943198,0
2023-07-28 11:05:49,1331.45,402590,2,1330.35,57499,68945,-0.0337863202943198,0
2023-07-28 11:05:49,1331.45,402590,2,1330.35,57499,68945,-0.0337863202943198,0
2023-07-28 11:05:49,1331.45,402590,2,1330.35,57456,68945,-0.0337863202943198,0
2023-07-28 11:05:49,1331.45,402590,2,1330.35,57451,68954,-0.0337863202943198,0
2023-07-28 11:05:54,1331.45,402594,4,1330.35,57489,68935,-0.0337863202943198,0
2023-07-28 11:05:54,1331.45,402594,4,1330.35,57456,68932,-0.0337863202943198,0
2023-07-28 11:05:54,1331.45,402594,4,1330.35,57371,68951,-0.0337863202943198,0
2023-07-28 11:05:54,1331.45,402594,4,1330.35,57374,68942,-0.0337863202943198,0
2023-07-28 11:05:54,1331.45,402594,2,1330.35,57374,68942,-0.0337863202943198,0
2023-07-28 11:05:59,1331.45,402596,2,1330.35,57379,68981,-0.0337863202943198,0
2023-07-28 11:05:59,1330.75,402596,5,1330.35,57461,68971,-0.08634281852992648,0
2023-07-28 11:06:01,1330.8,402605,4,1330.35,57312,68990,-0.08258878294167252,0
2023-07-28 11:06:01,1331.15,402605,10,1330.35,57312,68990,-0.05631053382386065,0
2023-07-28 11:06:03,1331.15,402705,10,1330.36,57470,69093,-0.05631053382386065,0
2023-07-28 11:06:03,1331.15,402705,10,1330.36,57485,69093,-0.05631053382386065,0
2023-07-28 11:06:03,1331.15,402705,10,1330.36,57446,69123,-0.05631053382386065,0
2023-07-28 11:06:03,1331.15,402705,10,1330.36,57459,69104,-0.05631053382386065,0
2023-07-28 11:06:03,1331.15,402705,10,1330.36,57455,69104,-0.05631053382386065,0
2023-07-28 11:06:08,1330.7,402706,1,1330.36,57420,69205,-0.09009685411818044,0
2023-07-28 11:06:08,1331.0,402706,2,1330.36,57420,69205,-0.0675726405886396,0
2023-07-28 11:06:09,1331.0,402708,2,1330.36,57387,69193,-0.0675726405886396,0
2023-07-28 11:06:09,1331.0,402708,2,1330.36,57400,69171,-0.0675726405886396,0
2023-07-28 11:06:09,1331.0,402708,2,1330.36,57377,69171,-0.0675726405886396,0
2023-07-28 11:06:09,1331.0,402708,2,1330.36,57377,69142,-0.0675726405886396,0
2023-07-28 11:06:09,1331.0,402708,1,1330.36,57430,69130,-0.0675726405886396,0
2023-07-28 11:06:14,1331.0,402711,1,1330.36,57402,69137,-0.0675726405886396,0
2023-07-28 11:06:14,1330.65,402711,5,1330.36,57402,69137,-0.0938508897064344,0
2023-07-28 11:06:16,1330.65,402716,5,1330.36,57366,69190,-0.0938508897064344,0
2023-07-28 11:06:16,1330.65,402716,2,1330.36,57366,69190,-0.0938508897064344,0
2023-07-28 11:06:17,1330.65,402720,2,1330.36,57322,69226,-0.0938508897064344,0
2023-07-28 11:06:17,1330.65,402720,2,1330.36,57269,69239,-0.0938508897064344,0
2023-07-28 11:06:17,1330.05,402720,11,1330.36,57269,69239,-0.13889931676553316,0
2023-07-28 11:06:19,1330.05,402799,11,1330.36,55129,69333,-0.13889931676553316,0
2023-07-28 11:06:20,1330.9,402800,1,1330.36,56239,69353,-0.07508071176514752,0
2023-07-28 11:06:20,1330.0,402800,90,1330.36,56346,69387,-0.14265335235378712,0
2023-07-28 11:06:21,1330.0,402995,90,1330.35,56430,69199,-0.14265335235378712,0
2023-07-28 11:06:23,1329.85,402996,1,1330.35,56405,69196,-0.15391545911856608,0
2023-07-28 11:06:23,1330.0,402996,3,1330.35,56538,69202,-0.14265335235378712,0
2023-07-28 11:06:24,1330.0,402999,13,1330.35,56476,69188,-0.14265335235378712,0
2023-07-28 11:06:25,1330.0,403025,13,1330.35,56727,69096,-0.14265335235378712,0
2023-07-28 11:06:25,1330.0,403025,13,1330.35,56600,69124,-0.14265335235378712,0
2023-07-28 11:06:25,1330.0,403025,13,1330.35,56359,69140,-0.14265335235378712,0
2023-07-28 11:06:25,1330.0,403025,2,1330.35,56560,69112,-0.14265335235378712,0
2023-07-28 11:06:29,1330.0,403027,2,1330.35,56559,69112,-0.14265335235378712,0
2023-07-28 11:06:29,1329.95,403027,1,1330.35,56559,69112,-0.14640738794204108,0
2023-07-28 11:06:31,1330.0,403031,3,1330.35,56583,69163,-0.14265335235378712,0
2023-07-28 11:06:31,1330.0,403031,3,1330.35,56583,69163,-0.14265335235378712,0
2023-07-28 11:06:31,1330.0,403031,3,1330.35,56583,69114,-0.14265335235378712,0
2023-07-28 11:06:33,1329.95,403051,20,1330.35,56598,69099,-0.14640738794204108,0
2023-07-28 11:06:33,1329.95,403051,20,1330.35,56563,69171,-0.14640738794204108,0
2023-07-28 11:06:33,1329.95,403051,20,1330.35,56544,69231,-0.14640738794204108,0
2023-07-28 11:06:33,1329.95,403051,20,1330.35,56557,69133,-0.14640738794204108,0
2023-07-28 11:06:33,1329.95,403051,20,1330.35,56548,69138,-0.14640738794204108,0
2023-07-28 11:06:33,1329.95,403051,1,1330.35,56548,69142,-0.14640738794204108,0
2023-07-28 11:06:39,1330.0,403054,2,1330.35,56551,69176,-0.14265335235378712,0
2023-07-28 11:06:39,1330.0,403054,2,1330.35,56525,69139,-0.14265335235378712,0
2023-07-28 11:06:39,1329.9,403054,6,1330.35,56525,69139,-0.15016142353029505,0
2023-07-28 11:06:40,1329.9,403060,6,1330.35,56539,69178,-0.15016142353029505,0
2023-07-28 11:06:40,1329.9,403060,6,1330.35,56558,69164,-0.15016142353029505,0
2023-07-28 11:06:40,1329.9,403060,6,1330.35,56570,69167,-0.15016142353029505,0
2023-07-28 11:06:40,1329.8,403060,56,1330.35,56607,69174,-0.15766949470682004,0
2023-07-28 11:06:44,1329.2,403120,10,1330.35,56596,69234,-0.20271792176590175,0
2023-07-28 11:06:46,1329.2,403370,10,1330.35,56535,69411,-0.20271792176590175,0
2023-07-28 11:06:46,1329.2,403370,10,1330.35,56655,69464,-0.20271792176590175,0
2023-07-28 11:06:49,1330.0,403392,3,1330.35,56719,69365,-0.14265335235378712,0
2023-07-28 11:06:49,1330.0,403394,2,1330.35,56703,69427,-0.14265335235378712,0
2023-07-28 11:06:49,1330.0,403394,2,1330.35,56690,69428,-0.14265335235378712,0
2023-07-28 11:06:49,1330.0,403394,2,1330.35,56687,69450,-0.14265335235378712,0
2023-07-28 11:06:52,1329.45,403395,1,1330.35,56669,69453,-0.18394774382461485,0
2023-07-28 11:06:53,1329.45,403405,1,1330.35,56675,69382,-0.18394774382461485,0
2023-07-28 11:06:54,1330.0,403408,3,1330.35,56670,69416,-0.14265335235378712,0
2023-07-28 11:06:54,1330.0,403408,3,1330.35,56663,69481,-0.14265335235378712,0
2023-07-28 11:06:54,1330.0,403408,3,1330.35,56650,69474,-0.14265335235378712,0
2023-07-28 11:06:54,1330.0,403408,3,1330.35,56650,69431,-0.14265335235378712,0
2023-07-28 11:06:58,1329.35,403438,24,1330.35,56625,69497,-0.19145581500113987,0
2023-07-28 11:06:58,1329.35,403438,24,1330.35,56677,69517,-0.19145581500113987,0
2023-07-28 11:06:58,1329.35,403438,24,1330.35,56676,69496,-0.19145581500113987,0
2023-07-28 11:06:58,1329.35,403438,24,1330.35,56671,69502,-0.19145581500113987,0
2023-07-28 11:06:58,1329.35,403438,24,1330.35,56655,69570,-0.19145581500113987,0
2023-07-28 11:07:04,1330.0,403441,3,1330.35,56649,69486,-0.14265335235378712,0
2023-07-28 11:07:04,1330.0,403441,3,1330.35,56740,69500,-0.14265335235378712,0
2023-07-28 11:07:04,1330.0,403441,3,1330.35,56781,69508,-0.14265335235378712,0
2023-07-28 11:07:04,1330.0,403441,3,1330.35,56765,69507,-0.14265335235378712,0
2023-07-28 11:07:04,1330.0,403441,3,1330.35,56779,69458,-0.14265335235378712,0
2023-07-28 11:07:04,1330.0,403441,3,1330.35,56765,69489,-0.14265335235378712,0
2023-07-28 11:07:04,1330.0,403441,3,1330.35,56765,69489,-0.14265335235378712,0
2023-07-28 11:07:09,1330.0,403444,3,1330.35,56799,69529,-0.14265335235378712,0
2023-07-28 11:07:09,1330.0,403444,3,1330.35,57018,69422,-0.14265335235378712,0
2023-07-28 11:07:09,1330.0,403444,3,1330.35,57018,69408,-0.14265335235378712,0
2023-07-28 11:07:09,1330.0,403444,3,1330.35,57053,69408,-0.14265335235378712,0
2023-07-28 11:07:09,1330.0,403444,3,1330.35,57053,69408,-0.14265335235378712,0
2023-07-28 11:07:14,1330.0,403447,3,1330.35,57070,69423,-0.14265335235378712,0
2023-07-28 11:07:14,1330.0,403447,3,1330.35,57071,69417,-0.14265335235378712,0
2023-07-28 11:07:14,1330.0,403447,3,1330.35,57161,69421,-0.14265335235378712,0
2023-07-28 11:07:19,1330.0,403449,2,1330.35,57144,69454,-0.14265335235378712,0
2023-07-28 11:07:19,1330.0,403449,2,1330.35,57150,69446,-0.14265335235378712,0
2023-07-28 11:07:19,1330.0,403449,2,1330.35,57163,69446,-0.14265335235378712,0
2023-07-28 11:07:19,1330.0,403449,2,1330.35,57163,69439,-0.14265335235378712,0
2023-07-28 11:07:19,1330.0,403449,2,1330.35,57142,69421,-0.14265335235378712,0
2023-07-28 11:07:24,1329.7,403454,5,1330.35,57052,69518,-0.16517756588332796,0
2023-07-28 11:07:24,1329.7,403454,5,1330.35,56966,69473,-0.16517756588332796,0
2023-07-28 11:07:24,1329.7,403454,5,1330.35,56967,69464,-0.16517756588332796,0
2023-07-28 11:07:24,1329.7,403454,5,1330.35,56967,69464,-0.16517756588332796,0
2023-07-28 11:07:24,1329.7,403454,5,1330.35,56967,69464,-0.16517756588332796,0
2023-07-28 11:07:24,1330.0,403454,2,1330.35,56967,69464,-0.14265335235378712,0
2023-07-28 11:07:29,1330.0,403456,2,1330.35,56966,69497,-0.14265335235378712,0
2023-07-28 11:07:29,1330.0,403456,2,1330.35,56966,69506,-0.14265335235378712,0
2023-07-28 11:07:29,1330.0,403456,2,1330.35,56972,69506,-0.14265335235378712,0
2023-07-28 11:07:29,1330.0,403456,2,1330.35,56987,69507,-0.14265335235378712,0
2023-07-28 11:07:29,1328.05,403456,12,1330.35,56987,69507,-0.28906074029582823,0
2023-07-28 11:07:29,1329.95,403456,8,1330.35,56987,69507,-0.14640738794204108,0
2023-07-28 11:07:36,1329.1,406262,2,1330.35,55401,68739,-0.21022599294242675,0
2023-07-28 11:07:36,1329.1,406262,2,1330.35,55401,68739,-0.21022599294242675,0
2023-07-28 11:07:36,1330.0,406262,142,1330.35,55866,68825,-0.14265335235378712,0
2023-07-28 11:07:38,1329.9,406586,91,1330.35,55979,68648,-0.15016142353029505,0
2023-07-28 11:07:38,1329.9,406586,91,1330.35,56657,68694,-0.15016142353029505,0
2023-07-28 11:07:38,1329.55,406586,33,1330.35,56657,68694,-0.17643967264810692,0
2023-07-28 11:07:40,1329.55,406693,33,1330.35,55855,68615,-0.17643967264810692,0
2023-07-28 11:07:40,1329.55,406693,33,1330.35,55657,69154,-0.17643967264810692,0
2023-07-28 11:07:40,1329.55,406693,33,1330.35,55876,69233,-0.17643967264810692,0
2023-07-28 11:07:44,1329.5,406696,3,1330.35,55835,69159,-0.18019370823636088,0
2023-07-28 11:07:44,1328.6,406696,1,1330.35,55835,69159,-0.2477663488250005,0
2023-07-28 11:07:45,1328.6,406697,1,1330.35,55757,69218,-0.2477663488250005,0
2023-07-28 11:07:45,1328.6,406697,1,1330.35,55780,69300,-0.2477663488250005,0
2023-07-28 11:07:45,1328.6,406697,1,1330.35,56192,69242,-0.2477663488250005,0
2023-07-28 11:07:45,1328.6,406697,1,1330.35,55781,69222,-0.2477663488250005,0
2023-07-28 11:07:45,1329.45,406697,2,1330.35,55781,69222,-0.18394774382461485,0
2023-07-28 11:07:49,1329.45,406699,2,1330.35,55819,69238,-0.18394774382461485,0
2023-07-28 11:07:49,1329.45,406699,2,1330.35,56151,69214,-0.18394774382461485,0
2023-07-28 11:07:53,1329.45,406710,11,1330.35,56008,69209,-0.18394774382461485,0
2023-07-28 11:07:53,1329.45,406710,11,1330.35,56019,69210,-0.18394774382461485,0
2023-07-28 11:07:53,1329.45,406710,4,1330.35,56019,69210,-0.18394774382461485,0
2023-07-28 11:07:54,1329.45,406714,4,1330.35,55849,69162,-0.18394774382461485,0
2023-07-28 11:07:56,1329.4,406725,11,1330.35,56131,69236,-0.1877017794128688,0
2023-07-28 11:07:56,1329.4,406725,11,1330.35,55490,69197,-0.1877017794128688,0
2023-07-28 11:07:56,1329.35,406725,2,1330.35,55490,69197,-0.19145581500113987,0
2023-07-28 11:07:59,1329.35,406727,2,1330.35,54887,69288,-0.19145581500113987,0
2023-07-28 11:07:59,1329.35,406727,2,1330.35,55248,68637,-0.19145581500113987,0
2023-07-28 11:08:02,1329.0,406827,11,1330.35,55197,69534,-0.21773406411893467,0
2023-07-28 11:08:02,1329.0,406827,11,1330.35,55495,69568,-0.21773406411893467,0
2023-07-28 11:08:04,1328.2,406837,10,1330.35,55319,69533,-0.2777986335310493,0
2023-07-28 11:08:04,1328.95,406837,4,1330.35,55319,69533,-0.22148809970718863,0
2023-07-28 11:08:04,1328.95,406841,4,1330.35,55502,69580,-0.22148809970718863,0
2023-07-28 11:08:04,1328.95,406841,4,1330.35,55249,69600,-0.22148809970718863,0
2023-07-28 11:08:08,1328.05,407092,1,1330.34,55495,69408,-0.28906074029582823,0
2023-07-28 11:08:08,1328.05,407092,1,1330.34,55495,69408,-0.28906074029582823,0
2023-07-28 11:08:08,1328.05,407092,1,1330.34,55099,69633,-0.28906074029582823,0
2023-07-28 11:08:10,1328.7,407103,2,1330.34,55131,69450,-0.24025827764847552,0
2023-07-28 11:08:10,1328.7,407103,1,1330.34,55131,69450,-0.24025827764847552,0
2023-07-28 11:08:11,1328.7,407114,1,1330.34,55146,69589,-0.24025827764847552,0
2023-07-28 11:08:11,1328.7,407114,1,1330.34,55378,69602,-0.24025827764847552,0
2023-07-28 11:08:13,1328.75,407116,2,1330.34,55393,69549,-0.23650424206022155,0
2023-07-28 11:08:13,1328.0,407116,30,1330.34,55393,69549,-0.29281477588408217,0
2023-07-28 11:08:14,1328.0,407219,30,1330.34,54791,69403,-0.29281477588408217,0
2023-07-28 11:08:18,1327.85,407225,1,1330.34,54609,69506,-0.3040768826488611,0
2023-07-28 11:08:18,1327.85,407225,1,1330.34,53795,69498,-0.3040768826488611,0
2023-07-28 11:08:20,1327.6,407226,1,1330.34,54449,69577,-0.322847060590148,0
2023-07-28 11:08:20,1327.6,407226,1,1330.34,54449,69577,-0.322847060590148,0
2023-07-28 11:08:20,1327.6,407226,1,1330.34,54586,69522,-0.322847060590148,0
2023-07-28 11:08:20,1327.6,407226,1,1330.34,54575,69497,-0.322847060590148,0
2023-07-28 11:08:20,1327.6,407226,1,1330.34,54575,69497,-0.322847060590148,0
2023-07-28 11:08:23,1327.95,407231,5,1330.34,54729,69446,-0.29656881147233616,0
2023-07-28 11:08:23,1327.95,407231,5,1330.34,54729,69446,-0.29656881147233616,0
2023-07-28 11:08:24,1327.3,407363,100,1330.34,54677,70288,-0.3453712741196889,0
2023-07-28 11:08:25,1327.3,407463,100,1330.34,54428,69958,-0.3453712741196889,0
2023-07-28 11:08:25,1327.3,407463,100,1330.34,54428,69958,-0.3453712741196889,0
2023-07-28 11:08:25,1327.3,407463,100,1330.34,55090,68890,-0.3453712741196889,0
2023-07-28 11:08:25,1327.2,407463,6,1330.34,55090,68890,-0.3528793452961968,0
2023-07-28 11:08:27,1326.3,408052,15,1330.34,54653,69856,-0.4204519858848364,0
2023-07-28 11:08:28,1327.1,408074,22,1330.34,55238,70005,-0.36038741647272177,0
2023-07-28 11:08:28,1327.0,408074,28,1330.34,55238,70005,-0.3678954876492297,0
2023-07-28 11:08:30,1327.0,408124,28,1330.34,55319,69839,-0.3678954876492297,0
2023-07-28 11:08:30,1327.0,408124,28,1330.34,55341,69850,-0.3678954876492297,0
2023-07-28 11:08:32,1326.65,408165,20,1330.33,55323,69924,-0.39417373676702455,0
2023-07-28 11:08:32,1326.65,408235,20,1330.33,55226,70043,-0.39417373676702455,0
2023-07-28 11:08:32,1326.65,408235,20,1330.33,55217,70044,-0.39417373676702455,0
2023-07-28 11:08:32,1326.65,408235,20,1330.33,55193,70139,-0.39417373676702455,0
2023-07-28 11:08:32,1326.65,408235,20,1330.33,55281,70012,-0.39417373676702455,0
2023-07-28 11:08:32,1326.65,408235,20,1330.33,55350,70006,-0.39417373676702455,0
2023-07-28 11:08:32,1326.65,408235,20,1330.33,55309,70046,-0.39417373676702455,0
2023-07-28 11:08:39,1326.95,408238,3,1330.33,55218,70143,-0.3716495232374837,0
2023-07-28 11:08:39,1326.95,408238,3,1330.33,55343,70172,-0.3716495232374837,0
2023-07-28 11:08:39,1326.95,408238,3,1330.33,55375,70131,-0.3716495232374837,0
2023-07-28 11:08:39,1326.95,408238,3,1330.33,55374,70058,-0.3716495232374837,0
2023-07-28 11:08:39,1326.95,408238,3,1330.33,55403,70019,-0.3716495232374837,0
2023-07-28 11:08:39,1326.9,408238,4,1330.33,55403,70019,-0.3754035588257376,0
2023-07-28 11:08:45,1326.9,408244,2,1330.33,55397,69988,-0.3754035588257376,0
2023-07-28 11:08:46,1326.65,408294,50,1330.33,55542,70103,-0.39417373676702455,0
2023-07-28 11:08:46,1326.65,408294,2,1330.33,55542,70103,-0.39417373676702455,0
2023-07-28 11:08:46,1326.65,408296,2,1330.33,55674,69823,-0.39417373676702455,0
2023-07-28 11:08:49,1326.0,409733,324,1330.32,55680,69377,-0.44297619941437727,0
2023-07-28 11:08:50,1327.25,409855,17,1330.32,55953,69289,-0.3491253097079428,0
2023-07-28 11:08:50,1327.25,409855,17,1330.32,56015,69262,-0.3491253097079428,0
2023-07-28 11:08:50,1327.35,409855,49,1330.32,56015,69262,-0.3416172385314349,0
2023-07-28 11:08:52,1327.7,409977,2,1330.32,55764,68964,-0.31533898941362304,0
2023-07-28 11:08:52,1327.7,409977,2,1330.32,55764,68964,-0.31533898941362304,0
2023-07-28 11:08:53,1327.95,410002,2,1330.32,55749,68740,-0.29656881147233616,0
2023-07-28 11:08:54,1327.95,410006,4,1330.32,55656,68839,-0.29656881147233616,0
2023-07-28 11:08:54,1327.95,410006,4,1330.32,55507,68936,-0.29656881147233616,0
2023-07-28 11:08:54,1327.95,410006,4,1330.32,55517,68863,-0.29656881147233616,0
2023-07-28 11:08:54,1327.95,410006,4,1330.32,55768,68847,-0.29656881147233616,0
2023-07-28 11:08:54,1327.9,410006,2,1330.32,55840,68787,-0.3003228470605901,0
2023-07-28 11:08:59,1327.9,410008,2,1330.32,55744,68968,-0.3003228470605901,0
2023-07-28 11:08:59,1327.9,410008,2,1330.32,55828,68897,-0.3003228470605901,0
2023-07-28 11:09:02,1326.75,410208,24,1330.31,55468,69133,-0.3866656655905166,0
2023-07-28 11:09:02,1326.85,410208,1,1330.31,55448,69116,-0.3791575944140087,0
2023-07-28 11:09:04,1326.85,410209,1,1330.31,55547,69126,-0.3791575944140087,0
2023-07-28 11:09:06,1327.4,410222,13,1330.31,55568,69045,-0.33786320294316385,0
2023-07-28 11:09:06,1327.4,410222,13,1330.31,55583,68910,-0.33786320294316385,0
2023-07-28 11:09:06,1327.7,410222,8,1330.31,55583,68910,-0.31533898941362304,0
2023-07-28 11:09:08,1327.7,410235,8,1330.31,55614,68949,-0.31533898941362304,0
2023-07-28 11:09:08,1327.75,410235,1,1330.31,55614,68949,-0.31158495382536905,0
2023-07-28 11:09:09,1327.75,410238,1,1330.31,55565,69006,-0.31158495382536905,0
2023-07-28 11:09:09,1327.75,410238,1,1330.31,55728,69016,-0.31158495382536905,0
2023-07-28 11:09:09,1327.75,410238,1,1330.31,55619,69060,-0.31158495382536905,0
2023-07-28 11:09:14,1327.85,410241,1,1330.31,55663,69075,-0.3040768826488611,0
2023-07-28 11:09:14,1327.85,410241,1,1330.31,55715,69103,-0.3040768826488611,0
2023-07-28 11:09:17,1327.15,410242,1,1330.31,55684,69099,-0.35663338088445073,0
2023-07-28 11:09:17,1327.15,410242,1,1330.31,55697,69098,-0.35663338088445073,0
2023-07-28 11:09:17,1327.8,410242,1,1330.31,55701,69080,-0.3078309182371151,0
2023-07-28 11:09:19,1327.8,410243,1,1330.31,55681,69138,-0.3078309182371151,0
2023-07-28 11:09:19,1327.8,410243,1,1330.31,55713,69122,-0.3078309182371151,0
2023-07-28 11:09:19,1327.8,410243,1,1330.31,55652,69161,-0.3078309182371151,0
2023-07-28 11:09:19,1327.8,410243,1,1330.31,55692,68983,-0.3078309182371151,0
2023-07-28 11:09:24,1327.8,410248,5,1330.31,55799,68969,-0.3078309182371151,0
2023-07-28 11:09:24,1327.05,410248,1,1330.31,55760,68983,-0.36414145206097576,0
2023-07-28 11:09:26,1327.05,410249,1,1330.31,55613,69180,-0.36414145206097576,0
2023-07-28 11:09:28,1327.1,410251,2,1330.31,55628,69238,-0.36038741647272177,0
2023-07-28 11:09:28,1327.05,410251,15,1330.31,55628,69238,-0.36414145206097576,0
2023-07-28 11:09:28,1327.05,410266,15,1330.31,55577,69177,-0.36414145206097576,0
2023-07-28 11:09:28,1327.05,410266,15,1330.31,55577,69137,-0.36414145206097576,0
2023-07-28 11:09:28,1327.0,410266,3,1330.31,55577,69137,-0.3678954876492297,0
2023-07-28 11:09:31,1327.0,410351,3,1330.31,55885,69067,-0.3678954876492297,0
2023-07-28 11:09:31,1327.0,410351,3,1330.31,55972,69009,-0.3678954876492297,0
2023-07-28 11:09:31,1327.55,410351,1,1330.31,55908,69124,-0.326601096178402,0
2023-07-28 11:09:35,1327.55,410352,1,1330.31,55911,69221,-0.326601096178402,0
2023-07-28 11:09:35,1327.55,410352,1,1330.31,55780,69466,-0.326601096178402,0
2023-07-28 11:09:35,1327.55,410352,1,1330.31,55788,69334,-0.326601096178402,0
2023-07-28 11:09:35,1327.55,410352,1,1330.31,55831,69330,-0.326601096178402,0
2023-07-28 11:09:35,1327.45,410352,3,1330.31,55831,69330,-0.3341091673549099,0
2023-07-28 11:09:39,1327.45,410355,3,1330.31,55853,69251,-0.3341091673549099,0
2023-07-28 11:09:39,1327.45,410355,3,1330.31,55878,69272,-0.3341091673549099,0
2023-07-28 11:09:39,1327.45,410355,3,1330.31,55883,69280,-0.3341091673549099,0
2023-07-28 11:09:39,1327.45,410355,3,1330.31,55869,69290,-0.3341091673549099,0
2023-07-28 11:09:39,1327.55,410355,3,1330.31,55882,69293,-0.326601096178402,0
2023-07-28 11:09:44,1327.55,410358,3,1330.31,55868,69301,-0.326601096178402,0
2023-07-28 11:09:44,1327.55,410358,3,1330.31,55755,69160,-0.326601096178402,0
2023-07-28 11:09:44,1327.55,410358,3,1330.31,55800,69228,-0.326601096178402,0
2023-07-28 11:09:44,1327.05,410358,1,1330.31,55800,69228,-0.36414145206097576,0
2023-07-28 11:09:48,1327.05,410359,1,1330.31,55746,69242,-0.36414145206097576,0
2023-07-28 11:09:48,1327.55,410359,1,1330.31,55740,69237,-0.326601096178402,0
2023-07-28 11:09:49,1327.55,410360,1,1330.31,56356,69196,-0.326601096178402,0
2023-07-28 11:09:49,1327.55,410360,1,1330.31,56336,69331,-0.326601096178402,0
2023-07-28 11:09:49,1327.15,410360,1,1330.31,56336,69331,-0.35663338088445073,0
2023-07-28 11:09:53,1327.15,410361,1,1330.31,56376,69360,-0.35663338088445073,0
2023-07-28 11:09:53,1327.8,410361,3,1330.31,56376,69360,-0.3078309182371151,0
2023-07-28 11:09:54,1327.8,410364,3,1330.31,56463,69173,-0.3078309182371151,0
2023-07-28 11:09:54,1327.8,410364,3,1330.31,56881,69143,-0.3078309182371151,0
2023-07-28 11:09:54,1327.8,410364,3,1330.31,57314,69106,-0.3078309182371151,0
2023-07-28 11:09:54,1327.8,410364,3,1330.31,57258,69109,-0.3078309182371151,0
2023-07-28 11:09:59,1327.95,410366,2,1330.31,57294,69048,-0.29656881147233616,0
2023-07-28 11:09:59,1327.95,410366,2,1330.31,57822,69044,-0.29656881147233616,0
2023-07-28 11:09:59,1327.95,410366,2,1330.31,57788,69090,-0.29656881147233616,0
2023-07-28 11:09:59,1327.95,410366,2,1330.31,57749,69148,-0.29656881147233616,0
2023-07-28 11:09:59,1327.95,410366,4,1330.31,57721,69160,-0.29656881147233616,0
2023-07-28 11:10:04,1327.95,410370,4,1330.31,57743,69143,-0.29656881147233616,0
2023-07-28 11:10:04,1327.95,410370,4,1330.31,57676,69173,-0.29656881147233616,0
2023-07-28 11:10:04,1327.95,410370,4,1330.31,57658,69171,-0.29656881147233616,0
2023-07-28 11:10:04,1327.95,410370,4,1330.31,57671,69171,-0.29656881147233616,0
2023-07-28 11:10:09,1327.95,410373,1,1330.31,57670,69153,-0.29656881147233616,0
2023-07-28 11:10:09,1327.95,410373,1,1330.31,57681,69150,-0.29656881147233616,0
2023-07-28 11:10:09,1327.95,410373,1,1330.31,57687,69127,-0.29656881147233616,0
2023-07-28 11:10:15,1327.3,410378,2,1330.31,57669,69207,-0.3453712741196889,0
2023-07-28 11:10:15,1327.3,410378,2,1330.31,57696,69175,-0.3453712741196889,0
2023-07-28 11:10:15,1327.3,410378,2,1330.31,57711,69154,-0.3453712741196889,0
2023-07-28 11:10:15,1327.3,410378,2,1330.31,57730,69156,-0.3453712741196889,0
2023-07-28 11:10:15,1327.3,410378,2,1330.31,57719,69116,-0.3453712741196889,0
2023-07-28 11:10:19,1327.95,410380,2,1330.31,57720,69144,-0.29656881147233616,0
2023-07-28 11:10:19,1327.95,410380,2,1330.31,57528,69193,-0.29656881147233616,0
2023-07-28 11:10:19,1327.95,410380,2,1330.31,57635,69170,-0.29656881147233616,0
2023-07-28 11:10:19,1327.95,410380,2,1330.31,57702,69081,-0.29656881147233616,0
2023-07-28 11:10:19,1327.95,410380,2,1330.31,57597,69073,-0.29656881147233616,0
2023-07-28 11:10:24,1327.95,410384,1,1330.31,57834,69105,-0.29656881147233616,0
2023-07-28 11:10:24,1327.95,410384,1,1330.31,57570,69069,-0.29656881147233616,0
2023-07-28 11:10:24,1327.95,410384,1,1330.31,57653,68978,-0.29656881147233616,0
2023-07-28 11:10:24,1327.95,410384,1,1330.31,57546,69323,-0.29656881147233616,0
2023-07-28 11:10:24,1327.0,410384,1,1330.31,57546,69323,-0.3678954876492297,0
2023-07-28 11:10:29,1327.0,410401,1,1330.31,57487,69221,-0.3678954876492297,0
2023-07-28 11:10:29,1327.0,410401,1,1330.31,57487,69221,-0.3678954876492297,0
2023-07-28 11:10:30,1327.0,410402,1,1330.31,57510,69116,-0.3678954876492297,0
2023-07-28 11:10:30,1327.0,410402,1,1330.31,57643,69099,-0.3678954876492297,0
2023-07-28 11:10:30,1327.0,410402,1,1330.31,57653,69207,-0.3678954876492297,0
2023-07-28 11:10:30,1327.0,410402,1,1330.31,57883,69267,-0.3678954876492297,0
2023-07-28 11:10:30,1327.8,410402,3,1330.31,57883,69267,-0.3078309182371151,0
2023-07-28 11:10:34,1327.8,410405,3,1330.31,57937,69219,-0.3078309182371151,0
2023-07-28 11:10:34,1327.8,410405,3,1330.31,57925,69268,-0.3078309182371151,0
2023-07-28 11:10:34,1327.8,410405,3,1330.31,57903,69288,-0.3078309182371151,0
2023-07-28 11:10:34,1327.8,410405,3,1330.31,57919,69226,-0.3078309182371151,0
2023-07-28 11:10:39,1327.8,410408,3,1330.31,57924,69222,-0.3078309182371151,0
2023-07-28 11:10:39,1327.8,410408,3,1330.31,57940,69116,-0.3078309182371151,0
2023-07-28 11:10:39,1327.8,410408,3,1330.31,57911,69161,-0.3078309182371151,0
2023-07-28 11:10:39,1327.8,410408,3,1330.31,57911,69161,-0.3078309182371151,0
2023-07-28 11:10:44,1326.5,411513,251,1330.3,56323,69192,-0.4054358435318035,0
2023-07-28 11:10:45,1327.6,411588,14,1330.3,57424,69141,-0.322847060590148,0
2023-07-28 11:10:45,1327.6,411588,14,1330.3,57383,69161,-0.322847060590148,0
2023-07-28 11:10:45,1327.75,411588,21,1330.3,57383,69161,-0.31158495382536905,0
