2023-07-28 10:48:49,4609.05,41742,2,4599.29,23406,28772,0.8379368812558153,0
2023-07-28 10:48:49,4609.05,41742,2,4599.29,23411,28731,0.8379368812558153,0
2023-07-28 10:48:49,4609.05,41742,2,4599.29,23406,28709,0.8379368812558153,0
2023-07-28 10:48:49,4609.05,41742,2,4599.29,23404,28704,0.8379368812558153,0
2023-07-28 10:48:49,4609.05,41742,2,4599.29,23414,28704,0.8379368812558153,0
2023-07-28 10:48:49,4609.05,41742,2,4599.29,23414,28704,0.8379368812558153,0
2023-07-28 10:48:49,4609.05,41742,2,4599.29,23414,28704,0.8379368812558153,0
2023-07-28 10:48:49,4609.05,41742,2,4599.29,23401,28704,0.8379368812558153,0
2023-07-28 10:48:49,4609.05,41742,2,4599.29,23422,28704,0.8379368812558153,0
2023-07-28 10:48:49,4609.05,41742,2,4599.29,23421,28704,0.8379368812558153,0
2023-07-28 10:48:49,4609.05,41742,2,4599.29,23422,28704,0.8379368812558153,0
2023-07-28 10:48:49,4609.05,41742,2,4599.29,23422,28704,0.8379368812558153,0
2023-07-28 10:48:49,4609.05,41742,2,4599.29,23422,28704,0.8379368812558153,0
2023-07-28 10:48:49,4609.05,41742,2,4599.29,23422,28704,0.8379368812558153,0
2023-07-28 10:48:49,4609.05,41742,2,4599.29,23422,28696,0.8379368812558153,0
2023-07-28 10:48:49,4609.05,41742,2,4599.29,23452,28701,0.8379368812558153,0
2023-07-28 10:48:49,4609.05,41742,2,4599.29,23344,28695,0.8379368812558153,0
2023-07-28 10:48:49,4609.05,41742,2,4599.29,23387,28695,0.8379368812558153,0
2023-07-28 10:48:49,4609.05,41742,2,4599.29,23394,28698,0.8379368812558153,0
2023-07-28 10:48:49,4609.05,41742,2,4599.29,23332,28704,0.8379368812558153,0
2023-07-28 10:48:49,4609.05,41742,2,4599.29,23340,28704,0.8379368812558153,0
2023-07-28 10:48:49,4609.05,41742,2,4599.29,23352,28704,0.8379368812558153,0
2023-07-28 10:48:49,4609.05,41742,2,4599.29,23301,28704,0.8379368812558153,0
2023-07-28 10:48:49,4609.05,41742,2,4599.29,23324,28704,0.8379368812558153,0
2023-07-28 10:48:49,4609.05,41742,2,4599.29,23352,28700,0.8379368812558153,0
2023-07-28 10:48:49,4609.05,41742,2,4599.29,23352,28662,0.8379368812558153,0
2023-07-28 10:48:49,4609.05,41742,2,4599.29,23352,28706,0.8379368812558153,0
2023-07-28 10:48:49,4609.05,41742,2,4599.29,23395,28749,0.8379368812558153,0
2023-07-28 10:48:49,4609.05,41742,2,4599.29,23377,28789,0.8379368812558153,0
2023-07-28 10:48:49,4609.05,41742,2,4599.29,23355,28795,0.8379368812558153,0
2023-07-28 10:48:49,4609.05,41742,2,4599.29,23351,28795,0.8379368812558153,0
2023-07-28 10:48:49,4609.05,41742,2,4599.29,23350,28795,0.8379368812558153,0
2023-07-28 10:48:49,4609.05,41742,2,4599.29,23358,28795,0.8379368812558153,0
2023-07-28 10:48:49,4609.05,41742,2,4599.29,23336,28807,0.8379368812558153,0
2023-07-28 10:48:49,4607.75,41742,1,4599.29,23336,28807,0.809495159437729,0
2023-07-28 10:50:05,4607.75,41746,1,4599.3,23078,28895,0.809495159437729,0
2023-07-28 10:50:05,4607.75,41746,1,4599.3,22993,28819,0.809495159437729,0
2023-07-28 10:50:05,4607.75,41746,1,4599.3,23007,28806,0.809495159437729,0
2023-07-28 10:50:05,4607.75,41746,1,4599.3,22993,28804,0.809495159437729,0
2023-07-28 10:50:05,4607.75,41746,1,4599.3,23029,28837,0.809495159437729,0
2023-07-28 10:50:05,4607.75,41746,1,4599.3,23024,28829,0.809495159437729,0
2023-07-28 10:50:05,4607.75,41746,1,4599.3,23024,28817,0.809495159437729,0
2023-07-28 10:50:05,4607.75,41746,1,4599.3,23024,28757,0.809495159437729,0
2023-07-28 10:50:05,4607.75,41746,1,4599.3,23024,28763,0.809495159437729,0
2023-07-28 10:50:05,4607.75,41746,1,4599.3,23024,28770,0.809495159437729,0
2023-07-28 10:50:05,4607.75,41746,1,4599.3,23038,28760,0.809495159437729,0
2023-07-28 10:50:05,4607.75,41746,1,4599.3,23023,28763,0.809495159437729,0
2023-07-28 10:50:05,4607.75,41746,1,4599.3,23031,28760,0.809495159437729,0
2023-07-28 10:50:05,4607.75,41746,1,4599.3,23040,28772,0.809495159437729,0
2023-07-28 10:50:05,4607.75,41746,1,4599.3,23040,28772,0.809495159437729,0
2023-07-28 10:50:05,4607.75,41746,1,4599.3,23031,28762,0.809495159437729,0
2023-07-28 10:50:05,4607.75,41746,1,4599.3,23031,28762,0.809495159437729,0
2023-07-28 10:50:05,4607.75,41746,1,4599.3,23031,28762,0.809495159437729,0
2023-07-28 10:50:05,4607.75,41746,1,4599.3,23023,28762,0.809495159437729,0
2023-07-28 10:50:05,4607.75,41746,1,4599.3,23023,28762,0.809495159437729,0
2023-07-28 10:50:05,4607.75,41746,1,4599.3,23023,28762,0.809495159437729,0
2023-07-28 10:50:05,4607.75,41746,1,4599.3,23023,28762,0.809495159437729,0
2023-07-28 10:50:05,4607.75,41746,1,4599.3,23036,28762,0.809495159437729,0
2023-07-28 10:50:05,4607.75,41746,1,4599.3,23051,28762,0.809495159437729,0
2023-07-28 10:50:27,4606.0,41747,1,4599.3,23160,28730,0.7712082262210797,0
2023-07-28 10:50:27,4606.0,41747,1,4599.3,23160,28729,0.7712082262210797,0
2023-07-28 10:50:27,4606.0,41747,1,4599.3,23162,28684,0.7712082262210797,0
2023-07-28 10:50:27,4606.0,41747,1,4599.3,23161,28684,0.7712082262210797,0
2023-07-28 10:50:27,4606.0,41747,1,4599.3,23152,28685,0.7712082262210797,0
2023-07-28 10:50:27,4605.4,41747,6,4599.3,23152,28685,0.7580812776896491,0
2023-07-28 10:50:37,4605.4,41753,6,4599.3,23114,28752,0.7580812776896491,0
2023-07-28 10:50:37,4605.4,41753,6,4599.3,23092,28752,0.7580812776896491,0
2023-07-28 10:50:37,4605.4,41753,6,4599.3,23092,28751,0.7580812776896491,0
2023-07-28 10:50:37,4605.4,41753,6,4599.3,23123,28734,0.7580812776896491,0
2023-07-28 10:50:37,4605.4,41753,6,4599.3,23121,28734,0.7580812776896491,0
2023-07-28 10:50:37,4605.4,41753,6,4599.3,23112,28734,0.7580812776896491,0
2023-07-28 10:50:37,4605.4,41753,6,4599.3,23122,28739,0.7580812776896491,0
2023-07-28 10:50:37,4605.4,41753,6,4599.3,23163,28760,0.7580812776896491,0
2023-07-28 10:50:37,4605.4,41753,6,4599.3,23163,28758,0.7580812776896491,0
2023-07-28 10:50:37,4605.4,41753,6,4599.3,23163,28765,0.7580812776896491,0
2023-07-28 10:50:37,4605.4,41753,6,4599.3,23172,28765,0.7580812776896491,0
2023-07-28 10:50:37,4605.4,41753,6,4599.3,23172,28764,0.7580812776896491,0
2023-07-28 10:50:37,4605.4,41753,6,4599.3,23163,28762,0.7580812776896491,0
2023-07-28 10:50:37,4605.4,41753,6,4599.3,23163,28762,0.7580812776896491,0
2023-07-28 10:50:37,4605.4,41753,6,4599.3,23163,28766,0.7580812776896491,0
2023-07-28 10:50:37,4607.05,41753,1,4599.3,23163,28766,0.7941803861510732,0
2023-07-28 10:50:54,4607.05,41754,1,4599.3,23181,28779,0.7941803861510732,0
2023-07-28 10:50:54,4607.05,41754,1,4599.3,23170,28779,0.7941803861510732,0
2023-07-28 10:50:59,4606.1,41755,1,4599.3,23114,28802,0.7733960509763248,0
2023-07-28 10:50:59,4606.1,41755,1,4599.3,23104,28791,0.7733960509763248,0
2023-07-28 10:50:59,4606.1,41755,1,4599.3,23121,28785,0.7733960509763248,0
2023-07-28 10:50:59,4606.1,41755,1,4599.3,23130,28775,0.7733960509763248,0
2023-07-28 10:50:59,4606.1,41755,1,4599.3,23130,28673,0.7733960509763248,0
2023-07-28 10:50:59,4606.1,41755,1,4599.3,23130,28673,0.7733960509763248,0
2023-07-28 10:50:59,4605.0,41755,1,4599.3,23130,28673,0.7493299786687087,0
2023-07-28 10:51:07,4605.0,41759,1,4599.3,22795,28925,0.7493299786687087,0
2023-07-28 10:51:07,4605.0,41759,1,4599.3,22794,28941,0.7493299786687087,0
2023-07-28 10:51:07,4605.0,41759,1,4599.3,22834,28964,0.7493299786687087,0
2023-07-28 10:51:07,4605.0,41759,1,4599.3,22835,28943,0.7493299786687087,0
2023-07-28 10:51:07,4605.0,41759,1,4599.3,22836,28943,0.7493299786687087,0
2023-07-28 10:51:07,4605.0,41759,1,4599.3,22846,28939,0.7493299786687087,0
2023-07-28 10:51:07,4604.9,41759,1,4599.3,22846,28939,0.7471421539134636,0
2023-07-28 10:51:32,4604.9,41761,1,4599.3,22866,28895,0.7471421539134636,0
2023-07-28 10:51:32,4604.9,41761,1,4599.3,22275,28997,0.7471421539134636,0
2023-07-28 10:51:32,4601.3,41761,4,4599.3,22275,28997,0.6683804627249397,0
2023-07-28 10:51:41,4604.45,41781,1,4599.3,22553,28926,0.7372969425149005,0
2023-07-28 10:51:44,4604.45,41782,1,4599.3,22564,28896,0.7372969425149005,0
2023-07-28 10:51:44,4604.45,41782,1,4599.3,22541,28881,0.7372969425149005,0
2023-07-28 10:51:44,4604.45,41782,1,4599.3,22553,28869,0.7372969425149005,0
2023-07-28 10:51:44,4604.45,41782,13,4599.3,22553,28869,0.7372969425149005,0
2023-07-28 10:51:57,4604.5,41822,2,4599.3,22617,28848,0.7383908548925231,0
2023-07-28 10:51:57,4604.5,41822,1,4599.3,22617,28848,0.7383908548925231,0
2023-07-28 10:52:03,4604.5,41825,1,4599.3,22617,28846,0.7383908548925231,0
2023-07-28 10:52:03,4601.25,41825,8,4599.3,22617,28846,0.6672865503473172,0
2023-07-28 10:52:06,4604.2,41875,1,4599.31,22604,28904,0.7318273806268079,0
2023-07-28 10:52:09,4604.2,41877,1,4599.31,22647,28776,0.7318273806268079,0
2023-07-28 10:52:09,4604.2,41877,1,4599.31,22672,28783,0.7318273806268079,0
2023-07-28 10:52:09,4604.2,41877,1,4599.31,22731,28795,0.7318273806268079,0
2023-07-28 10:52:09,4604.2,41877,1,4599.31,22640,28872,0.7318273806268079,0
2023-07-28 10:52:09,4604.2,41877,1,4599.31,22685,28806,0.7318273806268079,0
2023-07-28 10:52:09,4604.2,41877,1,4599.31,22687,28832,0.7318273806268079,0
2023-07-28 10:52:09,4604.2,41877,1,4599.31,22723,28832,0.7318273806268079,0
2023-07-28 10:52:09,4604.2,41877,1,4599.31,22727,28802,0.7318273806268079,0
2023-07-28 10:52:09,4604.2,41877,1,4599.31,22727,28791,0.7318273806268079,0
2023-07-28 10:52:09,4604.2,41877,1,4599.31,22724,28782,0.7318273806268079,0
2023-07-28 10:52:09,4604.2,41877,1,4599.31,22739,28777,0.7318273806268079,0
2023-07-28 10:52:09,4604.2,41877,1,4599.31,22730,28766,0.7318273806268079,0
2023-07-28 10:52:09,4604.2,41877,1,4599.31,22730,28760,0.7318273806268079,0
2023-07-28 10:53:07,4604.2,41878,1,4599.31,22718,28769,0.7318273806268079,0
2023-07-28 10:53:07,4604.2,41878,1,4599.31,22729,28770,0.7318273806268079,0
2023-07-28 10:53:07,4604.2,41878,1,4599.31,22712,28768,0.7318273806268079,0
2023-07-28 10:53:07,4604.2,41878,1,4599.31,22729,28758,0.7318273806268079,0
2023-07-28 10:53:07,4604.2,41878,1,4599.31,22729,28769,0.7318273806268079,0
2023-07-28 10:53:07,4604.2,41878,1,4599.31,22729,28758,0.7318273806268079,0
2023-07-28 10:53:07,4604.2,41878,1,4599.31,22728,28761,0.7318273806268079,0
2023-07-28 10:53:16,4604.2,41879,1,4599.31,22728,28763,0.7318273806268079,0
2023-07-28 10:53:16,4604.2,41879,1,4599.31,22728,28763,0.7318273806268079,0
2023-07-28 10:53:16,4604.2,41879,1,4599.31,22728,28763,0.7318273806268079,0
2023-07-28 10:53:16,4604.2,41879,1,4599.31,22728,28763,0.7318273806268079,0
2023-07-28 10:53:20,4603.6,41880,1,4599.31,22749,28758,0.7187004320953971,0
2023-07-28 10:53:20,4603.6,41880,1,4599.31,22749,28758,0.7187004320953971,0
2023-07-28 10:53:20,4603.6,41880,1,4599.31,22768,28758,0.7187004320953971,0
2023-07-28 10:53:20,4603.6,41880,1,4599.31,22768,28758,0.7187004320953971,0
2023-07-28 10:53:20,4603.6,41880,1,4599.31,22768,28759,0.7187004320953971,0
2023-07-28 10:53:20,4603.6,41880,1,4599.31,22768,28759,0.7187004320953971,0
2023-07-28 10:53:20,4603.6,41880,1,4599.31,22768,28759,0.7187004320953971,0
2023-07-28 10:53:20,4603.6,41880,1,4599.31,22768,28755,0.7187004320953971,0
2023-07-28 10:53:20,4603.6,41880,1,4599.31,22768,28755,0.7187004320953971,0
2023-07-28 10:53:20,4603.6,41880,1,4599.31,22768,28755,0.7187004320953971,0
2023-07-28 10:53:20,4603.6,41880,1,4599.31,22768,28759,0.7187004320953971,0
2023-07-28 10:53:20,4603.6,41880,1,4599.31,22776,28759,0.7187004320953971,0
2023-07-28 10:53:20,4603.6,41880,1,4599.31,22776,28759,0.7187004320953971,0
2023-07-28 10:53:20,4603.6,41880,1,4599.31,22776,28759,0.7187004320953971,0
2023-07-28 10:53:20,4603.6,41880,1,4599.31,22777,28759,0.7187004320953971,0
2023-07-28 10:53:20,4603.6,41880,1,4599.31,22768,28759,0.7187004320953971,0
2023-07-28 10:53:20,4603.6,41880,1,4599.31,22768,28759,0.7187004320953971,0
2023-07-28 10:53:20,4603.6,41880,1,4599.31,22779,28759,0.7187004320953971,0
2023-07-28 10:53:20,4603.6,41880,1,4599.31,22768,28759,0.7187004320953971,0
2023-07-28 10:53:20,4603.6,41880,1,4599.31,22768,28771,0.7187004320953971,0
2023-07-28 10:53:20,4603.6,41880,1,4599.31,22768,28759,0.7187004320953971,0
2023-07-28 10:53:20,4603.6,41880,1,4599.31,22747,28762,0.7187004320953971,0
2023-07-28 10:53:20,4603.6,41880,1,4599.31,22747,28772,0.7187004320953971,0
2023-07-28 10:53:20,4603.6,41880,1,4599.31,22766,28760,0.7187004320953971,0
2023-07-28 10:53:20,4603.6,41880,1,4599.31,22795,28754,0.7187004320953971,0
2023-07-28 10:53:20,4603.6,41880,1,4599.31,22789,28754,0.7187004320953971,0
2023-07-28 10:53:20,4604.3,41880,9,4599.31,22789,28754,0.7340152053820529,0
2023-07-28 10:53:43,4604.3,41890,9,4599.31,22799,28749,0.7340152053820529,0
2023-07-28 10:53:43,4604.3,41890,9,4599.31,22826,28750,0.7340152053820529,0
2023-07-28 10:53:43,4604.3,41890,9,4599.31,22835,28750,0.7340152053820529,0
2023-07-28 10:53:43,4602.25,41890,6,4599.31,22835,28750,0.6891647978996882,0
2023-07-28 10:53:47,4604.3,41900,1,4599.31,22752,28795,0.7340152053820529,0
2023-07-28 10:53:48,4604.3,41901,1,4599.31,22761,28785,0.7340152053820529,0
2023-07-28 10:53:48,4604.3,41901,1,4599.31,22785,28784,0.7340152053820529,0
2023-07-28 10:53:48,4604.3,41901,1,4599.31,22787,28775,0.7340152053820529,0
2023-07-28 10:53:48,4604.3,41901,1,4599.31,22796,28775,0.7340152053820529,0
2023-07-28 10:53:48,4604.3,41901,1,4599.31,22797,28780,0.7340152053820529,0
2023-07-28 10:53:48,4604.3,41901,1,4599.31,22788,28779,0.7340152053820529,0
2023-07-28 10:53:55,4604.3,41902,1,4599.31,22788,28776,0.7340152053820529,0
2023-07-28 10:53:55,4604.3,41902,1,4599.31,22788,28776,0.7340152053820529,0
2023-07-28 10:53:55,4604.3,41902,1,4599.31,22788,28776,0.7340152053820529,0
2023-07-28 10:53:55,4604.3,41902,1,4599.31,22789,28776,0.7340152053820529,0
2023-07-28 10:53:55,4604.3,41902,1,4599.31,22789,28781,0.7340152053820529,0
2023-07-28 10:53:55,4604.3,41902,1,4599.31,22789,28781,0.7340152053820529,0
2023-07-28 10:53:55,4604.3,41902,1,4599.31,22781,28784,0.7340152053820529,0
2023-07-28 10:53:55,4604.3,41902,1,4599.31,22781,28784,0.7340152053820529,0
2023-07-28 10:53:55,4604.3,41902,1,4599.31,22773,28787,0.7340152053820529,0
2023-07-28 10:53:55,4604.3,41902,1,4599.31,22766,28787,0.7340152053820529,0
2023-07-28 10:53:55,4604.3,41902,1,4599.31,22750,28642,0.7340152053820529,0
2023-07-28 10:53:55,4604.3,41902,1,4599.31,22746,28646,0.7340152053820529,0
2023-07-28 10:53:55,4604.3,41902,1,4599.31,22746,28649,0.7340152053820529,0
2023-07-28 10:53:55,4604.3,41902,1,4599.31,22730,28687,0.7340152053820529,0
2023-07-28 10:53:55,4604.3,41902,1,4599.31,22721,28682,0.7340152053820529,0
2023-07-28 10:53:55,4604.3,41902,1,4599.31,22728,28679,0.7340152053820529,0
2023-07-28 10:53:55,4600.25,41902,14,4599.31,22728,28679,0.6454083027949461,0
2023-07-28 10:54:13,4603.65,42057,6,4599.32,22734,28749,0.7197943444729997,0
2023-07-28 10:54:13,4603.65,42057,6,4599.32,22774,28737,0.7197943444729997,0
2023-07-28 10:54:13,4603.65,42057,6,4599.32,22818,28702,0.7197943444729997,0
2023-07-28 10:54:13,4603.65,42057,6,4599.32,22827,28702,0.7197943444729997,0
2023-07-28 10:54:13,4603.65,42057,6,4599.32,22827,28724,0.7197943444729997,0
2023-07-28 10:54:13,4603.65,42057,6,4599.32,22841,28711,0.7197943444729997,0
2023-07-28 10:54:13,4603.65,42057,6,4599.32,22828,28704,0.7197943444729997,0
2023-07-28 10:54:13,4603.65,42057,6,4599.32,22828,28704,0.7197943444729997,0
2023-07-28 10:54:13,4603.65,42057,6,4599.32,22808,28719,0.7197943444729997,0
2023-07-28 10:54:13,4603.65,42057,6,4599.32,22762,28721,0.7197943444729997,0
2023-07-28 10:54:13,4601.3,42057,1,4599.32,22762,28721,0.6683804627249397,0
2023-07-28 10:54:25,4603.8,42059,1,4599.32,22756,28718,0.7230760816058673,0
2023-07-28 10:54:25,4603.8,42059,1,4599.32,22756,28718,0.7230760816058673,0
2023-07-28 10:54:25,4603.8,42059,1,4599.32,22751,28718,0.7230760816058673,0
2023-07-28 10:54:25,4603.8,42059,1,4599.32,22751,28718,0.7230760816058673,0
2023-07-28 10:54:25,4603.8,42059,1,4599.32,22751,28697,0.7230760816058673,0
2023-07-28 10:54:25,4603.8,42059,1,4599.32,22752,28683,0.7230760816058673,0
2023-07-28 10:54:25,4603.8,42059,1,4599.32,22755,28699,0.7230760816058673,0
2023-07-28 10:54:25,4603.8,42059,1,4599.32,22755,28698,0.7230760816058673,0
2023-07-28 10:54:25,4603.8,42059,1,4599.32,22755,28712,0.7230760816058673,0
2023-07-28 10:54:25,4603.8,42059,1,4599.32,22756,28711,0.7230760816058673,0
2023-07-28 10:54:25,4603.8,42059,1,4599.32,22753,28776,0.7230760816058673,0
2023-07-28 10:54:25,4603.8,42059,1,4599.32,22753,28777,0.7230760816058673,0
2023-07-28 10:54:25,4603.8,42059,1,4599.32,22753,28777,0.7230760816058673,0
2023-07-28 10:54:25,4603.8,42059,1,4599.32,22753,28777,0.7230760816058673,0
2023-07-28 10:54:25,4603.8,42059,1,4599.32,22753,28840,0.7230760816058673,0
2023-07-28 10:54:25,4603.8,42059,1,4599.32,22753,28898,0.7230760816058673,0
2023-07-28 10:54:25,4603.8,42059,1,4599.32,22755,28969,0.7230760816058673,0
2023-07-28 10:54:25,4603.8,42059,1,4599.32,22757,29087,0.7230760816058673,0
2023-07-28 10:54:25,4603.8,42059,1,4599.32,22757,29095,0.7230760816058673,0
2023-07-28 10:54:25,4603.8,42059,1,4599.32,22773,29148,0.7230760816058673,0
2023-07-28 10:54:25,4603.8,42059,1,4599.32,22779,29220,0.7230760816058673,0
2023-07-28 10:54:25,4603.8,42059,1,4599.32,22779,29205,0.7230760816058673,0
2023-07-28 10:54:25,4603.8,42059,1,4599.32,22771,29261,0.7230760816058673,0
2023-07-28 10:54:25,4603.8,42059,1,4599.32,22779,29405,0.7230760816058673,0
2023-07-28 10:54:25,4603.8,42059,1,4599.32,22781,29476,0.7230760816058673,0
2023-07-28 10:54:25,4603.8,42059,1,4599.32,22781,29476,0.7230760816058673,0
2023-07-28 10:54:25,4603.8,42059,1,4599.32,22781,29476,0.7230760816058673,0
2023-07-28 10:54:25,4603.8,42059,1,4599.32,22781,29476,0.7230760816058673,0
2023-07-28 10:54:25,4603.8,42059,1,4599.32,22778,29668,0.7230760816058673,0
2023-07-28 10:54:25,4603.8,42059,1,4599.32,22770,29808,0.7230760816058673,0
2023-07-28 10:54:25,4603.8,42059,1,4599.32,22761,30123,0.7230760816058673,0
2023-07-28 10:54:25,4603.8,42059,1,4599.32,22761,30122,0.7230760816058673,0
2023-07-28 10:54:25,4603.8,42059,1,4599.32,22761,30122,0.7230760816058673,0
2023-07-28 10:54:25,4603.8,42059,1,4599.32,22765,30122,0.7230760816058673,0
2023-07-28 10:54:25,4603.8,42059,1,4599.32,22749,30128,0.7230760816058673,0
2023-07-28 10:54:25,4603.8,42059,1,4599.32,22760,30128,0.7230760816058673,0
2023-07-28 10:54:25,4603.8,42059,1,4599.32,22760,30128,0.7230760816058673,0
2023-07-28 10:54:25,4603.8,42059,1,4599.32,22760,30128,0.7230760816058673,0
2023-07-28 10:54:25,4603.8,42059,1,4599.32,22760,30098,0.7230760816058673,0
2023-07-28 10:54:25,4603.8,42059,1,4599.32,22760,30098,0.7230760816058673,0
2023-07-28 10:54:25,4603.8,42059,1,4599.32,22760,30098,0.7230760816058673,0
2023-07-28 10:54:25,4603.8,42059,1,4599.32,22760,30098,0.7230760816058673,0
2023-07-28 10:54:25,4603.8,42059,1,4599.32,22760,30098,0.7230760816058673,0
2023-07-28 10:54:25,4603.8,42059,1,4599.32,22769,30098,0.7230760816058673,0
2023-07-28 10:54:25,4603.8,42059,1,4599.32,22769,30098,0.7230760816058673,0
2023-07-28 10:54:25,4603.8,42059,1,4599.32,22833,30090,0.7230760816058673,0
2023-07-28 10:54:25,4603.8,42059,1,4599.32,22833,30090,0.7230760816058673,0
2023-07-28 10:54:25,4603.8,42059,1,4599.32,22833,30098,0.7230760816058673,0
2023-07-28 10:54:25,4603.8,42059,1,4599.32,22835,30106,0.7230760816058673,0
2023-07-28 10:54:25,4603.8,42059,1,4599.32,22893,30113,0.7230760816058673,0
2023-07-28 10:54:25,4603.8,42059,1,4599.32,22893,30113,0.7230760816058673,0
2023-07-28 10:54:25,4603.8,42059,1,4599.32,22879,30115,0.7230760816058673,0
2023-07-28 10:54:25,4603.8,42059,1,4599.32,22891,30113,0.7230760816058673,0
2023-07-28 10:54:25,4603.8,42059,1,4599.32,22828,30101,0.7230760816058673,0
2023-07-28 10:54:25,4603.8,42059,1,4599.32,22847,30142,0.7230760816058673,0
2023-07-28 10:54:25,4603.15,42059,1,4599.32,22858,30145,0.7088552206968142,0
2023-07-28 10:55:23,4603.15,42061,1,4599.32,22679,30173,0.7088552206968142,0
2023-07-28 10:55:23,4603.15,42061,1,4599.32,22851,30078,0.7088552206968142,0
2023-07-28 10:55:23,4600.8,42061,4,4599.32,22851,30078,0.6574413389487542,0
2023-07-28 10:55:25,4600.8,42066,4,4599.32,22744,30112,0.6574413389487542,0
2023-07-28 10:55:25,4600.8,42066,4,4599.32,22707,30150,0.6574413389487542,0
2023-07-28 10:55:25,4600.8,42066,4,4599.32,22749,30150,0.6574413389487542,0
2023-07-28 10:55:25,4600.8,42066,4,4599.32,22756,30100,0.6574413389487542,0
2023-07-28 10:55:25,4600.8,42066,4,4599.32,22743,30128,0.6574413389487542,0
2023-07-28 10:55:25,4600.8,42066,4,4599.32,22724,30159,0.6574413389487542,0
2023-07-28 10:55:25,4600.8,42066,4,4599.32,22723,30018,0.6574413389487542,0
2023-07-28 10:55:25,4600.8,42066,4,4599.32,22726,30159,0.6574413389487542,0
2023-07-28 10:55:25,4600.8,42066,4,4599.32,22720,30161,0.6574413389487542,0
2023-07-28 10:55:25,4600.8,42066,4,4599.32,22720,30147,0.6574413389487542,0
2023-07-28 10:55:25,4600.8,42066,4,4599.32,22724,30167,0.6574413389487542,0
2023-07-28 10:55:25,4600.8,42066,4,4599.32,22726,30183,0.6574413389487542,0
2023-07-28 10:55:25,4600.8,42066,4,4599.32,22726,30183,0.6574413389487542,0
2023-07-28 10:55:25,4600.05,42066,1,4599.32,22726,30183,0.6410326532844759,0
2023-07-28 10:55:40,4600.05,42068,1,4599.32,22661,30173,0.6410326532844759,0
2023-07-28 10:55:40,4600.05,42068,1,4599.32,22687,30221,0.6410326532844759,0
2023-07-28 10:55:40,4600.05,42068,1,4599.32,22687,30212,0.6410326532844759,0
2023-07-28 10:55:40,4600.05,42068,1,4599.32,22687,30276,0.6410326532844759,0
2023-07-28 10:55:40,4600.05,42068,1,4599.32,22668,30291,0.6410326532844759,0
2023-07-28 10:55:40,4600.05,42068,1,4599.32,22668,30259,0.6410326532844759,0
2023-07-28 10:55:40,4600.05,42068,1,4599.32,22655,30256,0.6410326532844759,0
2023-07-28 10:55:40,4600.05,42068,1,4599.32,22655,30256,0.6410326532844759,0
2023-07-28 10:55:40,4600.05,42068,1,4599.32,22655,30241,0.6410326532844759,0
2023-07-28 10:55:40,4600.05,42068,1,4599.32,22654,30241,0.6410326532844759,0
2023-07-28 10:55:40,4600.05,42068,1,4599.32,22654,30191,0.6410326532844759,0
2023-07-28 10:55:40,4600.05,42068,1,4599.32,22654,30191,0.6410326532844759,0
2023-07-28 10:55:40,4600.05,42068,1,4599.32,22648,30223,0.6410326532844759,0
2023-07-28 10:55:40,4600.05,42068,1,4599.32,22651,30237,0.6410326532844759,0
2023-07-28 10:55:40,4600.05,42068,1,4599.32,22651,30203,0.6410326532844759,0
2023-07-28 10:55:40,4600.05,42068,1,4599.32,22651,30211,0.6410326532844759,0
2023-07-28 10:55:40,4598.05,42068,2,4599.32,22641,30258,0.5972761581797338,0
2023-07-28 10:56:00,4598.05,42106,2,4599.32,22325,30261,0.5972761581797338,0
2023-07-28 10:56:01,4596.05,42307,29,4599.3,22363,30220,0.5535196630749917,0
2023-07-28 10:56:01,4599.6,42317,10,4599.3,22529,30226,0.6311874418859129,0
2023-07-28 10:56:02,4599.6,42318,1,4599.3,22541,30175,0.6311874418859129,0
2023-07-28 10:56:02,4599.6,42318,1,4599.3,22548,30176,0.6311874418859129,0
2023-07-28 10:56:02,4599.6,42318,1,4599.3,22563,30171,0.6311874418859129,0
2023-07-28 10:56:02,4599.6,42318,1,4599.3,22563,30175,0.6311874418859129,0
2023-07-28 10:56:02,4599.6,42318,1,4599.3,22563,30173,0.6311874418859129,0
2023-07-28 10:56:02,4599.6,42318,1,4599.3,22563,30163,0.6311874418859129,0
2023-07-28 10:56:02,4599.6,42318,1,4599.3,22568,30163,0.6311874418859129,0
2023-07-28 10:56:02,4599.6,42318,1,4599.3,22568,30159,0.6311874418859129,0
2023-07-28 10:56:02,4599.6,42318,1,4599.3,22553,30160,0.6311874418859129,0
2023-07-28 10:56:02,4599.6,42318,1,4599.3,22580,30165,0.6311874418859129,0
2023-07-28 10:56:02,4599.6,42318,1,4599.3,22580,30163,0.6311874418859129,0
2023-07-28 10:56:02,4599.6,42318,1,4599.3,22580,30135,0.6311874418859129,0
2023-07-28 10:56:02,4599.8,42318,1,4599.3,22580,30135,0.6355630913963831,0
2023-07-28 10:56:22,4599.8,42319,1,4599.3,22642,30150,0.6355630913963831,0
2023-07-28 10:56:22,4599.8,42319,1,4599.3,22642,30150,0.6355630913963831,0
2023-07-28 10:56:22,4599.8,42319,1,4599.3,22642,30150,0.6355630913963831,0
2023-07-28 10:56:22,4599.8,42319,1,4599.3,22642,30149,0.6355630913963831,0
2023-07-28 10:56:22,4599.8,42319,1,4599.3,22642,30135,0.6355630913963831,0
2023-07-28 10:56:22,4599.8,42319,1,4599.3,22642,30135,0.6355630913963831,0
2023-07-28 10:56:22,4599.8,42319,1,4599.3,22642,30156,0.6355630913963831,0
2023-07-28 10:56:22,4599.8,42319,1,4599.3,22642,30158,0.6355630913963831,0
2023-07-28 10:56:22,4599.8,42319,1,4599.3,22642,30158,0.6355630913963831,0
2023-07-28 10:56:29,4599.6,42344,1,4599.3,22502,30234,0.6311874418859129,0
2023-07-28 10:56:30,4599.6,42347,1,4599.3,22538,30161,0.6311874418859129,0
2023-07-28 10:56:30,4599.6,42347,1,4599.3,22513,30196,0.6311874418859129,0
2023-07-28 10:56:30,4599.6,42347,1,4599.3,22511,30196,0.6311874418859129,0
2023-07-28 10:56:30,4599.6,42347,1,4599.3,22511,30196,0.6311874418859129,0
2023-07-28 10:56:30,4599.6,42347,1,4599.3,22506,30196,0.6311874418859129,0
2023-07-28 10:56:30,4599.6,42347,1,4599.3,22506,30196,0.6311874418859129,0
2023-07-28 10:56:30,4599.6,42347,1,4599.3,22505,30218,0.6311874418859129,0
2023-07-28 10:56:30,4599.6,42347,1,4599.3,22505,30222,0.6311874418859129,0
2023-07-28 10:56:30,4599.6,42347,1,4599.3,22477,30246,0.6311874418859129,0
2023-07-28 10:56:30,4599.6,42347,1,4599.3,22477,30237,0.6311874418859129,0
2023-07-28 10:56:30,4599.6,42347,1,4599.3,22477,30216,0.6311874418859129,0
2023-07-28 10:56:30,4599.6,42347,1,4599.3,22488,30216,0.6311874418859129,0
2023-07-28 10:56:30,4599.6,42347,1,4599.3,22597,30013,0.6311874418859129,0
2023-07-28 10:56:30,4599.6,42347,1,4599.3,22559,30149,0.6311874418859129,0
2023-07-28 10:56:30,4599.6,42347,1,4599.3,22559,30147,0.6311874418859129,0
2023-07-28 10:56:30,4599.6,42347,1,4599.3,22559,30147,0.6311874418859129,0
2023-07-28 10:56:30,4599.6,42347,1,4599.3,22557,30152,0.6311874418859129,0
2023-07-28 10:56:30,4598.7,42347,1,4599.3,22557,30152,0.611497019088767,0
2023-07-28 10:56:50,4598.7,42348,1,4599.3,22557,30148,0.611497019088767,0
2023-07-28 10:56:50,4598.7,42348,1,4599.3,22557,30147,0.611497019088767,0
2023-07-28 10:56:50,4598.7,42348,1,4599.3,22557,30147,0.611497019088767,0
2023-07-28 10:56:50,4598.7,42348,1,4599.3,22551,30146,0.611497019088767,0
2023-07-28 10:56:50,4598.7,42348,1,4599.3,22551,30146,0.611497019088767,0
2023-07-28 10:56:50,4598.7,42348,1,4599.3,22781,30376,0.611497019088767,0
2023-07-28 10:56:50,4598.7,42348,1,4599.3,22781,30376,0.611497019088767,0
2023-07-28 10:56:50,4598.7,42348,1,4599.3,22785,30376,0.611497019088767,0
2023-07-28 10:56:50,4598.7,42348,1,4599.3,22785,30376,0.611497019088767,0
2023-07-28 10:56:50,4598.7,42348,1,4599.3,22786,30376,0.611497019088767,0
2023-07-28 10:56:50,4598.7,42348,1,4599.3,22786,30376,0.611497019088767,0
2023-07-28 10:56:50,4598.7,42348,1,4599.3,22786,30375,0.611497019088767,0
2023-07-28 10:56:50,4598.7,42348,1,4599.3,22782,30380,0.611497019088767,0
2023-07-28 10:56:50,4599.8,42348,48,4599.3,22782,30380,0.6355630913963831,0
2023-07-28 10:57:15,4599.85,42397,3,4599.3,22769,30412,0.6366570037740057,0
2023-07-28 10:57:15,4599.25,42397,2,4599.3,22769,30412,0.6235300552425751,0
2023-07-28 10:57:17,4599.25,42404,2,4599.3,22783,30377,0.6235300552425751,0
2023-07-28 10:57:17,4599.25,42404,1,4599.3,22783,30377,0.6235300552425751,0
2023-07-28 10:57:24,4599.25,42406,1,4599.3,22758,30414,0.6235300552425751,0
2023-07-28 10:57:24,4599.25,42406,1,4599.3,22769,30328,0.6235300552425751,0
2023-07-28 10:57:24,4599.25,42406,1,4599.3,22816,30320,0.6235300552425751,0
2023-07-28 10:57:24,4599.25,42406,1,4599.3,22790,30321,0.6235300552425751,0
2023-07-28 10:57:24,4599.85,42406,25,4599.3,22790,30321,0.6366570037740057,0
2023-07-28 10:57:43,4599.9,42431,2,4599.3,22799,30362,0.6377509161516083,0
2023-07-28 10:57:44,4599.9,42433,2,4599.3,22762,30263,0.6377509161516083,0
2023-07-28 10:57:44,4599.9,42433,4,4599.3,22762,30263,0.6377509161516083,0
2023-07-28 10:57:57,4599.9,42438,4,4599.3,22768,30263,0.6377509161516083,0
2023-07-28 10:58:06,4599.9,42463,16,4599.3,22746,30242,0.6377509161516083,0
2023-07-28 10:58:06,4599.9,42463,1,4599.3,22746,30242,0.6377509161516083,0
2023-07-28 10:58:06,4599.9,42464,1,4599.3,22754,30271,0.6377509161516083,0
2023-07-28 10:58:06,4597.6,42464,7,4599.3,22754,30271,0.5874309467811708,0
2023-07-28 10:58:14,4597.6,42514,7,4599.3,22721,30342,0.5874309467811708,0
2023-07-28 10:58:14,4599.75,42514,1,4599.3,22721,30342,0.6344691790187605,0
2023-07-28 10:58:14,4597.0,42514,30,4599.3,22721,30342,0.5743039982497402,0
2023-07-28 10:58:14,4598.95,42514,4,4599.3,22721,30342,0.6169665809768597,0
2023-07-28 10:58:18,4598.95,42591,4,4599.3,22695,30424,0.6169665809768597,0
2023-07-28 10:58:18,4598.75,42591,3,4599.3,22695,30424,0.6125909314663895,0
2023-07-28 10:58:19,4598.75,42595,3,4599.3,22694,30458,0.6125909314663895,0
2023-07-28 10:58:19,4598.75,42595,3,4599.3,22694,30331,0.6125909314663895,0
2023-07-28 10:58:19,4598.75,42595,3,4599.3,22702,30350,0.6125909314663895,0
2023-07-28 10:58:19,4598.75,42595,3,4599.3,22701,30307,0.6125909314663895,0
2023-07-28 10:58:19,4598.75,42595,3,4599.3,22699,30308,0.6125909314663895,0
2023-07-28 10:58:19,4598.85,42595,16,4599.3,22699,30308,0.6147787562216346,0
2023-07-28 10:58:42,4598.85,42746,16,4599.3,22742,30141,0.6147787562216346,0
2023-07-28 10:58:42,4598.7,42746,7,4599.3,22742,30141,0.611497019088767,0
2023-07-28 10:58:42,4598.7,42746,10,4599.3,22742,30141,0.611497019088767,0
2023-07-28 10:58:49,4598.75,42763,1,4599.3,22742,30273,0.6125909314663895,0
2023-07-28 10:58:49,4597.4,42763,1,4599.3,22742,30273,0.5830552972706806,0
2023-07-28 10:58:53,4597.4,42765,1,4599.3,22605,30274,0.5830552972706806,0
2023-07-28 10:58:53,4597.4,42765,1,4599.3,22605,30272,0.5830552972706806,0
2023-07-28 10:58:53,4597.4,42765,1,4599.3,22613,30268,0.5830552972706806,0
2023-07-28 10:58:53,4597.4,42765,1,4599.3,22475,30257,0.5830552972706806,0
2023-07-28 10:58:53,4597.4,42765,1,4599.3,22591,30280,0.5830552972706806,0
2023-07-28 10:58:53,4598.75,42765,16,4599.3,22591,30280,0.6125909314663895,0
2023-07-28 10:59:14,4598.75,42789,2,4599.3,22678,30231,0.6125909314663895,0
2023-07-28 10:59:16,4598.75,42791,2,4599.3,22820,30236,0.6125909314663895,0
2023-07-28 10:59:16,4598.75,42791,2,4599.3,22820,30236,0.6125909314663895,0
2023-07-28 10:59:16,4598.75,42791,2,4599.3,22820,30236,0.6125909314663895,0
2023-07-28 10:59:16,4598.75,42791,2,4599.3,22820,30236,0.6125909314663895,0
2023-07-28 10:59:16,4598.75,42791,2,4599.3,22820,30236,0.6125909314663895,0
2023-07-28 10:59:16,4598.75,42791,2,4599.3,22820,30236,0.6125909314663895,0
2023-07-28 10:59:16,4598.75,42791,2,4599.3,22820,30236,0.6125909314663895,0
2023-07-28 10:59:16,4598.75,42791,2,4599.3,22820,30236,0.6125909314663895,0
2023-07-28 10:59:16,4596.45,42791,1,4599.3,22820,30236,0.5622709620959321,0
2023-07-28 10:59:16,4596.45,42791,1,4599.3,22820,30236,0.5622709620959321,0
2023-07-28 10:59:16,4596.45,42791,1,4599.3,22820,30236,0.5622709620959321,0
2023-07-28 10:59:26,4596.45,42794,1,4599.3,22739,30258,0.5622709620959321,0
2023-07-28 10:59:26,4596.45,42794,1,4599.3,22740,30269,0.5622709620959321,0
2023-07-28 10:59:26,4596.45,42794,1,4599.3,22762,30258,0.5622709620959321,0
2023-07-28 10:59:26,4596.45,42794,1,4599.3,22761,30258,0.5622709620959321,0
2023-07-28 10:59:46,4601.1,42870,4,4599.29,23015,30022,0.6640048132144695,0
2023-07-28 10:59:47,4601.1,42874,4,4599.29,22899,30044,0.6640048132144695,0
2023-07-28 10:59:47,4601.0,42874,1,4599.29,22899,30044,0.6618169884592244,0
2023-07-28 10:59:47,4598.1,42874,3,4599.29,22899,30044,0.5983700705573564,0
2023-07-28 10:59:54,4600.95,42905,1,4599.29,22836,30132,0.6607230760816019,0
2023-07-28 10:59:55,4600.95,42906,1,4599.29,22879,30134,0.6607230760816019,0
2023-07-28 10:59:55,4600.95,42906,1,4599.29,22909,30056,0.6607230760816019,0
2023-07-28 10:59:55,4600.95,42906,1,4599.29,22909,30056,0.6607230760816019,0
2023-07-28 10:59:55,4600.95,42906,1,4599.29,22909,30059,0.6607230760816019,0
2023-07-28 10:59:55,4600.95,42906,1,4599.29,22921,30058,0.6607230760816019,0
2023-07-28 10:59:55,4600.95,42906,1,4599.29,22909,30059,0.6607230760816019,0
2023-07-28 10:59:55,4600.95,42906,1,4599.29,22909,30059,0.6607230760816019,0
2023-07-28 10:59:55,4600.95,42906,1,4599.29,22909,30059,0.6607230760816019,0
2023-07-28 10:59:55,4599.5,42906,1,4599.29,22909,30059,0.6289996171306679,0
2023-07-28 11:00:12,4600.45,42907,1,4599.29,22772,30238,0.6497839523054163,0
2023-07-28 11:00:12,4600.45,42908,1,4599.29,22779,30280,0.6497839523054163,0
2023-07-28 11:00:12,4600.45,42908,1,4599.29,22792,30184,0.6497839523054163,0
2023-07-28 11:00:12,4600.45,42908,1,4599.29,22813,30165,0.6497839523054163,0
2023-07-28 11:00:12,4600.45,42908,1,4599.29,22816,30161,0.6497839523054163,0
2023-07-28 11:00:12,4600.85,42908,4,4599.29,22816,30161,0.6585352513263767,0
2023-07-28 11:00:17,4601.1,42933,1,4599.3,22848,30090,0.6640048132144695,0
2023-07-28 11:00:17,4601.1,42935,1,4599.3,22864,30092,0.6640048132144695,0
2023-07-28 11:00:17,4601.1,42935,1,4599.3,22853,30092,0.6640048132144695,0
2023-07-28 11:00:17,4601.1,42935,1,4599.3,22853,30092,0.6640048132144695,0
2023-07-28 11:00:17,4601.1,42935,1,4599.3,22853,30092,0.6640048132144695,0
2023-07-28 11:00:17,4601.1,42935,1,4599.3,22853,30088,0.6640048132144695,0
2023-07-28 11:00:17,4601.1,42935,1,4599.3,22853,30088,0.6640048132144695,0
2023-07-28 11:00:17,4601.1,42935,1,4599.3,22853,30099,0.6640048132144695,0
2023-07-28 11:00:17,4601.1,42935,1,4599.3,22835,30104,0.6640048132144695,0
2023-07-28 11:00:17,4601.1,42935,1,4599.3,22823,30104,0.6640048132144695,0
2023-07-28 11:00:17,4601.1,42935,1,4599.3,22808,30104,0.6640048132144695,0
2023-07-28 11:00:17,4601.1,42935,1,4599.3,22813,30104,0.6640048132144695,0
2023-07-28 11:00:17,4601.1,42935,1,4599.3,22813,30104,0.6640048132144695,0
2023-07-28 11:00:17,4601.1,42935,1,4599.3,22813,30104,0.6640048132144695,0
2023-07-28 11:00:17,4601.1,42935,1,4599.3,22813,30104,0.6640048132144695,0
2023-07-28 11:00:17,4601.1,42935,1,4599.3,22826,30057,0.6640048132144695,0
2023-07-28 11:00:17,4601.1,42935,1,4599.3,22826,30057,0.6640048132144695,0
2023-07-28 11:00:17,4599.0,42935,1,4599.3,22826,30057,0.6180604933544823,0
2023-07-28 11:00:43,4601.05,42940,1,4599.3,22811,30086,0.6629109008368469,0
2023-07-28 11:00:44,4601.05,42941,1,4599.3,22858,30054,0.6629109008368469,0
2023-07-28 11:00:44,4601.05,42941,1,4599.3,22880,30017,0.6629109008368469,0
2023-07-28 11:00:44,4601.05,42941,1,4599.3,22957,30017,0.6629109008368469,0
2023-07-28 11:00:44,4601.05,42941,1,4599.3,22961,30016,0.6629109008368469,0
2023-07-28 11:00:44,4600.0,42941,30,4599.3,22961,30016,0.6399387409068533,0
2023-07-28 11:00:52,4601.1,42971,1,4599.3,22937,30018,0.6640048132144695,0
2023-07-28 11:00:53,4601.1,42974,1,4599.3,22946,29992,0.6640048132144695,0
2023-07-28 11:00:53,4601.1,42974,1,4599.3,22946,29992,0.6640048132144695,0
2023-07-28 11:00:54,4600.0,42980,5,4599.3,22941,30077,0.6399387409068533,0
2023-07-28 11:00:55,4601.1,42981,1,4599.3,22941,30054,0.6640048132144695,0
2023-07-28 11:00:55,4600.0,42981,2,4599.3,22941,30054,0.6399387409068533,0
2023-07-28 11:00:56,4600.0,42983,2,4599.3,22939,30081,0.6399387409068533,0
2023-07-28 11:00:56,4600.0,42983,2,4599.3,22939,30080,0.6399387409068533,0
2023-07-28 11:00:56,4600.0,42983,2,4599.3,22939,30081,0.6399387409068533,0
2023-07-28 11:00:56,4600.0,42983,2,4599.3,22940,30089,0.6399387409068533,0
2023-07-28 11:00:56,4600.0,42983,2,4599.3,22940,30089,0.6399387409068533,0
2023-07-28 11:00:56,4600.0,42983,2,4599.3,22940,30080,0.6399387409068533,0
2023-07-28 11:00:56,4600.0,42983,2,4599.3,22940,30080,0.6399387409068533,0
2023-07-28 11:00:56,4600.0,42983,2,4599.3,22929,30081,0.6399387409068533,0
2023-07-28 11:00:56,4600.0,42983,2,4599.3,22959,30081,0.6399387409068533,0
2023-07-28 11:00:56,4600.0,42983,2,4599.3,22742,29851,0.6399387409068533,0
2023-07-28 11:00:56,4600.0,42983,2,4599.3,22742,29859,0.6399387409068533,0
2023-07-28 11:00:56,4600.0,42983,2,4599.3,22749,29878,0.6399387409068533,0
2023-07-28 11:00:56,4600.0,42983,2,4599.3,22735,29866,0.6399387409068533,0
2023-07-28 11:00:56,4600.0,42983,2,4599.3,22975,30103,0.6399387409068533,0
2023-07-28 11:00:56,4600.0,42983,2,4599.3,22973,30094,0.6399387409068533,0
2023-07-28 11:00:56,4600.55,42983,1,4599.3,22973,30094,0.6519717770606615,0
2023-07-28 11:01:34,4601.1,42984,1,4599.3,22973,30113,0.6640048132144695,0
2023-07-28 11:01:36,4601.1,42985,1,4599.3,22976,30092,0.6640048132144695,0
2023-07-28 11:01:36,4601.1,42985,1,4599.3,22976,30093,0.6640048132144695,0
2023-07-28 11:01:36,4601.1,42985,1,4599.3,23000,30087,0.6640048132144695,0
2023-07-28 11:01:36,4601.1,42985,1,4599.3,22997,30087,0.6640048132144695,0
2023-07-28 11:01:36,4600.0,42985,9,4599.3,22997,30087,0.6399387409068533,0
2023-07-28 11:01:55,4601.1,42996,1,4599.3,23004,30022,0.6640048132144695,0
2023-07-28 11:01:57,4601.1,42997,1,4599.3,23022,30014,0.6640048132144695,0
2023-07-28 11:01:57,4601.1,42997,1,4599.3,23008,30032,0.6640048132144695,0
2023-07-28 11:01:57,4601.1,42997,1,4599.3,22993,30164,0.6640048132144695,0
2023-07-28 11:01:57,4600.55,42997,1,4599.3,22993,30164,0.6519717770606615,0
2023-07-28 11:02:15,4600.55,42998,1,4599.3,22966,30208,0.6519717770606615,0
2023-07-28 11:02:15,4600.55,42998,1,4599.3,22966,30208,0.6519717770606615,0
2023-07-28 11:02:15,4600.55,42998,1,4599.3,22966,30208,0.6519717770606615,0
2023-07-28 11:02:15,4600.55,42998,1,4599.3,22966,30208,0.6519717770606615,0
2023-07-28 11:02:15,4600.55,42998,1,4599.3,23034,30197,0.6519717770606615,0
2023-07-28 11:02:15,4600.55,42998,1,4599.3,23034,30197,0.6519717770606615,0
2023-07-28 11:02:15,4600.55,42998,1,4599.3,23034,30197,0.6519717770606615,0
2023-07-28 11:02:15,4600.55,42998,1,4599.3,23034,30197,0.6519717770606615,0
2023-07-28 11:02:15,4600.55,42998,1,4599.3,23034,30197,0.6519717770606615,0
2023-07-28 11:02:15,4600.55,42998,1,4599.3,23033,30200,0.6519717770606615,0
2023-07-28 11:02:15,4600.55,42998,6,4599.3,23033,30200,0.6519717770606615,0
2023-07-28 11:02:30,4600.55,43004,6,4599.3,23015,30183,0.6519717770606615,0
2023-07-28 11:02:30,4601.1,43004,1,4599.3,23015,30183,0.6640048132144695,0
2023-07-28 11:02:33,4601.1,43005,1,4599.3,23026,30107,0.6640048132144695,0
2023-07-28 11:02:33,4601.1,43005,1,4599.3,23028,30107,0.6640048132144695,0
2023-07-28 11:02:33,4601.1,43005,10,4599.3,23028,30107,0.6640048132144695,0
2023-07-28 11:02:49,4601.1,43015,10,4599.3,23026,30118,0.6640048132144695,0
2023-07-28 11:02:49,4600.0,43015,3,4599.3,23026,30118,0.6399387409068533,0
2023-07-28 11:02:53,4601.1,43033,1,4599.3,22980,30136,0.6640048132144695,0
2023-07-28 11:02:53,4601.1,43033,1,4599.3,22980,30136,0.6640048132144695,0
2023-07-28 11:02:55,4601.1,43035,1,4599.3,23010,30134,0.6640048132144695,0
2023-07-28 11:02:55,4601.1,43035,1,4599.3,23044,30102,0.6640048132144695,0
2023-07-28 11:02:55,4601.1,43035,1,4599.3,23041,30096,0.6640048132144695,0
2023-07-28 11:02:55,4601.1,43035,1,4599.3,23052,30096,0.6640048132144695,0
2023-07-28 11:02:55,4601.1,43035,1,4599.3,23057,30097,0.6640048132144695,0
2023-07-28 11:02:55,4601.1,43035,1,4599.3,23055,30090,0.6640048132144695,0
2023-07-28 11:02:55,4600.05,43035,1,4599.3,23055,30090,0.6410326532844759,0
2023-07-28 11:03:21,4599.5,43036,11,4599.3,22920,30150,0.6289996171306679,0
2023-07-28 11:03:21,4599.5,43036,11,4599.3,22920,30150,0.6289996171306679,0
2023-07-28 11:03:21,4598.75,43036,1,4599.3,22920,30150,0.6125909314663895,0
2023-07-28 11:03:25,4599.55,43059,2,4599.3,22938,30169,0.6300935295082903,0
2023-07-28 11:03:25,4599.5,43059,14,4599.3,22938,30169,0.6289996171306679,0
2023-07-28 11:03:30,4599.5,43076,1,4599.3,22941,30109,0.6289996171306679,0
2023-07-28 11:03:30,4599.5,43076,1,4599.3,22941,30109,0.6289996171306679,0
2023-07-28 11:03:30,4599.5,43076,13,4599.3,22941,30109,0.6289996171306679,0
2023-07-28 11:03:35,4599.5,43091,1,4599.3,22912,30115,0.6289996171306679,0
2023-07-28 11:03:37,4599.5,43092,1,4599.3,22912,30133,0.6289996171306679,0
2023-07-28 11:03:37,4599.5,43092,1,4599.3,22915,30131,0.6289996171306679,0
2023-07-28 11:03:37,4599.5,43092,1,4599.3,22919,30131,0.6289996171306679,0
2023-07-28 11:03:37,4599.5,43092,1,4599.3,22920,30131,0.6289996171306679,0
2023-07-28 11:03:37,4593.8,43092,3,4599.3,22920,30131,0.5042936060821568,0
2023-07-28 11:04:07,4594.95,43194,5,4599.29,22257,29911,0.5294535907673755,0
2023-07-28 11:04:09,4594.65,43209,1,4599.29,22502,30251,0.5228901165016603,0
2023-07-28 11:04:09,4594.5,43209,1,4599.29,22502,30251,0.5196083793688125,0
2023-07-28 11:04:09,4593.05,43209,1,4599.29,22502,30251,0.4878849204178785,0
2023-07-28 11:04:17,4593.05,43212,1,4599.29,22501,30257,0.4878849204178785,0
2023-07-28 11:04:17,4593.05,43212,1,4599.29,22482,30258,0.4878849204178785,0
2023-07-28 11:04:17,4594.5,43212,10,4599.29,22482,30258,0.5196083793688125,0
2023-07-28 11:04:23,4594.5,43222,1,4599.28,22482,30234,0.5196083793688125,0
2023-07-28 11:04:23,4594.5,43222,1,4599.28,22482,30234,0.5196083793688125,0
2023-07-28 11:04:28,4594.5,43224,1,4599.28,22483,30246,0.5196083793688125,0
2023-07-28 11:04:28,4594.5,43224,1,4599.28,22508,30253,0.5196083793688125,0
2023-07-28 11:04:28,4594.5,43224,1,4599.28,22500,30253,0.5196083793688125,0
2023-07-28 11:04:28,4591.55,43224,5,4599.28,22500,30253,0.4550675490893219,0
2023-07-28 11:04:28,4592.15,43224,9,4599.28,22500,30253,0.4681944976207326,0
2023-07-28 11:04:42,4592.15,43302,3,4599.27,22166,30262,0.4681944976207326,0
2023-07-28 11:04:44,4592.15,43306,3,4599.27,22156,30237,0.4681944976207326,0
2023-07-28 11:04:44,4592.15,43306,3,4599.27,22180,30263,0.4681944976207326,0
2023-07-28 11:04:44,4591.25,43306,1,4599.27,22180,30263,0.4485040748236066,0
2023-07-28 11:04:57,4591.25,43308,1,4599.27,22154,30304,0.4485040748236066,0
2023-07-28 11:04:57,4591.25,43308,1,4599.27,22154,30304,0.4485040748236066,0
2023-07-28 11:05:01,4588.4,43587,150,4599.2,21519,30186,0.3861510692993412,0
2023-07-28 11:05:01,4591.15,43587,1,4599.2,21519,30186,0.44631625006836156,0
2023-07-28 11:05:02,4591.2,43601,5,4599.2,21587,30191,0.4474101624459841,0
2023-07-28 11:05:06,4591.3,43606,1,4599.2,21644,30127,0.4495979872012292,0
2023-07-28 11:05:10,4591.3,43608,1,4599.2,21744,30122,0.4495979872012292,0
2023-07-28 11:05:10,4588.3,43608,9,4599.2,21744,30122,0.383963244544116,0
2023-07-28 11:05:17,4588.3,43658,9,4599.19,21149,30152,0.383963244544116,0
2023-07-28 11:05:17,4591.25,43658,24,4599.19,21149,30152,0.4485040748236066,0
2023-07-28 11:05:19,4591.0,43688,11,4599.18,21662,30193,0.4430345129355139,0
2023-07-28 11:05:19,4591.0,43688,11,4599.18,21662,30193,0.4430345129355139,0
2023-07-28 11:05:19,4591.0,43688,11,4599.18,21662,30193,0.4430345129355139,0
2023-07-28 11:05:19,4591.0,43688,11,4599.18,21662,30193,0.4430345129355139,0
2023-07-28 11:05:19,4591.0,43688,11,4599.18,21662,30193,0.4430345129355139,0
2023-07-28 11:05:19,4591.0,43688,11,4599.18,21662,30193,0.4430345129355139,0
2023-07-28 11:05:19,4588.0,43688,108,4599.18,21662,30193,0.3773997702784007,0
2023-07-28 11:05:27,4590.0,43850,1,4599.14,21338,30150,0.4211562653831428,0
2023-07-28 11:05:27,4590.0,43850,1,4599.14,21338,30150,0.4211562653831428,0
2023-07-28 11:05:28,4590.65,43859,1,4599.14,21483,30143,0.43537712629217606,0
2023-07-28 11:05:32,4590.65,43860,1,4599.14,21477,30071,0.43537712629217606,0
2023-07-28 11:05:32,4590.6,43860,1,4599.14,21477,30071,0.4342832139145734,0
2023-07-28 11:05:39,4590.6,43861,1,4599.14,21414,30321,0.4342832139145734,0
2023-07-28 11:05:39,4590.6,43861,1,4599.14,21411,30306,0.4342832139145734,0
2023-07-28 11:05:39,4590.4,43861,9,4599.14,21405,30374,0.4299075644040833,0
2023-07-28 11:05:53,4590.4,43870,9,4599.14,21415,30335,0.4299075644040833,0
2023-07-28 11:05:53,4590.4,43870,9,4599.14,21437,30343,0.4299075644040833,0
2023-07-28 11:05:53,4590.4,43870,1,4599.14,21437,30343,0.4299075644040833,0
2023-07-28 11:06:04,4590.4,43871,1,4599.14,21465,30335,0.4299075644040833,0
2023-07-28 11:06:04,4590.4,43871,1,4599.14,21465,30335,0.4299075644040833,0
2023-07-28 11:06:04,4590.4,43871,1,4599.14,21475,30335,0.4299075644040833,0
2023-07-28 11:06:04,4590.4,43871,1,4599.14,21475,30337,0.4299075644040833,0
2023-07-28 11:06:04,4590.4,43871,1,4599.14,21493,30337,0.4299075644040833,0
2023-07-28 11:06:04,4590.4,43871,1,4599.14,21524,30332,0.4299075644040833,0
2023-07-28 11:06:04,4590.4,43871,1,4599.14,21534,30347,0.4299075644040833,0
2023-07-28 11:06:04,4590.4,43871,1,4599.14,21540,30347,0.4299075644040833,0
2023-07-28 11:06:20,4592.6,44296,5,4599.06,21836,29869,0.47803970901931553,0
2023-07-28 11:06:20,4592.6,44296,1,4599.06,21836,29869,0.47803970901931553,0
2023-07-28 11:06:20,4592.6,44298,1,4599.06,21811,30000,0.47803970901931553,0
2023-07-28 11:06:20,4592.6,44298,1,4599.06,21812,30020,0.47803970901931553,0
2023-07-28 11:06:20,4592.6,44298,1,4599.06,21812,30023,0.47803970901931553,0
2023-07-28 11:06:25,4592.45,44299,1,4599.06,21790,29996,0.4747579718864479,0
2023-07-28 11:06:25,4592.45,44300,1,4599.06,21790,30007,0.4747579718864479,0
2023-07-28 11:06:25,4592.45,44300,1,4599.06,21769,30032,0.4747579718864479,0
2023-07-28 11:06:25,4592.45,44300,1,4599.06,21763,30035,0.4747579718864479,0
2023-07-28 11:06:25,4592.45,44300,1,4599.06,21704,30083,0.4747579718864479,0
2023-07-28 11:06:25,4592.45,44300,1,4599.06,21704,30074,0.4747579718864479,0
2023-07-28 11:06:25,4592.45,44300,1,4599.06,21714,30094,0.4747579718864479,0
2023-07-28 11:06:25,4592.45,44300,1,4599.06,21714,30090,0.4747579718864479,0
2023-07-28 11:06:25,4592.55,44300,9,4599.06,21714,30090,0.47694579664169295,0
2023-07-28 11:06:33,4592.95,44457,7,4599.04,21841,29910,0.4856970956626334,0
2023-07-28 11:06:33,4592.95,44457,7,4599.04,21836,29910,0.4856970956626334,0
2023-07-28 11:06:38,4592.95,44458,1,4599.04,21847,29910,0.4856970956626334,0
2023-07-28 11:06:38,4595.4,44481,2,4599.03,22133,29576,0.5392988021659385,0
2023-07-28 11:06:39,4595.4,44483,2,4599.03,22099,29614,0.5392988021659385,0
2023-07-28 11:06:39,4595.4,44483,2,4599.03,22091,29671,0.5392988021659385,0
2023-07-28 11:06:39,4595.4,44483,2,4599.03,22106,29656,0.5392988021659385,0
2023-07-28 11:06:42,4595.3,44493,10,4599.03,22109,29634,0.5371109774107133,0
2023-07-28 11:06:42,4595.3,44493,10,4599.03,22333,29784,0.5371109774107133,0
2023-07-28 11:06:42,4595.3,44493,10,4599.03,22333,29786,0.5371109774107133,0
2023-07-28 11:06:42,4595.3,44493,10,4599.03,22390,29788,0.5371109774107133,0
2023-07-28 11:06:42,4595.3,44493,10,4599.03,22367,29788,0.5371109774107133,0
2023-07-28 11:06:42,4595.3,44493,10,4599.03,22360,29788,0.5371109774107133,0
2023-07-28 11:06:42,4595.3,44493,10,4599.03,22348,29816,0.5371109774107133,0
2023-07-28 11:06:42,4595.3,44493,10,4599.03,22327,29791,0.5371109774107133,0
2023-07-28 11:06:53,4593.6,44497,2,4599.03,22291,29935,0.4999179565716866,0
2023-07-28 11:06:53,4593.6,44497,2,4599.03,22291,29935,0.4999179565716866,0
2023-07-28 11:06:53,4593.6,44497,2,4599.03,22303,30037,0.4999179565716866,0
2023-07-28 11:06:53,4593.6,44497,2,4599.03,22292,30037,0.4999179565716866,0
2023-07-28 11:06:57,4592.9,44527,2,4599.03,22049,30528,0.4846031832850109,0
2023-07-28 11:06:57,4592.9,44529,2,4599.03,22038,30452,0.4846031832850109,0
2023-07-28 11:06:57,4592.9,44529,2,4599.03,22035,30456,0.4846031832850109,0
2023-07-28 11:06:57,4592.9,44529,2,4599.03,22040,30360,0.4846031832850109,0
2023-07-28 11:06:57,4592.9,44529,2,4599.03,22042,30365,0.4846031832850109,0
2023-07-28 11:06:57,4592.9,44529,2,4599.03,22042,30285,0.4846031832850109,0
2023-07-28 11:06:57,4592.9,44529,2,4599.03,22040,30388,0.4846031832850109,0
2023-07-28 11:06:57,4592.9,44529,2,4599.03,22048,30287,0.4846031832850109,0
2023-07-28 11:06:57,4592.9,44529,2,4599.03,22052,30337,0.4846031832850109,0
2023-07-28 11:06:57,4592.9,44529,2,4599.03,22059,30343,0.4846031832850109,0
2023-07-28 11:06:57,4592.9,44529,2,4599.03,22051,30341,0.4846031832850109,0
2023-07-28 11:06:57,4592.9,44529,2,4599.03,22051,30349,0.4846031832850109,0
2023-07-28 11:06:57,4592.9,44529,2,4599.03,22051,30352,0.4846031832850109,0
2023-07-28 11:06:57,4592.9,44529,2,4599.03,22051,30346,0.4846031832850109,0
2023-07-28 11:06:57,4592.9,44529,2,4599.03,22051,30347,0.4846031832850109,0
2023-07-28 11:06:57,4592.9,44529,2,4599.03,22050,30344,0.4846031832850109,0
2023-07-28 11:06:57,4592.9,44529,2,4599.03,22050,30340,0.4846031832850109,0
2023-07-28 11:06:57,4592.9,44529,2,4599.03,22054,30333,0.4846031832850109,0
2023-07-28 11:06:57,4592.9,44529,2,4599.03,22060,30333,0.4846031832850109,0
2023-07-28 11:06:57,4592.9,44529,2,4599.03,22060,30344,0.4846031832850109,0
2023-07-28 11:06:57,4592.9,44529,2,4599.03,22060,30346,0.4846031832850109,0
2023-07-28 11:07:19,4592.55,44549,1,4599.02,22071,30311,0.47694579664169295,0
2023-07-28 11:07:20,4592.55,44550,1,4599.02,22055,30311,0.47694579664169295,0
2023-07-28 11:07:20,4592.55,44550,1,4599.02,22055,30317,0.47694579664169295,0
2023-07-28 11:07:20,4592.55,44550,1,4599.02,22044,30321,0.47694579664169295,0
2023-07-28 11:07:20,4592.55,44550,1,4599.02,22044,30314,0.47694579664169295,0
2023-07-28 11:07:20,4592.55,44550,1,4599.02,22054,30314,0.47694579664169295,0
2023-07-28 11:07:25,4589.95,44800,2,4598.98,21687,30392,0.42006235300552025,0
2023-07-28 11:07:25,4591.3,44813,11,4598.98,21776,30312,0.4495979872012292,0
2023-07-28 11:07:25,4591.3,44813,11,4598.98,21776,30360,0.4495979872012292,0
2023-07-28 11:07:25,4591.3,44813,11,4598.98,21776,30340,0.4495979872012292,0
2023-07-28 11:07:25,4591.3,44813,11,4598.98,21805,30305,0.4495979872012292,0
2023-07-28 11:07:25,4591.3,44813,11,4598.98,21874,30255,0.4495979872012292,0
2023-07-28 11:07:25,4591.3,44813,11,4598.98,21873,30277,0.4495979872012292,0
2023-07-28 11:07:25,4591.3,44813,11,4598.98,21796,30266,0.4495979872012292,0
2023-07-28 11:07:25,4591.3,44813,11,4598.98,21760,30280,0.4495979872012292,0
2023-07-28 11:07:25,4591.3,44813,11,4598.98,21772,30263,0.4495979872012292,0
2023-07-28 11:07:25,4591.3,44813,11,4598.98,21772,30271,0.4495979872012292,0
2023-07-28 11:07:25,4591.3,44813,11,4598.98,21772,30290,0.4495979872012292,0
2023-07-28 11:07:25,4591.3,44813,11,4598.98,21781,30299,0.4495979872012292,0
2023-07-28 11:07:25,4591.3,44813,11,4598.98,21774,30298,0.4495979872012292,0
2023-07-28 11:07:25,4591.3,44813,11,4598.98,21785,30327,0.4495979872012292,0
2023-07-28 11:07:25,4591.3,44813,11,4598.98,21785,30334,0.4495979872012292,0
2023-07-28 11:07:25,4591.3,44813,11,4598.98,21772,30334,0.4495979872012292,0
2023-07-28 11:07:25,4591.3,44813,11,4598.98,21772,30334,0.4495979872012292,0
2023-07-28 11:07:25,4591.3,44813,11,4598.98,21772,30339,0.4495979872012292,0
2023-07-28 11:08:01,4583.55,45528,7,4598.75,19950,30260,0.28004156867035346,0
2023-07-28 11:08:01,4583.85,45564,17,4598.74,20108,30193,0.28660504293606875,0
2023-07-28 11:08:01,4583.4,45564,2,4598.74,20108,30193,0.2767598315374859,0
2023-07-28 11:08:01,4583.4,45566,2,4598.74,20274,30223,0.2767598315374859,0
2023-07-28 11:08:01,4582.0,45566,1,4598.74,20274,30223,0.24613028496417436,0
2023-07-28 11:08:03,4582.0,45567,1,4598.74,20847,30212,0.24613028496417436,0
2023-07-28 11:08:04,4581.0,45712,1,4598.68,20978,30189,0.2242520374118033,0
2023-07-28 11:08:04,4583.8,45712,47,4598.68,20978,30189,0.28551113055844624,0
2023-07-28 11:08:05,4583.8,45874,47,4598.63,21261,29835,0.28551113055844624,0
2023-07-28 11:08:05,4587.45,45874,1,4598.63,21261,29835,0.36536673412459264,0
2023-07-28 11:08:05,4587.45,45888,1,4598.63,21766,29869,0.36536673412459264,0
2023-07-28 11:08:05,4587.45,45888,1,4598.63,21745,29813,0.36536673412459264,0
2023-07-28 11:08:05,4587.45,45888,1,4598.63,21754,29822,0.36536673412459264,0
2023-07-28 11:08:05,4587.45,45888,1,4598.63,21694,29843,0.36536673412459264,0
2023-07-28 11:08:05,4587.45,45888,1,4598.63,21703,29822,0.36536673412459264,0
2023-07-28 11:08:05,4587.45,45888,1,4598.63,21698,29797,0.36536673412459264,0
2023-07-28 11:08:05,4587.45,45888,1,4598.63,21672,29876,0.36536673412459264,0
2023-07-28 11:08:05,4587.45,45888,1,4598.63,21687,29888,0.36536673412459264,0
2023-07-28 11:08:05,4587.45,45888,1,4598.63,21664,29807,0.36536673412459264,0
2023-07-28 11:08:05,4587.3,45888,1,4598.63,21664,29807,0.36208499699174496,0
2023-07-28 11:08:16,4587.3,45889,1,4598.63,21644,29897,0.36208499699174496,0
2023-07-28 11:08:17,4585.1,45902,1,4598.62,21649,29913,0.3139528523765326,0
2023-07-28 11:08:17,4585.1,45903,1,4598.62,21649,29869,0.3139528523765326,0
2023-07-28 11:08:17,4585.1,45903,1,4598.62,21640,29919,0.3139528523765326,0
2023-07-28 11:08:17,4585.1,45903,1,4598.62,21640,29921,0.3139528523765326,0
2023-07-28 11:08:17,4585.1,45903,1,4598.62,21638,29921,0.3139528523765326,0
2023-07-28 11:08:17,4585.1,45903,1,4598.62,21638,29921,0.3139528523765326,0
2023-07-28 11:08:17,4585.1,45903,1,4598.62,21638,29921,0.3139528523765326,0
2023-07-28 11:08:17,4585.1,45903,1,4598.62,21638,29921,0.3139528523765326,0
2023-07-28 11:08:17,4585.1,45903,1,4598.62,21638,29921,0.3139528523765326,0
2023-07-28 11:08:17,4585.1,45903,1,4598.62,21502,29892,0.3139528523765326,0
2023-07-28 11:08:17,4585.1,45903,41,4598.62,21502,29892,0.3139528523765326,0
2023-07-28 11:08:26,4585.1,45944,41,4598.61,21626,29857,0.3139528523765326,0
2023-07-28 11:08:26,4587.3,45944,2,4598.61,21626,29857,0.36208499699174496,0
2023-07-28 11:08:27,4587.3,45946,2,4598.61,21637,29874,0.36208499699174496,0
2023-07-28 11:08:27,4587.3,45946,7,4598.61,21637,29874,0.36208499699174496,0
2023-07-28 11:08:29,4588.0,45967,1,4598.61,21685,29847,0.3773997702784007,0
2023-07-28 11:08:29,4588.0,45967,1,4598.61,21698,29873,0.3773997702784007,0
2023-07-28 11:08:29,4588.0,45967,1,4598.61,21688,29781,0.3773997702784007,0
2023-07-28 11:08:29,4588.0,45967,1,4598.61,21688,29783,0.3773997702784007,0
2023-07-28 11:08:29,4588.0,45967,1,4598.61,21675,29795,0.3773997702784007,0
2023-07-28 11:08:34,4587.05,45968,1,4598.61,21648,29792,0.3566154351036522,0
2023-07-28 11:08:34,4587.05,45968,1,4598.61,21656,29792,0.3566154351036522,0
2023-07-28 11:08:34,4587.05,45968,1,4598.61,21657,29792,0.3566154351036522,0
2023-07-28 11:08:34,4587.05,45968,1,4598.61,21641,29792,0.3566154351036522,0
2023-07-28 11:08:34,4587.05,45968,1,4598.61,21650,29807,0.3566154351036522,0
2023-07-28 11:08:34,4587.05,45968,1,4598.61,21624,29826,0.3566154351036522,0
2023-07-28 11:08:34,4587.05,45968,1,4598.61,21745,29866,0.3566154351036522,0
2023-07-28 11:08:34,4587.05,45968,1,4598.61,21761,29848,0.3566154351036522,0
2023-07-28 11:08:34,4587.05,45968,1,4598.61,21753,29863,0.3566154351036522,0
2023-07-28 11:08:34,4587.05,45968,1,4598.61,21753,29873,0.3566154351036522,0
2023-07-28 11:08:34,4587.05,45968,1,4598.61,21901,29966,0.3566154351036522,0
2023-07-28 11:08:34,4589.4,45968,1,4598.61,21901,29966,0.40802931685171223,0
2023-07-28 11:08:46,4589.4,45969,1,4598.61,21908,30051,0.40802931685171223,0
2023-07-28 11:08:47,4592.0,45979,1,4598.6,21910,30066,0.46491276048788494,0
2023-07-28 11:08:48,4592.0,45980,1,4598.6,21911,30062,0.46491276048788494,0
2023-07-28 11:08:48,4592.0,45980,1,4598.6,21910,30037,0.46491276048788494,0
2023-07-28 11:08:48,4592.0,45980,1,4598.6,21909,30038,0.46491276048788494,0
2023-07-28 11:08:48,4592.0,45980,1,4598.6,21918,30021,0.46491276048788494,0
2023-07-28 11:08:48,4592.0,45980,1,4598.6,21918,30021,0.46491276048788494,0
2023-07-28 11:08:48,4592.0,45980,1,4598.6,21951,30031,0.46491276048788494,0
2023-07-28 11:08:48,4592.0,45980,1,4598.6,21951,30027,0.46491276048788494,0
2023-07-28 11:08:48,4592.0,45980,1,4598.6,21940,30023,0.46491276048788494,0
2023-07-28 11:08:56,4592.0,45981,1,4598.6,21940,30052,0.46491276048788494,0
2023-07-28 11:08:56,4592.0,45981,1,4598.6,21940,30058,0.46491276048788494,0
2023-07-28 11:08:56,4592.0,45981,1,4598.6,21940,30058,0.46491276048788494,0
2023-07-28 11:08:56,4592.0,45981,1,4598.6,21953,30046,0.46491276048788494,0
2023-07-28 11:08:56,4592.0,45981,1,4598.6,21938,30058,0.46491276048788494,0
2023-07-28 11:08:56,4592.0,45981,1,4598.6,21922,30058,0.46491276048788494,0
2023-07-28 11:08:56,4592.0,45981,1,4598.6,21922,30058,0.46491276048788494,0
2023-07-28 11:08:56,4592.0,45981,1,4598.6,21922,30071,0.46491276048788494,0
2023-07-28 11:08:56,4592.0,45981,1,4598.6,21943,30068,0.46491276048788494,0
2023-07-28 11:08:56,4592.0,45981,1,4598.6,21943,30056,0.46491276048788494,0
2023-07-28 11:08:56,4591.95,45981,1,4598.6,21943,30056,0.46381884811026236,0
2023-07-28 11:09:07,4591.95,45982,1,4598.6,21955,30048,0.46381884811026236,0
2023-07-28 11:09:07,4591.95,45982,1,4598.6,21955,30051,0.46381884811026236,0
2023-07-28 11:09:07,4591.95,45982,1,4598.6,21944,30051,0.46381884811026236,0
2023-07-28 11:09:07,4591.95,45982,1,4598.6,21990,30052,0.46381884811026236,0
2023-07-28 11:09:07,4591.95,45982,1,4598.6,21990,30061,0.46381884811026236,0
2023-07-28 11:09:07,4591.95,45982,1,4598.6,21989,30072,0.46381884811026236,0
2023-07-28 11:09:07,4591.95,45982,1,4598.6,22091,30004,0.46381884811026236,0
2023-07-28 11:09:07,4591.95,45982,1,4598.6,22102,30024,0.46381884811026236,0
2023-07-28 11:09:07,4591.95,45982,1,4598.6,22070,30069,0.46381884811026236,0
2023-07-28 11:09:07,4591.95,45982,1,4598.6,22044,30069,0.46381884811026236,0
2023-07-28 11:09:07,4591.95,45982,1,4598.6,22044,30069,0.46381884811026236,0
2023-07-28 11:09:07,4591.95,45982,1,4598.6,22052,30069,0.46381884811026236,0
2023-07-28 11:09:07,4591.95,45982,1,4598.6,22055,30069,0.46381884811026236,0
2023-07-28 11:09:07,4591.95,45982,1,4598.6,22155,30069,0.46381884811026236,0
2023-07-28 11:09:07,4591.95,45982,1,4598.6,22155,30069,0.46381884811026236,0
2023-07-28 11:09:07,4591.95,45982,1,4598.6,22099,30069,0.46381884811026236,0
2023-07-28 11:09:07,4591.95,45982,1,4598.6,22099,30069,0.46381884811026236,0
2023-07-28 11:09:27,4592.05,45983,1,4598.6,22110,30059,0.46600667286550745,0
2023-07-28 11:09:27,4592.05,45983,1,4598.6,22109,30062,0.46600667286550745,0
2023-07-28 11:09:29,4590.05,45987,3,4598.6,22101,30051,0.42225017776076534,0
2023-07-28 11:09:29,4590.05,45987,3,4598.6,22112,30018,0.42225017776076534,0
2023-07-28 11:09:29,4590.05,45987,3,4598.6,22112,30018,0.42225017776076534,0
2023-07-28 11:09:29,4590.1,45987,105,4598.6,22112,30018,0.42334409013838786,0
2023-07-28 11:09:32,4593.55,46137,1,4598.57,22262,29742,0.498824044194064,0
2023-07-28 11:09:33,4593.55,46145,1,4598.57,22251,29799,0.498824044194064,0
2023-07-28 11:09:33,4593.55,46145,1,4598.57,22251,29838,0.498824044194064,0
2023-07-28 11:09:33,4593.55,46145,1,4598.57,22254,29838,0.498824044194064,0
2023-07-28 11:09:33,4593.55,46145,1,4598.57,22254,29838,0.498824044194064,0
2023-07-28 11:09:33,4593.55,46145,1,4598.57,22254,29838,0.498824044194064,0
2023-07-28 11:09:33,4593.55,46145,1,4598.57,22254,29848,0.498824044194064,0
2023-07-28 11:09:33,4593.55,46145,1,4598.57,22253,29910,0.498824044194064,0
2023-07-28 11:09:33,4593.55,46145,1,4598.57,22253,29901,0.498824044194064,0
2023-07-28 11:09:33,4593.55,46145,1,4598.57,22184,29979,0.498824044194064,0
2023-07-28 11:09:33,4593.55,46145,1,4598.57,22035,29972,0.498824044194064,0
2023-07-28 11:09:33,4593.55,46145,1,4598.57,22170,29948,0.498824044194064,0
2023-07-28 11:09:33,4593.55,46145,1,4598.57,22185,29913,0.498824044194064,0
2023-07-28 11:09:33,4593.55,46145,1,4598.57,22191,29916,0.498824044194064,0
2023-07-28 11:09:33,4593.55,46145,1,4598.57,22191,29916,0.498824044194064,0
2023-07-28 11:09:33,4593.55,46145,1,4598.57,22209,29907,0.498824044194064,0
2023-07-28 11:09:33,4593.55,46145,1,4598.57,22201,29923,0.498824044194064,0
2023-07-28 11:09:33,4593.55,46145,1,4598.57,22212,29923,0.498824044194064,0
2023-07-28 11:09:33,4593.55,46145,1,4598.57,22197,29923,0.498824044194064,0
2023-07-28 11:09:33,4593.55,46145,1,4598.57,22196,29969,0.498824044194064,0
2023-07-28 11:09:33,4593.55,46145,1,4598.57,22207,29963,0.498824044194064,0
2023-07-28 11:09:33,4593.55,46145,1,4598.57,22207,29963,0.498824044194064,0
2023-07-28 11:09:33,4593.55,46145,1,4598.57,22187,30033,0.498824044194064,0
2023-07-28 11:09:33,4593.55,46145,1,4598.57,22176,30033,0.498824044194064,0
2023-07-28 11:09:33,4593.55,46145,1,4598.57,22177,30052,0.498824044194064,0
2023-07-28 11:09:33,4592.75,46145,8,4598.57,22175,30052,0.4813214461521632,0
2023-07-28 11:10:04,4593.7,46154,1,4598.57,22215,30010,0.5021057813269117,0
2023-07-28 11:10:04,4593.7,46154,1,4598.57,22215,30010,0.5021057813269117,0
2023-07-28 11:10:09,4590.9,46156,3,4598.57,22217,29970,0.4408466881802688,0
2023-07-28 11:10:09,4589.8,46156,2,4598.57,22217,29970,0.41678061587267257,0
2023-07-28 11:10:09,4592.2,46156,4,4598.57,22217,29970,0.46928840999835514,0
2023-07-28 11:10:13,4592.0,46264,6,4598.56,22042,30183,0.46491276048788494,0
2023-07-28 11:10:13,4592.0,46264,1,4598.56,22042,30183,0.46491276048788494,0
2023-07-28 11:10:18,4592.0,46285,1,4598.55,21987,30177,0.46491276048788494,0
2023-07-28 11:10:18,4592.0,46285,1,4598.55,21987,30177,0.46491276048788494,0
2023-07-28 11:10:19,4592.0,46287,1,4598.55,22007,30193,0.46491276048788494,0
2023-07-28 11:10:19,4592.0,46287,1,4598.55,22046,30166,0.46491276048788494,0
2023-07-28 11:10:19,4592.0,46287,1,4598.55,22062,30165,0.46491276048788494,0
2023-07-28 11:10:19,4592.0,46287,1,4598.55,21957,30268,0.46491276048788494,0
2023-07-28 11:10:19,4592.0,46287,1,4598.55,21989,30256,0.46491276048788494,0
2023-07-28 11:10:19,4592.0,46287,1,4598.55,22009,30196,0.46491276048788494,0
2023-07-28 11:10:19,4592.0,46287,1,4598.55,22056,30192,0.46491276048788494,0
2023-07-28 11:10:19,4592.0,46287,1,4598.55,22031,30208,0.46491276048788494,0
2023-07-28 11:10:19,4592.0,46287,1,4598.55,22026,30206,0.46491276048788494,0
2023-07-28 11:10:19,4592.0,46287,1,4598.55,22047,30200,0.46491276048788494,0
2023-07-28 11:10:19,4592.0,46287,1,4598.55,22055,30262,0.46491276048788494,0
2023-07-28 11:10:19,4592.0,46287,1,4598.55,22055,30262,0.46491276048788494,0
2023-07-28 11:10:19,4592.0,46287,1,4598.55,22055,30262,0.46491276048788494,0
2023-07-28 11:10:19,4592.0,46287,1,4598.55,22055,30262,0.46491276048788494,0
2023-07-28 11:10:19,4592.0,46287,1,4598.55,22042,30262,0.46491276048788494,0
2023-07-28 11:10:19,4592.0,46287,1,4598.55,22042,30262,0.46491276048788494,0
2023-07-28 11:10:19,4592.0,46287,1,4598.55,22042,30262,0.46491276048788494,0
2023-07-28 11:10:19,4592.0,46287,1,4598.55,22042,30305,0.46491276048788494,0
2023-07-28 11:10:19,4592.0,46287,1,4598.55,22040,30262,0.46491276048788494,0
2023-07-28 11:10:19,4592.0,46287,1,4598.55,22040,30305,0.46491276048788494,0
2023-07-28 11:10:19,4592.0,46287,1,4598.55,22042,30257,0.46491276048788494,0
2023-07-28 11:10:19,4592.0,46287,1,4598.55,22044,30300,0.46491276048788494,0
2023-07-28 11:10:19,4592.0,46287,1,4598.55,22045,30257,0.46491276048788494,0
2023-07-28 11:10:19,4592.0,46287,1,4598.55,22039,30343,0.46491276048788494,0
2023-07-28 11:10:19,4592.0,46287,1,4598.55,22039,30247,0.46491276048788494,0
2023-07-28 11:10:19,4592.0,46287,1,4598.55,22039,30247,0.46491276048788494,0
2023-07-28 11:10:19,4592.0,46287,1,4598.55,22059,30247,0.46491276048788494,0
2023-07-28 11:10:19,4592.0,46287,1,4598.55,22059,30247,0.46491276048788494,0
2023-07-28 11:10:19,4592.0,46287,1,4598.55,22059,30247,0.46491276048788494,0
2023-07-28 11:10:19,4592.0,46287,1,4598.55,22059,30247,0.46491276048788494,0
2023-07-28 11:10:19,4592.0,46287,1,4598.55,22050,30251,0.46491276048788494,0
2023-07-28 11:10:19,4592.0,46287,1,4598.55,22050,30251,0.46491276048788494,0
2023-07-28 11:10:19,4592.0,46287,1,4598.55,22050,30294,0.46491276048788494,0
2023-07-28 11:10:19,4592.0,46287,1,4598.55,22050,30294,0.46491276048788494,0
2023-07-28 11:10:19,4592.0,46287,1,4598.55,22050,30251,0.46491276048788494,0
2023-07-28 11:10:19,4592.0,46287,1,4598.55,22050,30251,0.46491276048788494,0
2023-07-28 11:10:19,4592.0,46287,1,4598.55,22050,30251,0.46491276048788494,0
2023-07-28 11:10:19,4592.0,46287,1,4598.55,22063,30204,0.46491276048788494,0
2023-07-28 11:10:19,4592.0,46287,1,4598.55,22063,30204,0.46491276048788494,0
2023-07-28 11:10:19,4592.0,46287,1,4598.55,22063,30247,0.46491276048788494,0
2023-07-28 11:10:19,4592.0,46287,1,4598.55,22063,30235,0.46491276048788494,0
2023-07-28 11:10:19,4592.0,46287,1,4598.55,22063,30278,0.46491276048788494,0
2023-07-28 11:10:19,4592.0,46287,1,4598.55,22064,30322,0.46491276048788494,0
2023-07-28 11:10:19,4592.0,46287,1,4598.55,22075,30365,0.46491276048788494,0
2023-07-28 11:10:19,4592.0,46287,1,4598.55,22065,30277,0.46491276048788494,0
2023-07-28 11:10:19,4592.0,46287,1,4598.55,22065,30233,0.46491276048788494,0
2023-07-28 11:10:19,4592.0,46287,1,4598.55,22065,30276,0.46491276048788494,0
2023-07-28 11:10:19,4592.0,46287,1,4598.55,22065,30251,0.46491276048788494,0
2023-07-28 11:10:19,4592.0,46287,1,4598.55,22065,30208,0.46491276048788494,0
2023-07-28 11:10:19,4592.0,46287,1,4598.55,22065,30208,0.46491276048788494,0
2023-07-28 11:10:19,4592.0,46287,1,4598.55,22065,30208,0.46491276048788494,0
2023-07-28 11:10:19,4592.0,46287,1,4598.55,22064,30203,0.46491276048788494,0
2023-07-28 11:10:19,4592.0,46287,1,4598.55,22065,30208,0.46491276048788494,0
2023-07-28 11:10:19,4592.0,46287,1,4598.55,22065,30211,0.46491276048788494,0
2023-07-28 11:10:19,4592.0,46287,1,4598.55,22065,30212,0.46491276048788494,0
2023-07-28 11:10:19,4592.0,46287,1,4598.55,22067,30255,0.46491276048788494,0
2023-07-28 11:10:19,4592.0,46287,1,4598.55,22067,30212,0.46491276048788494,0
2023-07-28 11:10:19,4592.0,46287,1,4598.55,22067,30212,0.46491276048788494,0
2023-07-28 11:10:19,4592.0,46287,1,4598.55,22067,30211,0.46491276048788494,0
2023-07-28 11:10:19,4592.0,46287,1,4598.55,22067,30254,0.46491276048788494,0
2023-07-28 11:10:19,4592.0,46287,1,4598.55,22067,30254,0.46491276048788494,0
2023-07-28 11:10:19,4592.0,46287,1,4598.55,22067,30254,0.46491276048788494,0
2023-07-28 11:10:19,4591.5,46287,4,4598.55,22067,30254,0.4539736367116994,0
2023-07-28 11:11:58,4591.95,46331,2,4598.55,22011,30241,0.46381884811026236,0
2023-07-28 11:11:59,4591.95,46333,2,4598.54,22012,30264,0.46381884811026236,0
2023-07-28 11:11:59,4591.95,46333,2,4598.54,22011,30263,0.46381884811026236,0
2023-07-28 11:11:59,4591.95,46333,2,4598.54,22028,30251,0.46381884811026236,0
2023-07-28 11:11:59,4591.95,46333,2,4598.54,22028,30246,0.46381884811026236,0
2023-07-28 11:11:59,4591.95,46333,2,4598.54,22028,30246,0.46381884811026236,0
2023-07-28 11:11:59,4591.95,46333,2,4598.54,22050,30246,0.46381884811026236,0
2023-07-28 11:11:59,4591.95,46333,2,4598.54,22050,30246,0.46381884811026236,0
2023-07-28 11:11:59,4591.95,46333,2,4598.54,22050,30246,0.46381884811026236,0
2023-07-28 11:11:59,4591.95,46333,2,4598.54,22053,30245,0.46381884811026236,0
2023-07-28 11:11:59,4591.95,46333,1,4598.54,22053,30245,0.46381884811026236,0
2023-07-28 11:12:08,4591.95,46334,1,4598.54,22052,30244,0.46381884811026236,0
2023-07-28 11:12:08,4591.95,46334,1,4598.54,22055,30244,0.46381884811026236,0
2023-07-28 11:12:10,4591.9,46335,1,4598.54,22055,30249,0.46272493573263984,0
2023-07-28 11:12:10,4591.9,46335,1,4598.54,22055,30249,0.46272493573263984,0
2023-07-28 11:12:10,4591.9,46335,1,4598.54,22055,30249,0.46272493573263984,0
2023-07-28 11:12:10,4591.9,46335,1,4598.54,22055,30245,0.46272493573263984,0
2023-07-28 11:12:10,4591.9,46335,1,4598.54,22055,30245,0.46272493573263984,0
2023-07-28 11:12:10,4591.9,46335,1,4598.54,22055,30201,0.46272493573263984,0
2023-07-28 11:12:10,4591.3,46335,1,4598.54,22055,30201,0.4495979872012292,0
2023-07-28 11:12:17,4591.3,46337,1,4598.54,22052,30243,0.4495979872012292,0
2023-07-28 11:12:17,4591.3,46337,1,4598.54,22030,30258,0.4495979872012292,0
2023-07-28 11:12:17,4591.3,46337,1,4598.54,22045,30150,0.4495979872012292,0
2023-07-28 11:12:17,4591.3,46337,1,4598.54,22021,30179,0.4495979872012292,0
2023-07-28 11:12:17,4591.3,46337,1,4598.54,22031,30179,0.4495979872012292,0
2023-07-28 11:12:17,4591.3,46337,1,4598.54,22033,30176,0.4495979872012292,0
2023-07-28 11:12:17,4591.3,46337,1,4598.54,21983,30319,0.4495979872012292,0
2023-07-28 11:12:17,4591.3,46337,1,4598.54,21957,30328,0.4495979872012292,0
2023-07-28 11:12:17,4591.3,46337,1,4598.54,21957,30322,0.4495979872012292,0
2023-07-28 11:12:17,4591.3,46337,1,4598.54,21957,30327,0.4495979872012292,0
2023-07-28 11:12:17,4591.3,46337,1,4598.54,21967,30326,0.4495979872012292,0
2023-07-28 11:12:17,4591.3,46337,1,4598.54,21968,30329,0.4495979872012292,0
2023-07-28 11:12:17,4591.3,46337,1,4598.54,21969,30329,0.4495979872012292,0
2023-07-28 11:12:17,4591.3,46337,1,4598.54,21971,30331,0.4495979872012292,0
2023-07-28 11:12:17,4589.8,46337,7,4598.54,21971,30331,0.41678061587267257,0
2023-07-28 11:12:31,4591.1,46352,1,4598.54,21966,30323,0.4452223376907589,0
2023-07-28 11:12:32,4591.1,46353,1,4598.54,21997,30322,0.4452223376907589,0
2023-07-28 11:12:32,4591.1,46353,1,4598.54,21997,30365,0.4452223376907589,0
2023-07-28 11:12:32,4591.1,46353,1,4598.54,21999,30365,0.4452223376907589,0
2023-07-28 11:12:32,4591.1,46353,1,4598.54,21999,30358,0.4452223376907589,0
2023-07-28 11:12:32,4591.1,46353,1,4598.54,22008,30358,0.4452223376907589,0
2023-07-28 11:12:32,4591.1,46353,1,4598.54,22018,30363,0.4452223376907589,0
2023-07-28 11:12:32,4591.1,46353,1,4598.54,22007,30358,0.4452223376907589,0
2023-07-28 11:12:32,4591.1,46353,1,4598.54,22107,30358,0.4452223376907589,0
2023-07-28 11:12:32,4591.1,46353,1,4598.54,22139,30344,0.4452223376907589,0
2023-07-28 11:12:32,4591.1,46353,1,4598.54,22139,30345,0.4452223376907589,0
2023-07-28 11:12:32,4591.1,46353,1,4598.54,22139,30351,0.4452223376907589,0
2023-07-28 11:12:32,4591.1,46353,1,4598.54,22139,30351,0.4452223376907589,0
2023-07-28 11:12:32,4591.1,46353,1,4598.54,22142,30351,0.4452223376907589,0
2023-07-28 11:12:32,4591.1,46353,1,4598.54,22150,30351,0.4452223376907589,0
2023-07-28 11:12:32,4591.1,46353,1,4598.54,22150,30345,0.4452223376907589,0
2023-07-28 11:12:32,4591.1,46353,1,4598.54,22151,30342,0.4452223376907589,0
2023-07-28 11:12:32,4591.1,46353,1,4598.54,22173,30283,0.4452223376907589,0
2023-07-28 11:12:32,4591.1,46353,1,4598.54,22173,30283,0.4452223376907589,0
2023-07-28 11:12:32,4591.1,46353,1,4598.54,22173,30292,0.4452223376907589,0
2023-07-28 11:12:32,4591.1,46353,1,4598.54,22162,30298,0.4452223376907589,0
2023-07-28 11:12:32,4591.1,46353,1,4598.54,22164,30310,0.4452223376907589,0
2023-07-28 11:12:32,4591.1,46353,1,4598.54,22099,30300,0.4452223376907589,0
2023-07-28 11:12:32,4591.1,46353,1,4598.54,22110,30305,0.4452223376907589,0
2023-07-28 11:12:32,4591.1,46353,1,4598.54,22108,30319,0.4452223376907589,0
2023-07-28 11:12:32,4591.1,46353,1,4598.54,22140,30322,0.4452223376907589,0
2023-07-28 11:12:32,4591.1,46353,1,4598.54,22140,30321,0.4452223376907589,0
2023-07-28 11:12:32,4591.05,46353,1,4598.54,22140,30321,0.4441284253131364,0
2023-07-28 11:13:08,4591.05,46354,1,4598.54,22131,30287,0.4441284253131364,0
2023-07-28 11:13:08,4591.2,46354,9,4598.54,22131,30287,0.4474101624459841,0
2023-07-28 11:13:10,4591.2,46370,9,4598.54,22258,30195,0.4474101624459841,0
2023-07-28 11:13:10,4591.2,46370,1,4598.54,22258,30195,0.4474101624459841,0
2023-07-28 11:13:10,4591.2,46370,28,4598.54,22258,30195,0.4474101624459841,0
2023-07-28 11:13:14,4591.2,46402,28,4598.53,22312,30174,0.4474101624459841,0
2023-07-28 11:13:17,4592.0,46434,4,4598.53,22611,30135,0.46491276048788494,0
2023-07-28 11:13:17,4595.0,46434,1,4598.53,22611,30135,0.5305475031449981,0
2023-07-28 11:13:22,4595.0,46435,1,4598.53,22468,29971,0.5305475031449981,0
2023-07-28 11:13:22,4592.0,46435,2,4598.53,22468,29971,0.46491276048788494,0
2023-07-28 11:13:30,4592.0,46437,2,4598.53,22322,30467,0.46491276048788494,0
2023-07-28 11:13:30,4592.0,46437,2,4598.53,22341,30469,0.46491276048788494,0
2023-07-28 11:13:30,4592.0,46437,1,4598.53,22341,30469,0.46491276048788494,0
2023-07-28 11:13:39,4592.0,46438,1,4598.53,22343,30472,0.46491276048788494,0
2023-07-28 11:13:39,4592.0,46438,1,4598.53,22342,30472,0.46491276048788494,0
2023-07-28 11:13:39,4592.0,46438,1,4598.53,22340,30623,0.46491276048788494,0
2023-07-28 11:13:39,4592.0,46438,1,4598.53,22340,30623,0.46491276048788494,0
2023-07-28 11:13:39,4592.0,46438,9,4598.53,22340,30623,0.46491276048788494,0
2023-07-28 11:13:39,4592.0,46438,11,4598.53,22340,30623,0.46491276048788494,0
2023-07-28 11:13:57,4592.0,46463,1,4598.53,22094,30536,0.46491276048788494,0
2023-07-28 11:13:57,4592.0,46463,16,4598.53,22094,30536,0.46491276048788494,0
2023-07-28 11:13:57,4592.0,46463,15,4598.53,22094,30536,0.46491276048788494,0
2023-07-28 11:13:57,4592.0,46463,3,4598.53,22094,30536,0.46491276048788494,0
2023-07-28 11:14:01,4592.0,46498,3,4598.52,22114,30523,0.46491276048788494,0
2023-07-28 11:14:01,4592.0,46498,1,4598.52,22114,30523,0.46491276048788494,0
2023-07-28 11:14:01,4592.0,46498,32,4598.52,22114,30523,0.46491276048788494,0
2023-07-28 11:14:01,4592.0,46498,26,4598.52,22114,30523,0.46491276048788494,0
2023-07-28 11:14:05,4594.35,46991,2,4598.45,22464,30076,0.5163266422359648,0
2023-07-28 11:14:05,4597.0,46991,2,4598.45,22464,30076,0.5743039982497402,0
2023-07-28 11:14:07,4597.0,47016,1,4598.45,22431,30090,0.5743039982497402,0
2023-07-28 11:14:07,4597.0,47016,1,4598.45,22431,30090,0.5743039982497402,0
2023-07-28 11:14:07,4597.0,47017,1,4598.45,22403,30088,0.5743039982497402,0
2023-07-28 11:14:07,4597.0,47017,1,4598.45,22408,30088,0.5743039982497402,0
2023-07-28 11:14:07,4597.0,47017,1,4598.45,22408,30083,0.5743039982497402,0
2023-07-28 11:14:07,4597.0,47017,1,4598.45,22525,30083,0.5743039982497402,0
2023-07-28 11:14:07,4597.0,47017,1,4598.45,22512,30073,0.5743039982497402,0
2023-07-28 11:14:07,4597.0,47017,1,4598.45,22512,30073,0.5743039982497402,0
2023-07-28 11:14:07,4597.0,47017,1,4598.45,22615,30061,0.5743039982497402,0
2023-07-28 11:14:07,4597.0,47017,1,4598.45,22611,30082,0.5743039982497402,0
2023-07-28 11:14:07,4597.0,47017,1,4598.45,22611,30083,0.5743039982497402,0
2023-07-28 11:14:07,4595.6,47017,1,4598.45,22611,30083,0.5436744516764287,0
2023-07-28 11:14:18,4595.6,47018,1,4598.45,22576,30115,0.5436744516764287,0
2023-07-28 11:14:18,4595.6,47018,1,4598.45,22571,30112,0.5436744516764287,0
2023-07-28 11:14:18,4595.6,47018,1,4598.45,22573,30102,0.5436744516764287,0
2023-07-28 11:14:18,4595.6,47018,1,4598.45,22573,30102,0.5436744516764287,0
2023-07-28 11:14:18,4595.6,47018,1,4598.45,22553,30124,0.5436744516764287,0
2023-07-28 11:14:18,4595.2,47018,10,4598.45,22553,30124,0.5349231526554683,0
2023-07-28 11:14:25,4593.95,47062,2,4598.45,22145,30253,0.5075753432150045,0
2023-07-28 11:14:25,4593.95,47064,2,4598.45,22088,30245,0.5075753432150045,0
2023-07-28 11:14:25,4593.95,47064,2,4598.45,22088,30245,0.5075753432150045,0
2023-07-28 11:14:25,4593.95,47064,2,4598.45,22112,30213,0.5075753432150045,0
2023-07-28 11:14:25,4593.95,47064,2,4598.45,22112,30213,0.5075753432150045,0
2023-07-28 11:14:25,4593.95,47064,2,4598.45,22113,30213,0.5075753432150045,0
2023-07-28 11:14:25,4593.95,47064,2,4598.45,22396,30068,0.5075753432150045,0
2023-07-28 11:14:25,4593.95,47064,2,4598.45,22137,30166,0.5075753432150045,0
2023-07-28 11:14:25,4593.95,47064,2,4598.45,22143,30182,0.5075753432150045,0
2023-07-28 11:14:25,4593.95,47064,2,4598.45,22144,30182,0.5075753432150045,0
2023-07-28 11:14:25,4593.95,47064,2,4598.45,22148,30170,0.5075753432150045,0
2023-07-28 11:14:25,4593.95,47064,2,4598.45,22148,30170,0.5075753432150045,0
2023-07-28 11:14:25,4593.95,47064,2,4598.45,22139,30178,0.5075753432150045,0
2023-07-28 11:14:25,4593.95,47064,2,4598.45,22121,30178,0.5075753432150045,0
2023-07-28 11:14:25,4593.95,47064,2,4598.45,22205,30126,0.5075753432150045,0
2023-07-28 11:14:25,4593.95,47064,2,4598.45,22217,30125,0.5075753432150045,0
2023-07-28 11:14:25,4593.95,47064,2,4598.45,22342,30126,0.5075753432150045,0
2023-07-28 11:14:25,4593.95,47064,2,4598.45,22342,30126,0.5075753432150045,0
2023-07-28 11:14:25,4593.95,47064,2,4598.45,22342,30123,0.5075753432150045,0
2023-07-28 11:14:25,4593.95,47064,2,4598.45,22349,30130,0.5075753432150045,0
2023-07-28 11:14:25,4593.95,47064,2,4598.45,22349,30133,0.5075753432150045,0
2023-07-28 11:14:25,4593.95,47064,2,4598.45,22358,30108,0.5075753432150045,0
2023-07-28 11:14:25,4593.95,47064,2,4598.45,22362,30108,0.5075753432150045,0
2023-07-28 11:14:25,4593.95,47064,2,4598.45,22360,30117,0.5075753432150045,0
2023-07-28 11:14:25,4593.95,47064,2,4598.45,22360,30117,0.5075753432150045,0
2023-07-28 11:14:25,4592.8,47064,1,4598.45,22360,30117,0.48241535852978573,0
2023-07-28 11:14:51,4592.8,47069,1,4598.45,22336,30140,0.48241535852978573,0
2023-07-28 11:14:51,4592.8,47069,1,4598.45,22336,30140,0.48241535852978573,0
2023-07-28 11:14:51,4594.4,47069,1,4598.45,22336,30140,0.5174205546135675,0
2023-07-28 11:14:53,4594.4,47070,1,4598.45,22336,30132,0.5174205546135675,0
2023-07-28 11:14:53,4592.8,47070,1,4598.45,22336,30132,0.48241535852978573,0
2023-07-28 11:14:54,4592.8,47071,1,4598.45,22335,30132,0.48241535852978573,0
2023-07-28 11:14:54,4592.8,47071,1,4598.45,22335,30133,0.48241535852978573,0
2023-07-28 11:14:54,4592.8,47071,1,4598.45,22335,30136,0.48241535852978573,0
2023-07-28 11:14:54,4592.8,47071,1,4598.45,22335,30136,0.48241535852978573,0
2023-07-28 11:14:54,4592.8,47071,1,4598.45,22336,30145,0.48241535852978573,0
2023-07-28 11:14:54,4592.8,47071,1,4598.45,22330,30149,0.48241535852978573,0
2023-07-28 11:14:54,4592.8,47071,1,4598.45,22330,30150,0.48241535852978573,0
2023-07-28 11:14:54,4592.8,47071,1,4598.45,22321,30158,0.48241535852978573,0
2023-07-28 11:14:54,4592.8,47071,1,4598.45,22313,30150,0.48241535852978573,0
2023-07-28 11:14:54,4592.8,47071,1,4598.45,22315,30154,0.48241535852978573,0
2023-07-28 11:14:54,4592.8,47071,1,4598.45,22284,30143,0.48241535852978573,0
2023-07-28 11:14:54,4592.8,47071,1,4598.45,22284,30143,0.48241535852978573,0
2023-07-28 11:14:54,4592.8,47071,1,4598.45,22284,30143,0.48241535852978573,0
2023-07-28 11:15:11,4594.45,47382,4,4598.42,22211,29899,0.51851446699119,0
2023-07-28 11:15:11,4594.65,47397,3,4598.42,22350,29930,0.5228901165016603,0
2023-07-28 11:15:11,4594.95,47397,1,4598.42,22350,29930,0.5294535907673755,0
2023-07-28 11:15:12,4594.95,47398,1,4598.42,22339,30120,0.5294535907673755,0
2023-07-28 11:15:12,4594.95,47398,1,4598.42,22316,30107,0.5294535907673755,0
2023-07-28 11:15:12,4594.95,47398,1,4598.42,22316,30096,0.5294535907673755,0
2023-07-28 11:15:12,4594.95,47398,1,4598.42,22317,30096,0.5294535907673755,0
2023-07-28 11:15:12,4594.95,47398,1,4598.42,22306,30096,0.5294535907673755,0
2023-07-28 11:15:12,4594.95,47398,1,4598.42,22308,30091,0.5294535907673755,0
2023-07-28 11:15:12,4595.75,47398,10,4598.42,22384,30059,0.5469561888092763,0
2023-07-28 11:15:19,4595.75,47445,3,4598.42,22356,30060,0.5469561888092763,0
2023-07-28 11:15:20,4595.75,47448,3,4598.41,22332,30051,0.5469561888092763,0
2023-07-28 11:15:24,4596.2,47548,3,4598.41,22463,30015,0.5568014002078394,0
2023-07-28 11:15:24,4596.2,47553,3,4598.41,22422,30139,0.5568014002078394,0
2023-07-28 11:15:24,4596.2,47553,3,4598.41,22428,30151,0.5568014002078394,0
2023-07-28 11:15:24,4596.2,47553,3,4598.41,22436,30159,0.5568014002078394,0
2023-07-28 11:15:24,4596.2,47553,3,4598.41,22436,30159,0.5568014002078394,0
2023-07-28 11:15:24,4596.2,47553,3,4598.41,22439,30159,0.5568014002078394,0
2023-07-28 11:15:24,4596.2,47553,3,4598.41,22468,30157,0.5568014002078394,0
2023-07-28 11:15:24,4596.2,47553,3,4598.41,22107,30322,0.5568014002078394,0
2023-07-28 11:15:24,4596.2,47553,3,4598.41,22133,30307,0.5568014002078394,0
2023-07-28 11:15:24,4596.2,47553,3,4598.41,22116,30209,0.5568014002078394,0
2023-07-28 11:15:24,4596.2,47553,3,4598.41,22129,30214,0.5568014002078394,0
2023-07-28 11:15:24,4596.2,47553,3,4598.41,22129,30213,0.5568014002078394,0
2023-07-28 11:15:24,4596.2,47553,3,4598.41,22183,30214,0.5568014002078394,0
2023-07-28 11:15:24,4596.2,47553,3,4598.41,22172,30201,0.5568014002078394,0
2023-07-28 11:15:24,4596.2,47553,3,4598.41,22174,30212,0.5568014002078394,0
2023-07-28 11:15:24,4596.2,47553,3,4598.41,22172,30204,0.5568014002078394,0
2023-07-28 11:15:24,4596.2,47553,3,4598.41,22173,30224,0.5568014002078394,0
2023-07-28 11:15:24,4596.2,47553,3,4598.41,22183,30218,0.5568014002078394,0
2023-07-28 11:15:24,4596.2,47553,3,4598.41,22177,30207,0.5568014002078394,0
2023-07-28 11:15:24,4596.2,47553,3,4598.41,22188,30207,0.5568014002078394,0
2023-07-28 11:15:24,4596.2,47553,3,4598.41,22191,30217,0.5568014002078394,0
2023-07-28 11:15:24,4596.2,47553,3,4598.41,22191,30217,0.5568014002078394,0
2023-07-28 11:15:24,4596.2,47553,3,4598.41,22187,30217,0.5568014002078394,0
2023-07-28 11:15:24,4592.1,47553,3,4598.41,22187,30217,0.46710058524313,0
2023-07-28 11:15:48,4594.2,47603,1,4598.4,22095,30260,0.5130449051030973,0
2023-07-28 11:15:48,4594.2,47605,1,4598.4,22119,30258,0.5130449051030973,0
2023-07-28 11:15:50,4594.2,47606,1,4598.4,22119,30251,0.5130449051030973,0
2023-07-28 11:15:50,4594.2,47606,1,4598.4,22100,30244,0.5130449051030973,0
2023-07-28 11:15:50,4594.2,47606,1,4598.4,22119,30256,0.5130449051030973,0
2023-07-28 11:15:50,4594.2,47606,1,4598.4,22128,30242,0.5130449051030973,0
2023-07-28 11:15:50,4594.2,47606,1,4598.4,22113,30254,0.5130449051030973,0
2023-07-28 11:15:50,4594.2,47606,1,4598.4,22111,30242,0.5130449051030973,0
2023-07-28 11:15:50,4594.2,47606,1,4598.4,22103,30246,0.5130449051030973,0
2023-07-28 11:15:50,4594.2,47606,1,4598.4,22093,30242,0.5130449051030973,0
2023-07-28 11:15:50,4594.2,47606,1,4598.4,22102,30242,0.5130449051030973,0
2023-07-28 11:15:50,4594.2,47606,1,4598.4,22103,30242,0.5130449051030973,0
2023-07-28 11:15:50,4594.2,47606,1,4598.4,22113,30236,0.5130449051030973,0
2023-07-28 11:15:50,4594.2,47606,1,4598.4,22102,30236,0.5130449051030973,0
2023-07-28 11:15:50,4594.2,47606,1,4598.4,22102,30238,0.5130449051030973,0
2023-07-28 11:15:50,4594.2,47606,1,4598.4,22153,30249,0.5130449051030973,0
2023-07-28 11:15:50,4594.2,47606,1,4598.4,22155,30260,0.5130449051030973,0
2023-07-28 11:15:50,4594.2,47606,1,4598.4,22166,30260,0.5130449051030973,0
2023-07-28 11:15:50,4594.2,47606,1,4598.4,22176,30260,0.5130449051030973,0
2023-07-28 11:15:50,4594.2,47606,1,4598.4,22158,30260,0.5130449051030973,0
2023-07-28 11:15:50,4594.2,47606,1,4598.4,22176,30259,0.5130449051030973,0
2023-07-28 11:15:50,4589.4,47606,2,4598.4,22176,30259,0.40802931685171223,0
2023-07-28 11:16:10,4590.55,47687,2,4598.39,21516,30687,0.43318930153695084,0
2023-07-28 11:16:11,4590.95,47691,1,4598.39,21602,30597,0.4419406005578913,0
2023-07-28 11:16:12,4590.95,47692,1,4598.39,21615,30564,0.4419406005578913,0
2023-07-28 11:16:12,4590.95,47692,1,4598.39,21600,30573,0.4419406005578913,0
2023-07-28 11:16:12,4590.95,47692,1,4598.39,21579,30586,0.4419406005578913,0
2023-07-28 11:16:12,4590.95,47692,1,4598.39,21591,30591,0.4419406005578913,0
2023-07-28 11:16:12,4590.95,47692,1,4598.39,21594,30585,0.4419406005578913,0
2023-07-28 11:16:12,4590.95,47692,1,4598.39,21597,30585,0.4419406005578913,0
2023-07-28 11:16:12,4590.95,47692,1,4598.39,21581,30702,0.4419406005578913,0
2023-07-28 11:16:12,4590.95,47692,1,4598.39,21571,30687,0.4419406005578913,0
2023-07-28 11:16:12,4590.95,47692,1,4598.39,21565,30696,0.4419406005578913,0
2023-07-28 11:16:12,4590.95,47692,1,4598.39,21575,30687,0.4419406005578913,0
2023-07-28 11:16:12,4590.95,47692,1,4598.39,21563,30687,0.4419406005578913,0
2023-07-28 11:16:12,4590.95,47692,1,4598.39,21567,30687,0.4419406005578913,0
2023-07-28 11:16:12,4590.95,47692,1,4598.39,21567,30687,0.4419406005578913,0
2023-07-28 11:16:12,4590.95,47692,1,4598.39,21589,30687,0.4419406005578913,0
2023-07-28 11:16:12,4590.95,47692,1,4598.39,21590,30689,0.4419406005578913,0
2023-07-28 11:16:40,4586.55,47842,25,4598.36,21557,30566,0.3456763113274666,0
2023-07-28 11:16:40,4589.6,47842,3,4598.36,21557,30566,0.41240496636220236,0
2023-07-28 11:16:40,4589.6,47850,3,4598.35,21485,30525,0.41240496636220236,0
2023-07-28 11:16:40,4589.6,47850,3,4598.35,21626,30535,0.41240496636220236,0
2023-07-28 11:16:40,4589.6,47850,3,4598.35,21626,30534,0.41240496636220236,0
2023-07-28 11:16:40,4589.6,47850,3,4598.35,21610,30571,0.41240496636220236,0
2023-07-28 11:16:40,4589.6,47850,3,4598.35,21610,30571,0.41240496636220236,0
2023-07-28 11:16:40,4589.6,47850,3,4598.35,21610,30571,0.41240496636220236,0
2023-07-28 11:16:40,4589.6,47850,3,4598.35,21589,30567,0.41240496636220236,0
2023-07-28 11:16:40,4589.6,47850,3,4598.35,21614,30570,0.41240496636220236,0
2023-07-28 11:16:40,4589.6,47850,3,4598.35,21624,30581,0.41240496636220236,0
2023-07-28 11:16:40,4589.6,47850,3,4598.35,21600,30575,0.41240496636220236,0
2023-07-28 11:16:40,4589.6,47850,3,4598.35,21601,30570,0.41240496636220236,0
2023-07-28 11:16:40,4589.6,47850,3,4598.35,21601,30570,0.41240496636220236,0
2023-07-28 11:16:40,4589.6,47850,3,4598.35,21623,30569,0.41240496636220236,0
2023-07-28 11:16:40,4589.6,47850,3,4598.35,21623,30569,0.41240496636220236,0
2023-07-28 11:16:40,4589.6,47850,3,4598.35,21623,30569,0.41240496636220236,0
2023-07-28 11:16:40,4589.6,47850,3,4598.35,21623,30569,0.41240496636220236,0
2023-07-28 11:16:40,4589.4,47850,3,4598.35,21623,30569,0.40802931685171223,0
2023-07-28 11:17:07,4589.4,47853,3,4598.35,21623,30566,0.40802931685171223,0
2023-07-28 11:17:07,4589.4,47853,3,4598.35,21623,30564,0.40802931685171223,0
2023-07-28 11:17:07,4589.4,47853,3,4598.35,21621,30571,0.40802931685171223,0
2023-07-28 11:17:07,4589.4,47853,3,4598.35,21599,30574,0.40802931685171223,0
2023-07-28 11:17:07,4589.4,47853,3,4598.35,21599,30574,0.40802931685171223,0
2023-07-28 11:17:07,4589.4,47853,3,4598.35,21599,30574,0.40802931685171223,0
2023-07-28 11:17:07,4589.4,47853,3,4598.35,21599,30675,0.40802931685171223,0
2023-07-28 11:17:07,4589.4,47853,3,4598.35,21610,30671,0.40802931685171223,0
2023-07-28 11:17:07,4589.4,47853,3,4598.35,21627,30646,0.40802931685171223,0
2023-07-28 11:17:17,4589.3,47953,5,4598.33,21629,30528,0.40584149209648707,0
2023-07-28 11:17:17,4589.3,47958,5,4598.33,21638,30533,0.40584149209648707,0
2023-07-28 11:17:17,4589.3,47958,5,4598.33,21610,30533,0.40584149209648707,0
2023-07-28 11:17:17,4589.3,47958,5,4598.33,21611,30533,0.40584149209648707,0
2023-07-28 11:17:17,4589.3,47958,5,4598.33,21629,30522,0.40584149209648707,0
2023-07-28 11:17:17,4589.3,47958,5,4598.33,21630,30535,0.40584149209648707,0
2023-07-28 11:17:17,4589.3,47958,5,4598.33,21626,30542,0.40584149209648707,0
2023-07-28 11:17:17,4589.3,47958,5,4598.33,21626,30542,0.40584149209648707,0
2023-07-28 11:17:17,4589.3,47958,5,4598.33,21632,30535,0.40584149209648707,0
2023-07-28 11:17:17,4589.3,47958,5,4598.33,21632,30535,0.40584149209648707,0
2023-07-28 11:17:17,4589.3,47958,5,4598.33,21632,30535,0.40584149209648707,0
2023-07-28 11:17:17,4589.3,47958,5,4598.33,21632,30535,0.40584149209648707,0
2023-07-28 11:17:17,4589.3,47958,5,4598.33,21632,30535,0.40584149209648707,0
2023-07-28 11:17:17,4589.3,47958,5,4598.33,21632,30535,0.40584149209648707,0
2023-07-28 11:17:17,4589.3,47958,5,4598.33,21632,30535,0.40584149209648707,0
2023-07-28 11:17:17,4589.3,47958,5,4598.33,21632,30535,0.40584149209648707,0
2023-07-28 11:17:17,4589.3,47958,5,4598.33,21626,30511,0.40584149209648707,0
2023-07-28 11:17:17,4589.3,47958,5,4598.33,21627,30502,0.40584149209648707,0
2023-07-28 11:17:17,4589.3,47958,5,4598.33,21627,30496,0.40584149209648707,0
2023-07-28 11:17:17,4589.3,47958,5,4598.33,21634,30496,0.40584149209648707,0
2023-07-28 11:17:17,4589.3,47958,5,4598.33,21623,30496,0.40584149209648707,0
2023-07-28 11:17:17,4589.3,47958,5,4598.33,21630,30502,0.40584149209648707,0
2023-07-28 11:17:41,4587.95,47964,3,4598.33,21625,30502,0.37630585790077814,0
2023-07-28 11:17:41,4589.15,47965,1,4598.33,21626,30502,0.40255975496361945,0
2023-07-28 11:17:41,4589.15,47965,1,4598.33,21623,30499,0.40255975496361945,0
2023-07-28 11:17:41,4589.15,47965,1,4598.33,21588,30506,0.40255975496361945,0
2023-07-28 11:17:48,4589.2,47980,15,4598.33,21596,30488,0.403653667341242,0
2023-07-28 11:17:48,4589.2,47980,1,4598.33,21596,30488,0.403653667341242,0
2023-07-28 11:17:48,4589.2,47981,1,4598.33,21597,30487,0.403653667341242,0
2023-07-28 11:17:48,4589.2,47981,1,4598.33,21598,30487,0.403653667341242,0
2023-07-28 11:17:48,4589.2,47981,1,4598.33,21602,30487,0.403653667341242,0
2023-07-28 11:17:48,4589.2,47981,1,4598.33,21600,30487,0.403653667341242,0
2023-07-28 11:17:48,4586.65,47981,10,4598.33,21600,30487,0.34786413608269184,0
2023-07-28 11:17:55,4586.65,47992,10,4598.33,21592,30488,0.34786413608269184,0
2023-07-28 11:17:55,4586.65,47992,10,4598.33,21592,30479,0.34786413608269184,0
2023-07-28 11:17:55,4586.65,47992,10,4598.33,21539,30506,0.34786413608269184,0
2023-07-28 11:17:55,4586.65,47992,10,4598.33,21099,30540,0.34786413608269184,0
2023-07-28 11:17:55,4586.65,47992,10,4598.33,21110,30540,0.34786413608269184,0
2023-07-28 11:17:55,4586.65,47992,10,4598.33,21133,30529,0.34786413608269184,0
2023-07-28 11:17:55,4586.65,47992,10,4598.33,21124,30556,0.34786413608269184,0
2023-07-28 11:17:55,4586.65,47992,10,4598.33,21147,30542,0.34786413608269184,0
2023-07-28 11:17:55,4586.25,47992,1,4598.33,21118,30542,0.3391128370617513,0
2023-07-28 11:18:03,4586.25,48007,1,4598.32,21101,30364,0.3391128370617513,0
2023-07-28 11:18:04,4587.7,48008,1,4598.32,21110,30330,0.3708362960126854,0
2023-07-28 11:18:04,4587.7,48008,1,4598.32,21239,30546,0.3708362960126854,0
2023-07-28 11:18:04,4587.7,48008,1,4598.32,21238,30530,0.3708362960126854,0
2023-07-28 11:18:04,4587.7,48008,1,4598.32,21312,30519,0.3708362960126854,0
2023-07-28 11:18:04,4586.15,48008,11,4598.32,21312,30519,0.3369250123065063,0
2023-07-28 11:18:19,4586.15,48030,1,4598.32,21144,30558,0.3369250123065063,0
2023-07-28 11:18:21,4586.15,48031,1,4598.32,21180,30557,0.3369250123065063,0
2023-07-28 11:18:21,4583.4,48031,9,4598.32,21180,30557,0.2767598315374859,0
2023-07-28 11:18:21,4589.3,48031,1,4598.32,21180,30557,0.40584149209648707,0
2023-07-28 11:18:21,4591.1,48031,2,4598.32,21180,30557,0.4452223376907589,0
2023-07-28 11:18:21,4592.1,48031,10,4598.32,21180,30557,0.46710058524313,0
2023-07-28 11:18:34,4592.1,48250,10,4598.26,22152,30217,0.46710058524313,0
2023-07-28 11:18:34,4591.85,48250,6,4598.26,22152,30217,0.4616310233550372,0
2023-07-28 11:18:34,4591.5,48256,1,4598.26,21963,30335,0.4539736367116994,0
2023-07-28 11:18:39,4591.5,48257,1,4598.26,21989,29969,0.4539736367116994,0
2023-07-28 11:18:39,4592.4,48257,1,4598.26,21989,29969,0.4736640595088254,0
2023-07-28 11:18:46,4592.4,48258,1,4598.26,22028,29971,0.4736640595088254,0
2023-07-28 11:18:46,4592.4,48258,1,4598.26,22001,29971,0.4736640595088254,0
2023-07-28 11:18:46,4590.5,48258,13,4598.26,22001,29971,0.4320953891593283,0
2023-07-28 11:18:55,4590.5,48272,13,4598.26,21525,30205,0.4320953891593283,0
2023-07-28 11:18:55,4589.95,48272,1,4598.26,21525,30205,0.42006235300552025,0
2023-07-28 11:19:00,4589.95,48273,1,4598.26,21573,30161,0.42006235300552025,0
2023-07-28 11:19:00,4590.5,48273,15,4598.26,21573,30161,0.4320953891593283,0
2023-07-28 11:19:02,4590.5,48293,15,4598.25,21714,30032,0.4320953891593283,0
2023-07-28 11:19:02,4591.2,48293,1,4598.25,21714,30032,0.4474101624459841,0
2023-07-28 11:19:06,4591.2,48294,1,4598.25,21889,29988,0.4474101624459841,0
2023-07-28 11:19:06,4591.2,48294,1,4598.25,21765,30039,0.4474101624459841,0
2023-07-28 11:19:06,4591.2,48294,1,4598.25,21786,29980,0.4474101624459841,0
2023-07-28 11:19:06,4591.2,48294,1,4598.25,21637,30064,0.4474101624459841,0
2023-07-28 11:19:06,4591.2,48294,1,4598.25,21657,29974,0.4474101624459841,0
2023-07-28 11:19:06,4591.2,48294,1,4598.25,21674,29982,0.4474101624459841,0
2023-07-28 11:19:06,4591.2,48294,1,4598.25,21662,29991,0.4474101624459841,0
2023-07-28 11:19:06,4591.2,48294,1,4598.25,21819,29968,0.4474101624459841,0
2023-07-28 11:19:06,4591.2,48294,1,4598.25,21795,29970,0.4474101624459841,0
2023-07-28 11:19:06,4591.2,48294,1,4598.25,21804,29970,0.4474101624459841,0
2023-07-28 11:19:06,4591.2,48294,1,4598.25,21791,29951,0.4474101624459841,0
2023-07-28 11:19:06,4591.2,48294,1,4598.25,21802,29957,0.4474101624459841,0
2023-07-28 11:19:06,4591.2,48294,1,4598.25,21816,29930,0.4474101624459841,0
2023-07-28 11:19:06,4591.2,48294,1,4598.25,21808,29940,0.4474101624459841,0
2023-07-28 11:19:22,4589.95,48295,1,4598.25,21646,29981,0.42006235300552025,0
2023-07-28 11:19:22,4589.95,48296,1,4598.25,21803,29921,0.42006235300552025,0
2023-07-28 11:19:22,4589.95,48296,1,4598.25,21816,29921,0.42006235300552025,0
2023-07-28 11:19:22,4589.95,48296,1,4598.25,21802,29937,0.42006235300552025,0
2023-07-28 11:19:22,4589.95,48296,1,4598.25,21803,29952,0.42006235300552025,0
2023-07-28 11:19:22,4589.95,48296,1,4598.25,21822,29986,0.42006235300552025,0
2023-07-28 11:19:28,4589.55,48299,3,4598.25,21723,29984,0.4113110539845798,0
2023-07-28 11:19:28,4589.55,48299,3,4598.25,21782,29964,0.4113110539845798,0
2023-07-28 11:19:28,4589.55,48299,3,4598.25,21786,30005,0.4113110539845798,0
2023-07-28 11:19:28,4588.7,48299,1,4598.25,21786,30005,0.3927145435650565,0
2023-07-28 11:19:30,4588.7,48310,1,4598.25,21547,30093,0.3927145435650565,0
2023-07-28 11:19:31,4589.5,48316,5,4598.25,21555,30094,0.41021714160695727,0
2023-07-28 11:19:31,4589.5,48316,5,4598.25,21536,30087,0.41021714160695727,0
2023-07-28 11:19:31,4587.0,48316,14,4598.25,21536,30087,0.35552152272602966,0
2023-07-28 11:19:34,4587.0,48386,3,4598.23,21352,30016,0.35552152272602966,0
2023-07-28 11:19:35,4587.0,48389,1,4598.23,21352,30012,0.35552152272602966,0
2023-07-28 11:19:35,4584.4,48389,1,4598.23,21352,30012,0.29863807908985696,0
2023-07-28 11:19:35,4585.0,48389,5,4598.23,21352,30012,0.31176502762128755,0
2023-07-28 11:19:37,4585.0,48501,5,4598.2,21317,29939,0.31176502762128755,0
2023-07-28 11:19:37,4585.0,48501,5,4598.2,21317,29942,0.31176502762128755,0
2023-07-28 11:19:37,4585.0,48501,5,4598.2,21307,29942,0.31176502762128755,0
2023-07-28 11:19:37,4585.0,48501,5,4598.2,21340,29941,0.31176502762128755,0
2023-07-28 11:19:37,4585.0,48501,5,4598.2,21325,29929,0.31176502762128755,0
2023-07-28 11:19:37,4585.0,48501,5,4598.2,21289,29951,0.31176502762128755,0
2023-07-28 11:19:44,4583.15,48502,1,4598.2,21291,29952,0.2712902696493931,0
2023-07-28 11:19:44,4583.15,48502,1,4598.2,21303,29952,0.2712902696493931,0
2023-07-28 11:19:44,4583.15,48502,1,4598.2,21326,29971,0.2712902696493931,0
2023-07-28 11:19:44,4583.15,48502,1,4598.2,21354,29930,0.2712902696493931,0
2023-07-28 11:19:44,4583.15,48502,1,4598.2,21354,29930,0.2712902696493931,0
2023-07-28 11:19:44,4583.15,48502,1,4598.2,21351,29934,0.2712902696493931,0
2023-07-28 11:19:44,4585.0,48502,1,4598.2,21359,29936,0.31176502762128755,0
2023-07-28 11:19:53,4585.0,48509,1,4598.2,21313,29992,0.31176502762128755,0
2023-07-28 11:19:53,4585.0,48510,1,4598.2,21348,29984,0.31176502762128755,0
2023-07-28 11:19:53,4585.0,48510,1,4598.2,21348,29994,0.31176502762128755,0
2023-07-28 11:19:53,4585.0,48510,1,4598.2,21230,30307,0.31176502762128755,0
2023-07-28 11:19:53,4585.0,48510,1,4598.2,21233,30307,0.31176502762128755,0
2023-07-28 11:19:53,4585.0,48510,1,4598.2,21233,30307,0.31176502762128755,0
2023-07-28 11:19:53,4585.0,48510,1,4598.2,21233,30307,0.31176502762128755,0
2023-07-28 11:19:53,4585.0,48510,1,4598.2,21244,30307,0.31176502762128755,0
2023-07-28 11:19:53,4585.0,48510,1,4598.2,21256,30295,0.31176502762128755,0
2023-07-28 11:19:53,4585.0,48510,1,4598.2,21258,30302,0.31176502762128755,0
2023-07-28 11:19:53,4585.0,48510,1,4598.2,21251,30309,0.31176502762128755,0
2023-07-28 11:19:53,4585.0,48510,1,4598.2,21252,30311,0.31176502762128755,0
2023-07-28 11:19:53,4583.0,48510,5,4598.2,21252,30311,0.26800853251654544,0
2023-07-28 11:20:05,4583.0,48515,5,4598.2,21236,30307,0.26800853251654544,0
2023-07-28 11:20:05,4583.0,48515,5,4598.2,21242,30307,0.26800853251654544,0
2023-07-28 11:20:05,4583.0,48515,5,4598.2,21247,30311,0.26800853251654544,0
2023-07-28 11:20:05,4583.0,48515,5,4598.2,21251,30311,0.26800853251654544,0
2023-07-28 11:20:05,4584.9,48515,2,4598.2,21251,30311,0.30957720286604246,0
2023-07-28 11:20:11,4584.9,48518,2,4598.2,21252,30312,0.30957720286604246,0
2023-07-28 11:20:11,4584.9,48518,2,4598.2,21264,30296,0.30957720286604246,0
2023-07-28 11:20:11,4584.9,48518,2,4598.2,21264,30296,0.30957720286604246,0
2023-07-28 11:20:11,4584.9,48518,2,4598.2,21263,30295,0.30957720286604246,0
2023-07-28 11:20:11,4584.9,48518,2,4598.2,21263,30294,0.30957720286604246,0
2023-07-28 11:20:11,4584.95,48518,2,4598.2,21263,30294,0.310671115243665,0
2023-07-28 11:20:17,4581.0,48987,3,4598.04,21023,29996,0.2242520374118033,0
2023-07-28 11:20:17,4582.2,48987,11,4598.04,21023,29996,0.2505059344746446,0
2023-07-28 11:20:18,4582.2,49031,11,4598.03,20997,30405,0.2505059344746446,0
2023-07-28 11:20:19,4584.75,49034,2,4598.03,21021,30403,0.30629546573319477,0
2023-07-28 11:20:19,4584.75,49034,2,4598.03,21203,30387,0.30629546573319477,0
2023-07-28 11:20:19,4584.75,49034,2,4598.03,21195,30358,0.30629546573319477,0
2023-07-28 11:20:19,4584.75,49034,2,4598.03,21195,30358,0.30629546573319477,0
2023-07-28 11:20:19,4584.75,49034,2,4598.03,21201,30358,0.30629546573319477,0
2023-07-28 11:20:26,4584.75,49035,1,4598.03,21169,30384,0.30629546573319477,0
2023-07-28 11:20:26,4584.75,49035,1,4598.03,21169,30384,0.30629546573319477,0
2023-07-28 11:20:26,4584.75,49035,1,4598.03,21175,30382,0.30629546573319477,0
2023-07-28 11:20:26,4584.75,49035,1,4598.03,21175,30369,0.30629546573319477,0
2023-07-28 11:20:26,4584.75,49035,1,4598.03,21175,30369,0.30629546573319477,0
2023-07-28 11:20:26,4584.75,49035,1,4598.03,21176,30377,0.30629546573319477,0
2023-07-28 11:20:26,4584.75,49035,1,4598.03,21176,29997,0.30629546573319477,0
2023-07-28 11:20:32,4585.0,49191,91,4597.99,21525,29494,0.31176502762128755,0
2023-07-28 11:20:32,4588.7,49200,1,4597.98,21540,29897,0.3927145435650565,0
2023-07-28 11:20:32,4588.7,49200,1,4597.98,21526,29952,0.3927145435650565,0
2023-07-28 11:20:32,4588.7,49200,1,4597.98,21554,29911,0.3927145435650565,0
2023-07-28 11:20:32,4588.7,49200,1,4597.98,21531,29918,0.3927145435650565,0
2023-07-28 11:20:32,4588.7,49200,1,4597.98,21383,29991,0.3927145435650565,0
2023-07-28 11:20:32,4588.7,49200,1,4597.98,21479,29906,0.3927145435650565,0
2023-07-28 11:20:32,4588.7,49200,1,4597.98,21447,29946,0.3927145435650565,0
2023-07-28 11:20:32,4588.7,49200,1,4597.98,21454,29916,0.3927145435650565,0
2023-07-28 11:20:32,4588.7,49200,1,4597.98,20708,29912,0.3927145435650565,0
2023-07-28 11:20:32,4588.7,49200,1,4597.98,21481,29906,0.3927145435650565,0
2023-07-28 11:20:32,4588.7,49200,1,4597.98,21510,29920,0.3927145435650565,0
2023-07-28 11:20:32,4588.7,49200,1,4597.98,20735,29905,0.3927145435650565,0
2023-07-28 11:20:32,4588.7,49200,1,4597.98,21496,29905,0.3927145435650565,0
2023-07-28 11:20:32,4588.7,49200,1,4597.98,21486,29905,0.3927145435650565,0
2023-07-28 11:20:32,4588.7,49200,1,4597.98,21505,29905,0.3927145435650565,0
2023-07-28 11:20:32,4588.7,49200,1,4597.98,21507,29905,0.3927145435650565,0
2023-07-28 11:20:32,4588.7,49200,1,4597.98,21507,29905,0.3927145435650565,0
2023-07-28 11:20:32,4588.7,49200,1,4597.98,21518,29905,0.3927145435650565,0
2023-07-28 11:20:32,4588.7,49200,1,4597.98,21517,29905,0.3927145435650565,0
2023-07-28 11:20:32,4588.7,49200,1,4597.98,21521,29904,0.3927145435650565,0
2023-07-28 11:20:32,4588.7,49200,1,4597.98,21521,29904,0.3927145435650565,0
2023-07-28 11:20:32,4588.7,49200,1,4597.98,21521,29867,0.3927145435650565,0
2023-07-28 11:20:32,4588.7,49200,1,4597.98,21529,29855,0.3927145435650565,0
2023-07-28 11:20:32,4588.7,49200,1,4597.98,21599,29884,0.3927145435650565,0
2023-07-28 11:20:32,4588.7,49200,1,4597.98,21599,29885,0.3927145435650565,0
2023-07-28 11:20:32,4588.7,49200,1,4597.98,21571,29907,0.3927145435650565,0
2023-07-28 11:20:32,4588.7,49200,1,4597.98,21552,29931,0.3927145435650565,0
2023-07-28 11:20:32,4588.7,49200,1,4597.98,21545,29932,0.3927145435650565,0
2023-07-28 11:20:32,4588.7,49200,1,4597.98,21553,29927,0.3927145435650565,0
2023-07-28 11:20:32,4588.7,49200,1,4597.98,21553,29927,0.3927145435650565,0
2023-07-28 11:20:32,4588.7,49200,1,4597.98,21567,29906,0.3927145435650565,0
2023-07-28 11:20:32,4588.7,49200,1,4597.98,21564,29905,0.3927145435650565,0
2023-07-28 11:20:32,4588.7,49200,1,4597.98,21555,29887,0.3927145435650565,0
2023-07-28 11:20:32,4588.7,49200,1,4597.98,21545,29903,0.3927145435650565,0
