2023-07-28 10:49:29,22585.95,31356,1,22447.33,8473,8234,1.1675095071510864,0
2023-07-28 10:49:24,22585.95,31355,1,22447.33,8260,8239,1.1675095071510864,0
2023-07-28 10:49:29,22585.95,31356,1,22447.33,8474,8236,1.1675095071510864,0
2023-07-28 10:49:29,22585.95,31356,1,22447.33,8465,8236,1.1675095071510864,0
2023-07-28 10:49:29,22585.95,31356,1,22447.33,8452,8250,1.1675095071510864,0
2023-07-28 10:49:29,22585.95,31356,1,22447.33,8444,8246,1.1675095071510864,0
2023-07-28 10:49:29,22585.95,31356,1,22447.33,8461,8246,1.1675095071510864,0
2023-07-28 10:49:29,22585.95,31356,1,22447.33,8460,8236,1.1675095071510864,0
2023-07-28 10:49:29,22585.95,31356,1,22447.33,8459,8231,1.1675095071510864,0
2023-07-28 10:49:29,22585.95,31356,1,22447.33,8465,8231,1.1675095071510864,0
2023-07-28 10:49:29,22585.95,31356,1,22447.33,8465,8231,1.1675095071510864,0
2023-07-28 10:49:29,22585.8,31356,10,22447.33,8465,8231,1.1668376236825486,0
2023-07-28 10:49:39,22585.8,31366,10,22447.38,8441,8234,1.1668376236825486,0
2023-07-28 10:49:40,22600.0,31368,2,22447.39,8458,8222,1.2304425920368405,0
2023-07-28 10:49:41,22600.0,31370,2,22447.4,8489,8205,1.2304425920368405,0
2023-07-28 10:49:41,22600.0,31370,2,22447.4,8475,8214,1.2304425920368405,0
2023-07-28 10:49:43,22585.95,31380,3,22447.44,8455,8226,1.1675095071510864,0
2023-07-28 10:49:43,22600.0,31380,3,22447.44,8455,8224,1.2304425920368405,0
2023-07-28 10:49:45,22600.0,31383,3,22447.46,8470,8212,1.2304425920368405,0
2023-07-28 10:49:45,22600.0,31383,3,22447.46,8485,8207,1.2304425920368405,0
2023-07-28 10:49:45,22600.0,31383,3,22447.46,8470,8208,1.2304425920368405,0
2023-07-28 10:49:45,22600.0,31383,3,22447.46,8458,8214,1.2304425920368405,0
2023-07-28 10:49:45,22600.0,31383,3,22447.46,8422,8228,1.2304425920368405,0
2023-07-28 10:49:45,22600.0,31383,3,22447.46,8426,8235,1.2304425920368405,0
2023-07-28 10:49:45,22600.0,31383,3,22447.46,8442,8245,1.2304425920368405,0
2023-07-28 10:49:45,22600.0,31383,3,22447.46,8435,8250,1.2304425920368405,0
2023-07-28 10:49:45,22600.0,31383,3,22447.46,8458,8238,1.2304425920368405,0
2023-07-28 10:49:45,22600.0,31383,3,22447.46,8463,8238,1.2304425920368405,0
2023-07-28 10:49:45,22600.0,31383,3,22447.46,8463,8238,1.2304425920368405,0
2023-07-28 10:49:45,22600.0,31383,3,22447.46,8470,8221,1.2304425920368405,0
2023-07-28 10:49:45,22600.0,31383,3,22447.46,8466,8224,1.2304425920368405,0
2023-07-28 10:49:45,22585.75,31383,2,22447.46,8466,8224,1.1666136625263748,0
2023-07-28 10:49:58,22585.75,31385,28,22447.46,8458,8254,1.1666136625263748,0
2023-07-28 10:49:59,22585.75,31413,28,22447.59,8491,8256,1.1666136625263748,0
2023-07-28 10:50:00,22585.85,31416,3,22447.6,8452,8234,1.1670615848387222,0
2023-07-28 10:50:00,22585.85,31416,36,22447.6,8452,8234,1.1670615848387222,0
2023-07-28 10:50:01,22585.85,31452,36,22447.76,8457,8200,1.1670615848387222,0
2023-07-28 10:50:02,22600.0,31456,3,22447.78,8470,8169,1.2304425920368405,0
2023-07-28 10:50:03,22600.0,31459,3,22447.79,8460,8196,1.2304425920368405,0
2023-07-28 10:50:03,22600.0,31459,3,22447.79,8427,8293,1.2304425920368405,0
2023-07-28 10:50:03,22600.0,31459,3,22447.79,8423,8286,1.2304425920368405,0
2023-07-28 10:50:03,22600.0,31459,3,22447.79,8423,8271,1.2304425920368405,0
2023-07-28 10:50:03,22600.0,31459,3,22447.79,8425,8280,1.2304425920368405,0
2023-07-28 10:50:03,22600.0,31459,3,22447.79,8441,8283,1.2304425920368405,0
2023-07-28 10:50:03,22600.0,31459,3,22447.79,8443,8283,1.2304425920368405,0
2023-07-28 10:50:03,22585.85,31459,1,22447.79,8443,8283,1.1670615848387222,0
2023-07-28 10:50:12,22585.85,31461,1,22447.8,8441,8284,1.1670615848387222,0
2023-07-28 10:50:12,22585.85,31461,1,22447.8,8441,8284,1.1670615848387222,0
2023-07-28 10:50:12,22600.0,31461,2,22447.8,8441,8284,1.2304425920368405,0
2023-07-28 10:50:13,22600.0,31463,2,22447.81,8436,8281,1.2304425920368405,0
2023-07-28 10:50:13,22600.0,31463,2,22447.81,8442,8281,1.2304425920368405,0
2023-07-28 10:50:13,22600.0,31463,2,22447.81,8442,8285,1.2304425920368405,0
2023-07-28 10:50:13,22600.0,31463,2,22447.81,8447,8285,1.2304425920368405,0
2023-07-28 10:50:13,22600.0,31463,2,22447.81,8447,8285,1.2304425920368405,0
2023-07-28 10:50:13,22600.0,31463,2,22447.81,8447,8290,1.2304425920368405,0
2023-07-28 10:50:13,22600.0,31463,2,22447.81,8443,8290,1.2304425920368405,0
2023-07-28 10:50:13,22600.0,31463,2,22447.81,8433,8298,1.2304425920368405,0
2023-07-28 10:50:13,22600.0,31463,2,22447.81,8433,8298,1.2304425920368405,0
2023-07-28 10:50:13,22585.7,31463,40,22447.81,8427,8301,1.166389701370201,0
2023-07-28 10:50:22,22595.0,31545,3,22448.17,8358,8328,1.2080464764191332,0
2023-07-28 10:50:22,22595.0,31545,3,22448.17,8358,8328,1.2080464764191332,0
2023-07-28 10:50:22,22595.0,31554,3,22448.21,8416,8298,1.2080464764191332,0
2023-07-28 10:50:22,22595.0,31554,3,22448.21,8416,8298,1.2080464764191332,0
2023-07-28 10:50:22,22599.8,31554,6,22448.21,8416,8298,1.2295467474121289,0
2023-07-28 10:50:24,22599.8,31598,6,22448.42,8438,8277,1.2295467474121289,0
2023-07-28 10:50:24,22599.8,31598,6,22448.42,8396,8281,1.2295467474121289,0
2023-07-28 10:50:24,22599.8,31598,6,22448.42,8400,8279,1.2295467474121289,0
2023-07-28 10:50:24,22599.8,31598,6,22448.42,8381,8263,1.2295467474121289,0
2023-07-28 10:50:24,22600.0,31598,2,22448.42,8381,8263,1.2304425920368405,0
2023-07-28 10:50:28,22600.0,31600,2,22448.42,8387,8261,1.2304425920368405,0
2023-07-28 10:50:28,22600.0,31600,2,22448.42,8178,8271,1.2304425920368405,0
2023-07-28 10:50:28,22600.0,31600,2,22448.42,8387,8260,1.2304425920368405,0
2023-07-28 10:50:28,22590.3,31600,1,22448.42,8387,8260,1.186994127738485,0
2023-07-28 10:50:31,22590.3,31601,1,22448.43,8369,8291,1.186994127738485,0
2023-07-28 10:50:31,22590.3,31601,1,22448.43,8368,8291,1.186994127738485,0
2023-07-28 10:50:34,22585.7,31690,84,22448.82,8200,8355,1.166389701370201,0
2023-07-28 10:50:34,22586.5,31690,28,22448.82,8200,8355,1.1699730798690309,0
2023-07-28 10:50:35,22586.5,31730,28,22448.99,8245,8304,1.1699730798690309,0
2023-07-28 10:50:35,22600.0,31730,72,22448.99,8245,8304,1.2304425920368405,0
2023-07-28 10:50:36,22600.0,31943,10,22449.98,8274,8174,1.2304425920368405,0
2023-07-28 10:50:37,22600.0,31970,10,22450.11,8277,8178,1.2304425920368405,0
2023-07-28 10:50:37,22607.95,31970,1,22450.11,8277,8178,1.2660524158689983,0
2023-07-28 10:50:38,22607.95,31972,1,22450.12,8307,8176,1.2660524158689983,0
2023-07-28 10:50:39,22608.4,31974,2,22450.13,8307,8187,1.2680680662745951,0
2023-07-28 10:50:39,22608.4,31974,2,22450.13,8322,8187,1.2680680662745951,0
2023-07-28 10:50:39,22608.7,31974,6,22450.13,8322,8187,1.2694118332116544,0
2023-07-28 10:50:41,22608.7,31980,6,22450.16,8315,8176,1.2694118332116544,0
2023-07-28 10:50:41,22607.8,31980,2,22450.16,8315,8176,1.2653805324004606,0
2023-07-28 10:50:42,22607.8,31982,2,22450.17,8313,8181,1.2653805324004606,0
2023-07-28 10:50:42,22607.8,31982,2,22450.17,8305,8189,1.2653805324004606,0
2023-07-28 10:50:42,22607.8,31982,2,22450.17,8305,8194,1.2653805324004606,0
2023-07-28 10:50:42,22607.8,31982,2,22450.17,8303,8188,1.2653805324004606,0
2023-07-28 10:50:42,22607.8,31982,2,22450.17,8300,8192,1.2653805324004606,0
2023-07-28 10:50:42,22607.8,31982,2,22450.17,8300,8185,1.2653805324004606,0
2023-07-28 10:50:42,22607.8,31982,2,22450.17,8304,8192,1.2653805324004606,0
2023-07-28 10:50:42,22607.8,31982,2,22450.17,8293,8192,1.2653805324004606,0
2023-07-28 10:50:42,22607.8,31982,2,22450.17,8293,8193,1.2653805324004606,0
2023-07-28 10:50:42,22607.8,31982,2,22450.17,8293,8193,1.2653805324004606,0
2023-07-28 10:50:42,22607.8,31982,2,22450.17,8293,8193,1.2653805324004606,0
2023-07-28 10:50:42,22607.8,31982,2,22450.17,8292,8193,1.2653805324004606,0
2023-07-28 10:50:42,22607.8,31982,2,22450.17,8292,8191,1.2653805324004606,0
2023-07-28 10:50:42,22607.8,31982,2,22450.17,8297,8190,1.2653805324004606,0
2023-07-28 10:50:42,22607.8,31982,2,22450.17,8316,8182,1.2653805324004606,0
2023-07-28 10:50:42,22607.8,31982,2,22450.17,8306,8186,1.2653805324004606,0
2023-07-28 10:50:42,22607.8,31982,2,22450.17,8291,8189,1.2653805324004606,0
2023-07-28 10:50:42,22607.8,31982,2,22450.17,8306,8180,1.2653805324004606,0
2023-07-28 10:50:42,22607.8,31982,2,22450.17,8306,8180,1.2653805324004606,0
2023-07-28 10:50:42,22607.8,31982,2,22450.17,8306,8180,1.2653805324004606,0
2023-07-28 10:50:42,22607.8,31982,2,22450.17,8306,8180,1.2653805324004606,0
2023-07-28 10:50:42,22607.8,31982,2,22450.17,8306,8182,1.2653805324004606,0
2023-07-28 10:50:42,22607.8,31982,2,22450.17,8306,8182,1.2653805324004606,0
2023-07-28 10:50:42,22607.8,31982,2,22450.17,8306,8182,1.2653805324004606,0
2023-07-28 10:50:42,22607.8,31982,2,22450.17,8088,8166,1.2653805324004606,0
2023-07-28 10:51:10,22595.0,31983,1,22450.17,8287,8177,1.2080464764191332,0
2023-07-28 10:51:10,22600.0,31983,8,22450.17,8287,8206,1.2304425920368405,0
2023-07-28 10:51:11,22600.0,31991,8,22450.21,8297,8189,1.2304425920368405,0
2023-07-28 10:51:11,22600.0,31991,3,22450.21,8297,8189,1.2304425920368405,0
2023-07-28 10:51:13,22600.0,31994,3,22450.23,8297,8188,1.2304425920368405,0
2023-07-28 10:51:13,22600.0,31994,3,22450.23,8297,8188,1.2304425920368405,0
2023-07-28 10:51:13,22600.0,31994,3,22450.23,8297,8188,1.2304425920368405,0
2023-07-28 10:51:13,22600.0,31994,3,22450.23,8298,8188,1.2304425920368405,0
2023-07-28 10:51:13,22600.0,31994,3,22450.23,8298,8221,1.2304425920368405,0
2023-07-28 10:51:13,22600.0,31994,3,22450.23,8298,8201,1.2304425920368405,0
2023-07-28 10:51:13,22600.0,31994,3,22450.23,8298,8201,1.2304425920368405,0
2023-07-28 10:51:13,22600.0,31994,3,22450.23,8298,8201,1.2304425920368405,0
2023-07-28 10:51:13,22600.0,31994,3,22450.23,8298,8203,1.2304425920368405,0
2023-07-28 10:51:13,22600.0,31994,3,22450.23,8297,8203,1.2304425920368405,0
2023-07-28 10:51:13,22600.0,31994,3,22450.23,8297,8203,1.2304425920368405,0
2023-07-28 10:51:13,22600.0,31994,3,22450.23,8297,8203,1.2304425920368405,0
2023-07-28 10:51:27,22595.0,32003,9,22450.27,8277,8247,1.2080464764191332,0
2023-07-28 10:51:27,22585.8,32003,2,22450.27,8253,8246,1.1668376236825486,0
2023-07-28 10:51:30,22585.8,32018,2,22450.33,8292,8180,1.1668376236825486,0
2023-07-28 10:51:30,22599.95,32018,2,22450.33,8292,8180,1.2302186308806666,0
2023-07-28 10:51:31,22599.95,32020,2,22450.34,8340,8173,1.2302186308806666,0
2023-07-28 10:51:31,22600.0,32020,3,22450.34,8340,8173,1.2304425920368405,0
2023-07-28 10:51:32,22600.0,32023,2,22450.35,8098,8178,1.2304425920368405,0
2023-07-28 10:51:33,22600.0,32025,2,22450.36,8306,8176,1.2304425920368405,0
2023-07-28 10:51:33,22600.0,32025,2,22450.36,8294,8201,1.2304425920368405,0
2023-07-28 10:51:33,22600.0,32025,2,22450.36,8288,8201,1.2304425920368405,0
2023-07-28 10:51:33,22600.0,32025,2,22450.36,8303,8201,1.2304425920368405,0
2023-07-28 10:51:33,22600.0,32025,2,22450.36,8303,8191,1.2304425920368405,0
2023-07-28 10:51:39,22588.45,32026,1,22450.37,8303,8203,1.17870756495994,0
2023-07-28 10:51:39,22588.45,32026,1,22450.37,8303,8203,1.17870756495994,0
2023-07-28 10:51:39,22588.45,32026,1,22450.37,8303,8203,1.17870756495994,0
2023-07-28 10:51:39,22588.45,32026,1,22450.37,8305,8203,1.17870756495994,0
2023-07-28 10:51:39,22588.45,32026,1,22450.37,8307,8201,1.17870756495994,0
2023-07-28 10:51:39,22588.45,32026,1,22450.37,8093,8199,1.17870756495994,0
2023-07-28 10:51:39,22588.45,32026,1,22450.37,8293,8203,1.17870756495994,0
2023-07-28 10:51:39,22588.45,32026,1,22450.37,8291,8209,1.17870756495994,0
2023-07-28 10:51:39,22588.45,32026,1,22450.37,8295,8209,1.17870756495994,0
2023-07-28 10:51:39,22588.45,32026,1,22450.37,8312,8210,1.17870756495994,0
2023-07-28 10:51:39,22588.45,32026,1,22450.37,8312,8210,1.17870756495994,0
2023-07-28 10:51:39,22588.45,32026,1,22450.37,8308,8220,1.17870756495994,0
2023-07-28 10:51:39,22588.45,32026,1,22450.37,8308,8220,1.17870756495994,0
2023-07-28 10:51:39,22588.45,32026,1,22450.37,8308,8212,1.17870756495994,0
2023-07-28 10:51:39,22588.45,32026,1,22450.37,8308,8212,1.17870756495994,0
2023-07-28 10:51:39,22588.45,32026,1,22450.37,8308,8213,1.17870756495994,0
2023-07-28 10:51:39,22588.45,32026,1,22450.37,8308,8213,1.17870756495994,0
2023-07-28 10:51:39,22588.45,32026,1,22450.37,8308,8212,1.17870756495994,0
2023-07-28 10:51:39,22588.45,32026,1,22450.37,8308,8212,1.17870756495994,0
2023-07-28 10:51:39,22588.45,32026,1,22450.37,8309,8213,1.17870756495994,0
2023-07-28 10:51:39,22588.45,32026,1,22450.37,8315,8163,1.17870756495994,0
2023-07-28 10:51:39,22588.45,32026,1,22450.37,8315,8166,1.17870756495994,0
2023-07-28 10:51:39,22588.45,32026,1,22450.37,8315,8166,1.17870756495994,0
2023-07-28 10:51:39,22588.45,32026,1,22450.37,8315,8166,1.17870756495994,0
2023-07-28 10:51:39,22588.45,32026,1,22450.37,8316,8166,1.17870756495994,0
2023-07-28 10:51:39,22596.0,32026,4,22450.37,8316,8166,1.2125256995426745,0
2023-07-28 10:51:39,22588.45,32026,1,22450.37,8316,8166,1.17870756495994,0
2023-07-28 10:51:39,22588.45,32026,1,22450.37,8316,8166,1.17870756495994,0
2023-07-28 10:52:09,22588.45,32033,1,22450.4,8345,8148,1.17870756495994,0
2023-07-28 10:52:09,22585.7,32033,1,22450.4,8355,8152,1.166389701370201,0
2023-07-28 10:52:15,22585.7,32034,1,22450.4,8352,8180,1.166389701370201,0
2023-07-28 10:52:15,22585.7,32034,1,22450.4,8354,8175,1.166389701370201,0
2023-07-28 10:52:27,22586.0,32044,10,22450.45,8265,8140,1.16773346830726,0
2023-07-28 10:52:27,22585.7,32044,24,22450.45,8265,8140,1.166389701370201,0
2023-07-28 10:52:28,22594.95,32114,1,22450.74,8284,8169,1.2078225152629594,0
2023-07-28 10:52:32,22594.95,32115,1,22450.75,8288,8188,1.2078225152629594,0
2023-07-28 10:52:32,22595.0,32115,10,22450.75,8288,8188,1.2080464764191332,0
2023-07-28 10:52:37,22595.0,32125,10,22450.79,8278,8184,1.2080464764191332,0
2023-07-28 10:52:37,22588.5,32125,1,22450.79,8278,8184,1.1789315261161137,0
2023-07-28 10:52:42,22588.5,32130,1,22450.81,8282,8176,1.1789315261161137,0
2023-07-28 10:52:42,22595.05,32130,2,22450.81,8282,8176,1.208270437575307,0
2023-07-28 10:52:42,22588.45,32130,1,22450.81,8282,8176,1.17870756495994,0
2023-07-28 10:52:48,22588.45,32133,1,22450.83,8281,8157,1.17870756495994,0
2023-07-28 10:52:48,22588.45,32133,1,22450.83,8266,8206,1.17870756495994,0
2023-07-28 10:52:48,22590.0,32133,2,22450.83,8266,8206,1.185650360801426,0
2023-07-28 10:52:55,22590.0,32177,2,22451.02,8287,8157,1.185650360801426,0
2023-07-28 10:52:55,22595.0,32177,3,22451.02,8287,8157,1.2080464764191332,0
2023-07-28 10:52:55,22595.05,32177,10,22451.02,8287,8157,1.208270437575307,0
2023-07-28 10:53:02,22595.05,32191,10,22451.08,8297,8154,1.208270437575307,0
2023-07-28 10:53:02,22595.05,32191,3,22451.08,8297,8154,1.208270437575307,0
2023-07-28 10:53:08,22595.05,32194,3,22451.09,8284,8158,1.208270437575307,0
2023-07-28 10:53:08,22595.05,32194,3,22451.09,8284,8165,1.208270437575307,0
2023-07-28 10:53:08,22595.05,32194,3,22451.09,8262,8163,1.208270437575307,0
2023-07-28 10:53:08,22595.05,32194,3,22451.09,8262,8163,1.208270437575307,0
2023-07-28 10:53:08,22595.05,32194,3,22451.09,8262,8163,1.208270437575307,0
2023-07-28 10:53:08,22595.05,32194,3,22451.09,8262,8163,1.208270437575307,0
2023-07-28 10:53:08,22595.05,32194,3,22451.09,8262,8163,1.208270437575307,0
2023-07-28 10:53:08,22595.05,32194,3,22451.09,8262,8163,1.208270437575307,0
2023-07-28 10:53:08,22595.05,32194,3,22451.09,8260,8187,1.208270437575307,0
2023-07-28 10:53:08,22595.05,32194,3,22451.09,8260,8187,1.208270437575307,0
2023-07-28 10:53:08,22595.05,32194,3,22451.09,8260,8187,1.208270437575307,0
2023-07-28 10:53:08,22595.05,32194,3,22451.09,8372,8187,1.208270437575307,0
2023-07-28 10:53:08,22590.0,32194,1,22451.09,8372,8187,1.185650360801426,0
2023-07-28 10:53:08,22585.7,32194,2,22451.09,8372,8187,1.166389701370201,0
2023-07-28 10:53:08,22595.0,32194,1,22451.09,8372,8187,1.2080464764191332,0
2023-07-28 10:53:35,22595.0,32202,1,22451.13,8394,8182,1.2080464764191332,0
2023-07-28 10:53:37,22595.0,32204,2,22451.14,8393,8195,1.2080464764191332,0
2023-07-28 10:53:37,22595.0,32204,2,22451.14,8398,8199,1.2080464764191332,0
2023-07-28 10:53:37,22595.0,32204,2,22451.14,8398,8207,1.2080464764191332,0
2023-07-28 10:53:37,22585.85,32204,1,22451.14,8398,8207,1.1670615848387222,0
2023-07-28 10:53:54,22585.85,32205,1,22451.14,8397,8203,1.1670615848387222,0
2023-07-28 10:53:54,22585.85,32205,1,22451.14,8399,8213,1.1670615848387222,0
2023-07-28 10:53:54,22595.0,32205,2,22451.14,8399,8213,1.2080464764191332,0
2023-07-28 10:54:02,22595.0,32207,2,22451.15,8399,8209,1.2080464764191332,0
2023-07-28 10:54:02,22595.0,32207,2,22451.15,8399,8209,1.2080464764191332,0
2023-07-28 10:54:02,22595.0,32207,2,22451.15,8399,8209,1.2080464764191332,0
2023-07-28 10:54:02,22595.0,32207,2,22451.15,8399,8209,1.2080464764191332,0
2023-07-28 10:54:02,22595.0,32207,2,22451.15,8404,8209,1.2080464764191332,0
2023-07-28 10:54:02,22595.0,32207,2,22451.15,8401,8211,1.2080464764191332,0
2023-07-28 10:54:02,22595.0,32207,2,22451.15,8403,8211,1.2080464764191332,0
2023-07-28 10:54:02,22595.0,32207,2,22451.15,8403,8211,1.2080464764191332,0
2023-07-28 10:54:02,22595.0,32207,2,22451.15,8403,8211,1.2080464764191332,0
2023-07-28 10:54:02,22595.0,32207,2,22451.15,8403,8211,1.2080464764191332,0
2023-07-28 10:54:15,22594.0,32209,2,22451.16,8404,8209,1.2035672532955917,0
2023-07-28 10:54:15,22594.0,32209,2,22451.16,8404,8209,1.2035672532955917,0
2023-07-28 10:54:15,22594.0,32209,2,22451.16,8404,8211,1.2035672532955917,0
2023-07-28 10:54:15,22594.0,32209,2,22451.16,8404,8208,1.2035672532955917,0
2023-07-28 10:54:15,22585.7,32209,9,22451.16,8404,8208,1.166389701370201,0
2023-07-28 10:54:19,22585.7,32229,9,22451.24,8384,8208,1.166389701370201,0
2023-07-28 10:54:19,22593.95,32229,3,22451.24,8384,8202,1.2033432921394178,0
2023-07-28 10:54:21,22593.95,32232,3,22451.25,8386,8201,1.2033432921394178,0
2023-07-28 10:54:21,22593.95,32232,3,22451.25,8386,8201,1.2033432921394178,0
2023-07-28 10:54:21,22593.95,32232,3,22451.25,8386,8201,1.2033432921394178,0
2023-07-28 10:54:21,22593.95,32232,3,22451.25,8386,8201,1.2033432921394178,0
2023-07-28 10:54:21,22593.95,32232,3,22451.25,8386,8213,1.2033432921394178,0
2023-07-28 10:54:21,22593.95,32232,3,22451.25,8386,8213,1.2033432921394178,0
2023-07-28 10:54:21,22593.95,32232,3,22451.25,8379,8210,1.2033432921394178,0
2023-07-28 10:54:21,22593.95,32232,3,22451.25,8365,8210,1.2033432921394178,0
2023-07-28 10:54:21,22593.95,32232,3,22451.25,8365,8212,1.2033432921394178,0
2023-07-28 10:54:21,22594.0,32232,1,22451.25,8364,8218,1.2035672532955917,0
2023-07-28 10:54:33,22585.7,32235,2,22451.27,8116,8207,1.166389701370201,0
2023-07-28 10:54:33,22585.7,32235,2,22451.27,8119,8216,1.166389701370201,0
2023-07-28 10:54:33,22585.7,32235,2,22451.27,8119,8216,1.166389701370201,0
2023-07-28 10:54:33,22585.7,32235,2,22451.27,8116,8216,1.166389701370201,0
2023-07-28 10:54:33,22585.7,32235,2,22451.27,8117,8238,1.166389701370201,0
2023-07-28 10:54:33,22585.7,32235,2,22451.27,8117,8238,1.166389701370201,0
2023-07-28 10:54:33,22585.7,32235,2,22451.27,8118,8238,1.166389701370201,0
2023-07-28 10:54:33,22585.7,32235,2,22451.27,8120,8238,1.166389701370201,0
2023-07-28 10:54:33,22585.7,32235,2,22451.27,8118,8246,1.166389701370201,0
2023-07-28 10:54:33,22585.7,32235,2,22451.27,8122,8246,1.166389701370201,0
2023-07-28 10:54:33,22585.7,32235,2,22451.27,8122,8246,1.166389701370201,0
2023-07-28 10:54:33,22585.7,32235,2,22451.27,8128,8246,1.166389701370201,0
2023-07-28 10:54:45,22593.95,32245,10,22451.31,8118,8236,1.2033432921394178,0
2023-07-28 10:54:45,22594.0,32245,1,22451.31,8118,8236,1.2035672532955917,0
2023-07-28 10:54:46,22594.0,32246,1,22451.32,8118,8235,1.2035672532955917,0
2023-07-28 10:54:46,22594.0,32246,1,22451.32,8122,8234,1.2035672532955917,0
2023-07-28 10:54:46,22594.0,32246,1,22451.32,8122,8234,1.2035672532955917,0
2023-07-28 10:54:46,22594.0,32246,1,22451.32,8122,8229,1.2035672532955917,0
2023-07-28 10:54:46,22594.0,32246,2,22451.32,8122,8229,1.2035672532955917,0
2023-07-28 10:54:51,22593.95,32248,2,22451.32,8130,8216,1.2033432921394178,0
2023-07-28 10:54:52,22593.95,32250,2,22451.33,8130,8226,1.2033432921394178,0
2023-07-28 10:54:52,22593.95,32250,2,22451.33,8106,8227,1.2033432921394178,0
2023-07-28 10:54:52,22593.95,32250,2,22451.33,8121,8227,1.2033432921394178,0
2023-07-28 10:54:52,22586.0,32250,4,22451.33,8121,8227,1.16773346830726,0
2023-07-28 10:54:55,22586.0,32255,4,22451.35,8105,8237,1.16773346830726,0
2023-07-28 10:54:55,22586.0,32255,4,22451.35,8105,8237,1.16773346830726,0
2023-07-28 10:54:55,22586.0,32255,4,22451.35,8105,8238,1.16773346830726,0
2023-07-28 10:54:55,22586.0,32255,4,22451.35,8103,8238,1.16773346830726,0
2023-07-28 10:54:55,22586.0,32255,1,22451.35,8103,8228,1.16773346830726,0
2023-07-28 10:55:00,22586.0,32256,1,22451.36,8101,8228,1.16773346830726,0
2023-07-28 10:55:00,22586.0,32256,1,22451.36,8093,8236,1.16773346830726,0
2023-07-28 10:55:00,22586.0,32256,1,22451.36,8079,8250,1.16773346830726,0
2023-07-28 10:55:00,22586.0,32256,1,22451.36,8091,8297,1.16773346830726,0
2023-07-28 10:55:00,22586.0,32256,1,22451.36,8091,8292,1.16773346830726,0
2023-07-28 10:55:00,22586.0,32256,1,22451.36,8100,8334,1.16773346830726,0
2023-07-28 10:55:00,22586.0,32256,1,22451.36,8100,8411,1.16773346830726,0
2023-07-28 10:55:00,22580.15,32256,9,22451.36,8100,8411,1.1415300130345492,0
2023-07-28 10:55:00,22580.15,32256,1,22451.36,8100,8411,1.1415300130345492,0
2023-07-28 10:55:00,22580.1,32256,5,22451.36,8100,8411,1.141306051878359,0
2023-07-28 10:55:18,22580.1,32292,5,22451.5,7983,8441,1.141306051878359,0
2023-07-28 10:55:18,22590.25,32292,5,22451.5,7983,8441,1.1867701665823112,0
2023-07-28 10:55:20,22590.25,32297,5,22451.53,8099,8547,1.1867701665823112,0
2023-07-28 10:55:20,22580.1,32297,3,22451.53,8099,8547,1.141306051878359,0
2023-07-28 10:55:25,22580.1,32300,3,22451.54,8098,8575,1.141306051878359,0
2023-07-28 10:55:25,22580.1,32300,3,22451.54,8098,8575,1.141306051878359,0
2023-07-28 10:55:32,22580.1,32304,3,22451.55,8103,8582,1.141306051878359,0
2023-07-28 10:55:32,22580.0,32304,1,22451.55,8103,8582,1.1408581295660114,0
2023-07-28 10:55:38,22580.0,32305,1,22451.56,8104,8588,1.1408581295660114,0
2023-07-28 10:55:38,22580.0,32305,1,22451.56,8104,8588,1.1408581295660114,0
2023-07-28 10:55:38,22570.0,32305,1,22451.56,8104,8588,1.0960658983305969,0
2023-07-28 10:55:41,22570.0,32492,1,22452.29,7727,8567,1.0960658983305969,0
2023-07-28 10:55:41,22568.15,32492,4,22452.29,7727,8567,1.0877793355520518,0
2023-07-28 10:55:43,22569.8,32498,16,22452.31,7873,8562,1.0951700537058853,0
2023-07-28 10:55:43,22569.75,32498,4,22452.31,7873,8562,1.0949460925497114,0
2023-07-28 10:55:43,22569.95,32498,8,22452.31,7873,8562,1.095841937174423,0
2023-07-28 10:55:43,22556.1,32498,12,22452.31,7873,8562,1.033804696913364,0
2023-07-28 10:55:50,22556.1,32559,12,22452.52,7897,8562,1.033804696913364,0
2023-07-28 10:55:50,22569.85,32559,10,22452.52,7897,8562,1.0953940148620591,0
2023-07-28 10:55:50,22569.9,32559,3,22452.52,7897,8562,1.0956179760182492,0
2023-07-28 10:55:50,22569.65,32559,5,22452.52,7897,8562,1.094498170237364,0
2023-07-28 10:55:55,22569.65,32627,5,22452.75,7847,8585,1.094498170237364,0
2023-07-28 10:55:55,22566.85,32627,1,22452.75,7847,8585,1.0819563454914347,0
2023-07-28 10:56:01,22565.95,32638,10,22452.79,7904,8559,1.0779250446802573,0
2023-07-28 10:56:01,22565.8,32638,4,22452.79,7904,8559,1.0772531612117195,0
2023-07-28 10:56:05,22565.8,32642,4,22452.8,7901,8560,1.0772531612117195,0
2023-07-28 10:56:05,22565.8,32642,4,22452.8,7912,8541,1.0772531612117195,0
2023-07-28 10:56:05,22565.8,32642,4,22452.8,7929,8538,1.0772531612117195,0
2023-07-28 10:56:05,22565.8,32642,4,22452.8,7935,8538,1.0772531612117195,0
2023-07-28 10:56:05,22565.8,32642,4,22452.8,7935,8538,1.0772531612117195,0
2023-07-28 10:56:05,22565.8,32642,4,22452.8,7935,8540,1.0772531612117195,0
2023-07-28 10:56:05,22565.8,32642,4,22452.8,7972,8536,1.0772531612117195,0
2023-07-28 10:56:05,22551.95,32642,2,22452.8,7972,8536,1.0152159209506768,0
2023-07-28 10:56:14,22551.95,32644,2,22452.81,7998,8538,1.0152159209506768,0
2023-07-28 10:56:14,22551.95,32644,2,22452.81,7999,8538,1.0152159209506768,0
2023-07-28 10:56:17,22552.0,32645,1,22452.81,8005,8539,1.0154398821068507,0
2023-07-28 10:56:17,22552.0,32645,1,22452.81,7904,8548,1.0154398821068507,0
2023-07-28 10:56:19,22551.75,32646,1,22452.81,7900,8557,1.0143200763259652,0
2023-07-28 10:56:19,22551.75,32646,1,22452.81,7900,8558,1.0143200763259652,0
2023-07-28 10:56:21,22552.0,32656,10,22452.84,7868,8538,1.0154398821068507,0
2023-07-28 10:56:21,22552.0,32656,10,22452.84,7868,8544,1.0154398821068507,0
2023-07-28 10:56:21,22552.0,32656,10,22452.84,7868,8544,1.0154398821068507,0
2023-07-28 10:56:21,22552.0,32656,10,22452.84,7867,8544,1.0154398821068507,0
2023-07-28 10:56:21,22552.0,32656,10,22452.84,7867,8544,1.0154398821068507,0
2023-07-28 10:56:21,22552.0,32656,10,22452.84,7867,8544,1.0154398821068507,0
2023-07-28 10:56:25,22551.8,32657,1,22452.85,7852,8570,1.014544037482139,0
2023-07-28 10:56:25,22551.8,32657,1,22452.85,7852,8570,1.014544037482139,0
2023-07-28 10:56:25,22551.8,32657,1,22452.85,7852,8570,1.014544037482139,0
2023-07-28 10:56:25,22551.8,32657,1,22452.85,7845,8570,1.014544037482139,0
2023-07-28 10:56:25,22551.8,32657,1,22452.85,7847,8570,1.014544037482139,0
2023-07-28 10:56:25,22551.7,32657,1,22452.85,7847,8570,1.0140961151697916,0
2023-07-28 10:56:28,22551.7,32658,1,22452.85,7825,8560,1.0140961151697916,0
2023-07-28 10:56:28,22551.7,32658,1,22452.85,7841,8501,1.0140961151697916,0
2023-07-28 10:56:28,22551.7,32658,1,22452.85,7641,8560,1.0140961151697916,0
2023-07-28 10:56:31,22550.0,32664,5,22452.87,7631,8582,1.0064814358597678,0
2023-07-28 10:56:31,22550.0,32664,5,22452.87,7831,8580,1.0064814358597678,0
2023-07-28 10:56:31,22550.0,32664,5,22452.87,7839,8570,1.0064814358597678,0
2023-07-28 10:56:31,22550.0,32664,5,22452.87,7839,8568,1.0064814358597678,0
2023-07-28 10:56:31,22550.0,32664,5,22452.87,7838,8568,1.0064814358597678,0
2023-07-28 10:56:31,22550.0,32664,5,22452.87,7834,8568,1.0064814358597678,0
2023-07-28 10:56:31,22550.0,32664,5,22452.87,7832,8575,1.0064814358597678,0
2023-07-28 10:56:31,22550.0,32664,5,22452.87,7836,8577,1.0064814358597678,0
2023-07-28 10:56:31,22550.0,32664,5,22452.87,7836,8573,1.0064814358597678,0
2023-07-28 10:56:31,22550.0,32664,5,22452.87,7834,8575,1.0064814358597678,0
2023-07-28 10:56:31,22550.0,32664,5,22452.87,7846,8555,1.0064814358597678,0
2023-07-28 10:56:31,22545.0,32664,2,22452.87,7846,8555,0.9840853202420605,0
2023-07-28 10:56:44,22545.0,32674,2,22452.89,7783,8557,0.9840853202420605,0
2023-07-28 10:56:44,22545.0,32674,2,22452.89,7783,8557,0.9840853202420605,0
2023-07-28 10:56:44,22545.0,32674,2,22452.89,7787,8548,0.9840853202420605,0
2023-07-28 10:56:44,22545.0,32674,2,22452.89,7785,8558,0.9840853202420605,0
2023-07-28 10:56:44,22545.0,32674,2,22452.89,7782,8558,0.9840853202420605,0
2023-07-28 10:56:50,22548.0,32675,1,22452.9,7789,8559,0.9975229896126848,0
2023-07-28 10:56:50,22548.0,32675,1,22452.9,7783,8542,0.9975229896126848,0
2023-07-28 10:56:50,22548.0,32675,1,22452.9,7787,8538,0.9975229896126848,0
2023-07-28 10:56:50,22545.0,32675,13,22452.9,7787,8538,0.9840853202420605,0
2023-07-28 10:56:54,22545.0,32688,13,22452.93,7768,8540,0.9840853202420605,0
2023-07-28 10:56:56,22540.0,32731,3,22453.05,7691,8535,0.9616892046243533,0
2023-07-28 10:56:56,22540.0,32731,3,22453.05,7695,8560,0.9616892046243533,0
2023-07-28 10:56:56,22533.95,32731,1,22453.05,7695,8560,0.9345899047269307,0
2023-07-28 10:56:57,22533.95,32732,1,22453.06,7720,8632,0.9345899047269307,0
2023-07-28 10:56:57,22533.95,32732,1,22453.06,7520,8629,0.9345899047269307,0
2023-07-28 10:56:57,22533.95,32732,1,22453.06,7723,8629,0.9345899047269307,0
2023-07-28 10:57:01,22534.6,32733,1,22453.06,7707,8622,0.9375013997572229,0
2023-07-28 10:57:01,22534.6,32733,1,22453.06,7714,8624,0.9375013997572229,0
2023-07-28 10:57:01,22526.35,32733,4,22453.06,7714,8624,0.9005478089880059,0
2023-07-28 10:57:03,22526.35,32753,4,22453.11,7647,8638,0.9005478089880059,0
2023-07-28 10:57:04,22526.35,32754,1,22453.11,7715,8652,0.9005478089880059,0
2023-07-28 10:57:05,22518.2,32836,1,22453.28,7569,8629,0.8640421405311528,0
2023-07-28 10:57:06,22520.45,32839,3,22453.29,7680,8641,0.8741203925591211,0
2023-07-28 10:57:06,22520.45,32839,3,22453.29,7729,8629,0.8741203925591211,0
2023-07-28 10:57:09,22524.1,32846,4,22453.3,7730,8625,0.8904695569600376,0
2023-07-28 10:57:10,22520.0,32921,17,22453.46,7580,8570,0.8721047421535242,0
2023-07-28 10:57:10,22521.0,32923,1,22453.46,7609,8563,0.8765839652770656,0
2023-07-28 10:57:10,22519.3,32923,2,22453.46,7609,8563,0.8689692859670419,0
2023-07-28 10:57:12,22519.3,32933,2,22453.48,7587,8601,0.8689692859670419,0
2023-07-28 10:57:12,22519.3,32933,2,22453.48,7612,8600,0.8689692859670419,0
2023-07-28 10:57:12,22519.3,32933,2,22453.48,7618,8602,0.8689692859670419,0
2023-07-28 10:57:12,22519.3,32933,2,22453.48,7618,8605,0.8689692859670419,0
2023-07-28 10:57:12,22519.3,32933,2,22453.48,7618,8605,0.8689692859670419,0
2023-07-28 10:57:12,22519.3,32933,2,22453.48,7615,8576,0.8689692859670419,0
2023-07-28 10:57:12,22519.3,32933,2,22453.48,7618,8580,0.8689692859670419,0
2023-07-28 10:57:12,22519.3,32933,2,22453.48,7617,8578,0.8689692859670419,0
2023-07-28 10:57:12,22519.3,32933,6,22453.48,7617,8578,0.8689692859670419,0
2023-07-28 10:57:20,22519.3,32939,6,22453.49,7637,8526,0.8689692859670419,0
2023-07-28 10:57:20,22519.3,32939,6,22453.49,7636,8437,0.8689692859670419,0
2023-07-28 10:57:20,22519.3,32939,6,22453.49,7634,8528,0.8689692859670419,0
2023-07-28 10:57:20,22519.3,32939,6,22453.49,7634,8528,0.8689692859670419,0
2023-07-28 10:57:20,22515.0,32939,9,22453.49,7634,8528,0.8497086265358169,0
2023-07-28 10:57:25,22515.0,32948,9,22453.51,7577,8587,0.8497086265358169,0
2023-07-28 10:57:25,22515.0,32948,9,22453.51,7577,8587,0.8497086265358169,0
2023-07-28 10:57:25,22515.0,32948,9,22453.51,7577,8590,0.8497086265358169,0
2023-07-28 10:57:25,22515.0,32948,9,22453.51,7574,8602,0.8497086265358169,0
2023-07-28 10:57:25,22515.0,32948,9,22453.51,7573,8602,0.8497086265358169,0
2023-07-28 10:57:25,22515.0,32948,9,22453.51,7573,8602,0.8497086265358169,0
2023-07-28 10:57:25,22515.0,32948,9,22453.51,7575,8601,0.8497086265358169,0
2023-07-28 10:57:25,22515.0,32948,9,22453.51,7575,8601,0.8497086265358169,0
2023-07-28 10:57:25,22515.0,32948,9,22453.51,7585,8590,0.8497086265358169,0
2023-07-28 10:57:25,22515.0,32948,9,22453.51,7585,8591,0.8497086265358169,0
2023-07-28 10:57:38,22515.0,32949,1,22453.51,7585,8595,0.8497086265358169,0
2023-07-28 10:57:38,22515.0,32949,1,22453.51,7584,8595,0.8497086265358169,0
2023-07-28 10:57:38,22515.0,32949,1,22453.51,7583,8595,0.8497086265358169,0
2023-07-28 10:57:38,22515.0,32949,1,22453.51,7583,8595,0.8497086265358169,0
2023-07-28 10:57:41,22515.0,32950,1,22453.51,7583,8595,0.8497086265358169,0
2023-07-28 10:57:44,22515.0,32970,14,22453.55,7578,8588,0.8497086265358169,0
2023-07-28 10:57:45,22515.0,32971,1,22453.55,7573,8589,0.8497086265358169,0
2023-07-28 10:57:45,22510.1,32971,1,22453.55,7573,8591,0.8277604332304572,0
2023-07-28 10:57:46,22510.1,32973,1,22453.56,7599,8591,0.8277604332304572,0
2023-07-28 10:57:46,22510.1,32973,1,22453.56,7599,8592,0.8277604332304572,0
2023-07-28 10:57:46,22510.1,32973,1,22453.56,7599,8592,0.8277604332304572,0
2023-07-28 10:57:46,22510.1,32973,1,22453.56,7578,8592,0.8277604332304572,0
2023-07-28 10:57:46,22510.1,32973,1,22453.56,7578,8592,0.8277604332304572,0
2023-07-28 10:57:46,22510.1,32973,1,22453.56,7578,8592,0.8277604332304572,0
2023-07-28 10:57:46,22510.1,32973,1,22453.56,7578,8592,0.8277604332304572,0
2023-07-28 10:57:46,22510.1,32973,1,22453.56,7578,8545,0.8277604332304572,0
2023-07-28 10:57:46,22516.85,32973,1,22453.56,7578,8545,0.8579951893143621,0
2023-07-28 10:57:56,22516.85,32974,1,22453.56,7578,8542,0.8579951893143621,0
2023-07-28 10:57:56,22516.85,32974,1,22453.56,7578,8542,0.8579951893143621,0
2023-07-28 10:58:00,22508.25,32980,1,22453.57,7574,8538,0.8194738704519121,0
2023-07-28 10:58:00,22508.25,32980,1,22453.57,7574,8538,0.8194738704519121,0
2023-07-28 10:58:00,22508.25,32980,1,22453.57,7577,8541,0.8194738704519121,0
2023-07-28 10:58:00,22506.05,32980,1,22453.57,7577,8541,0.8096195795801177,0
2023-07-28 10:58:00,22502.0,32980,1,22453.57,7577,8541,0.791478725929778,0
2023-07-28 10:58:03,22502.0,33000,1,22453.6,7589,8554,0.791478725929778,0
2023-07-28 10:58:03,22502.0,33000,1,22453.6,7589,8554,0.791478725929778,0
2023-07-28 10:58:06,22500.0,33020,1,22453.63,7569,8541,0.7825202796826951,0
2023-07-28 10:58:06,22500.0,33020,1,22453.63,7571,8541,0.7825202796826951,0
2023-07-28 10:58:06,22500.0,33020,1,22453.63,7571,8534,0.7825202796826951,0
2023-07-28 10:58:06,22500.0,33020,1,22453.63,7587,8508,0.7825202796826951,0
2023-07-28 10:58:06,22502.0,33020,1,22453.63,7587,8508,0.791478725929778,0
2023-07-28 10:58:10,22502.0,33022,1,22453.63,7588,8514,0.791478725929778,0
2023-07-28 10:58:10,22502.0,33022,1,22453.63,7588,8511,0.791478725929778,0
2023-07-28 10:58:10,22500.0,33022,1,22453.63,7588,8511,0.7825202796826951,0
2023-07-28 10:58:13,22502.0,33028,5,22453.64,7585,8503,0.791478725929778,0
2023-07-28 10:58:13,22502.0,33028,5,22453.64,7588,8503,0.791478725929778,0
2023-07-28 10:58:13,22502.0,33028,5,22453.64,7590,8513,0.791478725929778,0
2023-07-28 10:58:13,22502.0,33028,5,22453.64,7590,8513,0.791478725929778,0
2023-07-28 10:58:17,22502.1,33029,15,22453.64,7589,8513,0.7919266482421257,0
2023-07-28 10:58:18,22502.1,33058,15,22453.68,7584,8494,0.7919266482421257,0
2023-07-28 10:58:18,22502.1,33058,15,22453.68,7584,8521,0.7919266482421257,0
2023-07-28 10:58:18,22502.1,33058,15,22453.68,7584,8522,0.7919266482421257,0
2023-07-28 10:58:18,22502.1,33058,15,22453.68,7584,8522,0.7919266482421257,0
2023-07-28 10:58:18,22500.0,33058,1,22453.68,7584,8522,0.7825202796826951,0
2023-07-28 10:58:24,22500.0,33059,1,22453.68,7561,8521,0.7825202796826951,0
2023-07-28 10:58:24,22500.0,33059,1,22453.68,7105,8454,0.7825202796826951,0
2023-07-28 10:58:24,22500.0,33059,1,22453.68,7526,8422,0.7825202796826951,0
2023-07-28 10:58:24,22500.0,33059,1,22453.68,7328,8447,0.7825202796826951,0
2023-07-28 10:58:24,22500.0,33059,1,22453.68,7528,8447,0.7825202796826951,0
2023-07-28 10:58:24,22500.0,33059,1,22453.68,7530,8447,0.7825202796826951,0
2023-07-28 10:58:24,22500.0,33059,1,22453.68,7530,8447,0.7825202796826951,0
2023-07-28 10:58:24,22500.0,33059,1,22453.68,7537,8446,0.7825202796826951,0
2023-07-28 10:58:24,22500.0,33059,1,22453.68,7539,8444,0.7825202796826951,0
2023-07-28 10:58:24,22500.0,33059,1,22453.68,7542,8446,0.7825202796826951,0
2023-07-28 10:58:24,22502.1,33059,6,22453.68,7542,8446,0.7919266482421257,0
2023-07-28 10:58:36,22500.0,33071,5,22453.7,7338,8434,0.7825202796826951,0
2023-07-28 10:58:36,22500.0,33071,5,22453.7,7338,8434,0.7825202796826951,0
2023-07-28 10:58:36,22500.0,33071,5,22453.7,7343,8434,0.7825202796826951,0
2023-07-28 10:58:36,22500.0,33071,5,22453.7,7344,8434,0.7825202796826951,0
2023-07-28 10:58:36,22500.0,33071,5,22453.7,7544,8434,0.7825202796826951,0
2023-07-28 10:58:36,22500.0,33071,5,22453.7,7544,8435,0.7825202796826951,0
2023-07-28 10:58:36,22502.1,33071,2,22453.7,7547,8437,0.7919266482421257,0
2023-07-28 10:58:43,22500.0,33075,2,22453.71,7549,8431,0.7825202796826951,0
2023-07-28 10:58:43,22500.0,33075,1,22453.71,7549,8431,0.7825202796826951,0
2023-07-28 10:58:44,22500.0,33076,1,22453.71,7542,8434,0.7825202796826951,0
2023-07-28 10:58:44,22500.0,33076,1,22453.71,7542,8434,0.7825202796826951,0
2023-07-28 10:58:44,22500.0,33076,1,22453.71,7542,8434,0.7825202796826951,0
2023-07-28 10:58:44,22500.0,33076,1,22453.71,7532,8477,0.7825202796826951,0
2023-07-28 10:58:44,22500.0,33076,18,22453.71,7532,8477,0.7825202796826951,0
2023-07-28 10:58:48,22500.0,33095,18,22453.74,7511,8488,0.7825202796826951,0
2023-07-28 10:58:48,22500.0,33095,18,22453.74,7516,8488,0.7825202796826951,0
2023-07-28 10:58:48,22500.0,33095,18,22453.74,7468,8497,0.7825202796826951,0
2023-07-28 10:58:48,22500.0,33095,18,22453.74,7463,8495,0.7825202796826951,0
2023-07-28 10:58:48,22500.0,33095,18,22453.74,7463,8491,0.7825202796826951,0
2023-07-28 10:58:48,22500.0,33095,18,22453.74,7473,8491,0.7825202796826951,0
2023-07-28 10:58:48,22500.0,33095,18,22453.74,7472,8486,0.7825202796826951,0
2023-07-28 10:58:48,22500.0,33095,18,22453.74,7473,8501,0.7825202796826951,0
2023-07-28 10:59:00,22500.0,33105,5,22453.75,7464,8501,0.7825202796826951,0
2023-07-28 10:59:00,22500.0,33105,5,22453.75,7465,8501,0.7825202796826951,0
2023-07-28 10:59:00,22500.0,33105,5,22453.75,7465,8501,0.7825202796826951,0
2023-07-28 10:59:00,22500.0,33105,1,22453.75,7465,8501,0.7825202796826951,0
2023-07-28 10:59:03,22502.05,33151,31,22453.82,7421,8476,0.7917026870859518,0
2023-07-28 10:59:03,22502.05,33151,31,22453.82,7421,8482,0.7917026870859518,0
2023-07-28 10:59:03,22502.05,33151,31,22453.82,7510,8478,0.7917026870859518,0
2023-07-28 10:59:03,22502.05,33151,31,22453.82,7514,8478,0.7917026870859518,0
2023-07-28 10:59:03,22502.05,33151,31,22453.82,7529,8477,0.7917026870859518,0
2023-07-28 10:59:03,22502.05,33151,1,22453.82,7529,8477,0.7917026870859518,0
2023-07-28 10:59:17,22502.1,33167,15,22453.84,7525,8516,0.7919266482421257,0
2023-07-28 10:59:17,22502.1,33167,15,22453.84,7568,8527,0.7919266482421257,0
2023-07-28 10:59:17,22502.15,33167,11,22453.84,7568,8527,0.7921506093983157,0
2023-07-28 10:59:17,22502.15,33167,11,22453.84,7568,8527,0.7921506093983157,0
2023-07-28 10:59:17,22502.15,33167,11,22453.84,7568,8527,0.7921506093983157,0
2023-07-28 10:59:17,22502.15,33167,11,22453.84,7568,8527,0.7921506093983157,0
2023-07-28 10:59:17,22504.35,33167,1,22453.84,7568,8527,0.802004900270094,0
2023-07-28 10:59:17,22504.35,33167,1,22453.84,7568,8527,0.802004900270094,0
2023-07-28 10:59:17,22504.35,33167,1,22453.84,7568,8527,0.802004900270094,0
2023-07-28 10:59:17,22504.35,33167,1,22453.84,7568,8527,0.802004900270094,0
2023-07-28 10:59:17,22504.45,33167,1,22453.84,7568,8527,0.8024528225824579,0
2023-07-28 10:59:27,22504.45,33187,1,22453.87,7587,8575,0.8024528225824579,0
2023-07-28 10:59:27,22504.45,33187,1,22453.87,7589,8557,0.8024528225824579,0
2023-07-28 10:59:27,22504.45,33187,1,22453.87,7589,8557,0.8024528225824579,0
2023-07-28 10:59:27,22504.45,33187,1,22453.87,7589,8557,0.8024528225824579,0
2023-07-28 10:59:37,22504.45,33189,1,22453.87,7593,8568,0.8024528225824579,0
2023-07-28 10:59:37,22504.45,33189,1,22453.87,7591,8558,0.8024528225824579,0
2023-07-28 10:59:47,22502.0,33190,1,22453.87,7613,8565,0.791478725929778,0
2023-07-28 10:59:47,22502.0,33190,2,22453.87,7613,8565,0.791478725929778,0
2023-07-28 10:59:52,22502.0,33195,2,22453.88,7600,8573,0.791478725929778,0
2023-07-28 10:59:52,22504.45,33195,10,22453.88,7600,8573,0.8024528225824579,0
2023-07-28 10:59:56,22504.0,33206,1,22453.9,7603,8544,0.800437172176861,0
2023-07-28 10:59:56,22502.0,33206,8,22453.9,7603,8544,0.791478725929778,0
2023-07-28 10:59:57,22502.0,33215,8,22453.91,7596,8510,0.791478725929778,0
2023-07-28 10:59:57,22501.0,33215,1,22453.91,7596,8510,0.7869995028062365,0
2023-07-28 11:00:02,22501.0,33216,1,22453.91,7593,8515,0.7869995028062365,0
2023-07-28 11:00:02,22504.0,33216,1,22453.91,7593,8515,0.800437172176861,0
2023-07-28 11:00:06,22504.0,33217,1,22453.91,7604,8492,0.800437172176861,0
2023-07-28 11:00:15,22504.1,33219,2,22453.92,7610,8494,0.8008850944892085,0
2023-07-28 11:00:15,22504.1,33219,2,22453.92,7607,8492,0.8008850944892085,0
2023-07-28 11:00:15,22504.1,33219,2,22453.92,7604,8492,0.8008850944892085,0
2023-07-28 11:00:15,22504.1,33219,2,22453.92,7605,8495,0.8008850944892085,0
2023-07-28 11:00:15,22504.1,33219,2,22453.92,7608,8493,0.8008850944892085,0
2023-07-28 11:00:15,22504.1,33219,1,22453.92,7608,8493,0.8008850944892085,0
2023-07-28 11:00:35,22504.1,33220,1,22453.92,7609,8508,0.8008850944892085,0
2023-07-28 11:00:35,22504.1,33220,1,22453.92,7609,8508,0.8008850944892085,0
2023-07-28 11:00:35,22504.1,33220,1,22453.92,7609,8508,0.8008850944892085,0
2023-07-28 11:00:41,22504.1,33222,1,22453.92,7609,8508,0.8008850944892085,0
2023-07-28 11:00:46,22500.0,33224,1,22453.92,7612,8513,0.7825202796826951,0
2023-07-28 11:00:46,22500.0,33224,1,22453.92,7612,8513,0.7825202796826951,0
2023-07-28 11:00:46,22517.95,33224,1,22453.92,7612,8513,0.8629223347502675,0
2023-07-28 11:00:46,22521.3,33224,3,22453.92,7612,8513,0.8779277322141248,0
2023-07-28 11:00:46,22518.95,33224,1,22453.92,7612,8513,0.8674015578738089,0
2023-07-28 11:00:49,22537.8,33420,4,22454.26,7835,8359,0.9518349137525588,0
2023-07-28 11:00:50,22537.8,33430,4,22454.29,7817,8360,0.9518349137525588,0
2023-07-28 11:00:50,22537.85,33430,1,22454.29,7817,8360,0.9520588749087326,0
2023-07-28 11:00:50,22524.05,33430,1,22454.29,7817,8360,0.8902455958038638,0
2023-07-28 11:00:50,22524.3,33430,1,22454.29,7817,8360,0.8913654015847492,0
2023-07-28 11:00:57,22537.95,33491,4,22454.43,7814,8352,0.9525067972210965,0
2023-07-28 11:00:59,22537.95,33495,4,22454.44,7801,8380,0.9525067972210965,0
2023-07-28 11:00:59,22537.95,33495,4,22454.44,7800,8374,0.9525067972210965,0
2023-07-28 11:00:59,22537.95,33495,4,22454.44,7798,8370,0.9525067972210965,0
2023-07-28 11:01:07,22522.8,33510,4,22454.48,7761,8387,0.884646566899437,0
2023-07-28 11:01:07,22522.8,33510,4,22454.48,7769,8405,0.884646566899437,0
2023-07-28 11:01:07,22522.8,33510,4,22454.48,7786,8397,0.884646566899437,0
2023-07-28 11:01:07,22522.8,33510,4,22454.48,7788,8402,0.884646566899437,0
2023-07-28 11:01:07,22522.8,33510,4,22454.48,7792,8400,0.884646566899437,0
2023-07-28 11:01:07,22522.8,33510,4,22454.48,7789,8401,0.884646566899437,0
2023-07-28 11:01:07,22522.8,33510,4,22454.48,7785,8390,0.884646566899437,0
2023-07-28 11:01:07,22522.8,33510,4,22454.48,7758,8401,0.884646566899437,0
2023-07-28 11:01:16,22520.0,33512,1,22454.48,7773,8410,0.8721047421535242,0
2023-07-28 11:01:16,22520.0,33512,1,22454.48,7777,8420,0.8721047421535242,0
2023-07-28 11:01:16,22520.0,33512,1,22454.48,7797,8443,0.8721047421535242,0
2023-07-28 11:01:16,22520.0,33512,1,22454.48,7803,8446,0.8721047421535242,0
2023-07-28 11:01:16,22520.0,33512,1,22454.48,7597,8439,0.8721047421535242,0
2023-07-28 11:01:16,22520.0,33512,1,22454.48,7599,8440,0.8721047421535242,0
2023-07-28 11:01:16,22520.0,33512,1,22454.48,7757,8435,0.8721047421535242,0
2023-07-28 11:01:16,22520.0,33512,1,22454.48,7767,8435,0.8721047421535242,0
2023-07-28 11:01:16,22520.0,33512,1,22454.48,7770,8435,0.8721047421535242,0
2023-07-28 11:01:25,22535.9,33513,1,22454.48,7759,8455,0.9433243898178398,0
2023-07-28 11:01:25,22535.9,33513,1,22454.48,7766,8462,0.9433243898178398,0
2023-07-28 11:01:25,22535.85,33513,1,22454.48,7766,8462,0.9431004286616497,0
2023-07-28 11:01:27,22535.85,33515,1,22454.49,7754,8460,0.9431004286616497,0
2023-07-28 11:01:27,22535.85,33515,1,22454.49,7680,8459,0.9431004286616497,0
2023-07-28 11:01:27,22522.85,33515,1,22454.49,7680,8459,0.8848705280556108,0
2023-07-28 11:01:30,22522.85,33516,1,22454.49,7701,8438,0.8848705280556108,0
2023-07-28 11:01:30,22522.85,33516,1,22454.49,7704,8437,0.8848705280556108,0
2023-07-28 11:01:30,22522.85,33516,1,22454.49,7701,8441,0.8848705280556108,0
2023-07-28 11:01:30,22522.85,33516,1,22454.49,7705,8444,0.8848705280556108,0
2023-07-28 11:01:30,22522.85,33516,1,22454.49,7701,8450,0.8848705280556108,0
2023-07-28 11:01:30,22522.85,33516,1,22454.49,7700,8452,0.8848705280556108,0
2023-07-28 11:01:30,22522.85,33516,1,22454.49,7698,8448,0.8848705280556108,0
2023-07-28 11:01:30,22522.85,33516,1,22454.49,7716,8451,0.8848705280556108,0
2023-07-28 11:01:30,22522.85,33516,1,22454.49,7518,8452,0.8848705280556108,0
2023-07-28 11:01:30,22522.85,33516,1,22454.49,7712,8454,0.8848705280556108,0
2023-07-28 11:01:30,22534.9,33516,1,22454.49,7712,8454,0.9388451666942984,0
2023-07-28 11:01:41,22534.9,33517,1,22454.49,7730,8441,0.9388451666942984,0
2023-07-28 11:01:41,22534.9,33517,1,22454.49,7726,8449,0.9388451666942984,0
2023-07-28 11:01:41,22534.9,33517,1,22454.49,7728,8442,0.9388451666942984,0
2023-07-28 11:01:41,22534.9,33517,1,22454.49,7723,8433,0.9388451666942984,0
2023-07-28 11:01:41,22534.9,33517,1,22454.49,7730,8447,0.9388451666942984,0
2023-07-28 11:01:41,22534.9,33517,1,22454.49,7747,8555,0.9388451666942984,0
2023-07-28 11:01:41,22534.9,33517,1,22454.49,7730,8551,0.9388451666942984,0
2023-07-28 11:01:41,22534.9,33517,1,22454.49,7717,8563,0.9388451666942984,0
2023-07-28 11:01:41,22534.9,33517,1,22454.49,7739,8559,0.9388451666942984,0
2023-07-28 11:01:41,22534.9,33517,1,22454.49,7733,8561,0.9388451666942984,0
2023-07-28 11:01:41,22534.9,33517,1,22454.49,7533,8562,0.9388451666942984,0
2023-07-28 11:01:41,22534.9,33517,1,22454.49,7735,8562,0.9388451666942984,0
2023-07-28 11:01:41,22534.9,33517,1,22454.49,7730,8680,0.9388451666942984,0
2023-07-28 11:01:41,22534.9,33517,1,22454.49,7737,8666,0.9388451666942984,0
2023-07-28 11:01:56,22534.9,33518,1,22454.49,7742,8664,0.9388451666942984,0
2023-07-28 11:01:56,22522.85,33518,1,22454.49,7741,8661,0.8848705280556108,0
2023-07-28 11:01:58,22522.85,33519,1,22454.5,7702,8766,0.8848705280556108,0
2023-07-28 11:01:58,22522.85,33519,1,22454.5,7706,8765,0.8848705280556108,0
2023-07-28 11:01:58,22522.85,33519,1,22454.5,7705,8769,0.8848705280556108,0
2023-07-28 11:01:58,22522.85,33519,1,22454.5,7705,8769,0.8848705280556108,0
2023-07-28 11:01:58,22522.85,33519,1,22454.5,7705,8769,0.8848705280556108,0
2023-07-28 11:01:58,22522.85,33519,1,22454.5,7706,8769,0.8848705280556108,0
2023-07-28 11:01:58,22522.85,33519,1,22454.5,7713,8701,0.8848705280556108,0
2023-07-28 11:01:58,22522.85,33519,1,22454.5,7721,8695,0.8848705280556108,0
2023-07-28 11:01:58,22516.6,33519,3,22454.5,7721,8695,0.8568753835334767,0
2023-07-28 11:02:06,22516.6,33569,3,22454.59,7676,8709,0.8568753835334767,0
2023-07-28 11:02:07,22532.6,33572,1,22454.6,7658,8696,0.9285429535101399,0
2023-07-28 11:02:07,22532.6,33572,1,22454.6,7658,8697,0.9285429535101399,0
2023-07-28 11:02:07,22532.6,33572,1,22454.6,7657,8697,0.9285429535101399,0
2023-07-28 11:02:07,22532.6,33572,1,22454.6,7660,8689,0.9285429535101399,0
2023-07-28 11:02:07,22532.6,33572,1,22454.6,7661,8689,0.9285429535101399,0
2023-07-28 11:02:07,22533.1,33572,1,22454.6,7661,8689,0.9307825650719107,0
2023-07-28 11:02:14,22523.0,33574,1,22454.61,7672,8686,0.8855424115241486,0
2023-07-28 11:02:14,22523.0,33574,1,22454.61,7469,8686,0.8855424115241486,0
2023-07-28 11:02:14,22523.0,33574,1,22454.61,7477,8688,0.8855424115241486,0
2023-07-28 11:02:14,22523.0,33574,1,22454.61,7678,8688,0.8855424115241486,0
2023-07-28 11:02:14,22523.0,33574,1,22454.61,7477,8688,0.8855424115241486,0
2023-07-28 11:02:14,22523.0,33574,1,22454.61,7677,8688,0.8855424115241486,0
2023-07-28 11:02:14,22523.0,33574,1,22454.61,7679,8688,0.8855424115241486,0
2023-07-28 11:02:14,22523.0,33574,1,22454.61,7476,8693,0.8855424115241486,0
2023-07-28 11:02:14,22523.0,33574,1,22454.61,7476,8693,0.8855424115241486,0
2023-07-28 11:02:14,22523.0,33574,1,22454.61,7483,8686,0.8855424115241486,0
2023-07-28 11:02:14,22523.0,33574,1,22454.61,7483,8686,0.8855424115241486,0
2023-07-28 11:02:14,22523.0,33574,1,22454.61,7478,8676,0.8855424115241486,0
2023-07-28 11:02:14,22523.0,33574,1,22454.61,7478,8676,0.8855424115241486,0
2023-07-28 11:02:14,22523.0,33574,1,22454.61,7476,8680,0.8855424115241486,0
2023-07-28 11:02:14,22532.95,33574,1,22454.61,7287,8680,0.9301106816033893,0
2023-07-28 11:02:14,22532.95,33574,1,22454.61,7287,8680,0.9301106816033893,0
2023-07-28 11:02:26,22532.95,33575,1,22454.61,7687,8677,0.9301106816033893,0
2023-07-28 11:02:26,22532.95,33575,1,22454.61,7686,8671,0.9301106816033893,0
2023-07-28 11:02:26,22532.95,33575,1,22454.61,7686,8671,0.9301106816033893,0
2023-07-28 11:02:29,22532.95,33576,1,22454.61,7690,8670,0.9301106816033893,0
2023-07-28 11:02:29,22532.95,33576,1,22454.61,7692,8670,0.9301106816033893,0
2023-07-28 11:02:29,22532.95,33576,1,22454.61,7492,8673,0.9301106816033893,0
2023-07-28 11:02:29,22532.95,33576,1,22454.61,7694,8669,0.9301106816033893,0
2023-07-28 11:02:29,22532.95,33576,1,22454.61,7692,8673,0.9301106816033893,0
2023-07-28 11:02:29,22532.95,33576,1,22454.61,7692,8673,0.9301106816033893,0
2023-07-28 11:02:29,22532.95,33576,1,22454.61,7692,8673,0.9301106816033893,0
2023-07-28 11:02:29,22532.95,33576,1,22454.61,7698,8665,0.9301106816033893,0
2023-07-28 11:02:29,22532.95,33576,1,22454.61,7695,8665,0.9301106816033893,0
2023-07-28 11:02:29,22532.95,33576,1,22454.61,7695,8669,0.9301106816033893,0
2023-07-28 11:02:29,22532.95,33576,1,22454.61,7695,8666,0.9301106816033893,0
2023-07-28 11:02:29,22532.95,33576,1,22454.61,7695,8666,0.9301106816033893,0
2023-07-28 11:02:41,22532.95,33577,1,22454.61,7696,8664,0.9301106816033893,0
2023-07-28 11:02:41,22532.95,33577,1,22454.61,7696,8664,0.9301106816033893,0
2023-07-28 11:02:41,22532.95,33577,1,22454.61,7705,8666,0.9301106816033893,0
2023-07-28 11:02:41,22532.95,33577,1,22454.61,7705,8663,0.9301106816033893,0
2023-07-28 11:02:41,22532.95,33577,1,22454.61,7705,8665,0.9301106816033893,0
2023-07-28 11:02:41,22532.95,33577,1,22454.61,7705,8663,0.9301106816033893,0
2023-07-28 11:02:41,22532.95,33577,1,22454.61,7505,8663,0.9301106816033893,0
2023-07-28 11:02:41,22532.95,33577,1,22454.61,7706,8666,0.9301106816033893,0
2023-07-28 11:02:41,22532.95,33577,1,22454.61,7706,8662,0.9301106816033893,0
2023-07-28 11:02:41,22532.95,33577,1,22454.61,7706,8662,0.9301106816033893,0
2023-07-28 11:02:41,22532.95,33577,1,22454.61,7711,8662,0.9301106816033893,0
2023-07-28 11:02:41,22530.0,33577,1,22454.61,7711,8662,0.9168969733889387,0
2023-07-28 11:02:57,22532.95,33583,1,22454.63,7705,8662,0.9301106816033893,0
2023-07-28 11:02:57,22532.95,33583,1,22454.63,7707,8662,0.9301106816033893,0
2023-07-28 11:02:57,22532.95,33583,1,22454.63,7707,8662,0.9301106816033893,0
2023-07-28 11:02:57,22532.95,33583,1,22454.63,7708,8661,0.9301106816033893,0
2023-07-28 11:02:57,22532.95,33583,1,22454.63,7708,8659,0.9301106816033893,0
2023-07-28 11:02:57,22532.95,33583,1,22454.63,7713,8661,0.9301106816033893,0
2023-07-28 11:02:57,22532.95,33583,1,22454.63,7704,8659,0.9301106816033893,0
2023-07-28 11:02:57,22532.95,33583,1,22454.63,7705,8659,0.9301106816033893,0
2023-07-28 11:02:57,22532.95,33583,1,22454.63,7708,8654,0.9301106816033893,0
2023-07-28 11:02:57,22532.95,33583,1,22454.63,7706,8654,0.9301106816033893,0
2023-07-28 11:02:57,22532.95,33583,1,22454.63,7707,8655,0.9301106816033893,0
2023-07-28 11:02:57,22532.95,33583,1,22454.63,7705,8657,0.9301106816033893,0
2023-07-28 11:03:11,22532.4,33584,1,22454.63,7703,8653,0.9276471088854448,0
2023-07-28 11:03:11,22532.4,33584,1,22454.63,7707,8651,0.9276471088854448,0
2023-07-28 11:03:11,22532.4,33584,2,22454.63,7707,8651,0.9276471088854448,0
2023-07-28 11:03:12,22532.4,33586,2,22454.63,7764,8660,0.9276471088854448,0
2023-07-28 11:03:12,22532.4,33586,2,22454.63,7767,8684,0.9276471088854448,0
2023-07-28 11:03:12,22532.4,33586,2,22454.63,7768,8696,0.9276471088854448,0
2023-07-28 11:03:12,22532.4,33586,2,22454.63,7764,8674,0.9276471088854448,0
2023-07-28 11:03:12,22532.4,33586,2,22454.63,7773,8670,0.9276471088854448,0
2023-07-28 11:03:12,22532.4,33586,2,22454.63,7773,8672,0.9276471088854448,0
2023-07-28 11:03:12,22532.4,33586,2,22454.63,7773,8668,0.9276471088854448,0
2023-07-28 11:03:12,22532.4,33586,2,22454.63,7778,8693,0.9276471088854448,0
2023-07-28 11:03:12,22532.4,33586,2,22454.63,7783,8693,0.9276471088854448,0
2023-07-28 11:03:22,22535.95,33589,2,22454.64,7783,8703,0.9435483509740136,0
2023-07-28 11:03:22,22535.95,33589,2,22454.64,7783,8705,0.9435483509740136,0
2023-07-28 11:03:22,22535.95,33589,2,22454.64,7783,8707,0.9435483509740136,0
2023-07-28 11:03:22,22535.95,33589,2,22454.64,7788,8704,0.9435483509740136,0
2023-07-28 11:03:26,22535.95,33590,1,22454.64,7787,8705,0.9435483509740136,0
2023-07-28 11:03:26,22535.95,33590,1,22454.64,7778,8678,0.9435483509740136,0
2023-07-28 11:03:26,22535.95,33590,1,22454.64,7780,8678,0.9435483509740136,0
2023-07-28 11:03:26,22535.95,33590,1,22454.64,7777,8685,0.9435483509740136,0
2023-07-28 11:03:26,22535.95,33590,1,22454.64,7780,8703,0.9435483509740136,0
2023-07-28 11:03:26,22535.95,33590,1,22454.64,7780,8684,0.9435483509740136,0
2023-07-28 11:03:26,22535.95,33590,1,22454.64,7780,8685,0.9435483509740136,0
2023-07-28 11:03:26,22535.9,33590,1,22454.64,7780,8685,0.9433243898178398,0
2023-07-28 11:03:33,22535.9,33591,1,22454.65,7776,8696,0.9433243898178398,0
2023-07-28 11:03:33,22535.9,33591,1,22454.65,7375,8685,0.9433243898178398,0
2023-07-28 11:03:33,22535.9,33591,1,22454.65,7777,8704,0.9433243898178398,0
2023-07-28 11:03:33,22535.9,33591,1,22454.65,7774,8690,0.9433243898178398,0
2023-07-28 11:03:33,22535.9,33591,1,22454.65,7775,8687,0.9433243898178398,0
2023-07-28 11:03:38,22535.95,33595,1,22454.66,7776,8682,0.9435483509740136,0
2023-07-28 11:03:38,22535.95,33596,1,22454.66,7784,8677,0.9435483509740136,0
2023-07-28 11:03:38,22535.95,33596,1,22454.66,7784,8688,0.9435483509740136,0
2023-07-28 11:03:38,22535.95,33596,1,22454.66,7783,8693,0.9435483509740136,0
2023-07-28 11:03:42,22532.95,33598,1,22454.66,7581,8695,0.9301106816033893,0
2023-07-28 11:03:42,22532.95,33598,1,22454.66,7781,8695,0.9301106816033893,0
2023-07-28 11:03:42,22532.95,33598,1,22454.66,7769,8686,0.9301106816033893,0
2023-07-28 11:03:42,22532.95,33598,1,22454.66,7758,8693,0.9301106816033893,0
2023-07-28 11:03:42,22532.95,33598,1,22454.66,7766,8695,0.9301106816033893,0
2023-07-28 11:03:42,22535.7,33598,1,22454.66,7768,8695,0.9424285451931282,0
2023-07-28 11:03:50,22535.7,33599,1,22454.66,7368,8691,0.9424285451931282,0
2023-07-28 11:03:50,22535.7,33599,2,22454.66,7368,8691,0.9424285451931282,0
2023-07-28 11:03:51,22535.7,33601,2,22454.67,7766,8697,0.9424285451931282,0
2023-07-28 11:03:51,22535.7,33601,2,22454.67,7769,8697,0.9424285451931282,0
2023-07-28 11:03:51,22523.05,33601,1,22454.67,7769,8720,0.8857663726803223,0
2023-07-28 11:03:55,22532.95,33628,2,22454.73,7742,8744,0.9301106816033893,0
2023-07-28 11:03:55,22532.95,33628,2,22454.73,7752,8707,0.9301106816033893,0
2023-07-28 11:03:55,22532.95,33628,2,22454.73,7744,8734,0.9301106816033893,0
2023-07-28 11:03:55,22532.95,33628,2,22454.73,7741,8730,0.9301106816033893,0
2023-07-28 11:03:55,22532.95,33628,2,22454.73,7757,8721,0.9301106816033893,0
2023-07-28 11:03:55,22532.95,33628,2,22454.73,7751,8730,0.9301106816033893,0
2023-07-28 11:03:55,22532.95,33628,2,22454.73,7753,8721,0.9301106816033893,0
2023-07-28 11:03:55,22533.0,33628,82,22454.73,7753,8721,0.9303346427595631,0
2023-07-28 11:04:02,22533.0,33710,82,22454.92,7635,8726,0.9303346427595631,0
2023-07-28 11:04:02,22533.6,33710,1,22454.92,7635,8726,0.9330221766336815,0
2023-07-28 11:04:04,22533.6,33714,1,22454.93,7663,8720,0.9330221766336815,0
2023-07-28 11:04:04,22533.6,33714,1,22454.93,7675,8721,0.9330221766336815,0
2023-07-28 11:04:04,22533.6,33714,1,22454.93,7667,8726,0.9330221766336815,0
2023-07-28 11:04:04,22533.6,33714,1,22454.93,7659,8709,0.9330221766336815,0
2023-07-28 11:04:04,22520.55,33714,2,22454.93,7590,8773,0.8745683148714687,0
2023-07-28 11:04:09,22520.55,33716,2,22454.93,7597,8760,0.8745683148714687,0
2023-07-28 11:04:11,22520.55,33717,1,22454.93,7595,8761,0.8745683148714687,0
2023-07-28 11:04:12,22522.3,33754,1,22455.0,7602,8739,0.8824069553376662,0
2023-07-28 11:04:12,22522.3,33755,1,22455.0,7630,8700,0.8824069553376662,0
2023-07-28 11:04:12,22522.3,33755,1,22455.0,7612,8695,0.8824069553376662,0
2023-07-28 11:04:12,22522.3,33755,1,22455.0,7600,8711,0.8824069553376662,0
2023-07-28 11:04:16,22522.5,33760,4,22455.01,7623,8709,0.8833027999623778,0
2023-07-28 11:04:16,22522.5,33760,4,22455.01,7625,8687,0.8833027999623778,0
2023-07-28 11:04:16,22522.5,33760,4,22455.01,7601,8705,0.8833027999623778,0
2023-07-28 11:04:16,22522.5,33760,4,22455.01,7405,8707,0.8833027999623778,0
2023-07-28 11:04:16,22522.5,33760,4,22455.01,7603,8699,0.8833027999623778,0
2023-07-28 11:04:16,22522.5,33760,4,22455.01,7601,8704,0.8833027999623778,0
2023-07-28 11:04:16,22522.5,33760,4,22455.01,7611,8706,0.8833027999623778,0
2023-07-28 11:04:16,22522.5,33760,4,22455.01,7589,8713,0.8833027999623778,0
2023-07-28 11:04:16,22510.05,33760,1,22455.01,7589,8713,0.8275364720742835,0
2023-07-28 11:04:26,22510.0,33791,2,22455.06,7537,8717,0.8273125109181096,0
2023-07-28 11:04:26,22510.0,33791,2,22455.06,7574,8707,0.8273125109181096,0
2023-07-28 11:04:28,22510.0,33796,5,22455.07,7575,8703,0.8273125109181096,0
2023-07-28 11:04:28,22510.0,33796,5,22455.07,7573,8703,0.8273125109181096,0
2023-07-28 11:04:30,22506.1,33801,5,22455.07,7566,8704,0.8098435407362915,0
2023-07-28 11:04:30,22506.1,33801,5,22455.07,7557,8713,0.8098435407362915,0
2023-07-28 11:04:30,22506.1,33801,5,22455.07,7357,8709,0.8098435407362915,0
2023-07-28 11:04:30,22506.1,33801,5,22455.07,7542,8712,0.8098435407362915,0
2023-07-28 11:04:30,22506.1,33801,5,22455.07,7534,8713,0.8098435407362915,0
2023-07-28 11:04:35,22510.1,33806,5,22455.08,7543,8761,0.8277604332304572,0
2023-07-28 11:04:35,22510.1,33806,5,22455.08,7534,8763,0.8277604332304572,0
2023-07-28 11:04:35,22510.1,33806,5,22455.08,7543,8765,0.8277604332304572,0
2023-07-28 11:04:39,22500.05,33856,1,22455.15,7543,8737,0.782744240838869,0
2023-07-28 11:04:39,22500.05,33856,1,22455.15,7541,8737,0.782744240838869,0
2023-07-28 11:04:39,22500.05,33856,1,22455.15,7539,8739,0.782744240838869,0
2023-07-28 11:04:39,22500.05,33856,1,22455.15,7338,8737,0.782744240838869,0
2023-07-28 11:04:39,22500.05,33856,1,22455.15,7536,8751,0.782744240838869,0
2023-07-28 11:04:39,22500.05,33856,1,22455.15,7544,8752,0.782744240838869,0
2023-07-28 11:04:39,22500.05,33856,1,22455.15,7543,8747,0.782744240838869,0
2023-07-28 11:04:39,22500.05,33856,1,22455.15,7545,8753,0.782744240838869,0
2023-07-28 11:04:39,22500.05,33856,1,22455.15,7547,8753,0.782744240838869,0
2023-07-28 11:04:39,22500.05,33856,1,22455.15,7547,8755,0.782744240838869,0
2023-07-28 11:04:39,22500.05,33856,1,22455.15,7548,8763,0.782744240838869,0
2023-07-28 11:04:39,22500.05,33856,1,22455.15,7548,8763,0.782744240838869,0
2023-07-28 11:04:39,22500.05,33856,1,22455.15,7548,8762,0.782744240838869,0
2023-07-28 11:04:39,22500.05,33856,1,22455.15,7548,8762,0.782744240838869,0
2023-07-28 11:04:56,22510.1,33857,1,22455.15,7565,8765,0.8277604332304572,0
2023-07-28 11:04:56,22510.1,33857,1,22455.15,7565,8765,0.8277604332304572,0
2023-07-28 11:04:56,22510.1,33858,1,22455.15,7564,8764,0.8277604332304572,0
2023-07-28 11:04:56,22510.1,33858,1,22455.15,7555,8764,0.8277604332304572,0
2023-07-28 11:04:56,22510.1,33858,1,22455.15,7565,8783,0.8277604332304572,0
2023-07-28 11:04:56,22510.1,33858,1,22455.15,7561,8762,0.8277604332304572,0
2023-07-28 11:04:56,22510.1,33858,1,22455.15,7574,8753,0.8277604332304572,0
2023-07-28 11:04:56,22510.1,33858,1,22455.15,7574,8753,0.8277604332304572,0
2023-07-28 11:04:56,22510.1,33858,1,22455.15,7569,8751,0.8277604332304572,0
2023-07-28 11:04:56,22510.1,33858,1,22455.15,7574,8752,0.8277604332304572,0
2023-07-28 11:04:56,22510.1,33858,1,22455.15,7170,8762,0.8277604332304572,0
2023-07-28 11:04:56,22510.1,33858,1,22455.15,7575,8762,0.8277604332304572,0
2023-07-28 11:04:56,22510.1,33858,1,22455.15,7375,8762,0.8277604332304572,0
2023-07-28 11:05:10,22500.05,33859,1,22455.16,7583,8761,0.782744240838869,0
2023-07-28 11:05:10,22509.95,33859,1,22455.16,7583,8761,0.8270885497619358,0
2023-07-28 11:05:11,22509.95,33860,1,22455.16,7582,8760,0.8270885497619358,0
2023-07-28 11:05:11,22509.95,33860,1,22455.16,7577,8760,0.8270885497619358,0
2023-07-28 11:05:11,22509.95,33860,1,22455.16,7584,8760,0.8270885497619358,0
2023-07-28 11:05:11,22500.05,33860,1,22455.16,7595,8756,0.782744240838869,0
2023-07-28 11:05:16,22500.05,33861,1,22455.16,7590,8761,0.782744240838869,0
2023-07-28 11:05:16,22500.05,33861,1,22455.16,7620,8759,0.782744240838869,0
2023-07-28 11:05:16,22500.05,33861,1,22455.16,7598,8756,0.782744240838869,0
2023-07-28 11:05:16,22510.0,33861,9,22455.16,7598,8756,0.8273125109181096,0
2023-07-28 11:05:19,22510.0,33871,9,22455.17,7677,8774,0.8273125109181096,0
2023-07-28 11:05:19,22510.0,33871,9,22455.17,7675,8774,0.8273125109181096,0
2023-07-28 11:05:19,22510.0,33871,9,22455.17,7673,8778,0.8273125109181096,0
2023-07-28 11:05:19,22510.0,33871,1,22455.17,7675,8776,0.8273125109181096,0
2023-07-28 11:05:22,22510.0,33872,1,22455.18,7674,8781,0.8273125109181096,0
2023-07-28 11:05:22,22510.0,33872,1,22455.18,7674,8781,0.8273125109181096,0
2023-07-28 11:05:22,22510.0,33872,1,22455.18,7674,8781,0.8273125109181096,0
2023-07-28 11:05:22,22510.0,33872,1,22455.18,7685,8780,0.8273125109181096,0
2023-07-28 11:05:22,22510.0,33872,1,22455.18,7685,8780,0.8273125109181096,0
2023-07-28 11:05:22,22510.0,33872,1,22455.18,7683,8780,0.8273125109181096,0
2023-07-28 11:05:22,22510.1,33872,1,22455.18,7683,8780,0.8277604332304572,0
2023-07-28 11:05:26,22510.1,33873,1,22455.18,7688,8779,0.8277604332304572,0
2023-07-28 11:05:26,22510.1,33873,1,22455.18,7688,8779,0.8277604332304572,0
2023-07-28 11:05:26,22510.1,33873,1,22455.18,7688,8779,0.8277604332304572,0
2023-07-28 11:05:26,22510.1,33873,1,22455.18,7695,8774,0.8277604332304572,0
2023-07-28 11:05:26,22510.1,33873,1,22455.18,7693,8774,0.8277604332304572,0
2023-07-28 11:05:26,22510.1,33873,1,22455.18,7693,8774,0.8277604332304572,0
2023-07-28 11:05:26,22510.1,33873,1,22455.18,7693,8775,0.8277604332304572,0
2023-07-28 11:05:26,22510.1,33873,1,22455.18,7693,8775,0.8277604332304572,0
2023-07-28 11:05:26,22510.1,33873,1,22455.18,7693,8771,0.8277604332304572,0
2023-07-28 11:05:26,22510.1,33873,1,22455.18,7692,8771,0.8277604332304572,0
2023-07-28 11:05:26,22510.1,33873,1,22455.18,7693,8771,0.8277604332304572,0
2023-07-28 11:05:26,22510.1,33873,1,22455.18,7699,8773,0.8277604332304572,0
2023-07-28 11:05:26,22510.1,33873,1,22455.18,7703,8775,0.8277604332304572,0
2023-07-28 11:05:26,22510.1,33873,1,22455.18,7703,8775,0.8277604332304572,0
2023-07-28 11:05:26,22510.1,33873,1,22455.18,7703,8775,0.8277604332304572,0
2023-07-28 11:05:39,22510.1,33874,1,22455.18,7703,8774,0.8277604332304572,0
2023-07-28 11:05:41,22510.1,33875,1,22455.18,7704,8773,0.8277604332304572,0
2023-07-28 11:05:41,22510.1,33875,1,22455.18,7703,8770,0.8277604332304572,0
2023-07-28 11:05:41,22510.1,33875,1,22455.18,7698,8773,0.8277604332304572,0
2023-07-28 11:05:41,22510.1,33875,1,22455.18,7703,8773,0.8277604332304572,0
2023-07-28 11:05:41,22510.1,33875,1,22455.18,7699,8773,0.8277604332304572,0
2023-07-28 11:05:41,22510.1,33875,1,22455.18,7704,8775,0.8277604332304572,0
2023-07-28 11:05:41,22510.1,33875,1,22455.18,7699,8775,0.8277604332304572,0
2023-07-28 11:05:41,22510.1,33875,1,22455.18,7693,8778,0.8277604332304572,0
2023-07-28 11:05:41,22510.1,33875,1,22455.18,7698,8778,0.8277604332304572,0
2023-07-28 11:05:41,22510.1,33875,1,22455.18,7687,8784,0.8277604332304572,0
2023-07-28 11:05:41,22510.1,33875,1,22455.18,7667,8784,0.8277604332304572,0
2023-07-28 11:05:41,22510.1,33875,1,22455.18,7655,8769,0.8277604332304572,0
2023-07-28 11:05:54,22502.1,33876,1,22455.18,7650,8768,0.7919266482421257,0
2023-07-28 11:05:54,22502.1,33876,1,22455.18,7650,8769,0.7919266482421257,0
2023-07-28 11:05:56,22510.1,33877,1,22455.18,7447,8770,0.8277604332304572,0
2023-07-28 11:05:56,22510.1,33877,5,22455.18,7649,8770,0.8277604332304572,0
2023-07-28 11:05:57,22510.1,33882,5,22455.19,7649,8770,0.8277604332304572,0
2023-07-28 11:05:57,22510.1,33882,5,22455.19,7649,8770,0.8277604332304572,0
2023-07-28 11:05:57,22510.1,33882,5,22455.19,7650,8770,0.8277604332304572,0
2023-07-28 11:05:57,22510.1,33882,5,22455.19,7650,8766,0.8277604332304572,0
2023-07-28 11:05:57,22510.1,33882,5,22455.19,7650,8772,0.8277604332304572,0
2023-07-28 11:05:57,22510.1,33882,5,22455.19,7650,8772,0.8277604332304572,0
2023-07-28 11:05:57,22510.1,33882,5,22455.19,7650,8772,0.8277604332304572,0
2023-07-28 11:05:57,22510.1,33882,5,22455.19,7650,8772,0.8277604332304572,0
2023-07-28 11:05:57,22510.1,33882,5,22455.19,7651,8763,0.8277604332304572,0
2023-07-28 11:05:57,22510.1,33882,1,22455.19,7651,8763,0.8277604332304572,0
2023-07-28 11:06:11,22510.1,33883,1,22455.19,7648,8765,0.8277604332304572,0
2023-07-28 11:06:11,22510.1,33883,5,22455.19,7648,8765,0.8277604332304572,0
2023-07-28 11:06:14,22510.1,33888,5,22455.2,7653,8758,0.8277604332304572,0
2023-07-28 11:06:14,22500.0,33888,4,22455.2,7653,8758,0.7825202796826951,0
2023-07-28 11:06:19,22500.0,34226,4,22455.64,7494,8779,0.7825202796826951,0
2023-07-28 11:06:19,22488.05,34226,1,22455.64,7494,8779,0.7289935633563714,0
2023-07-28 11:06:23,22488.05,34266,1,22455.69,7486,8747,0.7289935633563714,0
2023-07-28 11:06:23,22499.45,34266,1,22455.69,7486,8747,0.7800567069647506,0
2023-07-28 11:06:27,22499.45,34267,1,22455.69,7476,8737,0.7800567069647506,0
2023-07-28 11:06:27,22499.55,34267,1,22455.69,7473,8734,0.7805046292770982,0
2023-07-28 11:06:27,22499.0,34267,1,22455.69,7473,8734,0.7780410565591537,0
2023-07-28 11:06:38,22496.25,34270,1,22455.7,7462,8790,0.7657231929694147,0
2023-07-28 11:06:38,22486.55,34270,3,22455.7,7462,8790,0.7222747286710594,0
2023-07-28 11:06:42,22486.55,34275,3,22455.7,7458,8786,0.7222747286710594,0
2023-07-28 11:06:42,22486.55,34275,3,22455.7,7467,8783,0.7222747286710594,0
2023-07-28 11:06:42,22499.25,34275,1,22455.7,7467,8783,0.779160862340039,0
2023-07-28 11:06:42,22486.1,34275,18,22455.7,7467,8783,0.7202590782654624,0
2023-07-28 11:06:42,22486.8,34275,2,22455.7,7467,8783,0.7233945344519447,0
2023-07-28 11:06:52,22489.1,34328,1,22455.75,7492,8760,0.7336967476360867,0
2023-07-28 11:06:52,22489.1,34328,1,22455.75,7492,8760,0.7336967476360867,0
2023-07-28 11:06:52,22486.45,34328,1,22455.75,7492,8760,0.7218268063587117,0
2023-07-28 11:06:52,22486.1,34328,2,22455.75,7492,8760,0.7202590782654624,0
2023-07-28 11:06:52,22482.05,34328,1,22455.75,7492,8760,0.7021182246151227,0
2023-07-28 11:06:52,22475.0,34328,12,22455.75,7492,8760,0.6705397015941588,0
2023-07-28 11:06:52,22469.0,34328,2,22455.75,7492,8760,0.6436643628529101,0
2023-07-28 11:07:01,22460.0,34375,1,22455.78,7304,8755,0.603351354741037,0
2023-07-28 11:07:01,22459.8,34375,1,22455.78,7304,8755,0.6024555101163255,0
2023-07-28 11:07:01,22459.0,34375,21,22455.78,7304,8755,0.5988721316174955,0
2023-07-28 11:07:06,22460.0,34437,19,22455.78,7358,8715,0.603351354741037,0
2023-07-28 11:07:06,22460.0,34437,19,22455.78,7355,8626,0.603351354741037,0
2023-07-28 11:07:06,22460.0,34437,19,22455.78,7355,8726,0.603351354741037,0
2023-07-28 11:07:06,22460.0,34437,19,22455.78,7355,8739,0.603351354741037,0
2023-07-28 11:07:06,22460.0,34437,1,22455.78,7355,8739,0.603351354741037,0
2023-07-28 11:07:09,22460.0,34440,1,22455.78,7350,8754,0.603351354741037,0
2023-07-28 11:07:11,22455.1,34450,1,22455.78,7354,8760,0.5814031614356774,0
2023-07-28 11:07:11,22455.2,34450,1,22455.78,7354,8760,0.5818510837480413,0
2023-07-28 11:07:11,22455.2,34451,1,22455.78,7347,8768,0.5818510837480413,0
2023-07-28 11:07:11,22455.25,34451,2,22455.78,7347,8772,0.5820750449042151,0
2023-07-28 11:07:14,22467.7,34458,5,22455.78,7351,8767,0.6378413727923095,0
2023-07-28 11:07:15,22467.8,34460,1,22455.78,7161,8751,0.638289295104657,0
2023-07-28 11:07:16,22467.8,34461,1,22455.78,7367,8743,0.638289295104657,0
2023-07-28 11:07:16,22458.05,34461,1,22455.78,7367,8743,0.5946168696501279,0
2023-07-28 11:07:17,22458.05,34462,1,22455.79,7354,8750,0.5946168696501279,0
2023-07-28 11:07:17,22458.05,34462,1,22455.79,7353,8750,0.5946168696501279,0
2023-07-28 11:07:17,22458.05,34462,1,22455.79,7353,8750,0.5946168696501279,0
2023-07-28 11:07:17,22455.05,34462,1,22455.79,7356,8735,0.5811792002795035,0
2023-07-28 11:07:20,22455.05,34465,1,22455.79,7357,8752,0.5811792002795035,0
2023-07-28 11:07:22,22458.05,34466,1,22455.79,7156,8752,0.5946168696501279,0
2023-07-28 11:07:23,22455.0,34470,4,22455.79,7352,8758,0.5809552391233297,0
2023-07-28 11:07:23,22455.0,34470,4,22455.79,7352,8761,0.5809552391233297,0
2023-07-28 11:07:23,22455.0,34470,4,22455.79,7352,8761,0.5809552391233297,0
2023-07-28 11:07:23,22455.0,34470,4,22455.79,7352,8761,0.5809552391233297,0
2023-07-28 11:07:23,22455.0,34470,4,22455.79,7350,8756,0.5809552391233297,0
2023-07-28 11:07:23,22455.0,34470,4,22455.79,7350,8685,0.5809552391233297,0
2023-07-28 11:07:23,22460.1,34470,4,22455.79,7353,8747,0.6037992770533847,0
2023-07-28 11:07:30,22460.15,34516,34,22455.79,7381,8675,0.6040232382095747,0
2023-07-28 11:07:30,22467.8,34516,2,22455.79,7381,8675,0.638289295104657,0
2023-07-28 11:07:30,22467.8,34518,2,22455.79,7375,8661,0.638289295104657,0
2023-07-28 11:07:30,22467.8,34518,2,22455.79,7377,8666,0.638289295104657,0
2023-07-28 11:07:30,22467.8,34518,2,22455.79,7377,8666,0.638289295104657,0
2023-07-28 11:07:30,22467.8,34518,2,22455.79,7377,8666,0.638289295104657,0
2023-07-28 11:07:30,22467.8,34518,2,22455.79,7377,8666,0.638289295104657,0
2023-07-28 11:07:35,22459.65,34520,1,22455.79,7385,8663,0.601783626647804,0
2023-07-28 11:07:36,22475.85,34540,1,22455.8,7439,8596,0.6743470412491626,0
2023-07-28 11:07:36,22475.85,34540,1,22455.8,7417,8627,0.6743470412491626,0
2023-07-28 11:07:36,22475.85,34540,1,22455.8,7381,8655,0.6743470412491626,0
2023-07-28 11:07:36,22475.85,34540,1,22455.8,7375,8669,0.6743470412491626,0
2023-07-28 11:07:36,22475.85,34540,1,22455.8,7150,8681,0.6743470412491626,0
2023-07-28 11:07:41,22470.1,34541,3,22455.8,7350,8684,0.6485915082887992,0
2023-07-28 11:07:42,22470.1,34544,3,22455.8,7360,8676,0.6485915082887992,0
2023-07-28 11:07:43,22470.05,34546,1,22455.8,7378,8681,0.6483675471326253,0
2023-07-28 11:07:43,22470.05,34546,1,22455.8,7369,8669,0.6483675471326253,0
2023-07-28 11:07:43,22470.05,34546,1,22455.8,7353,8671,0.6483675471326253,0
2023-07-28 11:07:43,22470.05,34546,1,22455.8,7370,8672,0.6483675471326253,0
2023-07-28 11:07:43,22470.05,34546,1,22455.8,7370,8673,0.6483675471326253,0
2023-07-28 11:07:50,22493.95,34618,1,22455.87,7191,8642,0.7554209797852726,0
2023-07-28 11:07:50,22493.95,34618,1,22455.87,7389,8671,0.7554209797852726,0
2023-07-28 11:07:50,22493.95,34618,1,22455.87,7392,8683,0.7554209797852726,0
2023-07-28 11:07:50,22493.95,34618,1,22455.87,7208,8685,0.7554209797852726,0
2023-07-28 11:07:50,22493.95,34618,1,22455.87,7389,8688,0.7554209797852726,0
2023-07-28 11:07:50,22493.95,34618,1,22455.87,7431,8648,0.7554209797852726,0
2023-07-28 11:07:56,22495.75,34619,1,22455.87,7432,8655,0.7634835814076439,0
2023-07-28 11:07:56,22495.75,34619,1,22455.87,7436,8656,0.7634835814076439,0
2023-07-28 11:07:56,22495.75,34619,1,22455.87,7435,8659,0.7634835814076439,0
2023-07-28 11:08:00,22481.25,34622,2,22455.87,6984,8706,0.6985348461162929,0
2023-07-28 11:08:00,22481.25,34622,2,22455.87,7371,8702,0.6985348461162929,0
2023-07-28 11:08:00,22481.25,34622,2,22455.87,7184,8704,0.6985348461162929,0
2023-07-28 11:08:00,22481.25,34622,2,22455.87,7409,8725,0.6985348461162929,0
2023-07-28 11:08:00,22481.25,34622,2,22455.87,7209,8725,0.6985348461162929,0
2023-07-28 11:08:06,22471.4,34623,1,22455.87,6979,8735,0.6544144983494161,0
2023-07-28 11:08:06,22485.65,34623,1,22455.87,7382,8734,0.7182434278598818,0
2023-07-28 11:08:08,22485.65,34624,1,22455.87,7371,8746,0.7182434278598818,0
2023-07-28 11:08:08,22485.65,34624,1,22455.87,7367,8747,0.7182434278598818,0
2023-07-28 11:08:08,22485.65,34624,1,22455.87,7366,8747,0.7182434278598818,0
2023-07-28 11:08:08,22485.35,34624,1,22455.87,7366,8747,0.7168996609228063,0
2023-07-28 11:08:11,22485.35,34625,1,22455.87,7359,8746,0.7168996609228063,0
2023-07-28 11:08:11,22485.35,34625,1,22455.87,7162,8746,0.7168996609228063,0
2023-07-28 11:08:11,22485.35,34625,1,22455.87,7365,8741,0.7168996609228063,0
2023-07-28 11:08:11,22485.35,34625,1,22455.87,7187,8719,0.7168996609228063,0
2023-07-28 11:08:11,22485.35,34625,1,22455.87,7373,8723,0.7168996609228063,0
2023-07-28 11:08:11,22485.35,34625,1,22455.87,7371,8724,0.7168996609228063,0
2023-07-28 11:08:11,22485.35,34625,1,22455.87,7179,8724,0.7168996609228063,0
2023-07-28 11:08:20,22485.65,34629,1,22455.88,7379,8738,0.7182434278598818,0
2023-07-28 11:08:21,22481.55,34630,1,22455.88,7174,8732,0.6998786130533521,0
2023-07-28 11:08:21,22481.55,34630,1,22455.88,7179,8731,0.6998786130533521,0
2023-07-28 11:08:21,22481.55,34630,1,22455.88,7179,8731,0.6998786130533521,0
2023-07-28 11:08:21,22481.55,34630,1,22455.88,7179,8731,0.6998786130533521,0
2023-07-28 11:08:21,22481.55,34630,1,22455.88,7378,8724,0.6998786130533521,0
2023-07-28 11:08:21,22481.55,34630,1,22455.88,7378,8724,0.6998786130533521,0
2023-07-28 11:08:21,22481.55,34630,1,22455.88,7385,8724,0.6998786130533521,0
2023-07-28 11:08:21,22486.75,34630,2,22455.88,7385,8724,0.7231705732957708,0
2023-07-28 11:08:26,22486.75,34632,2,22455.88,6990,8729,0.7231705732957708,0
2023-07-28 11:08:26,22486.75,34632,2,22455.88,6990,8729,0.7231705732957708,0
2023-07-28 11:08:26,22486.75,34632,2,22455.88,7397,8726,0.7231705732957708,0
2023-07-28 11:08:26,22486.75,34632,2,22455.88,7388,8724,0.7231705732957708,0
2023-07-28 11:08:26,22486.75,34632,2,22455.88,7388,8709,0.7231705732957708,0
2023-07-28 11:08:26,22486.75,34632,2,22455.88,6993,8705,0.7231705732957708,0
2023-07-28 11:08:26,22486.75,34632,2,22455.88,7395,8710,0.7231705732957708,0
2023-07-28 11:08:26,22486.75,34632,2,22455.88,7195,8707,0.7231705732957708,0
2023-07-28 11:08:26,22487.75,34632,1,22455.88,7208,8704,0.7276497964193123,0
2023-07-28 11:08:35,22487.75,34633,1,22455.88,7212,8709,0.7276497964193123,0
2023-07-28 11:08:35,22487.75,34633,1,22455.88,7421,8705,0.7276497964193123,0
2023-07-28 11:08:35,22487.75,34633,1,22455.88,7220,8704,0.7276497964193123,0
2023-07-28 11:08:35,22487.75,34633,1,22455.88,7425,8704,0.7276497964193123,0
2023-07-28 11:08:35,22487.75,34633,1,22455.88,7384,8724,0.7276497964193123,0
2023-07-28 11:08:35,22487.75,34633,1,22455.88,7384,8725,0.7276497964193123,0
2023-07-28 11:08:35,22487.75,34633,1,22455.88,7388,8711,0.7276497964193123,0
2023-07-28 11:08:35,22481.95,34633,1,22455.88,7388,8711,0.7016703023027752,0
2023-07-28 11:08:41,22481.95,34634,1,22455.88,7404,8718,0.7016703023027752,0
2023-07-28 11:08:41,22481.95,34634,1,22455.88,7404,8734,0.7016703023027752,0
2023-07-28 11:08:41,22481.95,34634,1,22455.88,7409,8730,0.7016703023027752,0
2023-07-28 11:08:41,22481.95,34634,1,22455.88,7408,8724,0.7016703023027752,0
2023-07-28 11:08:41,22481.95,34634,1,22455.88,7409,8718,0.7016703023027752,0
2023-07-28 11:08:41,22481.95,34634,1,22455.88,7409,8722,0.7016703023027752,0
2023-07-28 11:08:41,22481.95,34634,1,22455.88,7412,8722,0.7016703023027752,0
2023-07-28 11:08:41,22485.7,34634,1,22455.88,7412,8722,0.7184673890160556,0
2023-07-28 11:08:50,22485.7,34635,1,22455.88,7412,8706,0.7184673890160556,0
2023-07-28 11:08:51,22485.95,34637,1,22455.88,7403,8713,0.719587194796941,0
2023-07-28 11:08:51,22485.95,34637,1,22455.88,7410,8707,0.719587194796941,0
2023-07-28 11:08:51,22485.95,34637,1,22455.88,7420,8710,0.719587194796941,0
2023-07-28 11:08:51,22485.95,34637,1,22455.88,7397,8726,0.719587194796941,0
2023-07-28 11:08:51,22485.95,34637,1,22455.88,7211,8715,0.719587194796941,0
2023-07-28 11:08:51,22485.95,34637,1,22455.88,7215,8715,0.719587194796941,0
2023-07-28 11:08:51,22470.25,34637,4,22455.88,7411,8717,0.6492633917573369,0
2023-07-28 11:08:59,22470.25,34660,4,22455.89,7351,8721,0.6492633917573369,0
2023-07-28 11:08:59,22470.05,34660,4,22455.89,7351,8721,0.6483675471326253,0
2023-07-28 11:09:00,22470.05,34666,4,22455.9,7333,8739,0.6483675471326253,0
2023-07-28 11:09:00,22470.05,34666,4,22455.9,7334,8746,0.6483675471326253,0
2023-07-28 11:09:00,22470.05,34666,4,22455.9,6934,8742,0.6483675471326253,0
2023-07-28 11:09:00,22475.8,34666,5,22455.9,6934,8742,0.6741230800929887,0
2023-07-28 11:09:04,22475.8,34671,5,22455.9,7337,8702,0.6741230800929887,0
2023-07-28 11:09:04,22475.8,34671,5,22455.9,7337,8701,0.6741230800929887,0
2023-07-28 11:09:04,22475.8,34671,5,22455.9,7351,8704,0.6741230800929887,0
2023-07-28 11:09:04,22477.0,34671,1,22455.9,7351,8704,0.6794981478412417,0
2023-07-28 11:09:07,22477.0,34672,1,22455.9,7346,8705,0.6794981478412417,0
2023-07-28 11:09:07,22470.05,34672,1,22455.9,7346,8705,0.6483675471326253,0
2023-07-28 11:09:09,22470.05,34674,1,22455.9,7349,8726,0.6483675471326253,0
2023-07-28 11:09:11,22477.0,34724,7,22455.93,7367,8702,0.6794981478412417,0
2023-07-28 11:09:11,22477.0,34724,7,22455.93,7361,8717,0.6794981478412417,0
2023-07-28 11:09:11,22477.0,34724,7,22455.93,7361,8714,0.6794981478412417,0
2023-07-28 11:09:11,22477.0,34724,7,22455.93,7357,8686,0.6794981478412417,0
2023-07-28 11:09:11,22477.0,34724,7,22455.93,7355,8691,0.6794981478412417,0
2023-07-28 11:09:11,22477.0,34724,7,22455.93,7357,8695,0.6794981478412417,0
2023-07-28 11:09:19,22479.25,34734,1,22455.93,7155,8692,0.6895763998692099,0
2023-07-28 11:09:20,22479.45,34736,2,22455.94,7152,8707,0.6904722444939215,0
2023-07-28 11:09:20,22479.45,34736,2,22455.94,7361,8694,0.6904722444939215,0
2023-07-28 11:09:20,22479.45,34736,2,22455.94,7372,8685,0.6904722444939215,0
2023-07-28 11:09:20,22479.45,34736,2,22455.94,7372,8685,0.6904722444939215,0
2023-07-28 11:09:20,22479.45,34736,2,22455.94,7374,8690,0.6904722444939215,0
2023-07-28 11:09:20,22479.45,34736,2,22455.94,7356,8732,0.6904722444939215,0
2023-07-28 11:09:20,22470.05,34736,10,22455.94,7356,8732,0.6483675471326253,0
2023-07-28 11:09:26,22478.4,34747,1,22455.94,7353,8748,0.6857690602142062,0
2023-07-28 11:09:26,22478.4,34747,1,22455.94,7353,8748,0.6857690602142062,0
2023-07-28 11:09:26,22478.4,34747,1,22455.94,7369,8753,0.6857690602142062,0
2023-07-28 11:09:26,22478.4,34747,1,22455.94,7369,8755,0.6857690602142062,0
2023-07-28 11:09:26,22478.4,34747,1,22455.94,7375,8749,0.6857690602142062,0
2023-07-28 11:09:26,22478.4,34747,1,22455.94,7375,8738,0.6857690602142062,0
2023-07-28 11:09:26,22478.4,34747,1,22455.94,7375,8729,0.6857690602142062,0
2023-07-28 11:09:34,22471.0,34748,1,22455.94,7380,8744,0.6526228090999929,0
2023-07-28 11:09:34,22471.0,34748,1,22455.94,7380,8742,0.6526228090999929,0
2023-07-28 11:09:34,22471.0,34748,1,22455.94,7380,8753,0.6526228090999929,0
2023-07-28 11:09:34,22471.0,34748,1,22455.94,7379,8753,0.6526228090999929,0
2023-07-28 11:09:34,22471.0,34748,1,22455.94,7381,8749,0.6526228090999929,0
2023-07-28 11:09:34,22471.0,34748,1,22455.94,7383,8753,0.6526228090999929,0
2023-07-28 11:09:34,22471.0,34748,1,22455.94,7379,8755,0.6526228090999929,0
2023-07-28 11:09:34,22477.3,34748,1,22455.94,7379,8755,0.6808419147783009,0
2023-07-28 11:09:41,22477.3,34749,1,22455.94,7367,8745,0.6808419147783009,0
2023-07-28 11:09:41,22477.3,34749,1,22455.94,7364,8749,0.6808419147783009,0
2023-07-28 11:09:41,22477.3,34749,1,22455.94,7364,8749,0.6808419147783009,0
2023-07-28 11:09:41,22477.3,34749,1,22455.94,7328,8752,0.6808419147783009,0
2023-07-28 11:09:41,22477.3,34749,1,22455.94,7338,8736,0.6808419147783009,0
2023-07-28 11:09:41,22477.3,34749,1,22455.94,7144,8717,0.6808419147783009,0
2023-07-28 11:09:41,22477.3,34749,1,22455.94,7343,8718,0.6808419147783009,0
2023-07-28 11:09:41,22477.3,34749,3,22455.94,7349,8721,0.6808419147783009,0
2023-07-28 11:09:50,22477.3,34752,3,22455.94,7357,8713,0.6808419147783009,0
2023-07-28 11:09:51,22472.85,34754,1,22455.94,7342,8740,0.6609093718785382,0
2023-07-28 11:09:51,22472.85,34754,1,22455.94,7350,8753,0.6609093718785382,0
2023-07-28 11:09:51,22472.85,34754,1,22455.94,7350,8749,0.6609093718785382,0
2023-07-28 11:09:51,22472.85,34754,1,22455.94,7353,8753,0.6609093718785382,0
2023-07-28 11:09:51,22472.85,34754,1,22455.94,7348,8746,0.6609093718785382,0
2023-07-28 11:09:51,22472.85,34754,1,22455.94,7356,8736,0.6609093718785382,0
2023-07-28 11:09:51,22472.85,34754,1,22455.94,7349,8743,0.6609093718785382,0
2023-07-28 11:09:51,22472.85,34754,1,22455.94,7365,8734,0.6609093718785382,0
2023-07-28 11:09:51,22472.85,34754,1,22455.94,7353,8733,0.6609093718785382,0
2023-07-28 11:09:51,22472.85,34754,1,22455.94,7347,8728,0.6609093718785382,0
2023-07-28 11:09:51,22472.85,34754,1,22455.94,7351,8728,0.6609093718785382,0
2023-07-28 11:09:51,22472.85,34754,1,22455.94,7355,8728,0.6609093718785382,0
2023-07-28 11:10:04,22461.2,34760,5,22455.95,7340,8759,0.60872642248929,0
2023-07-28 11:10:04,22461.2,34760,5,22455.95,7343,8769,0.60872642248929,0
2023-07-28 11:10:04,22461.2,34760,5,22455.95,7346,8755,0.60872642248929,0
2023-07-28 11:10:04,22461.2,34760,5,22455.95,7351,8754,0.60872642248929,0
2023-07-28 11:10:04,22473.35,34760,1,22455.95,7351,8754,0.6631489834403089,0
2023-07-28 11:10:07,22473.35,34761,1,22455.95,7353,8755,0.6631489834403089,0
2023-07-28 11:10:07,22473.35,34761,1,22455.95,7353,8753,0.6631489834403089,0
2023-07-28 11:10:07,22473.35,34761,1,22455.95,7349,8755,0.6631489834403089,0
2023-07-28 11:10:07,22473.3,34761,1,22455.95,7351,8755,0.6629250222841351,0
2023-07-28 11:10:11,22473.3,34762,1,22455.95,7349,8750,0.6629250222841351,0
2023-07-28 11:10:11,22473.3,34762,1,22455.95,7351,8751,0.6629250222841351,0
2023-07-28 11:10:11,22473.3,34762,1,22455.95,7352,8750,0.6629250222841351,0
2023-07-28 11:10:11,22473.3,34762,1,22455.95,7357,8727,0.6629250222841351,0
2023-07-28 11:10:11,22473.3,34762,1,22455.95,7353,8733,0.6629250222841351,0
2023-07-28 11:10:18,22466.5,34763,1,22455.95,7345,8740,0.6324663050440564,0
2023-07-28 11:10:18,22466.5,34763,1,22455.95,7347,8738,0.6324663050440564,0
2023-07-28 11:10:18,22472.9,34763,1,22455.95,7347,8738,0.6611333330347282,0
2023-07-28 11:10:20,22472.9,34764,1,22455.95,7338,8754,0.6611333330347282,0
2023-07-28 11:10:20,22472.9,34764,1,22455.95,7350,8751,0.6611333330347282,0
2023-07-28 11:10:20,22472.9,34764,1,22455.95,7350,8751,0.6611333330347282,0
2023-07-28 11:10:26,22461.7,34766,1,22455.95,6966,8718,0.6109660340510608,0
2023-07-28 11:10:26,22461.7,34766,1,22455.95,7363,8726,0.6109660340510608,0
2023-07-28 11:10:26,22461.7,34766,1,22455.95,7363,8728,0.6109660340510608,0
2023-07-28 11:10:26,22461.7,34766,1,22455.95,7364,8728,0.6109660340510608,0
2023-07-28 11:10:26,22461.7,34766,1,22455.95,7353,8730,0.6109660340510608,0
2023-07-28 11:10:26,22461.7,34766,1,22455.95,7354,8732,0.6109660340510608,0
2023-07-28 11:10:26,22461.7,34766,1,22455.95,7152,8733,0.6109660340510608,0
2023-07-28 11:10:26,22461.7,34766,1,22455.95,7354,8740,0.6109660340510608,0
2023-07-28 11:10:26,22472.9,34766,2,22455.95,7354,8740,0.6611333330347282,0
2023-07-28 11:10:35,22472.9,34768,2,22455.95,7361,8740,0.6611333330347282,0
2023-07-28 11:10:35,22472.9,34768,2,22455.95,7362,8740,0.6611333330347282,0
2023-07-28 11:10:35,22472.9,34768,2,22455.95,7341,8757,0.6611333330347282,0
2023-07-28 11:10:35,22472.9,34768,2,22455.95,7354,8755,0.6611333330347282,0
2023-07-28 11:10:35,22460.0,34768,10,22455.95,7354,8755,0.603351354741037,0
2023-07-28 11:10:40,22460.0,34782,2,22455.95,7334,8777,0.603351354741037,0
2023-07-28 11:10:40,22460.0,34782,2,22455.95,7340,8764,0.603351354741037,0
2023-07-28 11:10:42,22460.0,34785,3,22455.95,7315,8736,0.603351354741037,0
2023-07-28 11:10:42,22460.0,34785,3,22455.95,7306,8737,0.603351354741037,0
2023-07-28 11:10:42,22460.0,34785,3,22455.95,7303,8737,0.603351354741037,0
2023-07-28 11:10:42,22460.0,34785,2,22455.95,7303,8737,0.603351354741037,0
2023-07-28 11:10:46,22460.1,34788,1,22455.95,7325,8726,0.6037992770533847,0
2023-07-28 11:10:46,22460.1,34788,1,22455.95,7325,8726,0.6037992770533847,0
2023-07-28 11:10:46,22460.1,34788,1,22455.95,7325,8728,0.6037992770533847,0
2023-07-28 11:10:46,22460.1,34788,16,22455.95,7325,8728,0.6037992770533847,0
2023-07-28 11:10:48,22460.1,34804,16,22455.95,7328,8712,0.6037992770533847,0
2023-07-28 11:10:48,22460.1,34804,16,22455.95,7330,8712,0.6037992770533847,0
2023-07-28 11:10:48,22460.0,34804,2,22455.95,7330,8712,0.603351354741037,0
2023-07-28 11:10:50,22460.0,34820,2,22455.96,7303,8772,0.603351354741037,0
2023-07-28 11:10:50,22460.0,34820,2,22455.96,7306,8772,0.603351354741037,0
2023-07-28 11:10:50,22460.0,34820,2,22455.96,7306,8772,0.603351354741037,0
2023-07-28 11:10:50,22460.0,34820,2,22455.96,7304,8772,0.603351354741037,0
2023-07-28 11:10:54,22450.0,34870,1,22455.95,7241,8750,0.5585591235056224,0
2023-07-28 11:10:54,22450.0,34870,1,22455.95,7249,8757,0.5585591235056224,0
2023-07-28 11:10:54,22450.0,34870,1,22455.95,7249,8757,0.5585591235056224,0
2023-07-28 11:10:56,22459.85,34872,1,22455.95,7248,8767,0.6026794712724992,0
2023-07-28 11:10:56,22459.85,34872,1,22455.95,7248,8767,0.6026794712724992,0
2023-07-28 11:10:56,22459.85,34872,1,22455.95,7248,8764,0.6026794712724992,0
2023-07-28 11:10:56,22459.85,34872,1,22455.95,7248,8766,0.6026794712724992,0
2023-07-28 11:10:56,22459.85,34872,1,22455.95,7248,8758,0.6026794712724992,0
2023-07-28 11:11:00,22454.95,34873,1,22455.95,7276,8732,0.580731277967156,0
2023-07-28 11:11:01,22441.0,34886,3,22455.95,7202,8787,0.5182461153937494,0
2023-07-28 11:11:01,22440.0,34886,2,22455.95,7202,8787,0.5137668922702079,0
2023-07-28 11:11:02,22440.0,34904,1,22455.94,7035,8785,0.5137668922702079,0
2023-07-28 11:11:02,22440.0,34904,1,22455.94,7227,8784,0.5137668922702079,0
2023-07-28 11:11:02,22437.95,34904,1,22455.94,7227,8784,0.5045844848669512,0
2023-07-28 11:11:04,22437.95,34905,1,22455.94,7227,8785,0.5045844848669512,0
2023-07-28 11:11:04,22437.95,34905,1,22455.94,7223,8788,0.5045844848669512,0
2023-07-28 11:11:04,22437.95,34905,2,22455.94,7223,8793,0.5045844848669512,0
2023-07-28 11:11:07,22437.95,34907,2,22455.94,7248,8705,0.5045844848669512,0
2023-07-28 11:11:07,22437.95,34907,2,22455.94,7248,8704,0.5045844848669512,0
2023-07-28 11:11:07,22450.75,34907,1,22455.94,7248,8704,0.5619185408482785,0
2023-07-28 11:11:09,22450.75,34917,1,22455.94,7270,8691,0.5619185408482785,0
2023-07-28 11:11:11,22437.95,34919,2,22455.94,7270,8691,0.5045844848669512,0
2023-07-28 11:11:11,22451.25,34920,1,22455.94,7269,8730,0.5641581524100493,0
2023-07-28 11:11:11,22451.45,34920,1,22455.94,7263,8735,0.5650539970347608,0
2023-07-28 11:11:13,22451.45,34931,5,22455.93,7272,8730,0.5650539970347608,0
2023-07-28 11:11:13,22451.45,34931,5,22455.93,7272,8730,0.5650539970347608,0
2023-07-28 11:11:13,22451.45,34931,5,22455.93,7272,8730,0.5650539970347608,0
2023-07-28 11:11:13,22451.45,34931,5,22455.93,7267,8706,0.5650539970347608,0
2023-07-28 11:11:13,22451.45,34931,5,22455.93,7251,8706,0.5650539970347608,0
2023-07-28 11:11:13,22451.45,34931,5,22455.93,7278,8691,0.5650539970347608,0
2023-07-28 11:11:13,22451.5,34931,2,22455.93,7278,8691,0.5652779581909346,0
2023-07-28 11:11:20,22451.5,34935,2,22455.93,7277,8689,0.5652779581909346,0
2023-07-28 11:11:20,22451.5,34935,2,22455.93,7274,8691,0.5652779581909346,0
2023-07-28 11:11:20,22451.5,34935,2,22455.93,7274,8691,0.5652779581909346,0
2023-07-28 11:11:20,22440.0,34935,1,22455.93,7274,8691,0.5137668922702079,0
2023-07-28 11:11:23,22440.0,34945,1,22455.93,7265,8698,0.5137668922702079,0
2023-07-28 11:11:23,22440.0,34945,1,22455.93,7324,8663,0.5137668922702079,0
2023-07-28 11:11:23,22440.0,34945,1,22455.93,7324,8663,0.5137668922702079,0
2023-07-28 11:11:23,22440.0,34945,1,22455.93,7336,8680,0.5137668922702079,0
2023-07-28 11:11:23,22440.0,34945,1,22455.93,7281,8687,0.5137668922702079,0
2023-07-28 11:11:23,22445.0,34945,1,22455.93,7281,8687,0.5361630078879152,0
2023-07-28 11:11:27,22445.0,34946,1,22455.93,7284,8694,0.5361630078879152,0
2023-07-28 11:11:27,22439.2,34946,3,22455.93,7284,8694,0.510183513771378,0
2023-07-28 11:11:29,22439.2,34956,3,22455.92,7234,8770,0.510183513771378,0
2023-07-28 11:11:30,22445.05,35007,1,22455.91,7245,8758,0.536386969044089,0
2023-07-28 11:11:30,22440.0,35007,1,22455.91,7245,8758,0.5137668922702079,0
2023-07-28 11:11:31,22440.0,35008,1,22455.91,7244,8763,0.5137668922702079,0
2023-07-28 11:11:31,22440.0,35008,3,22455.91,7244,8763,0.5137668922702079,0
2023-07-28 11:11:32,22440.0,35011,3,22455.91,7241,8767,0.5137668922702079,0
2023-07-28 11:11:32,22440.0,35011,3,22455.91,7241,8767,0.5137668922702079,0
2023-07-28 11:11:32,22440.0,35011,3,22455.91,7241,8777,0.5137668922702079,0
2023-07-28 11:11:32,22440.0,35011,3,22455.91,7242,8777,0.5137668922702079,0
2023-07-28 11:11:32,22445.05,35011,1,22455.91,7244,8774,0.536386969044089,0
2023-07-28 11:11:37,22445.05,35012,1,22455.91,7243,8774,0.536386969044089,0
2023-07-28 11:11:37,22445.05,35012,1,22455.91,7238,8774,0.536386969044089,0
2023-07-28 11:11:37,22445.05,35012,1,22455.91,7234,8770,0.536386969044089,0
2023-07-28 11:11:41,22445.05,35013,1,22455.91,7235,8768,0.536386969044089,0
2023-07-28 11:11:41,22445.05,35013,1,22455.91,7046,8769,0.536386969044089,0
2023-07-28 11:11:43,22440.0,35015,2,22455.91,7264,8770,0.5137668922702079,0
2023-07-28 11:11:44,22440.0,35016,1,22455.91,7259,8782,0.5137668922702079,0
2023-07-28 11:11:44,22440.0,35016,1,22455.91,7260,8782,0.5137668922702079,0
2023-07-28 11:11:44,22442.55,35016,1,22455.91,7260,8782,0.5251889112352354,0
2023-07-28 11:11:46,22442.55,35017,1,22455.91,7263,8779,0.5251889112352354,0
2023-07-28 11:11:50,22444.95,35018,1,22455.91,7263,8781,0.5359390467317414,0
2023-07-28 11:11:51,22450.9,35068,2,22455.9,7216,8735,0.5625904243168163,0
2023-07-28 11:11:51,22450.9,35068,2,22455.9,7219,8746,0.5625904243168163,0
2023-07-28 11:11:51,22450.9,35068,2,22455.9,7229,8746,0.5625904243168163,0
2023-07-28 11:11:51,22450.9,35068,2,22455.9,7229,8744,0.5625904243168163,0
2023-07-28 11:11:56,22450.95,35069,1,22455.9,7224,8782,0.5628143854729901,0
2023-07-28 11:11:56,22450.95,35069,1,22455.9,7224,8776,0.5628143854729901,0
2023-07-28 11:11:56,22450.95,35069,1,22455.9,7232,8774,0.5628143854729901,0
2023-07-28 11:11:59,22438.45,35102,10,22455.88,6743,8832,0.506824096428722,0
2023-07-28 11:11:59,22438.45,35112,10,22455.88,7162,8813,0.506824096428722,0
2023-07-28 11:12:01,22425.0,35156,1,22455.84,7145,8773,0.44657854541708614,0
2023-07-28 11:12:01,22421.0,35156,1,22455.84,7145,8773,0.4286616529229203,0
2023-07-28 11:12:02,22438.75,35164,2,22455.83,7100,8684,0.5081678633657811,0
2023-07-28 11:12:02,22438.75,35214,2,22455.79,7113,8705,0.5081678633657811,0
2023-07-28 11:12:03,22433.4,35219,2,22455.79,7152,8781,0.48420401965484083,0
2023-07-28 11:12:03,22433.4,35219,2,22455.79,7152,8787,0.48420401965484083,0
2023-07-28 11:12:06,22420.0,35249,5,22455.76,7141,8787,0.42418242979937887,0
2023-07-28 11:12:06,22420.0,35249,5,22455.76,7136,8802,0.42418242979937887,0
2023-07-28 11:12:08,22420.0,35254,4,22455.75,7103,8749,0.42418242979937887,0
2023-07-28 11:12:08,22420.0,35254,4,22455.75,7101,8772,0.42418242979937887,0
2023-07-28 11:12:08,22420.0,35254,4,22455.75,7111,8760,0.42418242979937887,0
2023-07-28 11:12:11,22420.0,35255,1,22455.75,7124,8750,0.42418242979937887,0
2023-07-28 11:12:11,22420.0,35255,1,22455.75,7124,8787,0.42418242979937887,0
2023-07-28 11:12:11,22420.0,35255,1,22455.75,7125,8790,0.42418242979937887,0
2023-07-28 11:12:11,22435.0,35255,4,22455.75,7125,8790,0.4913707766525007,0
2023-07-28 11:12:15,22435.0,35265,4,22455.75,7125,8798,0.4913707766525007,0
2023-07-28 11:12:15,22435.0,35265,4,22455.75,7125,8771,0.4913707766525007,0
2023-07-28 11:12:15,22435.0,35265,4,22455.75,7159,8803,0.4913707766525007,0
2023-07-28 11:12:15,22435.0,35265,4,22455.75,7160,8803,0.4913707766525007,0
2023-07-28 11:12:20,22435.3,35267,1,22455.75,7182,8796,0.49271454358955985,0
2023-07-28 11:12:20,22435.3,35267,1,22455.75,7187,8797,0.49271454358955985,0
2023-07-28 11:12:20,22435.3,35267,1,22455.75,7195,8795,0.49271454358955985,0
2023-07-28 11:12:20,22435.3,35267,1,22455.75,7192,8793,0.49271454358955985,0
2023-07-28 11:12:20,22435.3,35267,1,22455.75,7192,8793,0.49271454358955985,0
2023-07-28 11:12:24,22445.55,35449,18,22455.67,7278,8570,0.5386265806058598,0
2023-07-28 11:12:24,22437.6,35449,1,22455.67,7278,8570,0.503016756773702,0
2023-07-28 11:12:25,22437.6,35450,1,22455.67,7237,8635,0.503016756773702,0
2023-07-28 11:12:26,22450.0,35452,2,22455.67,7262,8648,0.5585591235056224,0
2023-07-28 11:12:26,22450.0,35452,2,22455.67,7258,8650,0.5585591235056224,0
2023-07-28 11:12:26,22450.0,35452,2,22455.67,7247,8662,0.5585591235056224,0
2023-07-28 11:12:26,22450.0,35452,2,22455.67,7234,8662,0.5585591235056224,0
2023-07-28 11:12:26,22450.0,35452,2,22455.67,7255,8713,0.5585591235056224,0
2023-07-28 11:12:26,22450.0,35452,2,22455.67,7249,8715,0.5585591235056224,0
2023-07-28 11:12:34,22446.9,35454,1,22455.67,6848,8744,0.5446735318226504,0
2023-07-28 11:12:34,22450.0,35454,1,22455.67,6848,8744,0.5585591235056224,0
2023-07-28 11:12:35,22450.0,35455,1,22455.67,7251,8667,0.5585591235056224,0
2023-07-28 11:12:35,22450.0,35455,1,22455.67,7249,8739,0.5585591235056224,0
2023-07-28 11:12:35,22450.0,35455,1,22455.67,7221,8741,0.5585591235056224,0
2023-07-28 11:12:35,22450.0,35455,1,22455.67,7220,8739,0.5585591235056224,0
2023-07-28 11:12:35,22450.0,35455,1,22455.67,7025,8741,0.5585591235056224,0
2023-07-28 11:12:41,22450.0,35458,3,22455.67,7233,8734,0.5585591235056224,0
2023-07-28 11:12:41,22450.0,35459,1,22455.67,7237,8733,0.5585591235056224,0
2023-07-28 11:12:41,22450.0,35459,1,22455.67,7237,8735,0.5585591235056224,0
2023-07-28 11:12:41,22450.0,35459,1,22455.67,7245,8735,0.5585591235056224,0
2023-07-28 11:12:41,22437.9,35459,1,22455.67,7245,8735,0.5043605237107774,0
2023-07-28 11:12:44,22437.9,35460,1,22455.67,7248,8733,0.5043605237107774,0
2023-07-28 11:12:44,22437.9,35460,1,22455.67,7052,8780,0.5043605237107774,0
2023-07-28 11:12:44,22437.9,35460,1,22455.67,7042,8780,0.5043605237107774,0
2023-07-28 11:12:44,22437.9,35460,1,22455.67,7242,8778,0.5043605237107774,0
2023-07-28 11:12:50,22450.0,35463,3,22455.67,6838,8767,0.5585591235056224,0
2023-07-28 11:12:50,22440.15,35463,1,22455.67,7258,8760,0.5144387757387456,0
2023-07-28 11:12:51,22440.15,35464,1,22455.67,7233,8730,0.5144387757387456,0
2023-07-28 11:12:51,22440.15,35464,1,22455.67,7033,8730,0.5144387757387456,0
2023-07-28 11:12:51,22440.15,35464,1,22455.67,7213,8727,0.5144387757387456,0
2023-07-28 11:12:51,22440.15,35464,1,22455.67,7219,8727,0.5144387757387456,0
2023-07-28 11:12:56,22450.0,35466,1,22455.67,7223,8726,0.5585591235056224,0
2023-07-28 11:12:56,22450.0,35466,1,22455.67,7223,8726,0.5585591235056224,0
2023-07-28 11:12:56,22450.0,35466,1,22455.67,7215,8716,0.5585591235056224,0
2023-07-28 11:12:56,22450.0,35466,1,22455.67,7213,8718,0.5585591235056224,0
2023-07-28 11:12:56,22450.0,35466,1,22455.67,7218,8722,0.5585591235056224,0
2023-07-28 11:12:56,22450.0,35466,1,22455.67,7033,8722,0.5585591235056224,0
2023-07-28 11:12:56,22450.0,35466,1,22455.67,7226,8727,0.5585591235056224,0
2023-07-28 11:12:56,22450.0,35466,1,22455.67,7032,8730,0.5585591235056224,0
2023-07-28 11:12:56,22450.0,35466,1,22455.67,7221,8726,0.5585591235056224,0
2023-07-28 11:12:56,22450.0,35466,1,22455.67,6835,8734,0.5585591235056224,0
2023-07-28 11:13:05,22450.0,35467,1,22455.67,7259,8818,0.5585591235056224,0
2023-07-28 11:13:05,22450.0,35467,1,22455.67,7259,8859,0.5585591235056224,0
2023-07-28 11:13:05,22450.0,35467,1,22455.67,7259,8859,0.5585591235056224,0
2023-07-28 11:13:08,22450.0,35468,1,22455.67,7051,8849,0.5585591235056224,0
2023-07-28 11:13:08,22450.0,35468,1,22455.67,7049,8850,0.5585591235056224,0
2023-07-28 11:13:08,22450.0,35468,1,22455.67,6851,8850,0.5585591235056224,0
2023-07-28 11:13:11,22450.0,35469,1,22455.67,7253,8840,0.5585591235056224,0
2023-07-28 11:13:11,22450.0,35469,1,22455.67,7245,8846,0.5585591235056224,0
2023-07-28 11:13:11,22440.35,35469,1,22455.67,7047,8846,0.5153346203634409,0
2023-07-28 11:13:14,22440.35,35470,1,22455.67,7240,8845,0.5153346203634409,0
2023-07-28 11:13:14,22440.35,35470,1,22455.67,7240,8839,0.5153346203634409,0
2023-07-28 11:13:14,22440.35,35470,1,22455.67,7237,8840,0.5153346203634409,0
2023-07-28 11:13:14,22440.35,35470,1,22455.67,7237,8840,0.5153346203634409,0
2023-07-28 11:13:14,22440.35,35470,1,22455.67,7242,8835,0.5153346203634409,0
2023-07-28 11:13:14,22450.0,35470,2,22455.67,7242,8835,0.5585591235056224,0
2023-07-28 11:13:20,22437.9,35472,2,22455.67,7241,8837,0.5043605237107774,0
2023-07-28 11:13:21,22450.0,35479,1,22455.66,7245,8845,0.5585591235056224,0
2023-07-28 11:13:22,22450.0,35499,1,22455.66,7277,8722,0.5585591235056224,0
2023-07-28 11:13:22,22450.0,35499,1,22455.66,7285,8696,0.5585591235056224,0
2023-07-28 11:13:22,22440.0,35499,34,22455.66,7079,8696,0.5137668922702079,0
2023-07-28 11:13:25,22440.0,35536,34,22455.64,7252,8662,0.5137668922702079,0
2023-07-28 11:13:25,22450.0,35536,1,22455.64,7252,8662,0.5585591235056224,0
2023-07-28 11:13:26,22450.0,35537,1,22455.64,7278,8662,0.5585591235056224,0
2023-07-28 11:13:26,22450.0,35537,1,22455.64,7278,8663,0.5585591235056224,0
2023-07-28 11:13:26,22450.0,35537,1,22455.64,7287,8663,0.5585591235056224,0
2023-07-28 11:13:26,22450.0,35537,1,22455.64,7264,8658,0.5585591235056224,0
2023-07-28 11:13:26,22450.0,35537,1,22455.64,7264,8659,0.5585591235056224,0
2023-07-28 11:13:26,22450.0,35537,1,22455.64,7265,8661,0.5585591235056224,0
2023-07-28 11:13:26,22450.0,35537,1,22455.64,7265,8661,0.5585591235056224,0
2023-07-28 11:13:26,22450.0,35537,1,22455.64,7265,8661,0.5585591235056224,0
2023-07-28 11:13:26,22450.0,35537,2,22455.64,7265,8661,0.5585591235056224,0
2023-07-28 11:13:35,22450.0,35539,2,22455.64,7254,8664,0.5585591235056224,0
2023-07-28 11:13:35,22450.0,35539,2,22455.64,7255,8665,0.5585591235056224,0
2023-07-28 11:13:35,22450.0,35539,2,22455.64,7255,8668,0.5585591235056224,0
2023-07-28 11:13:35,22450.0,35539,2,22455.64,7020,8693,0.5585591235056224,0
2023-07-28 11:13:35,22450.0,35539,2,22455.64,7238,8693,0.5585591235056224,0
2023-07-28 11:13:35,22450.0,35539,2,22455.64,7199,8693,0.5585591235056224,0
2023-07-28 11:13:35,22450.0,35539,17,22455.64,7199,8693,0.5585591235056224,0
2023-07-28 11:13:42,22435.1,35562,3,22455.64,7213,8656,0.4918186989648483,0
2023-07-28 11:13:42,22440.35,35562,2,22455.64,7213,8656,0.5153346203634409,0
2023-07-28 11:13:43,22440.35,35564,2,22455.64,7241,8683,0.5153346203634409,0
2023-07-28 11:13:43,22440.35,35564,2,22455.64,7224,8697,0.5153346203634409,0
2023-07-28 11:13:43,22440.35,35564,2,22455.64,7223,8697,0.5153346203634409,0
2023-07-28 11:13:43,22440.35,35564,2,22455.64,7223,8697,0.5153346203634409,0
2023-07-28 11:13:43,22440.35,35564,2,22455.64,7214,8698,0.5153346203634409,0
2023-07-28 11:13:43,22440.35,35564,2,22455.64,7023,8695,0.5153346203634409,0
2023-07-28 11:13:43,22448.1,35564,2,22455.64,7142,8703,0.5500485995708871,0
2023-07-28 11:13:50,22448.1,35566,2,22455.64,7139,8689,0.5500485995708871,0
2023-07-28 11:13:50,22448.1,35566,2,22455.64,7137,8698,0.5500485995708871,0
2023-07-28 11:13:50,22448.1,35566,2,22455.64,7113,8713,0.5500485995708871,0
2023-07-28 11:13:50,22448.1,35566,2,22455.64,7118,8705,0.5500485995708871,0
2023-07-28 11:13:50,22435.2,35566,2,22455.64,7118,8705,0.4922666212772122,0
2023-07-28 11:13:54,22435.2,35568,2,22455.63,7101,8716,0.4922666212772122,0
2023-07-28 11:13:54,22435.2,35568,2,22455.63,7111,8712,0.4922666212772122,0
2023-07-28 11:13:54,22448.1,35568,1,22455.63,7111,8712,0.5500485995708871,0
2023-07-28 11:13:56,22448.1,35569,1,22455.63,7144,8683,0.5500485995708871,0
2023-07-28 11:13:58,22434.05,35570,1,22455.63,7129,8704,0.48711551468513303,0
2023-07-28 11:13:58,22434.05,35570,1,22455.63,7133,8706,0.48711551468513303,0
2023-07-28 11:13:58,22434.05,35570,1,22455.63,7116,8704,0.48711551468513303,0
2023-07-28 11:13:58,22434.05,35570,1,22455.63,7119,8702,0.48711551468513303,0
2023-07-28 11:13:58,22434.05,35570,1,22455.63,7121,8703,0.48711551468513303,0
2023-07-28 11:13:58,22434.05,35570,1,22455.63,7116,8702,0.48711551468513303,0
2023-07-28 11:14:04,22441.25,35572,1,22455.63,6924,8706,0.5193659211746348,0
2023-07-28 11:14:04,22441.25,35572,1,22455.63,7126,8717,0.5193659211746348,0
2023-07-28 11:14:04,22448.05,35572,1,22455.63,7126,8717,0.5498246384147134,0
