2023-07-28 10:49:30,208.15,10005330,1,205.25,1217695,1163469,3.0700668482297684,0
2023-07-28 10:49:29,208.2,10005329,80,205.25,1217927,1161055,3.094825451844516,0
2023-07-28 10:49:30,208.1,10005330,1,205.25,1217695,1163469,3.045308244615007,0
2023-07-28 10:49:30,208.1,10005331,1,205.25,1217219,1163537,3.045308244615007,0
2023-07-28 10:49:32,208.15,10007331,1,205.25,1219783,1161417,3.0700668482297684,0
2023-07-28 10:49:32,208.15,10007331,1,205.25,1219783,1161417,3.0700668482297684,0
2023-07-28 10:49:32,208.15,10007332,1,205.25,1219440,1163072,3.0700668482297684,0
2023-07-28 10:49:32,208.15,10007332,24,205.25,1219440,1163072,3.0700668482297684,0
2023-07-28 10:49:33,208.15,10007356,24,205.25,1219366,1163298,3.0700668482297684,0
2023-07-28 10:49:33,208.15,10007356,24,205.25,1219566,1164325,3.0700668482297684,0
2023-07-28 10:49:33,208.15,10007356,1,205.25,1219566,1164325,3.0700668482297684,0
2023-07-28 10:49:36,208.2,10007859,2,205.25,1219055,1167436,3.094825451844516,0
2023-07-28 10:49:36,208.2,10007859,177,205.25,1219055,1167436,3.094825451844516,0
2023-07-28 10:49:37,208.2,10009009,2,205.25,1195306,1166296,3.094825451844516,0
2023-07-28 10:49:38,208.2,10009627,410,205.25,1192996,1166980,3.094825451844516,0
2023-07-28 10:49:38,208.1,10009627,2,205.25,1192996,1166980,3.045308244615007,0
2023-07-28 10:49:39,208.2,10009667,9,205.25,1218284,1168089,3.094825451844516,0
2023-07-28 10:49:39,208.2,10009667,5,205.25,1218284,1168089,3.094825451844516,0
2023-07-28 10:49:40,208.1,10009674,35,205.25,1222269,1168085,3.045308244615007,0
2023-07-28 10:49:41,208.2,10010810,2,205.25,1222335,1168770,3.094825451844516,0
2023-07-28 10:49:42,208.2,10010890,1,205.25,1222192,1168860,3.094825451844516,0
2023-07-28 10:49:42,208.2,10010890,85,205.25,1222192,1168860,3.094825451844516,0
2023-07-28 10:49:43,208.1,10011151,117,205.25,1221098,1171283,3.045308244615007,0
2023-07-28 10:49:43,208.2,10011441,69,205.25,1221220,1172972,3.094825451844516,0
2023-07-28 10:49:44,208.2,10011561,69,205.25,1206817,1170803,3.094825451844516,0
2023-07-28 10:49:44,208.2,10011561,14,205.25,1206817,1170803,3.094825451844516,0
2023-07-28 10:49:46,208.1,10012061,5,205.25,1222347,1170114,3.045308244615007,0
2023-07-28 10:49:47,208.25,10022126,2787,205.26,1224635,1159802,3.1195840554592777,0
2023-07-28 10:49:47,208.15,10022126,1,205.26,1224635,1159802,3.0700668482297684,0
2023-07-28 10:49:47,208.15,10022140,5,205.26,1224646,1161996,3.0700668482297684,0
2023-07-28 10:49:47,208.15,10022140,5,205.26,1224646,1161996,3.0700668482297684,0
2023-07-28 10:49:49,208.2,10022141,1,205.26,1223588,1166205,3.094825451844516,0
2023-07-28 10:49:50,208.2,10022142,1,205.26,1224029,1166204,3.094825451844516,0
2023-07-28 10:49:50,208.2,10022142,1,205.26,1224029,1166204,3.094825451844516,0
2023-07-28 10:49:50,208.2,10022142,1,205.26,1180735,1166062,3.094825451844516,0
2023-07-28 10:49:50,208.15,10022142,1,205.26,1180735,1166062,3.0700668482297684,0
2023-07-28 10:49:50,208.15,10022142,50,205.26,1180735,1166062,3.0700668482297684,0
2023-07-28 10:49:53,208.2,10023579,25,205.26,1221559,1163712,3.094825451844516,0
2023-07-28 10:49:53,208.2,10023579,5,205.26,1221559,1163712,3.094825451844516,0
2023-07-28 10:49:53,208.1,10023579,1,205.26,1221559,1163712,3.045308244615007,0
2023-07-28 10:49:55,208.1,10028712,100,205.26,1219191,1163519,3.045308244615007,0
2023-07-28 10:49:55,208.1,10028712,100,205.26,1219191,1163519,3.045308244615007,0
2023-07-28 10:49:56,208.2,10028825,13,205.26,1220540,1163570,3.094825451844516,0
2023-07-28 10:49:57,208.1,10028957,32,205.26,1220215,1163570,3.045308244615007,0
2023-07-28 10:49:57,208.1,10028957,32,205.26,1220215,1163570,3.045308244615007,0
2023-07-28 10:49:58,208.1,10028959,116,205.26,1217399,1164448,3.045308244615007,0
2023-07-28 10:49:59,208.2,10029082,5,205.26,1219613,1152523,3.094825451844516,0
2023-07-28 10:50:01,208.1,10029090,3,205.26,1218502,1164546,3.045308244615007,0
2023-07-28 10:50:01,208.2,10029090,1,205.26,1218502,1164546,3.094825451844516,0
2023-07-28 10:50:02,208.1,10030591,15,205.26,1218474,1163074,3.045308244615007,0
2023-07-28 10:50:02,208.1,10030591,15,205.26,1218474,1163074,3.045308244615007,0
2023-07-28 10:50:02,208.1,10030591,15,205.26,1218473,1163076,3.045308244615007,0
2023-07-28 10:50:04,208.1,10030770,100,205.26,1222072,1159219,3.045308244615007,0
2023-07-28 10:50:04,208.1,10030871,100,205.26,1222020,1163841,3.045308244615007,0
2023-07-28 10:50:05,208.2,10030891,16,205.26,1221320,1161228,3.094825451844516,0
2023-07-28 10:50:05,208.1,10030891,2,205.26,1221320,1161228,3.045308244615007,0
2023-07-28 10:50:05,208.2,10030891,50,205.26,1221320,1161228,3.094825451844516,0
2023-07-28 10:50:08,208.2,10031144,50,205.26,1219990,1169194,3.094825451844516,0
2023-07-28 10:50:08,208.1,10031144,200,205.26,1219990,1169194,3.045308244615007,0
2023-07-28 10:50:08,208.1,10031144,50,205.26,1219990,1169194,3.045308244615007,0
2023-07-28 10:50:08,208.1,10031144,245,205.26,1219990,1169194,3.045308244615007,0
2023-07-28 10:50:08,208.25,10031144,991,205.26,1219990,1169194,3.1195840554592777,0
2023-07-28 10:50:08,208.3,10031144,21,205.26,1219990,1169194,3.1443426590740398,0
2023-07-28 10:50:13,208.3,10037337,713,205.26,1230278,1159698,3.1443426590740398,0
2023-07-28 10:50:13,208.2,10037337,117,205.26,1230278,1159698,3.094825451844516,0
2023-07-28 10:50:13,208.2,10037337,1,205.26,1230278,1159698,3.094825451844516,0
2023-07-28 10:50:13,208.2,10037337,87,205.26,1230278,1159698,3.094825451844516,0
2023-07-28 10:50:13,208.3,10037337,2,205.26,1230278,1159698,3.1443426590740398,0
2023-07-28 10:50:17,208.25,10040213,1,205.26,1241889,1150145,3.1195840554592777,0
2023-07-28 10:50:17,208.3,10040213,2,205.26,1241889,1150145,3.1443426590740398,0
2023-07-28 10:50:17,208.3,10040213,1,205.26,1241889,1150145,3.1443426590740398,0
2023-07-28 10:50:17,208.35,10040213,4,205.26,1241889,1150145,3.1691012626887876,0
2023-07-28 10:50:17,208.3,10040213,51,205.26,1241889,1150145,3.1443426590740398,0
2023-07-28 10:50:21,208.35,10040315,2,205.26,1230029,1153825,3.1691012626887876,0
2023-07-28 10:50:21,208.35,10040315,2,205.26,1230029,1153825,3.1691012626887876,0
2023-07-28 10:50:21,208.5,10040315,947,205.26,1230029,1153825,3.2433770735330585,0
2023-07-28 10:50:21,208.5,10040315,947,205.26,1230029,1153825,3.2433770735330585,0
2023-07-28 10:50:21,208.5,10040315,947,205.26,1230029,1153825,3.2433770735330585,0
2023-07-28 10:50:21,208.5,10040315,774,205.26,1230029,1153825,3.2433770735330585,0
2023-07-28 10:50:21,208.5,10040315,774,205.26,1230029,1153825,3.2433770735330585,0
2023-07-28 10:50:25,208.5,10123104,768,205.29,1284517,1125332,3.2433770735330585,0
2023-07-28 10:50:25,208.5,10123104,2,205.29,1284517,1125332,3.2433770735330585,0
2023-07-28 10:50:25,208.6,10123104,54,205.29,1284517,1125332,3.292894280762568,0
2023-07-28 10:50:25,208.5,10123104,116,205.29,1284517,1125332,3.2433770735330585,0
2023-07-28 10:50:25,208.6,10123104,108,205.29,1284517,1125332,3.292894280762568,0
2023-07-28 10:50:30,208.6,10130014,113,205.29,1280905,1127901,3.292894280762568,0
2023-07-28 10:50:30,208.5,10130014,10,205.29,1280905,1127901,3.2433770735330585,0
2023-07-28 10:50:30,208.5,10130014,1000,205.29,1280905,1127901,3.2433770735330585,0
2023-07-28 10:50:30,208.55,10130014,100,205.29,1280905,1127901,3.2681356771478205,0
2023-07-28 10:50:30,208.55,10130014,100,205.29,1280905,1127901,3.2681356771478205,0
2023-07-28 10:50:30,208.5,10130014,100,205.29,1280905,1127901,3.2433770735330585,0
2023-07-28 10:50:35,208.5,10180127,1000,205.31,1276422,1136933,3.2433770735330585,0
2023-07-28 10:50:35,208.5,10180127,10,205.31,1276422,1136933,3.2433770735330585,0
2023-07-28 10:50:35,208.5,10180127,2,205.31,1276422,1136933,3.2433770735330585,0
2023-07-28 10:50:35,208.55,10180127,298,205.31,1276422,1136933,3.2681356771478205,0
2023-07-28 10:50:40,208.5,10181772,26,205.31,1285978,1139075,3.2433770735330585,0
2023-07-28 10:50:40,208.55,10181772,1,205.31,1285978,1139075,3.2681356771478205,0
2023-07-28 10:50:40,208.55,10181772,78,205.31,1285978,1139075,3.2681356771478205,0
2023-07-28 10:50:40,208.5,10181772,117,205.31,1285978,1139075,3.2433770735330585,0
2023-07-28 10:50:40,208.5,10181772,5,205.31,1285978,1139075,3.2433770735330585,0
2023-07-28 10:50:44,208.5,10182876,5,205.31,1285868,1141707,3.2433770735330585,0
2023-07-28 10:50:44,208.5,10182876,30,205.31,1285868,1141707,3.2433770735330585,0
2023-07-28 10:50:44,208.5,10182876,11,205.31,1285868,1141707,3.2433770735330585,0
2023-07-28 10:50:44,208.5,10182876,55,205.31,1285868,1141707,3.2433770735330585,0
2023-07-28 10:50:44,208.5,10182876,2,205.31,1285868,1141707,3.2433770735330585,0
2023-07-28 10:50:44,208.55,10182876,200,205.31,1285868,1141707,3.2681356771478205,0
2023-07-28 10:50:49,208.55,10186976,200,205.31,1258095,1139319,3.2681356771478205,0
2023-07-28 10:50:49,208.55,10186976,100,205.31,1258095,1139319,3.2681356771478205,0
2023-07-28 10:50:49,208.55,10186976,1,205.31,1258095,1139319,3.2681356771478205,0
2023-07-28 10:50:49,208.6,10186976,4,205.31,1258095,1139319,3.292894280762568,0
2023-07-28 10:50:49,208.6,10186976,10,205.31,1258095,1139319,3.292894280762568,0
2023-07-28 10:50:54,208.55,10188761,25,205.31,1258569,1137915,3.2681356771478205,0
2023-07-28 10:50:54,208.55,10188761,1,205.31,1258569,1137915,3.2681356771478205,0
2023-07-28 10:50:54,208.6,10188761,9,205.31,1258569,1137915,3.292894280762568,0
2023-07-28 10:50:54,208.6,10188761,35,205.31,1258569,1137915,3.292894280762568,0
2023-07-28 10:50:54,208.55,10188761,116,205.31,1258569,1137915,3.2681356771478205,0
2023-07-28 10:50:58,208.55,10189373,85,205.31,1260577,1138685,3.2681356771478205,0
2023-07-28 10:50:58,208.6,10189373,350,205.31,1260577,1138685,3.292894280762568,0
2023-07-28 10:50:58,208.6,10189373,649,205.31,1260577,1138685,3.292894280762568,0
2023-07-28 10:50:58,208.55,10189373,3,205.31,1260577,1138685,3.2681356771478205,0
2023-07-28 10:50:58,208.65,10189373,25,205.31,1260577,1138685,3.31765288437733,0
2023-07-28 10:51:03,208.6,10194585,96,205.31,1258964,1137063,3.292894280762568,0
2023-07-28 10:51:03,208.55,10194585,23,205.31,1258964,1137063,3.2681356771478205,0
2023-07-28 10:51:03,208.6,10194585,2,205.31,1258964,1137063,3.292894280762568,0
2023-07-28 10:51:03,208.6,10194585,2,205.31,1258964,1137063,3.292894280762568,0
2023-07-28 10:51:06,208.85,10205122,13,205.31,1283902,1104587,3.4166872988363486,0
2023-07-28 10:51:07,208.8,10205997,592,205.31,1288025,1132588,3.391928695221601,0
2023-07-28 10:51:08,208.8,10206003,1,205.31,1289217,1132134,3.391928695221601,0
2023-07-28 10:51:09,208.85,10206812,209,205.31,1289366,1131938,3.4166872988363486,0
2023-07-28 10:51:10,208.8,10207682,299,205.31,1289333,1130758,3.391928695221601,0
2023-07-28 10:51:11,208.8,10207874,7,205.31,1289593,1130305,3.391928695221601,0
2023-07-28 10:51:12,208.8,10208074,200,205.31,1289486,1129754,3.391928695221601,0
2023-07-28 10:51:12,208.8,10208074,71,205.31,1289486,1129754,3.391928695221601,0
2023-07-28 10:51:14,208.8,10208407,26,205.31,1279663,1133232,3.391928695221601,0
2023-07-28 10:51:14,208.85,10208407,5,205.31,1279663,1133232,3.4166872988363486,0
2023-07-28 10:51:14,208.9,10208407,2,205.31,1279663,1133232,3.4414459024511106,0
2023-07-28 10:51:16,208.9,10208419,2,205.31,1278862,1136252,3.4414459024511106,0
2023-07-28 10:51:17,208.9,10208786,22,205.31,1283908,1137296,3.4414459024511106,0
2023-07-28 10:51:18,208.85,10208906,100,205.31,1284405,1137196,3.4166872988363486,0
2023-07-28 10:51:18,208.9,10208906,5,205.31,1284405,1137196,3.4414459024511106,0
2023-07-28 10:51:20,208.9,10209133,213,205.31,1282988,1135873,3.4414459024511106,0
2023-07-28 10:51:20,208.85,10209260,25,205.31,1284639,1135121,3.4166872988363486,0
2023-07-28 10:51:22,208.9,10209310,75,205.31,1283444,1136530,3.4414459024511106,0
2023-07-28 10:51:23,208.9,10211260,217,205.32,1282884,1135256,3.4414459024511106,0
2023-07-28 10:51:24,208.8,10211466,10,205.32,1254466,1138154,3.391928695221601,0
2023-07-28 10:51:25,208.9,10215111,79,205.32,1252518,1139717,3.4414459024511106,0
2023-07-28 10:51:25,208.8,10215111,25,205.32,1252518,1139717,3.391928695221601,0
2023-07-28 10:51:27,208.9,10215701,216,205.32,1283531,1140062,3.4414459024511106,0
2023-07-28 10:51:27,208.9,10215701,216,205.32,1283531,1140062,3.4414459024511106,0
2023-07-28 10:51:28,208.8,10215967,30,205.32,1276344,1137696,3.391928695221601,0
2023-07-28 10:51:29,208.9,10216383,25,205.32,1277628,1136163,3.4414459024511106,0
2023-07-28 10:51:30,208.85,10216541,100,205.32,1281962,1137657,3.4166872988363486,0
2023-07-28 10:51:30,208.85,10216541,20,205.32,1281962,1137657,3.4166872988363486,0
2023-07-28 10:51:31,208.85,10217107,241,205.32,1282913,1136447,3.4166872988363486,0
2023-07-28 10:51:32,208.85,10217457,20,205.32,1284383,1136597,3.4166872988363486,0
2023-07-28 10:51:33,208.9,10218131,50,205.32,1285270,1137443,3.4414459024511106,0
2023-07-28 10:51:34,208.9,10218194,2,205.32,1285665,1136474,3.4414459024511106,0
2023-07-28 10:51:35,208.9,10218311,3,205.32,1285047,1136222,3.4414459024511106,0
2023-07-28 10:51:37,208.9,10218952,300,205.32,1285633,1135489,3.4414459024511106,0
2023-07-28 10:51:37,208.9,10218952,300,205.32,1285499,1135871,3.4414459024511106,0
2023-07-28 10:51:39,208.8,10219233,1,205.32,1285454,1136832,3.391928695221601,0
2023-07-28 10:51:40,208.9,10219350,1,205.32,1287817,1133930,3.4414459024511106,0
2023-07-28 10:51:40,208.85,10219350,5,205.32,1287817,1133930,3.4166872988363486,0
2023-07-28 10:51:41,208.7,10226260,8,205.32,1264309,1142723,3.3424114879920777,0
2023-07-28 10:51:41,208.85,10226260,30,205.32,1268288,1141754,3.4166872988363486,0
2023-07-28 10:51:42,209.0,10358631,2018,205.37,1279178,1022325,3.49096310968062,0
2023-07-28 10:51:43,209.0,10403982,117,205.38,1287578,977313,3.49096310968062,0
2023-07-28 10:51:44,209.05,10407836,3713,205.38,1294508,977564,3.5157217132953815,0
2023-07-28 10:51:45,209.05,10409011,1000,205.39,1278897,979442,3.5157217132953815,0
2023-07-28 10:51:45,209.05,10409011,1,205.39,1278897,979442,3.5157217132953815,0
2023-07-28 10:51:46,209.05,10409163,150,205.39,1232694,979170,3.5157217132953815,0
2023-07-28 10:51:47,209.0,10413816,3,205.39,1275260,973306,3.49096310968062,0
2023-07-28 10:51:48,209.1,10421045,1,205.39,1277777,979882,3.5404803169101293,0
2023-07-28 10:51:48,209.0,10421045,10,205.39,1277777,979882,3.49096310968062,0
2023-07-28 10:51:50,209.1,10422260,5,205.39,1276717,979378,3.5404803169101293,0
2023-07-28 10:51:50,209.0,10423060,100,205.39,1276614,981238,3.49096310968062,0
2023-07-28 10:51:52,209.1,10423133,20,205.39,1273425,984840,3.5404803169101293,0
2023-07-28 10:51:52,209.0,10423133,2400,205.39,1273425,984840,3.49096310968062,0
2023-07-28 10:51:52,209.0,10427958,2400,205.39,1240285,980140,3.49096310968062,0
2023-07-28 10:51:53,209.05,10428192,10,205.39,1241547,982250,3.5157217132953815,0
2023-07-28 10:51:54,209.0,10429405,1193,205.39,1269393,980566,3.49096310968062,0
2023-07-28 10:51:54,209.0,10429405,22,205.39,1269393,980566,3.49096310968062,0
2023-07-28 10:51:56,209.0,10431470,7,205.39,1271803,981246,3.49096310968062,0
2023-07-28 10:51:57,209.0,10431883,100,205.39,1271656,981191,3.49096310968062,0
2023-07-28 10:51:58,209.0,10431985,50,205.39,1274633,981741,3.49096310968062,0
2023-07-28 10:51:58,209.0,10431985,116,205.39,1274633,981741,3.49096310968062,0
2023-07-28 10:51:59,209.0,10432472,250,205.39,1275554,982567,3.49096310968062,0
2023-07-28 10:51:59,209.0,10432472,5,205.39,1275554,982567,3.49096310968062,0
2023-07-28 10:51:59,209.1,10432472,5,205.39,1275554,982567,3.5404803169101293,0
2023-07-28 10:52:01,209.0,10440187,1,205.4,1275886,981089,3.49096310968062,0
2023-07-28 10:52:02,209.0,10444088,5,205.4,1279566,981379,3.49096310968062,0
2023-07-28 10:52:03,209.0,10444118,23,205.4,1278569,980456,3.49096310968062,0
2023-07-28 10:52:03,209.0,10444118,500,205.4,1278569,980456,3.49096310968062,0
2023-07-28 10:52:04,209.05,10445118,45,205.4,1273505,982226,3.5157217132953815,0
2023-07-28 10:52:05,209.0,10445669,100,205.4,1274052,982210,3.49096310968062,0
2023-07-28 10:52:06,209.1,10446094,5,205.4,1260470,984278,3.5404803169101293,0
2023-07-28 10:52:06,209.1,10446094,144,205.4,1260470,984278,3.5404803169101293,0
2023-07-28 10:52:07,209.1,10447594,144,205.4,1258123,980907,3.5404803169101293,0
2023-07-28 10:52:09,209.05,10448059,250,205.4,1263978,987736,3.5157217132953815,0
2023-07-28 10:52:10,209.05,10455378,4582,205.4,1267000,983684,3.5157217132953815,0
2023-07-28 10:52:10,209.1,10455378,9,205.4,1267000,983684,3.5404803169101293,0
2023-07-28 10:52:10,209.1,10456110,9,205.4,1265778,982437,3.5404803169101293,0
2023-07-28 10:52:11,209.0,10457769,350,205.4,1265102,980238,3.49096310968062,0
2023-07-28 10:52:12,209.0,10458940,1,205.4,1265257,983819,3.49096310968062,0
2023-07-28 10:52:13,209.0,10460509,117,205.4,1265066,980755,3.49096310968062,0
2023-07-28 10:52:15,209.1,10463407,253,205.4,1255221,980066,3.5404803169101293,0
2023-07-28 10:52:15,209.1,10463407,1,205.4,1255221,980066,3.5404803169101293,0
2023-07-28 10:52:16,209.15,10465725,22,205.4,1268269,980730,3.565238920524891,0
2023-07-28 10:52:18,209.1,10467061,3,205.41,1276566,981423,3.5404803169101293,0
2023-07-28 10:52:19,209.05,10467198,1,205.41,1277293,981761,3.5157217132953815,0
2023-07-28 10:52:19,209.1,10467198,25,205.41,1277293,981761,3.5404803169101293,0
2023-07-28 10:52:20,209.15,10467857,1,205.41,1280649,983514,3.565238920524891,0
2023-07-28 10:52:20,209.15,10468402,25,205.41,1277621,984311,3.565238920524891,0
2023-07-28 10:52:22,209.2,10471014,145,205.41,1278464,988865,3.5899975241396387,0
2023-07-28 10:52:23,209.2,10472191,23,205.41,1284202,984487,3.5899975241396387,0
2023-07-28 10:52:23,209.15,10472191,25,205.41,1284202,984487,3.565238920524891,0
2023-07-28 10:52:24,209.15,10476733,100,205.41,1281537,977621,3.565238920524891,0
2023-07-28 10:52:24,209.15,10477439,250,205.41,1267759,984419,3.565238920524891,0
2023-07-28 10:52:24,209.2,10477439,1,205.41,1267759,984419,3.5899975241396387,0
2023-07-28 10:52:26,209.25,10478307,600,205.41,1284354,984360,3.6147561277544007,0
2023-07-28 10:52:27,209.25,10478910,200,205.41,1286534,984283,3.6147561277544007,0
2023-07-28 10:52:27,209.2,10478910,2,205.41,1286534,984283,3.5899975241396387,0
2023-07-28 10:52:28,209.2,10480000,116,205.41,1287293,983020,3.5899975241396387,0
2023-07-28 10:52:29,209.25,10481791,400,205.41,1288175,981379,3.6147561277544007,0
2023-07-28 10:52:29,209.25,10486160,208,205.41,1283958,980031,3.6147561277544007,0
2023-07-28 10:52:30,209.25,10489322,2,205.41,1287269,969789,3.6147561277544007,0
2023-07-28 10:52:31,209.25,10493434,6,205.41,1283053,977279,3.6147561277544007,0
2023-07-28 10:52:32,209.35,10494197,1,205.42,1288219,977477,3.66427333498391,0
2023-07-28 10:52:33,209.25,10494298,24,205.42,1291088,974558,3.6147561277544007,0
2023-07-28 10:52:33,209.25,10494298,311,205.42,1291088,974558,3.6147561277544007,0
2023-07-28 10:52:34,209.35,10495877,5,205.42,1300231,979369,3.66427333498391,0
2023-07-28 10:52:35,209.35,10497547,167,205.42,1297398,979506,3.66427333498391,0
2023-07-28 10:52:36,209.35,10508727,732,205.42,1297178,971927,3.66427333498391,0
2023-07-28 10:52:36,209.3,10508727,200,205.42,1297178,971927,3.6395147313691623,0
2023-07-28 10:52:37,209.2,10514589,91,205.42,1288996,982447,3.5899975241396387,0
2023-07-28 10:52:38,209.3,10517677,119,205.42,1289867,986060,3.6395147313691623,0
2023-07-28 10:52:39,209.3,10518006,5,205.42,1287898,987877,3.6395147313691623,0
2023-07-28 10:52:39,209.3,10518006,33,205.42,1287898,987877,3.6395147313691623,0
2023-07-28 10:52:40,209.3,10521618,362,205.43,1294666,986082,3.6395147313691623,0
2023-07-28 10:52:41,209.3,10522480,86,205.43,1295677,987495,3.6395147313691623,0
2023-07-28 10:52:42,209.25,10522712,125,205.43,1297685,988674,3.6147561277544007,0
2023-07-28 10:52:42,209.3,10522712,16,205.43,1297685,988674,3.6395147313691623,0
2023-07-28 10:52:43,209.25,10556860,117,205.44,1297314,968684,3.6147561277544007,0
2023-07-28 10:52:44,209.25,10564717,1,205.44,1285277,966783,3.6147561277544007,0
2023-07-28 10:52:44,209.3,10564717,85,205.44,1285277,966783,3.6395147313691623,0
2023-07-28 10:52:45,209.3,10565649,10,205.44,1298449,968979,3.6395147313691623,0
2023-07-28 10:52:47,209.3,10565871,337,205.44,1300106,969685,3.6395147313691623,0
2023-07-28 10:52:48,209.2,10567058,6,205.44,1301932,969389,3.5899975241396387,0
2023-07-28 10:52:48,209.25,10567058,15,205.44,1301932,969389,3.6147561277544007,0
2023-07-28 10:52:49,209.3,10568166,111,205.44,1303573,975780,3.6395147313691623,0
2023-07-28 10:52:50,209.3,10568631,2,205.44,1301910,974076,3.6395147313691623,0
2023-07-28 10:52:51,209.2,10578048,325,205.45,1249602,975964,3.5899975241396387,0
2023-07-28 10:52:52,209.3,10580090,205,205.45,1281621,965485,3.6395147313691623,0
2023-07-28 10:52:53,209.15,10580320,410,205.45,1282750,989862,3.565238920524891,0
2023-07-28 10:52:54,209.15,10580917,42,205.45,1284232,993586,3.565238920524891,0
2023-07-28 10:52:55,209.2,10583150,224,205.45,1282115,999069,3.5899975241396387,0
2023-07-28 10:52:56,209.2,10584127,97,205.45,1280835,1002103,3.5899975241396387,0
2023-07-28 10:52:57,209.2,10585326,100,205.45,1279133,998232,3.5899975241396387,0
2023-07-28 10:52:58,209.1,10585775,97,205.45,1264660,1001561,3.5404803169101293,0
2023-07-28 10:52:59,209.2,10586328,42,205.45,1277818,1001226,3.5899975241396387,0
2023-07-28 10:53:01,209.2,10588886,100,205.45,1278304,1002507,3.5899975241396387,0
2023-07-28 10:53:01,209.25,10588886,18,205.45,1278304,1002507,3.6147561277544007,0
2023-07-28 10:53:02,209.25,10600188,923,205.45,1274339,1005328,3.6147561277544007,0
2023-07-28 10:53:03,209.2,10600324,1,205.45,1272535,1003766,3.5899975241396387,0
2023-07-28 10:53:04,209.15,10600858,53,205.45,1264435,1004775,3.565238920524891,0
2023-07-28 10:53:05,209.25,10601433,58,205.45,1245284,1004298,3.6147561277544007,0
2023-07-28 10:53:05,209.15,10601433,200,205.45,1245284,1004298,3.565238920524891,0
2023-07-28 10:53:07,209.2,10602294,14,205.45,1276308,1005659,3.5899975241396387,0
2023-07-28 10:53:08,209.2,10602667,7,205.45,1285235,1009382,3.5899975241396387,0
2023-07-28 10:53:08,209.25,10602667,10,205.45,1285235,1009382,3.6147561277544007,0
2023-07-28 10:53:08,209.15,10602783,50,205.45,1290429,1008689,3.565238920524891,0
2023-07-28 10:53:09,209.25,10604794,310,205.46,1291068,1008613,3.6147561277544007,0
2023-07-28 10:53:10,209.25,10605950,200,205.46,1289424,1006672,3.6147561277544007,0
2023-07-28 10:53:12,209.2,10608061,494,205.46,1284054,1007180,3.5899975241396387,0
2023-07-28 10:53:12,209.1,10608574,176,205.46,1285851,1005764,3.5404803169101293,0
2023-07-28 10:53:12,209.25,10608574,2,205.46,1285851,1005764,3.6147561277544007,0
2023-07-28 10:53:14,209.25,10609201,200,205.46,1285856,1009038,3.6147561277544007,0
2023-07-28 10:53:15,209.1,10609717,1,205.46,1285026,1009123,3.5404803169101293,0
2023-07-28 10:53:15,209.2,10609769,22,205.46,1284042,1008566,3.5899975241396387,0
2023-07-28 10:53:15,209.1,10609769,100,205.46,1284042,1008566,3.5404803169101293,0
2023-07-28 10:53:17,209.15,10610210,232,205.46,1267083,1012782,3.565238920524891,0
2023-07-28 10:53:17,209.25,10610262,1,205.46,1285049,1013768,3.6147561277544007,0
2023-07-28 10:53:19,209.1,10614515,11,205.46,1277263,1013170,3.5404803169101293,0
2023-07-28 10:53:19,209.2,10614515,5,205.46,1277263,1013170,3.5899975241396387,0
2023-07-28 10:53:19,209.2,10615081,5,205.46,1283055,1013286,3.5899975241396387,0
2023-07-28 10:53:19,209.15,10615081,5,205.46,1283055,1013286,3.565238920524891,0
2023-07-28 10:53:21,209.2,10615304,2,205.46,1283588,1015357,3.5899975241396387,0
2023-07-28 10:53:22,209.2,10617678,10,205.46,1286847,1014392,3.5899975241396387,0
2023-07-28 10:53:22,209.2,10617678,10,205.46,1286847,1014392,3.5899975241396387,0
2023-07-28 10:53:22,209.2,10617678,100,205.46,1286847,1014392,3.5899975241396387,0
2023-07-28 10:53:23,209.1,10618043,15,205.46,1288727,1013207,3.5404803169101293,0
2023-07-28 10:53:24,209.2,10618132,10,205.46,1288353,1014969,3.5899975241396387,0
2023-07-28 10:53:25,209.2,10618419,51,205.46,1289017,1017024,3.5899975241396387,0
2023-07-28 10:53:25,209.2,10618419,165,205.46,1289017,1017024,3.5899975241396387,0
2023-07-28 10:53:26,209.2,10618681,23,205.46,1288683,1016852,3.5899975241396387,0
2023-07-28 10:53:26,209.2,10618681,26,205.46,1288683,1016852,3.5899975241396387,0
2023-07-28 10:53:27,209.2,10619107,95,205.46,1291910,1016365,3.5899975241396387,0
2023-07-28 10:53:27,209.1,10619107,20,205.46,1291910,1016365,3.5404803169101293,0
2023-07-28 10:53:28,209.2,10619182,12,205.46,1290139,1015657,3.5899975241396387,0
2023-07-28 10:53:29,209.2,10619462,100,205.46,1288238,1019507,3.5899975241396387,0
2023-07-28 10:53:29,209.2,10619462,100,205.46,1288238,1019507,3.5899975241396387,0
2023-07-28 10:53:30,209.2,10640357,50,205.47,1291425,999892,3.5899975241396387,0
2023-07-28 10:53:30,209.25,10640357,1,205.47,1291425,999892,3.6147561277544007,0
2023-07-28 10:53:31,209.25,10644029,33,205.47,1289907,1002065,3.6147561277544007,0
2023-07-28 10:53:31,209.25,10644029,10,205.47,1289907,1002065,3.6147561277544007,0
2023-07-28 10:53:32,209.25,10644489,10,205.47,1291443,1003743,3.6147561277544007,0
2023-07-28 10:53:32,209.25,10644489,8,205.47,1291443,1003743,3.6147561277544007,0
2023-07-28 10:53:34,209.2,10644685,90,205.47,1292268,1004666,3.5899975241396387,0
2023-07-28 10:53:34,209.2,10645240,90,205.47,1291097,1003017,3.5899975241396387,0
2023-07-28 10:53:34,209.15,10645240,100,205.47,1291097,1003017,3.565238920524891,0
2023-07-28 10:53:36,209.2,10660471,25,205.47,1283112,1014667,3.5899975241396387,0
2023-07-28 10:53:36,209.15,10662094,76,205.48,1285087,1012814,3.565238920524891,0
2023-07-28 10:53:36,209.2,10662094,50,205.48,1285087,1012814,3.5899975241396387,0
2023-07-28 10:53:38,209.2,10663707,1381,205.48,1286846,1013057,3.5899975241396387,0
2023-07-28 10:53:38,209.15,10663919,15,205.48,1287418,1013898,3.565238920524891,0
2023-07-28 10:53:39,209.2,10664418,471,205.48,1286916,1012656,3.5899975241396387,0
2023-07-28 10:53:41,209.2,10664762,100,205.48,1286611,1012811,3.5899975241396387,0
2023-07-28 10:53:42,209.25,10665782,50,205.48,1288485,1014503,3.6147561277544007,0
2023-07-28 10:53:42,209.25,10665782,10,205.48,1288485,1014503,3.6147561277544007,0
2023-07-28 10:53:42,209.2,10665894,117,205.48,1288231,1017651,3.5899975241396387,0
2023-07-28 10:53:43,209.2,10666045,117,205.48,1288114,1017638,3.5899975241396387,0
2023-07-28 10:53:44,209.2,10666147,20,205.48,1289027,1018847,3.5899975241396387,0
2023-07-28 10:53:45,209.15,10667519,29,205.48,1281289,1018305,3.565238920524891,0
2023-07-28 10:53:46,209.25,10668309,79,205.48,1279377,1018687,3.6147561277544007,0
2023-07-28 10:53:47,209.25,10668551,24,205.48,1278639,1018130,3.6147561277544007,0
2023-07-28 10:53:48,209.25,10669685,113,205.48,1278625,1019422,3.6147561277544007,0
2023-07-28 10:53:49,209.25,10670109,100,205.48,1281225,1019685,3.6147561277544007,0
2023-07-28 10:53:50,209.25,10670168,6,205.48,1281226,1021626,3.6147561277544007,0
2023-07-28 10:53:51,209.15,10670567,84,205.48,1273516,1023337,3.565238920524891,0
2023-07-28 10:53:51,209.3,10670567,1,205.48,1273516,1023337,3.6395147313691623,0
2023-07-28 10:53:52,209.3,10679590,15,205.48,1292399,1015702,3.6395147313691623,0
2023-07-28 10:53:53,209.3,10687857,69,205.48,1289122,1007038,3.6395147313691623,0
2023-07-28 10:53:54,209.3,10688848,5,205.48,1289161,1007357,3.6395147313691623,0
2023-07-28 10:53:54,209.3,10688848,197,205.48,1289161,1007357,3.6395147313691623,0
2023-07-28 10:53:55,209.3,10689167,197,205.49,1286101,1007844,3.6395147313691623,0
2023-07-28 10:53:55,209.4,10689167,1,205.49,1286101,1007844,3.6890319385986716,0
2023-07-28 10:53:57,209.4,10691548,151,205.49,1286180,1006696,3.6890319385986716,0
2023-07-28 10:53:57,209.35,10692301,10,205.49,1284527,1005432,3.66427333498391,0
2023-07-28 10:53:57,209.3,10692301,95,205.49,1284527,1005432,3.6395147313691623,0
2023-07-28 10:53:59,209.4,10692752,8,205.49,1284300,1005098,3.6890319385986716,0
2023-07-28 10:53:59,209.25,10695368,503,205.49,1285554,1006839,3.6147561277544007,0
2023-07-28 10:54:00,209.3,10695659,19,205.49,1283565,1006226,3.6395147313691623,0
2023-07-28 10:54:00,209.3,10695659,7,205.49,1283565,1006226,3.6395147313691623,0
2023-07-28 10:54:01,209.3,10697084,7,205.49,1275902,1007788,3.6395147313691623,0
2023-07-28 10:54:01,209.3,10697084,1,205.49,1275902,1007788,3.6395147313691623,0
2023-07-28 10:54:03,209.3,10697378,151,205.49,1276188,1009651,3.6395147313691623,0
2023-07-28 10:54:03,209.3,10697447,16,205.49,1275930,1010778,3.6395147313691623,0
2023-07-28 10:54:03,209.3,10697447,7,205.49,1275930,1010778,3.6395147313691623,0
2023-07-28 10:54:05,209.3,10697509,35,205.49,1275903,1009671,3.6395147313691623,0
2023-07-28 10:54:06,209.3,10698022,2,205.49,1276656,1015026,3.6395147313691623,0
2023-07-28 10:54:06,209.15,10698022,374,205.49,1276656,1015026,3.565238920524891,0
2023-07-28 10:54:07,209.15,10699319,31,205.49,1275500,1014919,3.565238920524891,0
2023-07-28 10:54:08,209.25,10699548,100,205.49,1276895,1016839,3.6147561277544007,0
2023-07-28 10:54:08,209.25,10699632,9,205.49,1277744,1016814,3.6147561277544007,0
2023-07-28 10:54:10,209.25,10699686,10,205.49,1278721,1015165,3.6147561277544007,0
2023-07-28 10:54:10,209.25,10699686,5,205.49,1278721,1015165,3.6147561277544007,0
2023-07-28 10:54:10,209.25,10699696,5,205.49,1280302,1016120,3.6147561277544007,0
2023-07-28 10:54:11,209.25,10699727,30,205.49,1282252,1016979,3.6147561277544007,0
2023-07-28 10:54:12,209.2,10702295,519,205.49,1281511,1019108,3.5899975241396387,0
2023-07-28 10:54:12,209.2,10702295,117,205.49,1281511,1019108,3.5899975241396387,0
2023-07-28 10:54:13,209.2,10702695,117,205.49,1281631,1020014,3.5899975241396387,0
2023-07-28 10:54:14,209.2,10703735,1000,205.49,1280148,1021562,3.5899975241396387,0
2023-07-28 10:54:15,209.2,10704049,200,205.49,1279522,1026153,3.5899975241396387,0
2023-07-28 10:54:16,209.2,10704830,4,205.49,1277394,1026167,3.5899975241396387,0
2023-07-28 10:54:16,209.25,10704830,50,205.49,1277394,1026167,3.6147561277544007,0
2023-07-28 10:54:17,209.25,10706649,50,205.49,1280933,1023635,3.6147561277544007,0
2023-07-28 10:54:18,209.2,10706916,5,205.49,1281146,1022662,3.5899975241396387,0
2023-07-28 10:54:18,209.25,10706916,4,205.49,1281146,1022662,3.6147561277544007,0
2023-07-28 10:54:20,209.15,10707448,275,205.49,1282676,1023713,3.565238920524891,0
2023-07-28 10:54:21,209.25,10708030,13,205.49,1281491,1022678,3.6147561277544007,0
2023-07-28 10:54:22,209.2,10708100,6,205.49,1281912,1022785,3.5899975241396387,0
2023-07-28 10:54:23,209.25,10708167,35,205.49,1281955,1022797,3.6147561277544007,0
2023-07-28 10:54:23,209.2,10708167,24,205.49,1281955,1022797,3.5899975241396387,0
2023-07-28 10:54:24,209.25,10712969,728,205.49,1281841,1021419,3.6147561277544007,0
2023-07-28 10:54:24,209.25,10713450,48,205.49,1272410,1021494,3.6147561277544007,0
2023-07-28 10:54:25,209.25,10714128,10,205.49,1283936,1024276,3.6147561277544007,0
2023-07-28 10:54:26,209.2,10715575,1199,205.49,1283514,1024755,3.5899975241396387,0
2023-07-28 10:54:27,209.25,10717277,1,205.49,1276241,1023453,3.6147561277544007,0
2023-07-28 10:54:27,209.2,10717277,116,205.49,1276241,1023453,3.5899975241396387,0
2023-07-28 10:54:28,209.2,10718266,116,205.5,1278314,1022198,3.5899975241396387,0
2023-07-28 10:54:30,209.2,10718565,100,205.5,1261990,1024406,3.5899975241396387,0
2023-07-28 10:54:30,209.2,10720714,4,205.5,1274301,1043016,3.5899975241396387,0
2023-07-28 10:54:30,209.15,10720714,100,205.5,1274301,1043016,3.565238920524891,0
2023-07-28 10:54:31,209.15,10721029,100,205.5,1278480,1044149,3.565238920524891,0
2023-07-28 10:54:31,209.2,10721029,1,205.5,1278480,1044149,3.5899975241396387,0
2023-07-28 10:54:31,209.2,10721029,23,205.5,1278480,1044149,3.5899975241396387,0
2023-07-28 10:54:34,209.15,10723748,70,205.5,1276553,1045054,3.565238920524891,0
2023-07-28 10:54:34,209.2,10723748,4,205.5,1276553,1045054,3.5899975241396387,0
2023-07-28 10:54:35,209.15,10723973,3,205.5,1278176,1046023,3.565238920524891,0
2023-07-28 10:54:36,209.15,10724997,23,205.5,1278770,1053265,3.565238920524891,0
2023-07-28 10:54:36,209.15,10724997,100,205.5,1278770,1053265,3.565238920524891,0
2023-07-28 10:54:37,209.15,10729095,37,205.5,1272641,1056709,3.565238920524891,0
2023-07-28 10:54:38,209.15,10730577,148,205.5,1256647,1045510,3.565238920524891,0
2023-07-28 10:54:39,209.15,10730884,6,205.5,1274419,1047349,3.565238920524891,0
2023-07-28 10:54:39,209.15,10730884,23,205.5,1274419,1047349,3.565238920524891,0
2023-07-28 10:54:40,209.15,10731329,23,205.5,1272354,1047146,3.565238920524891,0
2023-07-28 10:54:40,209.15,10731329,23,205.5,1272354,1047146,3.565238920524891,0
2023-07-28 10:54:42,209.1,10731965,1,205.5,1276110,1051090,3.5404803169101293,0
2023-07-28 10:54:42,209.1,10731965,65,205.5,1276110,1051090,3.5404803169101293,0
2023-07-28 10:54:43,209.1,10734217,117,205.5,1273098,1059889,3.5404803169101293,0
2023-07-28 10:54:44,209.1,10735618,84,205.5,1274361,1061329,3.5404803169101293,0
2023-07-28 10:54:44,209.15,10735618,147,205.5,1274361,1061329,3.565238920524891,0
2023-07-28 10:54:45,209.15,10735927,1,205.5,1273073,1061892,3.565238920524891,0
2023-07-28 10:54:45,209.1,10735927,23,205.5,1273073,1061892,3.5404803169101293,0
2023-07-28 10:54:46,209.1,10768707,1,205.51,1236180,1066164,3.5404803169101293,0
2023-07-28 10:54:47,209.1,10772106,5,205.51,1242311,1062217,3.5404803169101293,0
2023-07-28 10:54:47,209.1,10772106,150,205.51,1242311,1062217,3.5404803169101293,0
2023-07-28 10:54:48,209.1,10774646,59,205.51,1241787,1065006,3.5404803169101293,0
2023-07-28 10:54:48,209.15,10774900,26,205.51,1242451,1066058,3.565238920524891,0
2023-07-28 10:54:48,209.1,10774926,2,205.51,1242309,1066019,3.5404803169101293,0
2023-07-28 10:54:51,209.1,10775180,250,205.51,1242309,1067520,3.5404803169101293,0
2023-07-28 10:54:51,209.1,10775206,26,205.51,1236889,1069440,3.5404803169101293,0
2023-07-28 10:54:53,209.1,10775732,1,205.51,1242094,1073661,3.5404803169101293,0
2023-07-28 10:54:53,209.1,10776124,24,205.51,1245541,1066413,3.5404803169101293,0
2023-07-28 10:54:55,209.15,10776277,10,205.51,1245744,1075503,3.565238920524891,0
2023-07-28 10:54:55,209.1,10776277,2,205.51,1245744,1075503,3.5404803169101293,0
2023-07-28 10:54:56,209.1,10776317,10,205.51,1245698,1089450,3.5404803169101293,0
2023-07-28 10:54:57,209.05,10777194,289,205.51,1245991,1094972,3.5157217132953815,0
2023-07-28 10:54:57,209.1,10777194,40,205.51,1245991,1094972,3.5404803169101293,0
2023-07-28 10:54:59,209.1,10778164,62,205.52,1225985,1096907,3.5404803169101293,0
2023-07-28 10:54:59,209.1,10778269,4,205.52,1246625,1102205,3.5404803169101293,0
2023-07-28 10:55:00,209.05,10778670,1,205.52,1247360,1108704,3.5157217132953815,0
2023-07-28 10:55:00,209.0,10778670,23,205.52,1247360,1108704,3.49096310968062,0
2023-07-28 10:55:02,209.0,10784942,200,205.52,1246470,1104751,3.49096310968062,0
2023-07-28 10:55:02,209.05,10784942,107,205.52,1246470,1104751,3.5157217132953815,0
2023-07-28 10:55:02,209.05,10788273,107,205.52,1243498,1119523,3.5157217132953815,0
2023-07-28 10:55:04,208.9,10791225,87,205.52,1248337,1123073,3.4414459024511106,0
2023-07-28 10:55:04,209.05,10791225,10,205.52,1248337,1123073,3.5157217132953815,0
2023-07-28 10:55:05,209.0,10792585,67,205.52,1249547,1117373,3.49096310968062,0
2023-07-28 10:55:05,209.0,10792585,2,205.52,1249547,1117373,3.49096310968062,0
2023-07-28 10:55:06,208.95,10793988,4,205.52,1239692,1143888,3.466204506065858,0
2023-07-28 10:55:07,208.95,10799972,2,205.52,1248949,1144486,3.466204506065858,0
2023-07-28 10:55:07,209.0,10799972,528,205.52,1248949,1144486,3.49096310968062,0
2023-07-28 10:55:07,209.0,10801492,1,205.52,1245516,1159473,3.49096310968062,0
2023-07-28 10:55:07,208.9,10801492,27,205.52,1245516,1159473,3.4414459024511106,0
2023-07-28 10:55:09,209.0,10802142,180,205.52,1248353,1169544,3.49096310968062,0
2023-07-28 10:55:09,209.0,10802142,2,205.52,1248353,1169544,3.49096310968062,0
2023-07-28 10:55:10,209.05,10802244,3,205.52,1251714,1172773,3.5157217132953815,0
2023-07-28 10:55:11,209.0,10804561,122,205.52,1249689,1176648,3.49096310968062,0
2023-07-28 10:55:11,208.95,10804561,5,205.52,1249689,1176648,3.466204506065858,0
2023-07-28 10:55:12,208.9,10806145,66,205.52,1249395,1185164,3.4414459024511106,0
2023-07-28 10:55:12,209.05,10806509,36,205.52,1251611,1185387,3.5157217132953815,0
2023-07-28 10:55:13,209.05,10806713,27,205.52,1214849,1189147,3.5157217132953815,0
2023-07-28 10:55:15,209.05,10808460,2,205.52,1254769,1199709,3.5157217132953815,0
2023-07-28 10:55:15,209.0,10808460,5,205.52,1254769,1199709,3.49096310968062,0
2023-07-28 10:55:16,209.0,10808905,67,205.52,1257577,1195935,3.49096310968062,0
2023-07-28 10:55:17,209.0,10809889,1,205.53,1255930,1195965,3.49096310968062,0
2023-07-28 10:55:17,209.05,10809889,9,205.53,1255930,1195965,3.5157217132953815,0
2023-07-28 10:55:18,209.05,10810990,7,205.53,1254416,1199346,3.5157217132953815,0
2023-07-28 10:55:18,209.0,10810990,803,205.53,1254416,1199346,3.49096310968062,0
2023-07-28 10:55:19,209.1,10817828,5,205.53,1251048,1194918,3.5404803169101293,0
2023-07-28 10:55:19,209.1,10817828,684,205.53,1251048,1194918,3.5404803169101293,0
2023-07-28 10:55:20,209.0,10819163,34,205.53,1255356,1200093,3.49096310968062,0
2023-07-28 10:55:21,209.0,10819720,247,205.53,1256830,1198792,3.49096310968062,0
2023-07-28 10:55:22,209.1,10820440,10,205.53,1256855,1206051,3.5404803169101293,0
2023-07-28 10:55:23,209.1,10820536,50,205.53,1257498,1203905,3.5404803169101293,0
2023-07-28 10:55:24,209.05,10820621,1,205.53,1256343,1204475,3.5157217132953815,0
2023-07-28 10:55:25,209.05,10820656,5,205.53,1256697,1210045,3.5157217132953815,0
2023-07-28 10:55:26,209.05,10820717,30,205.53,1254370,1211052,3.5157217132953815,0
2023-07-28 10:55:27,209.0,10820833,100,205.53,1254948,1211216,3.49096310968062,0
2023-07-28 10:55:27,209.05,10820833,548,205.53,1254948,1211216,3.5157217132953815,0
2023-07-28 10:55:28,209.0,10821410,10,205.53,1254950,1210870,3.49096310968062,0
2023-07-28 10:55:29,209.05,10821636,1,205.53,1249486,1213335,3.5157217132953815,0
2023-07-28 10:55:29,209.0,10821690,15,205.53,1248701,1213355,3.49096310968062,0
2023-07-28 10:55:29,209.05,10821690,6,205.53,1248701,1213355,3.5157217132953815,0
2023-07-28 10:55:30,209.05,10821696,6,205.53,1248738,1211050,3.5157217132953815,0
2023-07-28 10:55:30,209.05,10821696,200,205.53,1248738,1211050,3.5157217132953815,0
2023-07-28 10:55:32,209.05,10823110,1,205.53,1249872,1213858,3.5157217132953815,0
2023-07-28 10:55:32,209.05,10823584,13,205.53,1251088,1218575,3.5157217132953815,0
2023-07-28 10:55:32,209.0,10823584,1,205.53,1251088,1218575,3.49096310968062,0
2023-07-28 10:55:33,209.0,10823655,1,205.53,1259218,1219385,3.49096310968062,0
2023-07-28 10:55:34,209.0,10824671,8,205.53,1257550,1221109,3.49096310968062,0
2023-07-28 10:55:34,209.05,10824671,19,205.53,1257550,1221109,3.5157217132953815,0
2023-07-28 10:55:36,209.05,10824826,9,205.53,1257798,1223000,3.5157217132953815,0
2023-07-28 10:55:37,208.9,10827270,461,205.53,1247012,1227345,3.4414459024511106,0
2023-07-28 10:55:37,209.05,10827883,51,205.53,1254452,1225317,3.5157217132953815,0
2023-07-28 10:55:38,209.05,10829016,114,205.53,1250269,1225810,3.5157217132953815,0
2023-07-28 10:55:39,209.0,10829379,54,205.53,1255613,1229539,3.49096310968062,0
2023-07-28 10:55:40,209.0,10831606,8,205.53,1254932,1229516,3.49096310968062,0
2023-07-28 10:55:40,208.95,10831606,23,205.53,1254932,1229516,3.466204506065858,0
2023-07-28 10:55:42,208.85,10832618,336,205.53,1204246,1247186,3.4166872988363486,0
2023-07-28 10:55:43,208.9,10832907,7,205.53,1248088,1246157,3.4414459024511106,0
2023-07-28 10:55:43,208.85,10832907,44,205.53,1248088,1246157,3.4166872988363486,0
2023-07-28 10:55:44,208.9,10833144,23,205.53,1249782,1249291,3.4414459024511106,0
2023-07-28 10:55:44,208.9,10833144,30,205.53,1249782,1249291,3.4414459024511106,0
2023-07-28 10:55:44,208.9,10833304,30,205.53,1249862,1244019,3.4414459024511106,0
2023-07-28 10:55:44,208.85,10833304,100,205.53,1249862,1244019,3.4166872988363486,0
2023-07-28 10:55:46,208.9,10836300,11,205.53,1250696,1247909,3.4414459024511106,0
2023-07-28 10:55:47,208.95,10837049,16,205.53,1250365,1247471,3.466204506065858,0
2023-07-28 10:55:48,208.8,10839992,5,205.53,1249174,1247323,3.391928695221601,0
2023-07-28 10:55:48,208.85,10839992,1,205.53,1249174,1247323,3.4166872988363486,0
2023-07-28 10:55:49,208.95,10841548,62,205.54,1248519,1247777,3.466204506065858,0
2023-07-28 10:55:50,208.95,10841973,63,205.54,1249697,1241172,3.466204506065858,0
2023-07-28 10:55:51,208.85,10842095,1,205.54,1243365,1244057,3.4166872988363486,0
2023-07-28 10:55:51,208.9,10842095,1,205.54,1243365,1244057,3.4414459024511106,0
2023-07-28 10:55:52,208.9,10842169,11,205.54,1240155,1243563,3.4414459024511106,0
2023-07-28 10:55:53,208.8,10848406,300,205.54,1226696,1241975,3.391928695221601,0
2023-07-28 10:55:54,208.85,10852487,1,205.54,1246037,1242746,3.4166872988363486,0
2023-07-28 10:55:55,208.9,10853614,1,205.54,1247517,1241895,3.4414459024511106,0
2023-07-28 10:55:55,208.95,10853614,37,205.54,1247517,1241895,3.466204506065858,0
2023-07-28 10:55:56,208.95,10854725,1,205.54,1251613,1245537,3.466204506065858,0
2023-07-28 10:55:56,208.95,10854725,2,205.54,1251613,1245537,3.466204506065858,0
2023-07-28 10:55:57,208.95,10855188,12,205.54,1251709,1246290,3.466204506065858,0
2023-07-28 10:55:57,208.85,10855188,727,205.54,1251709,1246290,3.4166872988363486,0
2023-07-28 10:55:58,208.85,10856644,14,205.54,1247914,1253869,3.4166872988363486,0
2023-07-28 10:55:59,208.95,10857133,5,205.54,1250372,1249466,3.466204506065858,0
2023-07-28 10:55:59,208.95,10857133,39,205.54,1250372,1249466,3.466204506065858,0
2023-07-28 10:56:00,208.9,10864933,25,205.54,1219723,1243618,3.4414459024511106,0
2023-07-28 10:56:01,208.85,10868410,113,205.54,1253758,1241145,3.4166872988363486,0
2023-07-28 10:56:01,208.95,10868410,2,205.54,1253758,1241145,3.466204506065858,0
2023-07-28 10:56:01,208.95,10869311,2,205.54,1255312,1241895,3.466204506065858,0
2023-07-28 10:56:02,208.95,10869581,1,205.54,1254562,1241244,3.466204506065858,0
2023-07-28 10:56:04,208.9,10869730,18,205.54,1256781,1235908,3.4414459024511106,0
2023-07-28 10:56:05,208.95,10876594,94,205.55,1257964,1235248,3.466204506065858,0
2023-07-28 10:56:05,208.95,10878227,659,205.55,1241394,1233203,3.466204506065858,0
2023-07-28 10:56:05,208.95,10878227,27,205.55,1241394,1233203,3.466204506065858,0
2023-07-28 10:56:07,208.95,10879233,104,205.55,1256778,1231724,3.466204506065858,0
2023-07-28 10:56:08,208.95,10880046,1,205.55,1257450,1234008,3.466204506065858,0
2023-07-28 10:56:08,208.9,10880046,55,205.55,1257450,1234008,3.4414459024511106,0
2023-07-28 10:56:08,208.95,10880750,3,205.55,1257207,1234147,3.466204506065858,0
2023-07-28 10:56:10,208.95,10881289,8,205.55,1258933,1231897,3.466204506065858,0
2023-07-28 10:56:10,209.0,10881289,1,205.55,1258933,1231897,3.49096310968062,0
2023-07-28 10:56:12,208.95,10881584,177,205.55,1258555,1232948,3.466204506065858,0
2023-07-28 10:56:12,208.9,10881584,45,205.55,1258555,1232948,3.4414459024511106,0
2023-07-28 10:56:13,208.95,10883554,117,205.55,1257043,1231120,3.466204506065858,0
2023-07-28 10:56:14,208.95,10884654,200,205.55,1257044,1230972,3.466204506065858,0
2023-07-28 10:56:15,209.0,10885329,2,205.55,1258836,1230498,3.49096310968062,0
2023-07-28 10:56:15,209.0,10885329,1,205.55,1258836,1230498,3.49096310968062,0
2023-07-28 10:56:16,209.0,10885752,1,205.55,1258937,1231163,3.49096310968062,0
2023-07-28 10:56:18,209.0,10886313,76,205.55,1261660,1233666,3.49096310968062,0
2023-07-28 10:56:19,208.95,10888373,390,205.55,1258419,1233499,3.466204506065858,0
2023-07-28 10:56:20,209.0,10890618,2,205.55,1257453,1237264,3.49096310968062,0
2023-07-28 10:56:20,208.95,10890618,109,205.55,1257453,1237264,3.466204506065858,0
2023-07-28 10:56:21,209.0,10891889,1,205.55,1265060,1234394,3.49096310968062,0
2023-07-28 10:56:21,209.0,10891889,375,205.55,1265060,1234394,3.49096310968062,0
2023-07-28 10:56:22,208.95,10893055,23,205.55,1264858,1232644,3.466204506065858,0
2023-07-28 10:56:23,208.9,10895699,92,205.55,1263300,1233681,3.4414459024511106,0
2023-07-28 10:56:23,208.9,10895699,92,205.55,1263300,1233681,3.4414459024511106,0
2023-07-28 10:56:24,209.0,10897494,1,205.55,1264272,1223934,3.49096310968062,0
2023-07-28 10:56:24,208.95,10897494,2,205.55,1264272,1223934,3.466204506065858,0
2023-07-28 10:56:25,209.0,10898320,2,205.55,1263770,1236375,3.49096310968062,0
2023-07-28 10:56:26,208.9,10900324,2,205.55,1251986,1232585,3.4414459024511106,0
2023-07-28 10:56:26,208.9,10900324,2,205.55,1251986,1232585,3.4414459024511106,0
2023-07-28 10:56:26,208.9,10902128,60,205.55,1254866,1231424,3.4414459024511106,0
2023-07-28 10:56:26,208.85,10902128,1,205.55,1254866,1231424,3.4166872988363486,0
2023-07-28 10:56:28,208.85,10905153,170,205.55,1213250,1234092,3.4166872988363486,0
2023-07-28 10:56:29,208.85,10906220,5,205.56,1198703,1236833,3.4166872988363486,0
2023-07-28 10:56:30,208.85,10907928,31,205.56,1247624,1234693,3.4166872988363486,0
2023-07-28 10:56:30,208.85,10907928,2,205.56,1247624,1234693,3.4166872988363486,0
2023-07-28 10:56:31,208.9,10913553,631,205.56,1249864,1232574,3.4414459024511106,0
2023-07-28 10:56:31,208.9,10915270,631,205.56,1247578,1232231,3.4414459024511106,0
2023-07-28 10:56:32,208.85,10915951,1,205.56,1247128,1234388,3.4166872988363486,0
2023-07-28 10:56:33,208.8,10916264,20,205.56,1247000,1233319,3.391928695221601,0
2023-07-28 10:56:34,208.8,10916365,19,205.56,1250218,1234112,3.391928695221601,0
2023-07-28 10:56:35,208.8,10916462,37,205.56,1255365,1233883,3.391928695221601,0
2023-07-28 10:56:36,208.8,10916532,3,205.56,1254735,1234118,3.391928695221601,0
2023-07-28 10:56:36,208.9,10916532,23,205.56,1254735,1234118,3.4414459024511106,0
2023-07-28 10:56:38,208.8,10923800,29,205.56,1240018,1246767,3.391928695221601,0
2023-07-28 10:56:39,208.85,10925866,27,205.56,1254883,1249023,3.4166872988363486,0
2023-07-28 10:56:39,208.9,10928653,1,205.56,1259254,1246878,3.4414459024511106,0
2023-07-28 10:56:40,208.85,10929831,3,205.56,1259406,1247790,3.4166872988363486,0
2023-07-28 10:56:41,208.85,10930354,74,205.56,1302660,1244271,3.4166872988363486,0
2023-07-28 10:56:42,208.8,10930977,68,205.56,1301206,1249507,3.391928695221601,0
2023-07-28 10:56:43,208.8,10931570,23,205.56,1301668,1249513,3.391928695221601,0
2023-07-28 10:56:44,208.8,10932525,3,205.56,1302651,1251467,3.391928695221601,0
2023-07-28 10:56:46,208.75,10934346,65,205.56,1300767,1240621,3.367170091606839,0
2023-07-28 10:56:46,208.7,10934346,87,205.56,1300767,1240621,3.3424114879920777,0
2023-07-28 10:56:46,208.8,10934346,273,205.56,1300767,1240621,3.391928695221601,0
2023-07-28 10:56:48,208.9,10939601,1,205.57,1302694,1256075,3.4414459024511106,0
2023-07-28 10:56:48,208.85,10939601,23,205.57,1302694,1256075,3.4166872988363486,0
2023-07-28 10:56:49,208.85,10939947,1,205.57,1302979,1255497,3.4166872988363486,0
2023-07-28 10:56:49,208.8,10940464,277,205.57,1319550,1256334,3.391928695221601,0
2023-07-28 10:56:51,208.9,10942155,292,205.57,1320530,1258403,3.4414459024511106,0
2023-07-28 10:56:52,208.85,10942666,1,205.57,1320104,1257908,3.4166872988363486,0
2023-07-28 10:56:53,208.85,10943690,25,205.57,1294522,1259176,3.4166872988363486,0
2023-07-28 10:56:54,208.75,10944048,3,205.57,1318173,1257216,3.367170091606839,0
2023-07-28 10:56:55,208.8,10944257,22,205.57,1328664,1265571,3.391928695221601,0
2023-07-28 10:56:56,208.9,10945523,200,205.57,1331817,1268196,3.4414459024511106,0
2023-07-28 10:56:57,208.75,10946062,2,205.57,1331118,1270052,3.367170091606839,0
2023-07-28 10:56:57,208.8,10946062,57,205.57,1331118,1270052,3.391928695221601,0
2023-07-28 10:56:58,208.85,10946253,93,205.57,1334668,1268400,3.4166872988363486,0
2023-07-28 10:56:59,208.9,10946441,1,205.57,1338741,1270601,3.4414459024511106,0
2023-07-28 10:57:00,208.9,10946559,9,205.57,1337238,1271471,3.4414459024511106,0
2023-07-28 10:57:00,208.9,10946559,3,205.57,1337238,1271471,3.4414459024511106,0
2023-07-28 10:57:01,208.85,10946743,1,205.57,1305060,1271566,3.4166872988363486,0
2023-07-28 10:57:01,208.85,10946803,1,205.57,1333687,1272389,3.4166872988363486,0
2023-07-28 10:57:01,208.8,10946803,76,205.57,1333687,1272389,3.391928695221601,0
2023-07-28 10:57:03,208.8,10948155,1,205.57,1330947,1276015,3.391928695221601,0
2023-07-28 10:57:03,208.75,10948155,441,205.57,1330947,1276015,3.367170091606839,0
2023-07-28 10:57:04,208.85,10949173,1,205.57,1334074,1273152,3.4166872988363486,0
2023-07-28 10:57:04,208.75,10949173,5,205.57,1334074,1273152,3.367170091606839,0
2023-07-28 10:57:05,208.75,10949719,3,205.57,1336248,1272578,3.367170091606839,0
2023-07-28 10:57:05,208.75,10949982,126,205.57,1336122,1272468,3.367170091606839,0
2023-07-28 10:57:06,208.75,10950584,125,205.57,1321678,1277867,3.367170091606839,0
2023-07-28 10:57:07,208.8,10950847,2,205.57,1335670,1278003,3.391928695221601,0
2023-07-28 10:57:07,208.85,10950847,70,205.57,1335670,1278003,3.4166872988363486,0
2023-07-28 10:57:09,208.8,10953269,23,205.57,1342188,1272801,3.391928695221601,0
2023-07-28 10:57:10,208.85,10954142,4,205.57,1342857,1271042,3.4166872988363486,0
2023-07-28 10:57:10,208.8,10954781,100,205.57,1342628,1271458,3.391928695221601,0
2023-07-28 10:57:10,208.8,10954781,5,205.57,1342628,1271458,3.391928695221601,0
2023-07-28 10:57:10,208.8,10954781,1,205.57,1342628,1271458,3.391928695221601,0
2023-07-28 10:57:13,208.75,10955416,26,205.57,1343826,1275635,3.367170091606839,0
2023-07-28 10:57:14,208.85,10956125,16,205.57,1342405,1276520,3.4166872988363486,0
2023-07-28 10:57:14,208.85,10956125,1,205.57,1342405,1276520,3.4166872988363486,0
2023-07-28 10:57:15,208.85,10956985,22,205.57,1342891,1278970,3.4166872988363486,0
2023-07-28 10:57:15,208.8,10956985,142,205.57,1342891,1278970,3.391928695221601,0
2023-07-28 10:57:16,208.75,10958380,977,205.57,1342775,1272268,3.367170091606839,0
2023-07-28 10:57:16,208.85,10959107,100,205.57,1342220,1279190,3.4166872988363486,0
2023-07-28 10:57:17,208.75,10961397,2000,205.57,1340020,1277458,3.367170091606839,0
2023-07-28 10:57:19,208.75,10962324,127,205.57,1339743,1279046,3.367170091606839,0
2023-07-28 10:57:20,208.8,10962592,1,205.57,1341750,1278136,3.391928695221601,0
2023-07-28 10:57:20,208.85,10962592,11,205.57,1341750,1278136,3.4166872988363486,0
2023-07-28 10:57:21,208.8,10962737,2,205.57,1336560,1279230,3.391928695221601,0
2023-07-28 10:57:21,208.8,10962737,5,205.57,1336560,1279230,3.391928695221601,0
2023-07-28 10:57:22,208.75,10963310,447,205.57,1333363,1278370,3.367170091606839,0
2023-07-28 10:57:22,208.8,10963310,23,205.57,1333363,1278370,3.391928695221601,0
2023-07-28 10:57:23,208.75,10963503,41,205.57,1331998,1277677,3.367170091606839,0
2023-07-28 10:57:23,208.75,10963592,6,205.57,1331827,1277658,3.367170091606839,0
2023-07-28 10:57:26,208.75,10963763,8,205.57,1338322,1277654,3.367170091606839,0
2023-07-28 10:57:27,208.8,10963823,11,205.57,1332320,1277563,3.391928695221601,0
2023-07-28 10:57:29,208.8,10964022,50,205.57,1332989,1277666,3.391928695221601,0
2023-07-28 10:57:30,208.75,10965618,1500,205.57,1332866,1277866,3.367170091606839,0
2023-07-28 10:57:30,208.75,10967928,1,205.57,1336169,1277884,3.367170091606839,0
2023-07-28 10:57:32,208.8,10969341,7,205.57,1335595,1278137,3.391928695221601,0
2023-07-28 10:57:32,208.8,10971946,20,205.57,1333474,1278358,3.391928695221601,0
2023-07-28 10:57:32,208.8,10971946,16,205.57,1333474,1278358,3.391928695221601,0
2023-07-28 10:57:34,208.8,10973768,182,205.58,1335276,1276234,3.391928695221601,0
2023-07-28 10:57:34,208.8,10973768,23,205.58,1335276,1276234,3.391928695221601,0
2023-07-28 10:57:36,208.75,10973998,100,205.58,1318939,1276154,3.367170091606839,0
2023-07-28 10:57:36,208.75,10978237,17,205.58,1336914,1278051,3.367170091606839,0
2023-07-28 10:57:37,208.75,10979346,1,205.58,1319868,1277818,3.367170091606839,0
2023-07-28 10:57:37,208.75,10979346,251,205.58,1319868,1277818,3.367170091606839,0
2023-07-28 10:57:39,208.8,10979880,5,205.58,1334307,1276820,3.391928695221601,0
2023-07-28 10:57:39,208.8,10979880,50,205.58,1334307,1276820,3.391928695221601,0
2023-07-28 10:57:40,208.8,10981177,6,205.58,1334293,1277442,3.391928695221601,0
2023-07-28 10:57:40,208.8,10982574,1000,205.58,1333119,1276938,3.391928695221601,0
2023-07-28 10:57:40,208.8,10982574,200,205.58,1333119,1276938,3.391928695221601,0
2023-07-28 10:57:42,208.75,10984197,5,205.58,1333252,1276815,3.367170091606839,0
2023-07-28 10:57:43,208.7,10999139,117,205.58,1296472,1279131,3.3424114879920777,0
2023-07-28 10:57:44,208.7,11006681,1,205.58,1300256,1279948,3.3424114879920777,0
2023-07-28 10:57:44,208.75,11006681,38,205.58,1300256,1279948,3.367170091606839,0
2023-07-28 10:57:46,208.7,11008652,24,205.59,1302456,1277503,3.3424114879920777,0
2023-07-28 10:57:47,208.65,11020073,45,205.59,1278407,1281658,3.31765288437733,0
2023-07-28 10:57:47,208.55,11020073,25,205.59,1278407,1281658,3.2681356771478205,0
2023-07-28 10:57:48,208.55,11023128,2,205.59,1280740,1270896,3.2681356771478205,0
2023-07-28 10:57:48,208.55,11023128,1,205.59,1280740,1270896,3.2681356771478205,0
2023-07-28 10:57:49,208.6,11024592,25,205.59,1275632,1282528,3.292894280762568,0
2023-07-28 10:57:49,208.55,11024592,42,205.59,1275632,1282528,3.2681356771478205,0
2023-07-28 10:57:50,208.5,11026415,16,205.59,1274143,1285254,3.2433770735330585,0
2023-07-28 10:57:51,208.6,11029901,5,205.59,1281415,1278257,3.292894280762568,0
2023-07-28 10:57:51,208.6,11029901,523,205.59,1281415,1278257,3.292894280762568,0
2023-07-28 10:57:52,208.5,11031803,728,205.59,1282012,1283899,3.2433770735330585,0
2023-07-28 10:57:53,208.6,11032497,8,205.59,1283578,1284930,3.292894280762568,0
2023-07-28 10:57:53,208.5,11032717,24,205.59,1281144,1286670,3.2433770735330585,0
2023-07-28 10:57:55,208.55,11033136,2,205.59,1290549,1286462,3.2681356771478205,0
2023-07-28 10:57:55,208.6,11033458,100,205.59,1290250,1287957,3.292894280762568,0
2023-07-28 10:57:55,208.55,11033458,150,205.59,1290250,1287957,3.2681356771478205,0
2023-07-28 10:57:55,208.55,11033458,64,205.59,1290250,1287957,3.2681356771478205,0
2023-07-28 10:57:58,208.55,11033950,2,205.59,1293994,1286658,3.2681356771478205,0
2023-07-28 10:57:58,208.55,11033950,116,205.59,1293994,1286658,3.2681356771478205,0
2023-07-28 10:57:59,208.55,11034814,23,205.59,1293382,1284274,3.2681356771478205,0
2023-07-28 10:58:00,208.55,11036243,13,205.59,1291679,1282341,3.2681356771478205,0
2023-07-28 10:58:00,208.55,11036243,100,205.59,1291679,1282341,3.2681356771478205,0
2023-07-28 10:58:00,208.55,11036243,5,205.59,1291679,1282341,3.2681356771478205,0
2023-07-28 10:58:02,208.55,11037949,5,205.59,1275657,1282969,3.2681356771478205,0
2023-07-28 10:58:02,208.5,11037949,23,205.59,1275657,1282969,3.2433770735330585,0
2023-07-28 10:58:04,208.5,11039124,90,205.59,1281525,1285606,3.2433770735330585,0
2023-07-28 10:58:04,208.55,11039124,12,205.59,1281525,1285606,3.2681356771478205,0
2023-07-28 10:58:04,208.55,11039703,47,205.59,1280652,1280592,3.2681356771478205,0
2023-07-28 10:58:05,208.55,11039971,47,205.59,1281391,1284991,3.2681356771478205,0
2023-07-28 10:58:05,208.5,11039971,48,205.59,1281391,1284991,3.2433770735330585,0
2023-07-28 10:58:05,208.55,11039971,5,205.59,1281391,1284991,3.2681356771478205,0
2023-07-28 10:58:08,208.5,11040196,2,205.59,1283412,1286766,3.2433770735330585,0
2023-07-28 10:58:08,208.5,11040237,18,205.59,1283215,1281441,3.2433770735330585,0
2023-07-28 10:58:10,208.4,11109931,48,205.61,1225352,1279133,3.193859866303549,0
2023-07-28 10:58:10,208.35,11109931,27,205.61,1225352,1279133,3.1691012626887876,0
2023-07-28 10:58:11,208.45,11130861,18,205.62,1230169,1279317,3.218618469918297,0
2023-07-28 10:58:13,208.45,11131376,3,205.62,1230793,1278650,3.218618469918297,0
2023-07-28 10:58:13,208.4,11131985,50,205.62,1230811,1279358,3.193859866303549,0
2023-07-28 10:58:14,208.45,11132319,17,205.62,1229668,1278708,3.218618469918297,0
2023-07-28 10:58:15,208.45,11132537,1,205.62,1234935,1276319,3.218618469918297,0
2023-07-28 10:58:16,208.45,11133388,43,205.62,1233793,1277048,3.218618469918297,0
2023-07-28 10:58:17,208.45,11137717,23,205.62,1234523,1276369,3.218618469918297,0
2023-07-28 10:58:17,208.45,11137717,10,205.62,1234523,1276369,3.218618469918297,0
2023-07-28 10:58:18,208.45,11138949,10,205.62,1227768,1269202,3.218618469918297,0
2023-07-28 10:58:18,208.45,11138949,63,205.62,1227768,1269202,3.218618469918297,0
2023-07-28 10:58:18,208.4,11138949,14,205.62,1227768,1269202,3.193859866303549,0
2023-07-28 10:58:21,208.4,11143339,4,205.62,1225745,1278939,3.193859866303549,0
2023-07-28 10:58:21,208.3,11143339,57,205.62,1225745,1278939,3.1443426590740398,0
2023-07-28 10:58:22,208.4,11144741,2,205.62,1226447,1281600,3.193859866303549,0
2023-07-28 10:58:23,208.35,11145601,86,205.62,1202635,1281067,3.1691012626887876,0
2023-07-28 10:58:23,208.3,11145601,102,205.62,1202635,1281067,3.1443426590740398,0
2023-07-28 10:58:24,208.4,11146221,20,205.62,1211481,1280016,3.193859866303549,0
2023-07-28 10:58:24,208.4,11146389,20,205.62,1182029,1282982,3.193859866303549,0
2023-07-28 10:58:24,208.35,11146389,23,205.62,1182029,1282982,3.1691012626887876,0
2023-07-28 10:58:26,208.3,11149913,176,205.62,1192868,1283370,3.1443426590740398,0
2023-07-28 10:58:27,208.25,11153097,131,205.62,1201309,1281411,3.1195840554592777,0
2023-07-28 10:58:29,208.35,11155166,3,205.62,1188496,1282816,3.1691012626887876,0
2023-07-28 10:58:29,208.3,11155166,14,205.62,1188496,1282816,3.1443426590740398,0
2023-07-28 10:58:29,208.3,11157157,14,205.62,1207956,1283481,3.1443426590740398,0
2023-07-28 10:58:29,208.3,11157157,1,205.62,1207956,1283481,3.1443426590740398,0
2023-07-28 10:58:31,208.25,11158116,176,205.62,1183705,1287558,3.1195840554592777,0
2023-07-28 10:58:31,208.35,11160885,1,205.62,1201280,1282516,3.1691012626887876,0
2023-07-28 10:58:33,208.3,11162153,34,205.63,1204661,1281341,3.1443426590740398,0
2023-07-28 10:58:33,208.3,11162153,1,205.63,1204661,1281341,3.1443426590740398,0
2023-07-28 10:58:33,208.3,11162565,1,205.63,1207992,1284952,3.1443426590740398,0
2023-07-28 10:58:34,208.35,11162967,8,205.63,1211236,1282815,3.1691012626887876,0
2023-07-28 10:58:34,208.35,11162967,46,205.63,1211236,1282815,3.1691012626887876,0
2023-07-28 10:58:34,208.25,11162967,55,205.63,1211236,1282815,3.1195840554592777,0
2023-07-28 10:58:37,208.25,11165350,1,205.63,1211504,1282534,3.1195840554592777,0
2023-07-28 10:58:37,208.3,11165350,2,205.63,1211504,1282534,3.1443426590740398,0
2023-07-28 10:58:38,208.25,11166181,102,205.63,1203378,1285286,3.1195840554592777,0
2023-07-28 10:58:39,208.35,11167008,10,205.63,1207902,1282231,3.1691012626887876,0
2023-07-28 10:58:40,208.25,11172118,1304,205.63,1189761,1276705,3.1195840554592777,0
2023-07-28 10:58:42,208.25,11174749,1,205.63,1206227,1274970,3.1195840554592777,0
2023-07-28 10:58:43,208.2,11178909,24,205.63,1202698,1278321,3.094825451844516,0
2023-07-28 10:58:44,208.25,11181464,124,205.63,1208377,1284338,3.1195840554592777,0
2023-07-28 10:58:45,208.15,11183489,26,205.63,1210227,1283135,3.0700668482297684,0
2023-07-28 10:58:45,208.2,11183489,24,205.63,1210227,1283135,3.094825451844516,0
2023-07-28 10:58:46,208.15,11184153,20,205.63,1209572,1280097,3.0700668482297684,0
2023-07-28 10:58:46,208.15,11184475,3,205.63,1208155,1280812,3.0700668482297684,0
2023-07-28 10:58:46,208.15,11184475,440,205.63,1208155,1280812,3.0700668482297684,0
2023-07-28 10:58:49,208.15,11187776,63,205.63,1213698,1279587,3.0700668482297684,0
2023-07-28 10:58:50,208.15,11192502,500,205.63,1209111,1276214,3.0700668482297684,0
2023-07-28 10:58:51,208.1,11194925,10,205.63,1210256,1284205,3.045308244615007,0
2023-07-28 10:58:51,208.1,11194925,12,205.63,1210256,1284205,3.045308244615007,0
2023-07-28 10:58:52,208.1,11199972,269,205.63,1204549,1283020,3.045308244615007,0
2023-07-28 10:58:54,208.05,11205937,108,205.63,1206744,1274053,3.020549641000259,0
2023-07-28 10:58:55,208.0,11224408,4,205.64,1184627,1274204,2.9957910373854975,0
2023-07-28 10:58:56,208.0,11231089,286,205.64,1188332,1276314,2.9957910373854975,0
2023-07-28 10:58:56,208.1,11231089,24,205.64,1188332,1276314,3.045308244615007,0
2023-07-28 10:58:57,208.0,11233329,1,205.64,1156332,1278126,2.9957910373854975,0
2023-07-28 10:58:57,208.05,11233329,384,205.64,1156332,1278126,3.020549641000259,0
2023-07-28 10:58:58,207.95,11266836,55,205.65,1160674,1277555,2.9710324337707354,0
2023-07-28 10:58:58,208.0,11266836,26,205.65,1160674,1277555,2.9957910373854975,0
2023-07-28 10:58:59,208.05,11278371,104,205.65,1176809,1273436,3.020549641000259,0
2023-07-28 10:59:00,208.0,11283642,50,205.65,1176205,1272679,2.9957910373854975,0
2023-07-28 10:59:00,208.05,11283642,108,205.65,1176205,1272679,3.020549641000259,0
2023-07-28 10:59:01,207.95,11285108,540,205.65,1178919,1274201,2.9710324337707354,0
2023-07-28 10:59:02,208.05,11290907,42,205.65,1176213,1273652,3.020549641000259,0
2023-07-28 10:59:04,208.05,11323915,50,205.66,1185978,1263057,3.020549641000259,0
2023-07-28 10:59:05,208.1,11327866,1,205.66,1181885,1257687,3.045308244615007,0
2023-07-28 10:59:06,208.3,11391094,1,205.67,1186161,1241417,3.1443426590740398,0
2023-07-28 10:59:07,208.45,11476078,63,205.7,1211310,1205726,3.218618469918297,0
2023-07-28 10:59:08,208.3,11557695,457,205.71,1183758,1234987,3.1443426590740398,0
2023-07-28 10:59:09,208.3,11608786,27,205.73,1202938,1235467,3.1443426590740398,0
2023-07-28 10:59:09,208.45,11608786,60,205.73,1202938,1235467,3.218618469918297,0
2023-07-28 10:59:10,208.4,11629898,10,205.73,1210891,1237552,3.193859866303549,0
2023-07-28 10:59:10,208.4,11629898,22,205.73,1210891,1237552,3.193859866303549,0
2023-07-28 10:59:11,208.4,11636756,5,205.73,1195956,1238652,3.193859866303549,0
2023-07-28 10:59:12,208.5,11653364,429,205.74,1199565,1250664,3.2433770735330585,0
2023-07-28 10:59:14,208.45,11729333,92,205.75,1210320,1235859,3.218618469918297,0
2023-07-28 10:59:15,208.55,11738258,228,205.75,1218359,1234374,3.2681356771478205,0
2023-07-28 10:59:15,208.5,11738258,200,205.75,1218359,1234374,3.2433770735330585,0
2023-07-28 10:59:16,208.5,11741958,45,205.76,1219036,1231794,3.2433770735330585,0
2023-07-28 10:59:16,208.5,11746291,499,205.76,1215296,1234367,3.2433770735330585,0
2023-07-28 10:59:16,208.5,11746291,649,205.76,1215296,1234367,3.2433770735330585,0
2023-07-28 10:59:18,208.5,11747903,1,205.76,1214170,1232704,3.2433770735330585,0
2023-07-28 10:59:18,208.5,11747903,23,205.76,1214170,1232704,3.2433770735330585,0
2023-07-28 10:59:19,208.6,11749645,4,205.76,1217135,1233460,3.292894280762568,0
2023-07-28 10:59:20,208.6,11750452,5,205.76,1217504,1230373,3.292894280762568,0
2023-07-28 10:59:20,208.5,11750452,312,205.76,1217504,1230373,3.2433770735330585,0
2023-07-28 10:59:20,208.5,11801081,312,205.77,1206099,1249447,3.2433770735330585,0
2023-07-28 10:59:20,208.4,11801081,1,205.77,1206099,1249447,3.193859866303549,0
2023-07-28 10:59:22,208.5,11815881,200,205.77,1205638,1252825,3.2433770735330585,0
2023-07-28 10:59:22,208.5,11815881,200,205.77,1205638,1252825,3.2433770735330585,0
2023-07-28 10:59:23,208.5,11823085,296,205.77,1210365,1254704,3.2433770735330585,0
2023-07-28 10:59:23,208.5,11823085,296,205.77,1210365,1254704,3.2433770735330585,0
2023-07-28 10:59:25,208.35,11865734,6,205.78,1208928,1250760,3.1691012626887876,0
2023-07-28 10:59:25,208.5,11865734,50,205.78,1208928,1250760,3.2433770735330585,0
2023-07-28 10:59:25,208.5,11870516,50,205.78,1211666,1245453,3.2433770735330585,0
2023-07-28 10:59:25,208.4,11870516,10,205.78,1211666,1245453,3.193859866303549,0
2023-07-28 10:59:27,208.5,11872832,10,205.79,1213758,1252512,3.2433770735330585,0
2023-07-28 10:59:27,208.5,11872832,312,205.79,1213758,1252512,3.2433770735330585,0
2023-07-28 10:59:28,208.45,11873553,116,205.79,1211390,1251802,3.218618469918297,0
2023-07-28 10:59:29,208.4,11873824,1,205.79,1205356,1258076,3.193859866303549,0
2023-07-28 10:59:30,208.5,11900199,396,205.79,1208272,1252684,3.2433770735330585,0
2023-07-28 10:59:31,208.5,11904363,1,205.79,1216478,1252797,3.2433770735330585,0
2023-07-28 10:59:31,208.45,11904363,1,205.79,1216478,1252797,3.218618469918297,0
2023-07-28 10:59:33,208.5,11905379,144,205.79,1214912,1252371,3.2433770735330585,0
2023-07-28 10:59:33,208.45,11905379,98,205.79,1214912,1252371,3.218618469918297,0
2023-07-28 10:59:34,208.55,11906248,500,205.79,1213505,1256782,3.2681356771478205,0
2023-07-28 10:59:35,208.55,11907128,63,205.79,1213482,1308985,3.2681356771478205,0
2023-07-28 10:59:37,208.5,11909342,2,205.79,1213198,1309174,3.2433770735330585,0
2023-07-28 10:59:37,208.5,11909342,10,205.79,1213198,1309174,3.2433770735330585,0
2023-07-28 10:59:39,208.5,11912730,5,205.79,1214731,1308105,3.2433770735330585,0
2023-07-28 10:59:39,208.5,11912730,1,205.79,1214731,1308105,3.2433770735330585,0
2023-07-28 10:59:39,208.5,11912919,1,205.79,1183639,1307657,3.2433770735330585,0
2023-07-28 10:59:39,208.5,11912919,23,205.79,1183639,1307657,3.2433770735330585,0
2023-07-28 10:59:41,208.5,11913315,48,205.79,1215127,1307543,3.2433770735330585,0
2023-07-28 10:59:42,208.5,11914190,21,205.79,1224807,1306017,3.2433770735330585,0
2023-07-28 10:59:43,208.45,11914535,5,205.79,1270326,1309156,3.218618469918297,0
2023-07-28 10:59:45,208.5,11914768,47,205.79,1269926,1313396,3.2433770735330585,0
2023-07-28 10:59:46,208.45,11915437,2,205.79,1273169,1315496,3.218618469918297,0
2023-07-28 10:59:47,208.45,11915801,1,205.79,1273090,1315358,3.218618469918297,0
2023-07-28 10:59:47,208.4,11915801,22,205.79,1273090,1315358,3.193859866303549,0
2023-07-28 10:59:48,208.5,11916123,1,205.79,1272626,1317139,3.2433770735330585,0
2023-07-28 10:59:49,208.4,11917709,155,205.8,1273146,1312145,3.193859866303549,0
2023-07-28 10:59:51,208.5,11918153,2,205.8,1271782,1320240,3.2433770735330585,0
2023-07-28 10:59:51,208.5,11918955,31,205.8,1270977,1320516,3.2433770735330585,0
2023-07-28 10:59:52,208.5,11919165,1,205.8,1268454,1322163,3.2433770735330585,0
2023-07-28 10:59:52,208.4,11919165,24,205.8,1268454,1322163,3.193859866303549,0
2023-07-28 10:59:54,208.4,11919344,1,205.8,1273528,1321476,3.193859866303549,0
2023-07-28 10:59:54,208.4,11919344,22,205.8,1273528,1321476,3.193859866303549,0
2023-07-28 10:59:54,208.4,11919418,7,205.8,1274273,1322346,3.193859866303549,0
2023-07-28 10:59:56,208.4,11920970,147,205.8,1273076,1324275,3.193859866303549,0
2023-07-28 10:59:56,208.35,11920970,76,205.8,1273076,1324275,3.1691012626887876,0
2023-07-28 10:59:58,208.4,11922197,107,205.8,1274408,1326615,3.193859866303549,0
2023-07-28 10:59:59,208.35,11922900,4,205.8,1275314,1325442,3.1691012626887876,0
2023-07-28 11:00:00,208.3,11923094,20,205.8,1276016,1324221,3.1443426590740398,0
2023-07-28 11:00:00,208.3,11924551,25,205.8,1276195,1321335,3.1443426590740398,0
2023-07-28 11:00:02,208.15,11929010,334,205.8,1249525,1321969,3.0700668482297684,0
2023-07-28 11:00:03,208.15,11929585,2,205.8,1262589,1323397,3.0700668482297684,0
2023-07-28 11:00:03,208.1,11929959,289,205.8,1263032,1323001,3.045308244615007,0
2023-07-28 11:00:03,208.1,11929959,696,205.8,1263032,1323001,3.045308244615007,0
2023-07-28 11:00:05,208.1,11932424,453,205.8,1260858,1320447,3.045308244615007,0
2023-07-28 11:00:06,208.1,11933016,1,205.8,1262048,1321856,3.045308244615007,0
2023-07-28 11:00:06,208.1,11933016,2,205.8,1262048,1321856,3.045308244615007,0
2023-07-28 11:00:07,208.15,11933091,50,205.8,1263398,1323016,3.0700668482297684,0
2023-07-28 11:00:08,208.15,11933958,100,205.8,1263020,1324206,3.0700668482297684,0
2023-07-28 11:00:08,208.15,11933958,34,205.8,1263020,1324206,3.0700668482297684,0
2023-07-28 11:00:09,208.15,11934607,149,205.8,1262857,1323271,3.0700668482297684,0
2023-07-28 11:00:09,208.15,11934607,35,205.8,1262857,1323271,3.0700668482297684,0
2023-07-28 11:00:10,208.0,11952049,1,205.8,1212282,1330553,2.9957910373854975,0
2023-07-28 11:00:10,208.0,11952049,5,205.8,1212282,1330553,2.9957910373854975,0
2023-07-28 11:00:11,208.0,11954156,75,205.8,1236291,1327815,2.9957910373854975,0
2023-07-28 11:00:12,208.0,11954325,75,205.8,1236020,1327680,2.9957910373854975,0
2023-07-28 11:00:13,207.95,11954359,117,205.8,1231594,1329100,2.9710324337707354,0
2023-07-28 11:00:13,207.95,11954478,117,205.8,1231977,1329780,2.9710324337707354,0
2023-07-28 11:00:13,208.0,11954478,536,205.8,1231977,1329780,2.9957910373854975,0
2023-07-28 11:00:15,208.0,11955528,536,205.8,1232479,1327175,2.9957910373854975,0
2023-07-28 11:00:16,208.0,11955718,1,205.8,1232443,1327384,2.9957910373854975,0
2023-07-28 11:00:17,208.0,11956209,287,205.8,1230295,1330041,2.9957910373854975,0
2023-07-28 11:00:18,207.95,11956993,3,205.8,1230125,1329528,2.9710324337707354,0
2023-07-28 11:00:18,207.95,11956993,243,205.8,1230125,1329528,2.9710324337707354,0
2023-07-28 11:00:19,208.0,11958648,4,205.8,1184792,1329481,2.9957910373854975,0
2023-07-28 11:00:20,207.95,11961488,3,205.8,1226333,1339656,2.9710324337707354,0
2023-07-28 11:00:20,207.85,11961488,100,205.8,1226333,1339656,2.921515226541226,0
2023-07-28 11:00:21,207.85,11962240,41,205.8,1234024,1338415,2.921515226541226,0
2023-07-28 11:00:22,207.95,11964087,30,205.8,1233091,1335748,2.9710324337707354,0
2023-07-28 11:00:22,207.95,11964090,3,205.8,1233056,1336855,2.9710324337707354,0
2023-07-28 11:00:22,207.85,11964090,500,205.8,1233056,1336855,2.921515226541226,0
2023-07-28 11:00:24,207.95,11965016,1,205.8,1237259,1337212,2.9710324337707354,0
2023-07-28 11:00:24,207.95,11965022,2,205.8,1237457,1336334,2.9710324337707354,0
2023-07-28 11:00:26,207.95,11966167,20,205.8,1236478,1338425,2.9710324337707354,0
2023-07-28 11:00:26,207.95,11966257,25,205.8,1240612,1337657,2.9710324337707354,0
2023-07-28 11:00:26,207.9,11966257,1,205.8,1240612,1337657,2.9462738301559876,0
2023-07-28 11:00:28,207.95,11966984,50,205.8,1246565,1335647,2.9710324337707354,0
2023-07-28 11:00:28,207.9,11966984,15,205.8,1246565,1335647,2.9462738301559876,0
2023-07-28 11:00:29,207.95,11967814,80,205.8,1246608,1335538,2.9710324337707354,0
2023-07-28 11:00:30,207.95,11968167,100,205.8,1253331,1334868,2.9710324337707354,0
2023-07-28 11:00:30,207.95,11968167,100,205.8,1253331,1334868,2.9710324337707354,0
2023-07-28 11:00:31,207.9,11968371,200,205.8,1253586,1333538,2.9462738301559876,0
2023-07-28 11:00:32,207.95,11969393,61,205.81,1264674,1330264,2.9710324337707354,0
2023-07-28 11:00:32,207.95,11969393,61,205.81,1264674,1330264,2.9710324337707354,0
2023-07-28 11:00:33,208.0,11969666,147,205.81,1265233,1331356,2.9957910373854975,0
2023-07-28 11:00:33,207.95,11969666,70,205.81,1265233,1331356,2.9710324337707354,0
2023-07-28 11:00:34,207.95,11969801,4,205.81,1265941,1329822,2.9710324337707354,0
2023-07-28 11:00:34,207.95,11969834,30,205.81,1255830,1331320,2.9710324337707354,0
2023-07-28 11:00:34,208.0,11969834,100,205.81,1255830,1331320,2.9957910373854975,0
2023-07-28 11:00:36,208.0,11970409,10,205.81,1259574,1329916,2.9957910373854975,0
2023-07-28 11:00:36,208.0,11970409,250,205.81,1259574,1329916,2.9957910373854975,0
2023-07-28 11:00:37,208.0,11978760,14,205.81,1261230,1325744,2.9957910373854975,0
2023-07-28 11:00:38,208.0,11981262,2,205.81,1251268,1316400,2.9957910373854975,0
2023-07-28 11:00:39,208.05,11981972,5,205.81,1253159,1316940,3.020549641000259,0
2023-07-28 11:00:39,208.1,11981972,4,205.81,1253159,1316940,3.045308244615007,0
2023-07-28 11:00:40,208.15,11982418,100,205.81,1263973,1316292,3.0700668482297684,0
2023-07-28 11:00:40,208.1,11982418,31,205.81,1263973,1316292,3.045308244615007,0
2023-07-28 11:00:41,208.1,11982888,1,205.81,1254489,1316430,3.045308244615007,0
2023-07-28 11:00:42,208.1,11983527,1,205.81,1258904,1313106,3.045308244615007,0
2023-07-28 11:00:42,208.1,11983527,253,205.81,1258904,1313106,3.045308244615007,0
2023-07-28 11:00:42,208.1,11983976,253,205.81,1270058,1324310,3.045308244615007,0
2023-07-28 11:00:42,208.1,11983976,117,205.81,1270058,1324310,3.045308244615007,0
2023-07-28 11:00:44,208.25,11985064,40,205.81,1273377,1323611,3.1195840554592777,0
2023-07-28 11:00:44,208.35,11985064,185,205.81,1273377,1323611,3.1691012626887876,0
2023-07-28 11:00:46,208.35,11987577,5,205.81,1285879,1315359,3.1691012626887876,0
2023-07-28 11:00:47,208.3,11988106,50,205.81,1281759,1323629,3.1443426590740398,0
2023-07-28 11:00:47,208.35,11988106,1,205.81,1281759,1323629,3.1691012626887876,0
2023-07-28 11:00:48,208.4,11991218,224,205.81,1279802,1321970,3.193859866303549,0
2023-07-28 11:00:48,208.25,11991218,1,205.81,1279802,1321970,3.1195840554592777,0
2023-07-28 11:00:49,208.5,12016663,3048,205.81,1283327,1310355,3.2433770735330585,0
2023-07-28 11:00:50,208.25,12020847,29,205.82,1282819,1314570,3.1195840554592777,0
2023-07-28 11:00:50,208.25,12020847,1,205.82,1282819,1314570,3.1195840554592777,0
2023-07-28 11:00:50,208.25,12020847,965,205.82,1282819,1314570,3.1195840554592777,0
2023-07-28 11:00:51,208.3,12026155,2,205.82,1283433,1316804,3.1443426590740398,0
2023-07-28 11:00:53,208.4,12026192,18,205.82,1283916,1316735,3.193859866303549,0
2023-07-28 11:00:53,208.3,12026192,24,205.82,1283916,1316735,3.1443426590740398,0
2023-07-28 11:00:53,208.3,12026192,5,205.82,1283916,1316735,3.1443426590740398,0
2023-07-28 11:00:55,208.4,12026660,3,205.82,1283498,1314916,3.193859866303549,0
2023-07-28 11:00:55,208.3,12026660,107,205.82,1283498,1314916,3.1443426590740398,0
2023-07-28 11:00:56,208.3,12027028,65,205.82,1284483,1313372,3.1443426590740398,0
2023-07-28 11:00:56,208.3,12027093,65,205.82,1284579,1312803,3.1443426590740398,0
2023-07-28 11:00:56,208.35,12027093,10,205.82,1284579,1312803,3.1691012626887876,0
2023-07-28 11:00:58,208.3,12027513,92,205.82,1289866,1313385,3.1443426590740398,0
2023-07-28 11:00:59,208.35,12028078,1,205.82,1291284,1315929,3.1691012626887876,0
2023-07-28 11:01:00,208.4,12030825,67,205.82,1273518,1313384,3.193859866303549,0
2023-07-28 11:01:01,208.25,12031105,1,205.82,1275815,1312957,3.1195840554592777,0
2023-07-28 11:01:03,208.3,12031232,25,205.82,1292100,1313649,3.1443426590740398,0
2023-07-28 11:01:03,208.25,12031232,110,205.82,1292100,1313649,3.1195840554592777,0
2023-07-28 11:01:04,208.25,12032126,110,205.82,1287206,1315463,3.1195840554592777,0
2023-07-28 11:01:04,208.3,12032663,26,205.82,1287444,1315763,3.1443426590740398,0
2023-07-28 11:01:04,208.25,12032663,100,205.82,1287444,1315763,3.1195840554592777,0
2023-07-28 11:01:06,208.25,12032767,2,205.82,1274180,1306015,3.1195840554592777,0
2023-07-28 11:01:06,208.25,12032767,710,205.82,1274180,1306015,3.1195840554592777,0
2023-07-28 11:01:06,208.25,12033479,710,205.82,1273631,1306865,3.1195840554592777,0
2023-07-28 11:01:06,208.3,12033479,1,205.82,1273631,1306865,3.1443426590740398,0
2023-07-28 11:01:08,208.25,12033742,21,205.82,1273866,1310548,3.1195840554592777,0
2023-07-28 11:01:09,208.3,12033909,89,205.82,1274792,1311516,3.1443426590740398,0
2023-07-28 11:01:09,208.3,12033909,10,205.82,1274792,1311516,3.1443426590740398,0
2023-07-28 11:01:10,208.3,12033956,10,205.82,1274555,1312306,3.1443426590740398,0
2023-07-28 11:01:10,208.3,12033956,146,205.82,1274555,1312306,3.1443426590740398,0
2023-07-28 11:01:10,208.25,12034808,213,205.82,1274071,1312445,3.1195840554592777,0
2023-07-28 11:01:12,208.3,12035241,20,205.82,1270945,1312585,3.1443426590740398,0
2023-07-28 11:01:12,208.25,12035241,240,205.82,1270945,1312585,3.1195840554592777,0
2023-07-28 11:01:12,208.25,12036309,240,205.82,1274913,1313069,3.1195840554592777,0
2023-07-28 11:01:12,208.25,12036309,117,205.82,1274913,1313069,3.1195840554592777,0
2023-07-28 11:01:14,208.2,12040742,60,205.82,1269176,1311394,3.094825451844516,0
2023-07-28 11:01:15,208.2,12041848,1,205.82,1270682,1312479,3.094825451844516,0
2023-07-28 11:01:15,208.2,12041848,15,205.82,1270682,1312479,3.094825451844516,0
2023-07-28 11:01:16,208.2,12041878,2,205.82,1272841,1314314,3.094825451844516,0
2023-07-28 11:01:16,208.2,12041878,4,205.82,1272841,1314314,3.094825451844516,0
2023-07-28 11:01:16,208.2,12041882,4,205.82,1273003,1314833,3.094825451844516,0
2023-07-28 11:01:18,208.2,12041888,1,205.82,1270002,1313680,3.094825451844516,0
2023-07-28 11:01:18,208.2,12041888,40,205.82,1270002,1313680,3.094825451844516,0
2023-07-28 11:01:19,208.15,12046606,41,205.82,1249750,1320605,3.0700668482297684,0
2023-07-28 11:01:19,208.1,12046606,8,205.82,1249750,1320605,3.045308244615007,0
2023-07-28 11:01:20,208.2,12048987,3,205.82,1263436,1322339,3.094825451844516,0
2023-07-28 11:01:21,208.1,12051759,47,205.82,1236905,1323925,3.045308244615007,0
2023-07-28 11:01:21,208.0,12051759,90,205.82,1236905,1323925,2.9957910373854975,0
2023-07-28 11:01:21,208.0,12054818,90,205.82,1248726,1326143,2.9957910373854975,0
2023-07-28 11:01:21,208.1,12054818,50,205.82,1248726,1326143,3.045308244615007,0
2023-07-28 11:01:23,208.0,12054968,19,205.82,1250214,1323831,2.9957910373854975,0
2023-07-28 11:01:24,208.0,12055011,3,205.82,1261231,1334896,2.9957910373854975,0
2023-07-28 11:01:25,208.0,12056246,55,205.82,1261394,1335930,2.9957910373854975,0
2023-07-28 11:01:25,208.0,12056246,1,205.82,1261394,1335930,2.9957910373854975,0
2023-07-28 11:01:26,207.95,12057119,118,205.82,1260308,1334799,2.9710324337707354,0
2023-07-28 11:01:26,207.95,12057119,1,205.82,1260308,1334799,2.9710324337707354,0
2023-07-28 11:01:27,207.95,12057130,10,205.82,1260297,1335044,2.9710324337707354,0
2023-07-28 11:01:28,207.95,12068504,300,205.82,1245884,1338482,2.9710324337707354,0
2023-07-28 11:01:29,207.95,12069122,8,205.82,1246243,1338640,2.9710324337707354,0
2023-07-28 11:01:31,207.95,12069536,7,205.83,1249126,1333844,2.9710324337707354,0
2023-07-28 11:01:31,207.9,12069536,834,205.83,1249458,1333860,2.9462738301559876,0
2023-07-28 11:01:33,207.95,12071085,1,205.83,1248792,1334383,2.9710324337707354,0
2023-07-28 11:01:33,208.0,12071259,27,205.83,1248834,1335518,2.9957910373854975,0
2023-07-28 11:01:34,208.0,12071395,1,205.83,1248093,1339914,2.9957910373854975,0
2023-07-28 11:01:34,207.95,12071395,10,205.83,1248093,1339914,2.9710324337707354,0
2023-07-28 11:01:36,208.0,12071431,8,205.83,1248098,1341177,2.9957910373854975,0
2023-07-28 11:01:36,207.95,12071431,2,205.83,1248098,1341177,2.9710324337707354,0
2023-07-28 11:01:37,207.95,12071448,15,205.83,1248415,1341658,2.9710324337707354,0
2023-07-28 11:01:37,208.0,12071448,48,205.83,1248415,1341658,2.9957910373854975,0
2023-07-28 11:01:38,208.0,12071910,3,205.83,1248586,1336290,2.9957910373854975,0
2023-07-28 11:01:39,208.0,12073064,3,205.83,1248945,1338803,2.9957910373854975,0
2023-07-28 11:01:39,208.0,12073064,3,205.83,1249074,1339301,2.9957910373854975,0
2023-07-28 11:01:39,208.0,12073064,3,205.83,1248708,1339945,2.9957910373854975,0
2023-07-28 11:01:42,207.95,12073583,2,205.83,1251223,1339589,2.9710324337707354,0
2023-07-28 11:01:42,207.95,12073583,2,205.83,1251223,1339589,2.9710324337707354,0
2023-07-28 11:01:43,208.0,12073783,3,205.83,1251444,1339781,2.9957910373854975,0
2023-07-28 11:01:43,207.95,12073783,117,205.83,1251444,1339781,2.9710324337707354,0
2023-07-28 11:01:44,208.0,12074156,1,205.83,1251305,1341150,2.9957910373854975,0
2023-07-28 11:01:44,207.95,12074156,50,205.83,1251305,1341150,2.9710324337707354,0
2023-07-28 11:01:45,208.0,12074306,1,205.83,1250547,1340895,2.9957910373854975,0
2023-07-28 11:01:47,208.0,12074757,186,205.83,1250519,1340637,2.9957910373854975,0
2023-07-28 11:01:48,208.0,12074920,1,205.83,1250733,1334377,2.9957910373854975,0
2023-07-28 11:01:48,208.0,12074920,1,205.83,1250733,1333881,2.9957910373854975,0
2023-07-28 11:01:48,207.95,12074920,5,205.83,1250733,1333881,2.9710324337707354,0
2023-07-28 11:01:49,207.95,12075400,1,205.83,1250563,1336962,2.9710324337707354,0
2023-07-28 11:01:49,208.0,12081451,50,205.83,1255469,1331877,2.9957910373854975,0
2023-07-28 11:01:50,208.15,12082952,50,205.83,1255816,1329197,3.0700668482297684,0
2023-07-28 11:01:51,208.1,12083200,15,205.83,1254839,1331441,3.045308244615007,0
2023-07-28 11:01:53,208.1,12084065,2,205.83,1254726,1333098,3.045308244615007,0
2023-07-28 11:01:53,207.95,12084065,3,205.83,1254726,1333098,2.9710324337707354,0
2023-07-28 11:01:54,207.95,12089409,110,205.83,1253634,1330494,2.9710324337707354,0
2023-07-28 11:01:54,208.0,12089409,4,205.83,1253634,1330494,2.9957910373854975,0
2023-07-28 11:01:55,208.0,12090519,4,205.83,1259291,1328028,2.9957910373854975,0
2023-07-28 11:01:55,208.0,12090519,223,205.83,1259291,1328028,2.9957910373854975,0
2023-07-28 11:01:55,208.1,12090519,2,205.83,1259291,1328028,3.045308244615007,0
2023-07-28 11:01:57,208.0,12092487,180,205.83,1247707,1327748,2.9957910373854975,0
2023-07-28 11:01:58,208.0,12092730,1,205.83,1262674,1331226,2.9957910373854975,0
2023-07-28 11:01:59,208.0,12092929,50,205.83,1263327,1329896,2.9957910373854975,0
2023-07-28 11:01:59,208.05,12092929,15,205.83,1263327,1329896,3.020549641000259,0
2023-07-28 11:02:00,208.0,12093009,7,205.83,1261217,1331429,2.9957910373854975,0
2023-07-28 11:02:02,208.05,12093104,18,205.83,1263167,1324991,3.020549641000259,0
2023-07-28 11:02:03,208.2,12095210,117,205.83,1272824,1326111,3.094825451844516,0
2023-07-28 11:02:03,208.15,12096689,22,205.83,1277605,1327242,3.0700668482297684,0
2023-07-28 11:02:05,208.15,12097433,500,205.83,1278447,1325106,3.0700668482297684,0
2023-07-28 11:02:05,208.15,12097433,200,205.83,1278447,1325106,3.0700668482297684,0
2023-07-28 11:02:06,208.25,12098133,143,205.83,1279593,1325271,3.1195840554592777,0
2023-07-28 11:02:06,208.25,12098276,143,205.83,1248795,1323999,3.1195840554592777,0
2023-07-28 11:02:06,208.25,12098276,11,205.83,1248795,1323999,3.1195840554592777,0
2023-07-28 11:02:08,208.2,12098797,134,205.83,1275348,1328759,3.094825451844516,0
2023-07-28 11:02:08,208.15,12098927,62,205.83,1277258,1331432,3.0700668482297684,0
2023-07-28 11:02:08,208.15,12098927,20,205.83,1277258,1331433,3.0700668482297684,0
2023-07-28 11:02:10,208.15,12098948,20,205.83,1278279,1331707,3.0700668482297684,0
2023-07-28 11:02:10,208.15,12098948,6,205.83,1278279,1331707,3.0700668482297684,0
2023-07-28 11:02:11,208.15,12098954,10,205.83,1279542,1330654,3.0700668482297684,0
2023-07-28 11:02:11,208.15,12098954,1,205.83,1279542,1330654,3.0700668482297684,0
2023-07-28 11:02:14,208.2,12100190,18,205.83,1279291,1335506,3.094825451844516,0
2023-07-28 11:02:15,208.2,12100326,1,205.83,1280306,1335253,3.094825451844516,0
2023-07-28 11:02:16,208.2,12100807,425,205.83,1280451,1332550,3.094825451844516,0
2023-07-28 11:02:17,208.2,12101188,1,205.83,1284284,1322390,3.094825451844516,0
2023-07-28 11:02:18,208.2,12102004,500,205.83,1281247,1331870,3.094825451844516,0
2023-07-28 11:02:18,208.2,12102004,2,205.83,1281247,1331870,3.094825451844516,0
2023-07-28 11:02:20,208.2,12104849,538,205.83,1280430,1331577,3.094825451844516,0
2023-07-28 11:02:20,208.3,12104849,12,205.83,1280430,1331577,3.1443426590740398,0
2023-07-28 11:02:20,208.3,12105565,12,205.83,1277524,1332775,3.1443426590740398,0
2023-07-28 11:02:20,208.3,12105565,218,205.83,1277524,1332775,3.1443426590740398,0
2023-07-28 11:02:22,208.25,12107798,1,205.83,1277440,1332239,3.1195840554592777,0
2023-07-28 11:02:22,208.25,12107798,1,205.83,1277440,1332239,3.1195840554592777,0
2023-07-28 11:02:23,208.2,12108458,23,205.83,1277402,1331818,3.094825451844516,0
2023-07-28 11:02:24,208.3,12108982,425,205.83,1277705,1330965,3.1443426590740398,0
2023-07-28 11:02:24,208.3,12108982,20,205.83,1277705,1330965,3.1443426590740398,0
2023-07-28 11:02:25,208.2,12109129,1,205.83,1262091,1331069,3.094825451844516,0
2023-07-28 11:02:25,208.2,12109129,6,205.83,1262091,1331069,3.094825451844516,0
2023-07-28 11:02:26,208.3,12109137,1000,205.83,1278580,1331079,3.1443426590740398,0
2023-07-28 11:02:26,208.3,12109137,1000,205.83,1278580,1331079,3.1443426590740398,0
2023-07-28 11:02:26,208.2,12109137,358,205.83,1278580,1331079,3.094825451844516,0
2023-07-28 11:02:28,208.2,12112204,116,205.83,1277887,1329163,3.094825451844516,0
2023-07-28 11:02:28,208.2,12112204,78,205.83,1277887,1329163,3.094825451844516,0
2023-07-28 11:02:28,208.2,12112204,78,205.83,1277887,1329163,3.094825451844516,0
2023-07-28 11:02:30,208.2,12112908,1,205.83,1279474,1330180,3.094825451844516,0
2023-07-28 11:02:31,208.2,12112935,14,205.83,1279863,1332441,3.094825451844516,0
2023-07-28 11:02:31,208.2,12112935,6,205.83,1279863,1332441,3.094825451844516,0
2023-07-28 11:02:32,208.2,12113356,8,205.83,1280293,1328242,3.094825451844516,0
2023-07-28 11:02:32,208.25,12113356,404,205.83,1280293,1328242,3.1195840554592777,0
2023-07-28 11:02:32,208.25,12113356,177,205.83,1280293,1328242,3.1195840554592777,0
2023-07-28 11:02:33,208.25,12114924,177,205.83,1279355,1331101,3.1195840554592777,0
2023-07-28 11:02:33,208.25,12114924,10,205.83,1279355,1331101,3.1195840554592777,0
2023-07-28 11:02:35,208.25,12114934,10,205.83,1279678,1331091,3.1195840554592777,0
2023-07-28 11:02:35,208.25,12114934,20,205.83,1279678,1331091,3.1195840554592777,0
2023-07-28 11:02:35,208.2,12114954,115,205.83,1279625,1334213,3.094825451844516,0
2023-07-28 11:02:37,208.3,12115575,21,205.83,1281317,1335633,3.1443426590740398,0
2023-07-28 11:02:37,208.2,12115575,126,205.83,1281317,1335633,3.094825451844516,0
2023-07-28 11:02:38,208.25,12115705,1,205.83,1281409,1336309,3.1195840554592777,0
2023-07-28 11:02:39,208.25,12115766,36,205.83,1280648,1333299,3.1195840554592777,0
2023-07-28 11:02:39,208.25,12115766,1,205.83,1280648,1333299,3.1195840554592777,0
2023-07-28 11:02:40,208.25,12117328,117,205.83,1276948,1373261,3.1195840554592777,0
2023-07-28 11:02:40,208.2,12117328,15,205.83,1276948,1373261,3.094825451844516,0
2023-07-28 11:02:41,208.25,12118227,1,205.83,1276342,1375064,3.1195840554592777,0
2023-07-28 11:02:42,208.25,12118987,396,205.83,1284696,1373344,3.1195840554592777,0
2023-07-28 11:02:42,208.15,12118987,11,205.83,1284696,1373344,3.0700668482297684,0
2023-07-28 11:02:43,208.2,12119618,3,205.83,1284225,1375501,3.094825451844516,0
2023-07-28 11:02:43,208.2,12119618,11,205.83,1284225,1375501,3.094825451844516,0
2023-07-28 11:02:44,208.15,12119937,50,205.83,1283942,1378018,3.0700668482297684,0
2023-07-28 11:02:45,208.15,12120247,13,205.83,1284854,1378698,3.0700668482297684,0
2023-07-28 11:02:46,208.2,12120406,4,205.83,1283908,1378759,3.094825451844516,0
2023-07-28 11:02:46,208.1,12120406,24,205.83,1283908,1378759,3.045308244615007,0
2023-07-28 11:02:47,208.1,12121180,73,205.83,1285208,1377265,3.045308244615007,0
2023-07-28 11:02:47,208.2,12121367,15,205.83,1285074,1377696,3.094825451844516,0
2023-07-28 11:02:49,208.2,12123670,14,205.84,1288063,1376452,3.094825451844516,0
2023-07-28 11:02:49,208.15,12123670,155,205.84,1288063,1376452,3.0700668482297684,0
2023-07-28 11:02:50,208.15,12123972,147,205.84,1284374,1375435,3.0700668482297684,0
2023-07-28 11:02:50,208.15,12123972,147,205.84,1284374,1375435,3.0700668482297684,0
2023-07-28 11:02:51,208.15,12124246,274,205.84,1284212,1370065,3.0700668482297684,0
2023-07-28 11:02:51,208.15,12124246,274,205.84,1286770,1376110,3.0700668482297684,0
2023-07-28 11:02:53,208.15,12124275,24,205.84,1283833,1376342,3.0700668482297684,0
2023-07-28 11:02:53,208.15,12124275,7,205.84,1283833,1376342,3.0700668482297684,0
2023-07-28 11:02:53,208.15,12124275,2,205.84,1283833,1376342,3.0700668482297684,0
2023-07-28 11:02:55,208.25,12124723,25,205.84,1286465,1373799,3.1195840554592777,0
2023-07-28 11:02:55,208.15,12124723,103,205.84,1286465,1373799,3.0700668482297684,0
2023-07-28 11:02:56,208.2,12125087,146,205.84,1288136,1375918,3.094825451844516,0
2023-07-28 11:02:57,208.4,12168386,1,205.84,1268947,1325726,3.193859866303549,0
2023-07-28 11:02:57,208.3,12168386,150,205.84,1268947,1325726,3.1443426590740398,0
2023-07-28 11:02:57,208.3,12175171,150,205.85,1276560,1334573,3.1443426590740398,0
2023-07-28 11:02:59,208.3,12175389,1,205.85,1274093,1343255,3.1443426590740398,0
2023-07-28 11:03:00,208.35,12179568,20,205.85,1263223,1341514,3.1691012626887876,0
2023-07-28 11:03:00,208.35,12179568,183,205.85,1263223,1341514,3.1691012626887876,0
2023-07-28 11:03:00,208.35,12179942,183,205.85,1259135,1339025,3.1691012626887876,0
2023-07-28 11:03:00,208.35,12179942,5,205.85,1259135,1339025,3.1691012626887876,0
2023-07-28 11:03:02,208.35,12180226,17,205.85,1265732,1340644,3.1691012626887876,0
2023-07-28 11:03:02,208.4,12180226,5,205.85,1265732,1340644,3.193859866303549,0
2023-07-28 11:03:03,208.35,12180480,1,205.85,1266993,1342172,3.1691012626887876,0
2023-07-28 11:03:04,208.4,12181051,42,205.85,1266360,1341664,3.193859866303549,0
2023-07-28 11:03:04,208.35,12181051,14,205.85,1266360,1341664,3.1691012626887876,0
2023-07-28 11:03:05,208.35,12181131,6,205.85,1274168,1341480,3.1691012626887876,0
2023-07-28 11:03:06,208.35,12181134,3,205.85,1274576,1341977,3.1691012626887876,0
2023-07-28 11:03:06,208.3,12181134,50,205.85,1274576,1341977,3.1443426590740398,0
2023-07-28 11:03:07,208.35,12181454,20,205.85,1275374,1341325,3.1691012626887876,0
2023-07-28 11:03:07,208.3,12181525,68,205.85,1274474,1340751,3.1443426590740398,0
2023-07-28 11:03:09,208.35,12181701,147,205.85,1274160,1342363,3.1691012626887876,0
2023-07-28 11:03:09,208.35,12182169,92,205.85,1275807,1341807,3.1691012626887876,0
2023-07-28 11:03:10,208.3,12182275,45,205.85,1275652,1341974,3.1443426590740398,0
2023-07-28 11:03:10,208.4,12182275,20,205.85,1275652,1341974,3.193859866303549,0
2023-07-28 11:03:12,208.3,12182800,131,205.85,1278867,1341697,3.1443426590740398,0
2023-07-28 11:03:14,208.3,12183661,146,205.85,1283359,1340112,3.1443426590740398,0
2023-07-28 11:03:14,208.35,12183661,398,205.85,1283359,1340112,3.1691012626887876,0
2023-07-28 11:03:15,208.35,12184691,398,205.85,1288338,1340274,3.1691012626887876,0
2023-07-28 11:03:15,208.4,12185234,6,205.85,1287521,1339976,3.193859866303549,0
2023-07-28 11:03:17,208.4,12185346,3,205.85,1287571,1339936,3.193859866303549,0
2023-07-28 11:03:17,208.4,12185346,2,205.85,1287571,1339936,3.193859866303549,0
2023-07-28 11:03:18,208.3,12185669,10,205.85,1286285,1338702,3.1443426590740398,0
2023-07-28 11:03:18,208.3,12185669,1,205.85,1286285,1338702,3.1443426590740398,0
2023-07-28 11:03:19,208.4,12186182,5,205.85,1286695,1339741,3.193859866303549,0
2023-07-28 11:03:20,208.3,12187056,1,205.85,1286539,1340301,3.1443426590740398,0
2023-07-28 11:03:20,208.3,12187056,20,205.85,1286539,1340301,3.1443426590740398,0
2023-07-28 11:03:21,208.3,12187804,200,205.85,1286358,1339836,3.1443426590740398,0
2023-07-28 11:03:21,208.3,12188144,200,205.85,1278431,1342610,3.1443426590740398,0
2023-07-28 11:03:21,208.3,12188144,50,205.85,1278431,1342610,3.1443426590740398,0
2023-07-28 11:03:23,208.3,12188244,24,205.85,1288042,1343057,3.1443426590740398,0
2023-07-28 11:03:24,208.3,12188283,165,205.85,1289993,1344641,3.1443426590740398,0
2023-07-28 11:03:25,208.4,12189314,4,205.85,1289839,1343770,3.193859866303549,0
2023-07-28 11:03:25,208.3,12189570,256,205.85,1290143,1343048,3.1443426590740398,0
2023-07-28 11:03:25,208.35,12189570,2,205.85,1290143,1343048,3.1691012626887876,0
2023-07-28 11:03:27,208.35,12189577,5,205.85,1290099,1345280,3.1691012626887876,0
2023-07-28 11:03:27,208.35,12189577,1,205.85,1290099,1345280,3.1691012626887876,0
2023-07-28 11:03:27,208.35,12190676,1,205.85,1289521,1343891,3.1691012626887876,0
2023-07-28 11:03:29,208.35,12191117,1,205.85,1291299,1341901,3.1691012626887876,0
2023-07-28 11:03:29,208.35,12191117,1,205.85,1291299,1341901,3.1691012626887876,0
2023-07-28 11:03:30,208.35,12191185,1,205.85,1294768,1342012,3.1691012626887876,0
2023-07-28 11:03:31,208.4,12192119,200,205.85,1293035,1341756,3.193859866303549,0
2023-07-28 11:03:31,208.35,12192371,20,205.85,1291871,1340686,3.1691012626887876,0
2023-07-28 11:03:32,208.35,12192638,1,205.85,1293111,1342919,3.1691012626887876,0
2023-07-28 11:03:33,208.35,12192733,24,205.85,1292318,1343377,3.1691012626887876,0
2023-07-28 11:03:34,208.35,12193020,148,205.85,1292079,1354066,3.1691012626887876,0
2023-07-28 11:03:34,208.35,12193020,1,205.85,1292079,1354066,3.1691012626887876,0
2023-07-28 11:03:36,208.35,12193519,107,205.85,1290623,1353058,3.1691012626887876,0
2023-07-28 11:03:37,208.35,12193627,1,205.85,1276557,1354106,3.1691012626887876,0
2023-07-28 11:03:37,208.35,12193627,1,205.85,1276557,1354106,3.1691012626887876,0
2023-07-28 11:03:38,208.35,12193825,50,205.85,1290675,1353807,3.1691012626887876,0
2023-07-28 11:03:40,208.35,12194157,56,205.85,1293034,1353945,3.1691012626887876,0
2023-07-28 11:03:41,208.3,12194280,1,205.85,1280090,1360424,3.1443426590740398,0
2023-07-28 11:03:41,208.3,12194280,10,205.85,1280090,1360424,3.1443426590740398,0
2023-07-28 11:03:42,208.3,12194339,3,205.85,1286852,1360559,3.1443426590740398,0
2023-07-28 11:03:42,208.4,12196205,13,205.85,1287009,1357650,3.193859866303549,0
2023-07-28 11:03:44,208.4,12197010,66,205.85,1261599,1356139,3.193859866303549,0
2023-07-28 11:03:44,208.35,12197010,10,205.85,1261599,1356139,3.1691012626887876,0
2023-07-28 11:03:45,208.4,12197134,25,205.85,1293158,1359055,3.193859866303549,0
2023-07-28 11:03:45,208.4,12197569,1,205.85,1291427,1358959,3.193859866303549,0
2023-07-28 11:03:45,208.4,12197569,50,205.85,1291427,1358959,3.193859866303549,0
2023-07-28 11:03:47,208.35,12197742,17,205.85,1291482,1357931,3.1691012626887876,0
2023-07-28 11:03:48,208.4,12197760,1,205.85,1291488,1356656,3.193859866303549,0
2023-07-28 11:03:48,208.35,12197760,2,205.85,1291488,1356656,3.1691012626887876,0
2023-07-28 11:03:49,208.4,12197786,24,205.85,1291463,1356661,3.193859866303549,0
2023-07-28 11:03:49,208.4,12197786,120,205.85,1291463,1356661,3.193859866303549,0
2023-07-28 11:03:49,208.3,12197786,50,205.85,1291463,1356661,3.1443426590740398,0
2023-07-28 11:03:51,208.35,12198978,91,205.85,1290301,1359630,3.1691012626887876,0
2023-07-28 11:03:51,208.3,12198978,12,205.85,1290301,1359630,3.1443426590740398,0
2023-07-28 11:03:52,208.3,12199501,305,205.85,1289265,1372003,3.1443426590740398,0
2023-07-28 11:03:52,208.3,12199501,14,205.85,1289265,1372003,3.1443426590740398,0
2023-07-28 11:03:53,208.3,12199745,9,205.85,1290231,1374089,3.1443426590740398,0
2023-07-28 11:03:54,208.3,12200185,107,205.85,1284142,1374902,3.1443426590740398,0
2023-07-28 11:03:54,208.3,12200292,107,205.85,1288564,1375571,3.1443426590740398,0
2023-07-28 11:03:56,208.3,12200458,3,205.85,1288460,1376802,3.1443426590740398,0
2023-07-28 11:03:56,208.3,12200458,4,205.85,1288460,1376802,3.1443426590740398,0
2023-07-28 11:03:58,208.25,12202739,116,205.85,1284974,1377973,3.1195840554592777,0
2023-07-28 11:03:59,208.25,12204136,2,205.85,1290967,1382814,3.1195840554592777,0
2023-07-28 11:03:59,208.2,12204136,4,205.85,1290967,1382814,3.094825451844516,0
2023-07-28 11:04:00,208.2,12204203,13,205.85,1292615,1379603,3.094825451844516,0
2023-07-28 11:04:02,208.2,12204450,13,205.85,1291540,1374793,3.094825451844516,0
2023-07-28 11:04:02,208.25,12204450,40,205.85,1291540,1374793,3.1195840554592777,0
2023-07-28 11:04:02,208.25,12204586,40,205.85,1290986,1374284,3.1195840554592777,0
2023-07-28 11:04:04,208.25,12205227,1,205.85,1290555,1375406,3.1195840554592777,0
2023-07-28 11:04:04,208.2,12205276,1,205.85,1287783,1375859,3.094825451844516,0
2023-07-28 11:04:04,208.2,12205276,10,205.85,1287783,1375859,3.094825451844516,0
2023-07-28 11:04:06,208.2,12205346,10,205.85,1290520,1375917,3.094825451844516,0
2023-07-28 11:04:07,208.15,12205394,10,205.85,1291830,1374170,3.0700668482297684,0
2023-07-28 11:04:08,208.15,12205915,2,205.85,1280774,1375141,3.0700668482297684,0
2023-07-28 11:04:08,208.15,12205915,1,205.85,1280774,1375141,3.0700668482297684,0
2023-07-28 11:04:08,208.15,12206193,1,205.85,1283330,1375112,3.0700668482297684,0
2023-07-28 11:04:08,208.15,12206193,4,205.85,1283330,1375112,3.0700668482297684,0
2023-07-28 11:04:11,208.15,12207776,180,205.85,1289401,1370661,3.0700668482297684,0
2023-07-28 11:04:11,208.2,12207776,10,205.85,1289401,1370661,3.094825451844516,0
2023-07-28 11:04:11,208.2,12207877,10,205.85,1288422,1370651,3.094825451844516,0
2023-07-28 11:04:12,208.2,12208327,181,205.85,1288186,1371928,3.094825451844516,0
2023-07-28 11:04:13,208.15,12208580,117,205.85,1287576,1370540,3.0700668482297684,0
2023-07-28 11:04:13,208.1,12208580,6,205.85,1287576,1370540,3.045308244615007,0
2023-07-28 11:04:15,208.1,12208848,5,205.85,1281345,1372231,3.045308244615007,0
2023-07-28 11:04:16,208.1,12211306,103,205.85,1285999,1372047,3.045308244615007,0
2023-07-28 11:04:16,208.1,12211306,2,205.85,1285999,1372047,3.045308244615007,0
2023-07-28 11:04:18,208.15,12211982,1,205.85,1287126,1373870,3.0700668482297684,0
2023-07-28 11:04:18,208.2,12211982,1,205.85,1287126,1373870,3.094825451844516,0
2023-07-28 11:04:19,208.2,12212744,153,205.85,1289697,1371402,3.094825451844516,0
2023-07-28 11:04:19,208.15,12212744,4,205.85,1289697,1371402,3.0700668482297684,0
2023-07-28 11:04:20,208.2,12213081,29,205.85,1277275,1362313,3.094825451844516,0
2023-07-28 11:04:21,208.2,12213208,24,205.85,1285688,1366640,3.094825451844516,0
2023-07-28 11:04:21,208.2,12213208,30,205.85,1285688,1366640,3.094825451844516,0
2023-07-28 11:04:22,208.2,12213319,7,205.85,1284072,1369399,3.094825451844516,0
2023-07-28 11:04:22,208.2,12213319,22,205.85,1284072,1369399,3.094825451844516,0
2023-07-28 11:04:23,208.2,12213364,6,205.85,1284075,1369352,3.094825451844516,0
2023-07-28 11:04:24,208.2,12213418,12,205.85,1282986,1369870,3.094825451844516,0
2023-07-28 11:04:26,208.1,12215235,12,205.85,1283699,1370476,3.045308244615007,0
2023-07-28 11:04:26,208.15,12215235,9,205.85,1283699,1370476,3.0700668482297684,0
2023-07-28 11:04:27,208.15,12215550,49,205.85,1285201,1370503,3.0700668482297684,0
2023-07-28 11:04:28,208.15,12215582,1,205.85,1284681,1371161,3.0700668482297684,0
2023-07-28 11:04:28,208.15,12215582,116,205.85,1284681,1371161,3.0700668482297684,0
2023-07-28 11:04:29,208.2,12215979,35,205.85,1286923,1373469,3.094825451844516,0
2023-07-28 11:04:30,208.1,12216034,55,205.85,1287206,1373472,3.045308244615007,0
2023-07-28 11:04:30,208.15,12216046,3,205.85,1286550,1372653,3.0700668482297684,0
2023-07-28 11:04:32,208.05,12228049,980,205.86,1276255,1374254,3.020549641000259,0
2023-07-28 11:04:32,208.15,12228049,840,205.86,1276255,1374254,3.0700668482297684,0
2023-07-28 11:04:33,208.2,12232991,2,205.86,1286113,1368176,3.094825451844516,0
2023-07-28 11:04:34,208.15,12235944,365,205.86,1284947,1369879,3.0700668482297684,0
2023-07-28 11:04:34,208.15,12235944,177,205.86,1284947,1369879,3.0700668482297684,0
2023-07-28 11:04:35,208.25,12237187,4,205.86,1290699,1372234,3.1195840554592777,0
2023-07-28 11:04:36,208.25,12237695,2,205.86,1291646,1370227,3.1195840554592777,0
2023-07-28 11:04:36,208.25,12237695,1,205.86,1291646,1370227,3.1195840554592777,0
2023-07-28 11:04:36,208.25,12237705,1,205.86,1289270,1370985,3.1195840554592777,0
2023-07-28 11:04:36,208.15,12237705,21,205.86,1289270,1370985,3.0700668482297684,0
2023-07-28 11:04:38,208.25,12238355,128,205.86,1289138,1367751,3.1195840554592777,0
2023-07-28 11:04:39,208.25,12238934,26,205.86,1288998,1368372,3.1195840554592777,0
2023-07-28 11:04:40,208.15,12238989,1,205.86,1283858,1371289,3.0700668482297684,0
2023-07-28 11:04:41,208.15,12238997,8,205.86,1282434,1371794,3.0700668482297684,0
2023-07-28 11:04:41,208.15,12238997,25,205.86,1282434,1371794,3.0700668482297684,0
2023-07-28 11:04:42,208.15,12239344,20,205.86,1280322,1375302,3.0700668482297684,0
2023-07-28 11:04:42,208.15,12239344,47,205.86,1280322,1375302,3.0700668482297684,0
2023-07-28 11:04:44,208.1,12239585,165,205.86,1282560,1376523,3.045308244615007,0
2023-07-28 11:04:45,208.2,12239986,1,205.86,1283085,1377571,3.094825451844516,0
2023-07-28 11:04:45,208.05,12240086,100,205.86,1284394,1376318,3.020549641000259,0
