2023-07-28 10:49:26,145.0,454236,75,145.07,289047,794869,-0.24079807361540717,0
2023-07-28 10:49:28,145.0,454311,75,145.07,289925,792963,-0.24079807361540717,0
2023-07-28 10:49:28,144.95,454311,1,145.07,289925,792963,-0.2751977984176166,0
2023-07-28 10:49:35,144.95,454312,1,145.07,289582,792963,-0.2751977984176166,0
2023-07-28 10:49:35,145.0,454312,7,145.07,289582,792963,-0.24079807361540717,0
2023-07-28 10:49:35,145.0,454312,67,145.07,289582,792963,-0.24079807361540717,0
2023-07-28 10:49:41,145.0,454392,6,145.07,290053,792684,-0.24079807361540717,0
2023-07-28 10:49:41,145.0,454392,9,145.07,290053,792684,-0.24079807361540717,0
2023-07-28 10:49:41,145.0,454392,24,145.07,290053,792684,-0.24079807361540717,0
2023-07-28 10:49:43,145.0,454425,24,145.07,290061,792125,-0.24079807361540717,0
2023-07-28 10:49:43,145.0,454425,3,145.07,290061,792125,-0.24079807361540717,0
2023-07-28 10:49:45,145.0,454428,3,145.07,290379,792611,-0.24079807361540717,0
2023-07-28 10:49:45,145.0,454428,6,145.07,290379,792611,-0.24079807361540717,0
2023-07-28 10:49:45,144.9,454428,14,145.07,290379,792611,-0.30959752321980644,0
2023-07-28 10:49:52,145.0,454457,3,145.07,287624,793510,-0.24079807361540717,0
2023-07-28 10:49:55,145.0,454460,3,145.07,287937,793715,-0.24079807361540717,0
2023-07-28 10:49:55,145.0,454460,1,145.07,287937,793715,-0.24079807361540717,0
2023-07-28 10:49:55,145.0,454460,3,145.07,287937,793715,-0.24079807361540717,0
2023-07-28 10:50:06,145.0,454464,1,145.07,287648,793618,-0.24079807361540717,0
2023-07-28 10:50:08,145.0,454465,1,145.07,287648,793641,-0.24079807361540717,0
2023-07-28 10:50:08,145.0,454465,10,145.07,287648,793641,-0.24079807361540717,0
2023-07-28 10:50:12,145.0,454475,1,145.07,287723,793515,-0.24079807361540717,0
2023-07-28 10:50:12,145.0,454475,30,145.07,287723,793515,-0.24079807361540717,0
2023-07-28 10:50:20,144.95,454507,1,145.07,287424,793693,-0.2751977984176166,0
2023-07-28 10:50:20,145.0,454507,3,145.07,287424,793693,-0.24079807361540717,0
2023-07-28 10:50:20,145.0,454510,3,145.07,287331,793821,-0.24079807361540717,0
2023-07-28 10:50:20,145.0,454510,3,145.07,287503,793787,-0.24079807361540717,0
2023-07-28 10:50:20,145.0,454510,4,145.07,287503,793787,-0.24079807361540717,0
2023-07-28 10:50:34,145.0,454514,1,145.07,288636,793768,-0.24079807361540717,0
2023-07-28 10:50:39,145.0,454515,1,145.07,288186,793906,-0.24079807361540717,0
2023-07-28 10:50:39,145.0,454515,1,145.07,288186,793906,-0.24079807361540717,0
2023-07-28 10:50:39,145.0,454515,200,145.07,288186,793906,-0.24079807361540717,0
2023-07-28 10:50:39,144.95,454515,2,145.07,288186,793906,-0.2751977984176166,0
2023-07-28 10:50:53,145.0,454717,22,145.07,288184,793706,-0.24079807361540717,0
2023-07-28 10:50:53,145.0,454717,20,145.07,288184,793706,-0.24079807361540717,0
2023-07-28 10:50:54,145.0,455273,41,145.07,288157,793247,-0.24079807361540717,0
2023-07-28 10:50:54,145.0,455273,1,145.07,288157,793247,-0.24079807361540717,0
2023-07-28 10:51:01,145.0,455389,56,145.07,288041,793131,-0.24079807361540717,0
2023-07-28 10:51:01,145.0,455389,7,145.07,288041,793131,-0.24079807361540717,0
2023-07-28 10:51:01,145.05,455389,730,145.07,288041,793131,-0.20639834881319777,0
2023-07-28 10:51:01,145.05,455389,232,145.07,288041,793131,-0.20639834881319777,0
2023-07-28 10:51:05,145.05,461567,232,145.07,290224,786980,-0.20639834881319777,0
2023-07-28 10:51:05,145.05,461567,232,145.07,291646,789005,-0.20639834881319777,0
2023-07-28 10:51:05,145.1,461567,10,145.07,291646,789005,-0.1719986240110079,0
2023-07-28 10:51:13,145.1,461627,10,145.07,291692,788995,-0.1719986240110079,0
2023-07-28 10:51:13,145.1,461627,10,145.07,296590,788377,-0.1719986240110079,0
2023-07-28 10:51:13,145.15,461627,25,145.07,296590,788377,-0.1375988992087985,0
2023-07-28 10:51:23,145.15,461652,25,145.07,296939,788019,-0.1375988992087985,0
2023-07-28 10:51:23,145.1,461652,75,145.07,296939,788019,-0.1719986240110079,0
2023-07-28 10:51:27,145.1,461927,75,145.07,296959,788019,-0.1719986240110079,0
2023-07-28 10:51:27,145.05,461927,107,145.07,296959,788019,-0.20639834881319777,0
2023-07-28 10:51:30,145.05,462127,107,145.07,293947,787739,-0.20639834881319777,0
2023-07-28 10:51:30,145.05,462127,107,145.07,294140,787739,-0.20639834881319777,0
2023-07-28 10:51:30,145.05,462127,107,145.07,294214,787739,-0.20639834881319777,0
2023-07-28 10:51:30,145.05,462127,107,145.07,294224,787645,-0.20639834881319777,0
2023-07-28 10:51:30,145.05,462127,107,145.07,298724,787645,-0.20639834881319777,0
2023-07-28 10:51:30,145.15,462127,35,145.07,298724,787645,-0.1375988992087985,0
2023-07-28 10:51:30,145.05,462127,100,145.07,298724,787645,-0.20639834881319777,0
2023-07-28 10:52:06,145.05,462262,100,145.07,299379,787703,-0.20639834881319777,0
2023-07-28 10:52:06,145.05,462262,100,145.07,298999,787703,-0.20639834881319777,0
2023-07-28 10:52:06,145.05,462262,100,145.07,298815,787872,-0.20639834881319777,0
2023-07-28 10:52:06,145.15,462262,2,145.07,298815,787872,-0.1375988992087985,0
2023-07-28 10:52:21,145.15,462266,2,145.07,299690,787793,-0.1375988992087985,0
2023-07-28 10:52:21,145.15,462266,500,145.07,299690,787793,-0.1375988992087985,0
2023-07-28 10:52:32,145.15,462766,500,145.07,299991,787952,-0.1375988992087985,0
2023-07-28 10:52:32,145.15,462766,4,145.07,299991,787952,-0.1375988992087985,0
2023-07-28 10:52:40,145.15,462770,4,145.07,300091,787773,-0.1375988992087985,0
2023-07-28 10:52:44,145.1,462870,100,145.07,300580,787880,-0.1719986240110079,0
2023-07-28 10:52:44,145.1,462870,100,145.07,300580,787870,-0.1719986240110079,0
2023-07-28 10:52:44,145.1,462870,100,145.07,300680,787870,-0.1719986240110079,0
2023-07-28 10:52:44,145.1,462870,100,145.07,300541,788558,-0.1719986240110079,0
2023-07-28 10:52:44,145.1,462870,100,145.07,300074,788798,-0.1719986240110079,0
2023-07-28 10:52:44,145.1,462870,100,145.07,299604,788682,-0.1719986240110079,0
2023-07-28 10:52:44,145.1,462870,100,145.07,299604,788784,-0.1719986240110079,0
2023-07-28 10:52:44,145.1,462870,100,145.07,299604,788784,-0.1719986240110079,0
2023-07-28 10:52:44,145.05,462870,13,145.07,299604,788784,-0.20639834881319777,0
2023-07-28 10:53:25,145.05,462883,13,145.07,299581,788891,-0.20639834881319777,0
2023-07-28 10:53:25,145.05,462883,13,145.07,299581,788891,-0.20639834881319777,0
2023-07-28 10:53:25,145.05,462883,100,145.07,299581,788891,-0.20639834881319777,0
2023-07-28 10:53:37,145.05,463722,100,145.07,296640,789234,-0.20639834881319777,0
2023-07-28 10:53:37,145.05,463722,1,145.07,296640,789234,-0.20639834881319777,0
2023-07-28 10:53:37,145.05,463722,2,145.07,296640,789234,-0.20639834881319777,0
2023-07-28 10:53:41,145.05,463725,2,145.07,297678,790089,-0.20639834881319777,0
2023-07-28 10:53:41,145.05,463725,197,145.07,297678,790089,-0.20639834881319777,0
2023-07-28 10:53:41,145.1,463725,1000,145.07,297678,790089,-0.1719986240110079,0
2023-07-28 10:53:47,145.1,464922,1000,145.07,297602,787439,-0.1719986240110079,0
2023-07-28 10:53:47,145.1,464922,1000,145.07,297602,787344,-0.1719986240110079,0
2023-07-28 10:53:47,145.1,464922,1000,145.07,297995,788354,-0.1719986240110079,0
2023-07-28 10:53:47,145.05,464922,70,145.07,297995,788354,-0.20639834881319777,0
2023-07-28 10:53:47,145.1,464922,3,145.07,297995,788354,-0.1719986240110079,0
2023-07-28 10:54:02,145.05,465056,60,145.07,297865,787162,-0.20639834881319777,0
2023-07-28 10:54:02,145.05,465056,60,145.07,297265,787802,-0.20639834881319777,0
2023-07-28 10:54:02,145.05,465056,60,145.07,297410,787802,-0.20639834881319777,0
2023-07-28 10:54:02,145.05,465056,60,145.07,297317,787802,-0.20639834881319777,0
2023-07-28 10:54:02,145.05,465056,60,145.07,297317,787802,-0.20639834881319777,0
2023-07-28 10:54:22,145.05,465106,50,145.07,297692,788190,-0.20639834881319777,0
2023-07-28 10:54:22,145.05,465106,50,145.07,297785,788190,-0.20639834881319777,0
2023-07-28 10:54:22,145.0,465106,125,145.07,297785,788190,-0.24079807361540717,0
2023-07-28 10:54:22,145.1,465106,1,145.07,297785,788190,-0.1719986240110079,0
2023-07-28 10:54:33,145.1,465907,1,145.07,297615,788189,-0.1719986240110079,0
2023-07-28 10:54:33,145.1,465907,1,145.07,297660,788189,-0.1719986240110079,0
2023-07-28 10:54:42,145.1,466713,33,145.07,297545,786864,-0.1719986240110079,0
2023-07-28 10:54:47,145.0,466714,1,145.07,297524,786864,-0.24079807361540717,0
2023-07-28 10:54:47,145.0,466714,144,145.07,297524,786864,-0.24079807361540717,0
2023-07-28 10:54:47,145.0,466858,144,145.07,296958,787884,-0.24079807361540717,0
2023-07-28 10:54:47,145.0,466858,144,145.07,296688,787884,-0.24079807361540717,0
2023-07-28 10:54:47,145.0,466858,50,145.07,296688,787884,-0.24079807361540717,0
2023-07-28 10:54:56,145.0,466908,50,145.07,296638,787884,-0.24079807361540717,0
2023-07-28 10:54:56,145.0,466908,50,145.07,296817,787600,-0.24079807361540717,0
2023-07-28 10:54:56,145.0,466908,50,145.07,296817,787600,-0.24079807361540717,0
2023-07-28 10:54:56,145.1,466908,39,145.07,296817,787600,-0.1719986240110079,0
2023-07-28 10:55:16,145.1,467608,39,145.07,296695,786831,-0.1719986240110079,0
2023-07-28 10:55:16,145.1,467608,39,145.07,296695,786924,-0.1719986240110079,0
2023-07-28 10:55:16,145.0,467608,15,145.07,296695,786924,-0.24079807361540717,0
2023-07-28 10:55:22,145.0,467623,15,145.07,296333,787338,-0.24079807361540717,0
2023-07-28 10:55:22,145.0,467623,15,145.07,296611,787338,-0.24079807361540717,0
2023-07-28 10:55:22,145.0,467623,15,145.07,297365,787057,-0.24079807361540717,0
2023-07-28 10:55:22,145.0,467623,23,145.07,297365,787057,-0.24079807361540717,0
2023-07-28 10:55:47,145.0,468805,23,145.07,296624,787341,-0.24079807361540717,0
2023-07-28 10:55:47,145.1,468805,2,145.07,296624,787341,-0.1719986240110079,0
2023-07-28 10:55:53,145.1,468807,2,145.07,296843,787055,-0.1719986240110079,0
2023-07-28 10:55:53,145.1,468807,5,145.07,296911,787111,-0.1719986240110079,0
2023-07-28 10:55:59,145.1,468812,5,145.07,296911,787106,-0.1719986240110079,0
2023-07-28 10:55:59,145.0,468812,68,145.07,296911,787106,-0.24079807361540717,0
2023-07-28 10:56:11,145.0,468880,68,145.07,296843,787661,-0.24079807361540717,0
2023-07-28 10:56:11,145.0,468880,11,145.07,296843,787661,-0.24079807361540717,0
2023-07-28 10:56:14,145.0,468900,11,145.07,296837,787711,-0.24079807361540717,0
2023-07-28 10:56:14,145.0,468900,11,145.07,296839,787811,-0.24079807361540717,0
2023-07-28 10:56:14,145.0,468900,300,145.07,296839,787811,-0.24079807361540717,0
2023-07-28 10:56:14,145.0,468900,2,145.07,296839,787811,-0.24079807361540717,0
2023-07-28 10:56:33,145.0,469202,2,145.07,296134,788142,-0.24079807361540717,0
2023-07-28 10:56:33,145.0,469202,1,145.07,296134,788142,-0.24079807361540717,0
2023-07-28 10:56:42,145.0,469203,1,145.07,296064,788142,-0.24079807361540717,0
2023-07-28 10:56:42,145.0,469203,1,145.07,296043,788142,-0.24079807361540717,0
2023-07-28 10:56:42,145.0,469203,268,145.07,296043,788142,-0.24079807361540717,0
2023-07-28 10:56:42,145.1,469203,4,145.07,296043,788142,-0.1719986240110079,0
2023-07-28 10:56:42,145.1,469203,68,145.07,296043,788142,-0.1719986240110079,0
2023-07-28 10:56:56,145.1,469866,68,145.07,295860,787964,-0.1719986240110079,0
2023-07-28 10:56:56,145.1,469866,23,145.07,295860,787964,-0.1719986240110079,0
2023-07-28 10:56:56,145.1,470046,23,145.07,295449,787496,-0.1719986240110079,0
2023-07-28 10:56:56,145.0,470046,55,145.07,295449,787496,-0.24079807361540717,0
2023-07-28 10:57:02,145.0,470121,55,145.07,296682,787560,-0.24079807361540717,0
2023-07-28 10:57:02,145.0,470121,123,145.07,296682,787560,-0.24079807361540717,0
2023-07-28 10:57:07,145.0,470421,123,145.07,296398,787560,-0.24079807361540717,0
2023-07-28 10:57:07,145.0,470421,123,145.07,296461,787695,-0.24079807361540717,0
2023-07-28 10:57:07,145.0,470421,123,145.07,296373,787979,-0.24079807361540717,0
2023-07-28 10:57:07,145.1,470421,68,145.07,296373,787979,-0.1719986240110079,0
2023-07-28 10:57:25,145.1,470721,68,145.07,296002,787679,-0.1719986240110079,0
2023-07-28 10:57:25,145.1,470721,68,145.07,296295,787679,-0.1719986240110079,0
2023-07-28 10:57:25,145.1,470721,68,145.07,296420,787699,-0.1719986240110079,0
2023-07-28 10:57:25,145.1,470721,68,145.07,296340,787699,-0.1719986240110079,0
2023-07-28 10:57:25,145.1,470721,68,145.07,296390,787699,-0.1719986240110079,0
2023-07-28 10:57:25,145.1,470721,68,145.07,296394,787699,-0.1719986240110079,0
2023-07-28 10:57:25,145.1,470721,1,145.07,296394,787699,-0.1719986240110079,0
2023-07-28 10:57:59,145.1,470722,1,145.07,296399,787698,-0.1719986240110079,0
2023-07-28 10:57:59,145.0,470722,19,145.07,296399,787698,-0.24079807361540717,0
2023-07-28 10:58:03,145.0,471022,19,145.07,296099,787698,-0.24079807361540717,0
2023-07-28 10:58:03,145.0,471022,19,145.07,296159,787698,-0.24079807361540717,0
2023-07-28 10:58:03,145.0,471022,19,145.07,296169,787698,-0.24079807361540717,0
2023-07-28 10:58:03,145.0,471022,19,145.07,296571,787698,-0.24079807361540717,0
2023-07-28 10:58:03,145.0,471022,19,145.07,297004,787623,-0.24079807361540717,0
2023-07-28 10:58:22,145.0,471036,2,145.07,296897,787698,-0.24079807361540717,0
2023-07-28 10:58:22,145.1,471036,1,145.07,296897,787698,-0.1719986240110079,0
2023-07-28 10:58:29,145.1,471037,1,145.07,296900,787946,-0.1719986240110079,0
2023-07-28 10:58:29,145.0,471037,2,145.07,296900,787946,-0.24079807361540717,0
2023-07-28 10:58:33,145.0,471043,2,145.07,296819,787958,-0.24079807361540717,0
2023-07-28 10:58:33,145.0,471043,2,145.07,298241,781790,-0.24079807361540717,0
2023-07-28 10:58:33,145.0,471043,2,145.07,298241,781744,-0.24079807361540717,0
2023-07-28 10:58:33,145.0,471043,2,145.07,298241,781944,-0.24079807361540717,0
2023-07-28 10:58:33,145.1,471043,6,145.07,298241,781944,-0.1719986240110079,0
2023-07-28 10:58:51,145.1,471049,6,145.07,298287,781938,-0.1719986240110079,0
2023-07-28 10:58:51,145.1,471049,6,145.07,298651,781397,-0.1719986240110079,0
2023-07-28 10:58:51,145.1,471049,6,145.07,298576,781457,-0.1719986240110079,0
2023-07-28 10:58:51,145.1,471049,1,145.07,298576,781457,-0.1719986240110079,0
2023-07-28 10:58:51,145.15,471049,38,145.07,298576,781457,-0.1375988992087985,0
2023-07-28 10:59:09,145.15,471093,38,145.07,299058,780955,-0.1375988992087985,0
2023-07-28 10:59:09,145.15,471093,38,145.07,299068,780955,-0.1375988992087985,0
2023-07-28 10:59:09,145.15,471093,38,145.07,299068,781455,-0.1375988992087985,0
2023-07-28 10:59:09,145.15,471093,38,145.07,299068,781455,-0.1375988992087985,0
2023-07-28 10:59:09,145.15,471093,100,145.07,299068,781455,-0.1375988992087985,0
2023-07-28 10:59:26,145.15,471193,100,145.07,298965,781348,-0.1375988992087985,0
2023-07-28 10:59:26,145.05,471193,12,145.07,298965,781348,-0.20639834881319777,0
2023-07-28 10:59:29,145.05,471205,12,145.07,298953,781347,-0.20639834881319777,0
2023-07-28 10:59:29,145.05,471205,50,145.07,298953,781347,-0.20639834881319777,0
2023-07-28 10:59:34,145.05,471255,50,145.07,298828,781347,-0.20639834881319777,0
2023-07-28 10:59:34,145.05,471255,50,145.07,298903,781347,-0.20639834881319777,0
2023-07-28 10:59:34,145.05,471255,50,145.07,298932,781847,-0.20639834881319777,0
2023-07-28 10:59:34,145.05,471255,50,145.07,298938,781847,-0.20639834881319777,0
2023-07-28 10:59:34,145.15,471255,6,145.07,298938,781847,-0.1375988992087985,0
2023-07-28 10:59:57,145.15,471261,6,145.07,298983,781841,-0.1375988992087985,0
2023-07-28 10:59:57,145.15,471261,2,145.07,298983,781841,-0.1375988992087985,0
2023-07-28 11:00:01,145.15,471263,2,145.07,299085,781839,-0.1375988992087985,0
2023-07-28 11:00:01,145.15,471263,2,145.07,298992,783891,-0.1375988992087985,0
2023-07-28 11:00:01,145.15,471263,60,145.07,298640,784377,-0.1375988992087985,0
2023-07-28 11:00:13,145.15,471323,60,145.07,298640,784317,-0.1375988992087985,0
2023-07-28 11:00:20,145.05,471324,1,145.07,298640,784617,-0.20639834881319777,0
2023-07-28 11:00:20,145.05,471324,1,145.07,298746,784689,-0.20639834881319777,0
2023-07-28 11:00:20,145.15,471324,14,145.07,298746,784689,-0.1375988992087985,0
2023-07-28 11:00:34,145.15,471432,14,145.07,298746,784576,-0.1375988992087985,0
2023-07-28 11:00:34,145.05,471432,40,145.07,298746,784576,-0.20639834881319777,0
2023-07-28 11:00:36,145.05,471472,40,145.07,298545,784576,-0.20639834881319777,0
2023-07-28 11:00:36,145.05,471472,2,145.07,298545,784576,-0.20639834881319777,0
2023-07-28 11:00:45,145.05,471474,2,145.07,298764,785244,-0.20639834881319777,0
2023-07-28 11:00:45,145.05,471474,100,145.07,298764,785244,-0.20639834881319777,0
2023-07-28 11:00:51,145.05,471574,100,145.07,298665,785289,-0.20639834881319777,0
2023-07-28 11:00:51,145.1,471574,1,145.07,298665,785289,-0.1719986240110079,0
2023-07-28 11:00:51,145.15,471574,2,145.07,298665,785289,-0.1375988992087985,0
2023-07-28 11:00:51,145.05,471574,2,145.07,298665,785289,-0.20639834881319777,0
2023-07-28 11:00:51,145.15,471574,35,145.07,298665,785289,-0.1375988992087985,0
2023-07-28 11:01:00,145.15,471614,35,145.07,298763,784428,-0.1375988992087985,0
2023-07-28 11:01:00,145.15,471614,35,145.07,298783,784428,-0.1375988992087985,0
2023-07-28 11:01:00,145.15,471614,35,145.07,298784,784428,-0.1375988992087985,0
2023-07-28 11:01:00,145.05,471614,6,145.07,298784,784428,-0.20639834881319777,0
2023-07-28 11:01:11,145.05,471620,6,145.07,298778,784428,-0.20639834881319777,0
2023-07-28 11:01:11,145.05,471620,6,145.07,298777,784783,-0.20639834881319777,0
2023-07-28 11:01:11,145.05,471620,6,145.07,298787,784783,-0.20639834881319777,0
2023-07-28 11:01:11,145.05,471620,6,145.07,298295,784783,-0.20639834881319777,0
2023-07-28 11:01:11,145.05,471620,6,145.07,298541,784803,-0.20639834881319777,0
2023-07-28 11:01:11,145.05,471620,6,145.07,298581,784803,-0.20639834881319777,0
2023-07-28 11:01:11,145.05,471620,6,145.07,300571,784803,-0.20639834881319777,0
2023-07-28 11:01:11,145.05,471620,6,145.07,300571,783803,-0.20639834881319777,0
2023-07-28 11:01:11,145.05,471620,6,145.07,300571,783803,-0.20639834881319777,0
2023-07-28 11:01:11,145.15,471620,12,145.07,300571,783803,-0.1375988992087985,0
2023-07-28 11:02:03,145.05,471882,250,145.07,300831,783791,-0.20639834881319777,0
2023-07-28 11:02:03,145.05,471882,250,145.07,300656,783786,-0.20639834881319777,0
2023-07-28 11:02:03,145.05,471882,250,145.07,295834,783431,-0.20639834881319777,0
2023-07-28 11:02:03,145.05,471882,250,145.07,295731,783631,-0.20639834881319777,0
2023-07-28 11:02:03,145.15,471882,25,145.07,295731,783631,-0.1375988992087985,0
2023-07-28 11:02:03,145.15,471882,25,145.07,295731,783631,-0.1375988992087985,0
2023-07-28 11:02:21,145.15,471932,25,145.07,296706,783581,-0.1375988992087985,0
2023-07-28 11:02:21,145.15,471932,25,145.07,296706,783537,-0.1375988992087985,0
2023-07-28 11:02:21,145.15,471932,25,145.07,296706,783612,-0.1375988992087985,0
2023-07-28 11:02:21,145.15,471932,25,145.07,296595,783612,-0.1375988992087985,0
2023-07-28 11:02:21,145.05,471932,1,145.07,296595,783612,-0.20639834881319777,0
2023-07-28 11:02:21,145.05,471932,48,145.07,296595,783612,-0.20639834881319777,0
2023-07-28 11:02:21,145.15,471932,13,145.07,296595,783612,-0.1375988992087985,0
2023-07-28 11:02:21,145.15,471932,20,145.07,296595,783612,-0.1375988992087985,0
2023-07-28 11:02:39,145.15,472014,20,145.07,296526,783486,-0.1375988992087985,0
2023-07-28 11:02:44,145.2,474582,68,145.07,296742,787859,-0.10319917440660867,0
2023-07-28 11:02:44,145.15,474582,15,145.07,296742,787859,-0.1375988992087985,0
2023-07-28 11:02:47,145.15,474597,15,145.07,296512,787879,-0.1375988992087985,0
2023-07-28 11:02:47,145.15,474597,15,145.07,295950,788088,-0.1375988992087985,0
2023-07-28 11:02:47,145.15,474597,15,145.07,295951,788088,-0.1375988992087985,0
2023-07-28 11:03:00,145.15,474598,1,145.07,297108,790206,-0.1375988992087985,0
2023-07-28 11:03:00,145.15,474598,1,145.07,295633,791488,-0.1375988992087985,0
2023-07-28 11:03:00,145.05,474598,15,145.07,295633,791488,-0.20639834881319777,0
2023-07-28 11:03:07,145.05,474613,15,145.07,295618,791279,-0.20639834881319777,0
2023-07-28 11:03:07,145.05,474613,72,145.07,295618,791279,-0.20639834881319777,0
2023-07-28 11:03:13,145.05,475507,21,145.07,295513,791807,-0.20639834881319777,0
2023-07-28 11:03:13,145.05,475507,34,145.07,295513,791807,-0.20639834881319777,0
2023-07-28 11:03:17,145.05,475541,34,145.07,295410,791900,-0.20639834881319777,0
2023-07-28 11:03:17,145.05,475541,45,145.07,295618,791807,-0.20639834881319777,0
2023-07-28 11:03:17,145.1,475541,20,145.07,295618,791807,-0.1719986240110079,0
2023-07-28 11:03:24,145.1,475786,20,145.07,294185,792216,-0.1719986240110079,0
2023-07-28 11:03:24,145.05,475786,5,145.07,294185,792216,-0.20639834881319777,0
2023-07-28 11:03:29,145.05,475792,5,145.07,294260,792021,-0.20639834881319777,0
2023-07-28 11:03:29,145.05,475792,5,145.07,294310,792071,-0.20639834881319777,0
2023-07-28 11:03:29,145.1,475792,46,145.07,294310,792071,-0.1719986240110079,0
2023-07-28 11:03:41,145.1,475945,46,145.07,293882,791942,-0.1719986240110079,0
2023-07-28 11:03:41,145.1,475945,1,145.07,293882,791942,-0.1719986240110079,0
2023-07-28 11:03:44,145.1,475946,1,145.07,293715,792402,-0.1719986240110079,0
2023-07-28 11:03:44,145.1,475946,1,145.07,293784,792427,-0.1719986240110079,0
2023-07-28 11:03:44,145.1,475946,1,145.07,293784,792427,-0.1719986240110079,0
2023-07-28 11:03:44,145.1,475946,10,145.07,293784,792427,-0.1719986240110079,0
2023-07-28 11:03:44,145.05,475946,1,145.07,293784,792427,-0.20639834881319777,0
2023-07-28 11:03:57,145.05,475958,1,145.07,293714,792416,-0.20639834881319777,0
2023-07-28 11:03:57,145.05,475958,1,145.07,293598,792416,-0.20639834881319777,0
2023-07-28 11:03:57,145.0,475958,1,145.07,293598,792416,-0.24079807361540717,0
2023-07-28 11:04:15,145.0,475959,1,145.07,293806,792541,-0.24079807361540717,0
2023-07-28 11:04:21,145.05,475979,20,145.07,294020,792679,-0.20639834881319777,0
2023-07-28 11:04:21,145.05,475979,20,145.07,293945,792679,-0.20639834881319777,0
2023-07-28 11:04:21,145.05,475979,2,145.07,293945,792679,-0.20639834881319777,0
2023-07-28 11:04:29,145.05,475981,2,145.07,293945,792657,-0.20639834881319777,0
2023-07-28 11:04:29,145.05,475981,1,145.07,293945,792657,-0.20639834881319777,0
2023-07-28 11:04:31,145.05,475984,1,145.07,294020,793154,-0.20639834881319777,0
2023-07-28 11:04:38,145.0,476184,200,145.07,293536,793154,-0.24079807361540717,0
2023-07-28 11:04:38,145.05,476184,9,145.07,293536,793154,-0.20639834881319777,0
2023-07-28 11:04:41,145.05,476193,9,145.07,293646,787966,-0.20639834881319777,0
2023-07-28 11:04:41,145.1,476193,130,145.07,293646,787966,-0.1719986240110079,0
2023-07-28 11:04:46,145.1,476323,130,145.07,293844,787836,-0.1719986240110079,0
2023-07-28 11:04:46,145.0,476323,8,145.07,293844,787836,-0.24079807361540717,0
2023-07-28 11:04:49,145.0,476655,8,145.07,293512,788204,-0.24079807361540717,0
2023-07-28 11:04:49,145.0,476655,8,145.07,293792,788304,-0.24079807361540717,0
2023-07-28 11:04:49,145.0,476655,8,145.07,293792,788429,-0.24079807361540717,0
2023-07-28 11:04:49,145.0,476655,8,145.07,293885,788429,-0.24079807361540717,0
2023-07-28 11:04:49,145.0,476655,8,145.07,293792,788431,-0.24079807361540717,0
2023-07-28 11:04:49,145.1,476655,20,145.07,293792,788431,-0.1719986240110079,0
2023-07-28 11:05:13,145.1,476675,20,145.07,293792,788411,-0.1719986240110079,0
2023-07-28 11:05:13,145.1,476675,20,145.07,293792,788711,-0.1719986240110079,0
2023-07-28 11:05:13,145.1,476675,20,145.07,293793,788711,-0.1719986240110079,0
2023-07-28 11:05:13,145.1,476675,126,145.07,293793,788711,-0.1719986240110079,0
2023-07-28 11:05:13,145.0,476675,46,145.07,293793,788711,-0.24079807361540717,0
2023-07-28 11:05:32,145.0,476873,46,145.07,293881,788654,-0.24079807361540717,0
2023-07-28 11:05:32,145.0,476873,765,145.07,293881,788654,-0.24079807361540717,0
2023-07-28 11:05:35,145.0,477749,765,145.07,292952,789010,-0.24079807361540717,0
2023-07-28 11:05:35,145.0,477749,765,145.07,293045,789010,-0.24079807361540717,0
2023-07-28 11:05:35,145.0,477749,20,145.07,293045,789010,-0.24079807361540717,0
2023-07-28 11:05:55,145.0,477769,20,145.07,294017,791308,-0.24079807361540717,0
2023-07-28 11:05:55,145.0,477769,20,145.07,294042,791261,-0.24079807361540717,0
2023-07-28 11:05:55,145.1,477769,1,145.07,294042,791261,-0.1719986240110079,0
2023-07-28 11:05:55,145.0,477769,100,145.07,294042,791261,-0.24079807361540717,0
2023-07-28 11:06:02,145.0,477870,100,145.07,295469,791041,-0.24079807361540717,0
2023-07-28 11:06:02,145.0,477870,100,145.07,295774,790529,-0.24079807361540717,0
2023-07-28 11:06:02,145.0,477870,100,145.07,295834,790457,-0.24079807361540717,0
2023-07-28 11:06:02,145.0,477870,2,145.07,295834,790457,-0.24079807361540717,0
2023-07-28 11:06:16,145.0,478159,2,145.07,295261,790625,-0.24079807361540717,0
2023-07-28 11:06:16,145.1,478159,26,145.07,295261,790625,-0.1719986240110079,0
2023-07-28 11:06:20,145.1,478349,26,145.07,295489,790651,-0.1719986240110079,0
2023-07-28 11:06:20,145.1,478349,26,145.07,295499,790706,-0.1719986240110079,0
2023-07-28 11:06:20,145.1,478349,6,145.07,295499,790706,-0.1719986240110079,0
2023-07-28 11:06:31,145.1,478355,6,145.07,295499,790700,-0.1719986240110079,0
2023-07-28 11:06:31,145.1,478355,6,145.07,295554,790725,-0.1719986240110079,0
2023-07-28 11:06:31,145.0,478355,1,145.07,295554,790725,-0.24079807361540717,0
2023-07-28 11:06:39,145.0,478357,1,145.07,295459,790750,-0.24079807361540717,0
2023-07-28 11:06:39,145.0,478357,1,145.07,295459,790942,-0.24079807361540717,0
2023-07-28 11:06:39,145.0,478357,1,145.07,295509,790967,-0.24079807361540717,0
2023-07-28 11:06:39,145.1,478357,20,145.07,295509,790967,-0.1719986240110079,0
2023-07-28 11:06:53,145.0,478377,211,145.07,295509,790972,-0.24079807361540717,0
2023-07-28 11:06:53,145.0,478377,4,145.07,295509,790972,-0.24079807361540717,0
2023-07-28 11:06:56,145.0,478633,4,145.07,295178,791286,-0.24079807361540717,0
2023-07-28 11:06:56,145.0,478633,4,145.07,295209,791286,-0.24079807361540717,0
2023-07-28 11:06:56,145.05,478633,100,145.07,295209,791286,-0.20639834881319777,0
2023-07-28 11:07:04,145.05,478733,100,145.07,295209,791517,-0.20639834881319777,0
2023-07-28 11:07:04,145.1,478733,3,145.07,295209,791517,-0.1719986240110079,0
2023-07-28 11:07:04,145.1,478733,25,145.07,295209,791517,-0.1719986240110079,0
2023-07-28 11:07:10,145.1,478761,25,145.07,295219,791489,-0.1719986240110079,0
2023-07-28 11:07:16,145.0,479127,1,145.07,294868,791759,-0.24079807361540717,0
2023-07-28 11:07:16,145.0,479127,1,145.07,294896,791759,-0.24079807361540717,0
2023-07-28 11:07:16,145.0,479127,82,145.07,294896,791759,-0.24079807361540717,0
2023-07-28 11:07:24,145.0,479227,82,145.07,294694,791690,-0.24079807361540717,0
2023-07-28 11:07:24,145.1,479227,10,145.07,294694,791690,-0.1719986240110079,0
2023-07-28 11:07:24,145.0,479227,1,145.07,294694,791690,-0.24079807361540717,0
2023-07-28 11:07:24,145.0,479227,321,145.07,294694,791690,-0.24079807361540717,0
2023-07-28 11:07:33,145.0,479682,321,145.07,294450,793609,-0.24079807361540717,0
2023-07-28 11:07:33,145.0,479682,321,145.07,294634,793518,-0.24079807361540717,0
2023-07-28 11:07:33,145.0,479682,321,145.07,294640,793611,-0.24079807361540717,0
2023-07-28 11:07:33,145.0,479682,321,145.07,294831,793158,-0.24079807361540717,0
2023-07-28 11:07:33,145.0,479682,72,145.07,294831,793158,-0.24079807361540717,0
2023-07-28 11:07:54,145.0,479774,72,145.07,295077,796133,-0.24079807361540717,0
2023-07-28 11:07:54,145.0,479774,72,145.07,296027,795972,-0.24079807361540717,0
2023-07-28 11:07:54,145.0,479774,72,145.07,296160,796178,-0.24079807361540717,0
2023-07-28 11:07:54,145.0,479774,50,145.07,296160,796178,-0.24079807361540717,0
2023-07-28 11:07:54,145.0,479774,115,145.07,296160,796178,-0.24079807361540717,0
2023-07-28 11:08:07,145.0,479939,115,145.07,295995,795684,-0.24079807361540717,0
2023-07-28 11:08:07,145.1,479939,10,145.07,295995,795684,-0.1719986240110079,0
2023-07-28 11:08:10,145.1,479949,10,145.07,296051,795674,-0.1719986240110079,0
2023-07-28 11:08:18,145.0,479954,5,145.07,296047,795674,-0.24079807361540717,0
2023-07-28 11:08:18,145.0,479954,1,145.07,296047,795674,-0.24079807361540717,0
2023-07-28 11:08:23,145.1,480154,75,145.07,294549,794668,-0.1719986240110079,0
2023-07-28 11:08:23,145.1,480154,75,145.07,296061,793402,-0.1719986240110079,0
2023-07-28 11:08:23,145.1,480154,500,145.07,296061,793402,-0.1719986240110079,0
2023-07-28 11:08:30,145.1,480654,500,145.07,296250,793407,-0.1719986240110079,0
2023-07-28 11:08:30,145.2,480654,81,145.07,296250,793407,-0.10319917440660867,0
2023-07-28 11:08:30,145.1,480654,1,145.07,296250,793407,-0.1719986240110079,0
2023-07-28 11:08:30,145.15,480654,62,145.07,296250,793407,-0.1375988992087985,0
2023-07-28 11:08:36,145.15,481190,62,145.07,297776,793113,-0.1375988992087985,0
2023-07-28 11:08:36,145.15,481190,62,145.07,297805,793113,-0.1375988992087985,0
2023-07-28 11:08:36,145.15,481190,5,145.07,297805,793113,-0.1375988992087985,0
2023-07-28 11:08:36,145.15,481190,6,145.07,297805,793113,-0.1375988992087985,0
2023-07-28 11:08:49,145.1,481209,8,145.07,297797,793102,-0.1719986240110079,0
2023-07-28 11:08:49,145.1,481209,4,145.07,297797,793602,-0.1719986240110079,0
2023-07-28 11:08:49,145.1,481209,275,145.07,297797,793602,-0.1719986240110079,0
2023-07-28 11:08:49,145.1,481209,1,145.07,297797,793602,-0.1719986240110079,0
2023-07-28 11:08:49,145.1,481209,4,145.07,297797,793602,-0.1719986240110079,0
2023-07-28 11:08:56,145.1,481493,4,145.07,297513,793602,-0.1719986240110079,0
2023-07-28 11:09:01,145.15,481501,8,145.07,297510,793794,-0.1375988992087985,0
2023-07-28 11:09:01,145.1,481501,20,145.07,297510,793794,-0.1719986240110079,0
2023-07-28 11:09:05,145.15,481522,1,145.07,297490,793793,-0.1375988992087985,0
2023-07-28 11:09:05,145.15,481522,1,145.07,297490,793853,-0.1375988992087985,0
2023-07-28 11:09:05,145.15,481522,1,145.07,297490,799271,-0.1375988992087985,0
2023-07-28 11:09:17,145.15,481528,6,145.07,297490,799280,-0.1375988992087985,0
2023-07-28 11:09:17,145.1,481528,15,145.07,297490,799280,-0.1719986240110079,0
2023-07-28 11:09:28,145.1,481543,15,145.07,297470,799290,-0.1719986240110079,0
2023-07-28 11:09:28,145.1,481543,50,145.07,297470,799290,-0.1719986240110079,0
2023-07-28 11:09:38,145.0,481975,4,145.07,295195,801710,-0.24079807361540717,0
2023-07-28 11:09:38,145.0,481975,4,145.07,295313,801622,-0.24079807361540717,0
2023-07-28 11:09:38,145.0,481975,20,145.07,295313,801622,-0.24079807361540717,0
2023-07-28 11:09:46,145.0,482024,24,145.07,295264,802018,-0.24079807361540717,0
2023-07-28 11:09:46,145.0,482024,24,145.07,295272,802018,-0.24079807361540717,0
2023-07-28 11:09:46,145.1,482024,75,145.07,295272,802018,-0.1719986240110079,0
2023-07-28 11:09:58,145.1,482099,75,145.07,295225,801855,-0.1719986240110079,0
2023-07-28 11:09:58,145.0,482099,2,145.07,295225,801855,-0.24079807361540717,0
2023-07-28 11:10:03,145.0,482108,2,145.07,295217,801855,-0.24079807361540717,0
2023-07-28 11:10:03,145.1,482108,10,145.07,295217,801855,-0.1719986240110079,0
2023-07-28 11:10:04,145.1,482118,10,145.07,295227,801845,-0.1719986240110079,0
2023-07-28 11:10:04,145.1,482118,10,145.07,295228,801845,-0.1719986240110079,0
2023-07-28 11:10:04,145.1,482118,10,145.07,295228,801875,-0.1719986240110079,0
2023-07-28 11:10:04,145.1,482118,3,145.07,295228,801875,-0.1719986240110079,0
2023-07-28 11:10:20,145.1,482121,3,145.07,296228,801872,-0.1719986240110079,0
2023-07-28 11:10:20,145.1,482121,3,145.07,296228,802372,-0.1719986240110079,0
2023-07-28 11:10:20,145.0,482121,28,145.07,296228,802372,-0.24079807361540717,0
2023-07-28 11:10:32,145.0,482221,28,145.07,296129,802572,-0.24079807361540717,0
2023-07-28 11:10:32,145.0,482221,28,145.07,296145,802572,-0.24079807361540717,0
2023-07-28 11:10:32,145.0,482221,3,145.07,296145,802572,-0.24079807361540717,0
2023-07-28 11:10:32,145.1,482221,4,145.07,296145,802572,-0.1719986240110079,0
2023-07-28 11:10:41,145.1,482256,4,145.07,296134,802706,-0.1719986240110079,0
2023-07-28 11:10:46,145.1,482281,10,145.07,296119,802731,-0.1719986240110079,0
2023-07-28 11:10:46,145.0,482281,35,145.07,296119,802731,-0.24079807361540717,0
2023-07-28 11:10:51,145.0,482479,35,145.07,295923,802731,-0.24079807361540717,0
2023-07-28 11:10:51,145.1,482479,196,145.07,295923,802731,-0.1719986240110079,0
2023-07-28 11:10:57,145.1,482829,196,145.07,297376,803490,-0.1719986240110079,0
2023-07-28 11:10:57,145.0,482829,1,145.07,297376,803490,-0.24079807361540717,0
2023-07-28 11:11:07,145.0,483138,192,145.07,295651,803478,-0.24079807361540717,0
2023-07-28 11:11:07,145.0,483138,192,145.07,295781,803110,-0.24079807361540717,0
2023-07-28 11:11:07,145.1,483138,86,145.07,295781,803110,-0.1719986240110079,0
2023-07-28 11:11:13,145.1,483238,86,145.07,296846,803247,-0.1719986240110079,0
2023-07-28 11:11:13,145.0,483238,42,145.07,296846,803247,-0.24079807361540717,0
2023-07-28 11:11:17,145.0,483280,42,145.07,296821,803230,-0.24079807361540717,0
2023-07-28 11:11:17,145.0,483280,42,145.07,296731,803290,-0.24079807361540717,0
2023-07-28 11:11:17,145.0,483280,42,145.07,296829,803580,-0.24079807361540717,0
2023-07-28 11:11:17,145.0,483280,42,145.07,296642,803580,-0.24079807361540717,0
2023-07-28 11:11:17,145.0,483280,42,145.07,296642,803580,-0.24079807361540717,0
2023-07-28 11:11:17,145.05,483280,5,145.07,296642,803580,-0.20639834881319777,0
2023-07-28 11:11:17,145.0,483280,60,145.07,296642,803580,-0.24079807361540717,0
2023-07-28 11:11:17,145.0,483280,25,145.07,296642,803580,-0.24079807361540717,0
2023-07-28 11:11:39,145.0,483370,25,145.07,296250,803587,-0.24079807361540717,0
2023-07-28 11:11:39,145.0,483370,25,145.07,296437,803587,-0.24079807361540717,0
2023-07-28 11:11:39,145.0,483370,25,145.07,296437,803587,-0.24079807361540717,0
2023-07-28 11:11:39,145.0,483370,25,145.07,296437,803587,-0.24079807361540717,0
2023-07-28 11:11:39,145.05,483370,60,145.07,296437,803587,-0.20639834881319777,0
2023-07-28 11:11:57,145.05,483685,60,145.07,296540,803214,-0.20639834881319777,0
2023-07-28 11:11:57,145.0,483685,29,145.07,296540,803214,-0.24079807361540717,0
2023-07-28 11:11:59,145.0,483714,29,145.07,301153,803077,-0.24079807361540717,0
2023-07-28 11:11:59,145.0,483714,29,145.07,301157,803127,-0.24079807361540717,0
2023-07-28 11:11:59,145.0,483714,6,145.07,301157,803127,-0.24079807361540717,0
2023-07-28 11:12:08,145.0,483720,6,145.07,301154,803127,-0.24079807361540717,0
2023-07-28 11:12:08,145.0,483720,70,145.07,301154,803127,-0.24079807361540717,0
2023-07-28 11:12:11,145.0,483790,70,145.07,301084,803377,-0.24079807361540717,0
2023-07-28 11:12:11,145.0,483790,70,145.07,301199,803377,-0.24079807361540717,0
2023-07-28 11:12:11,145.05,483790,10,145.07,301199,803377,-0.20639834881319777,0
2023-07-28 11:12:23,145.0,486903,1,145.07,296120,811944,-0.24079807361540717,0
2023-07-28 11:12:23,145.0,486903,339,145.07,296120,811944,-0.24079807361540717,0
2023-07-28 11:12:23,144.95,486903,55,145.07,296120,811944,-0.2751977984176166,0
2023-07-28 11:12:23,145.0,486903,6,145.07,296120,811944,-0.24079807361540717,0
2023-07-28 11:12:31,144.95,487754,451,145.07,295261,812196,-0.2751977984176166,0
2023-07-28 11:12:31,145.0,487754,51,145.07,295261,812196,-0.24079807361540717,0
2023-07-28 11:12:34,145.0,488166,40,145.07,296538,812448,-0.24079807361540717,0
2023-07-28 11:12:34,144.95,488166,46,145.07,296538,812448,-0.2751977984176166,0
2023-07-28 11:12:38,145.0,488252,5,145.07,296579,814088,-0.24079807361540717,0
2023-07-28 11:12:38,145.0,488252,400,145.07,296579,814088,-0.24079807361540717,0
2023-07-28 11:12:38,145.0,488252,19,145.07,296579,814088,-0.24079807361540717,0
2023-07-28 11:12:43,145.0,488676,46,145.07,296929,814603,-0.24079807361540717,0
2023-07-28 11:12:46,145.0,488722,47,145.07,296930,814607,-0.24079807361540717,0
2023-07-28 11:12:46,145.0,488722,50,145.07,296930,814607,-0.24079807361540717,0
2023-07-28 11:12:46,145.0,488722,5,145.07,296930,814607,-0.24079807361540717,0
2023-07-28 11:12:46,145.0,488722,13,145.07,296930,814607,-0.24079807361540717,0
2023-07-28 11:12:46,145.0,488722,11,145.07,296930,814607,-0.24079807361540717,0
2023-07-28 11:12:57,145.0,488859,1,145.07,297052,814377,-0.24079807361540717,0
2023-07-28 11:12:57,145.0,488859,3,145.07,297052,814377,-0.24079807361540717,0
2023-07-28 11:13:01,145.0,488863,3,145.07,297068,815293,-0.24079807361540717,0
2023-07-28 11:13:01,145.0,488863,3,145.07,297068,815293,-0.24079807361540717,0
2023-07-28 11:13:04,145.0,488866,1,145.07,297670,814903,-0.24079807361540717,0
2023-07-28 11:13:07,145.0,488867,1,145.07,297756,814827,-0.24079807361540717,0
2023-07-28 11:13:07,145.0,488867,20,145.07,297756,814827,-0.24079807361540717,0
2023-07-28 11:13:07,145.0,488867,10,145.07,297756,814827,-0.24079807361540717,0
2023-07-28 11:13:15,144.9,488899,2,145.07,296896,812503,-0.30959752321980644,0
2023-07-28 11:13:15,145.0,488899,3,145.07,296896,812503,-0.24079807361540717,0
2023-07-28 11:13:16,145.0,488902,3,145.07,297199,812501,-0.24079807361540717,0
2023-07-28 11:13:16,145.0,488902,3,145.07,297105,814731,-0.24079807361540717,0
2023-07-28 11:13:16,145.0,488902,1,145.07,297105,814731,-0.24079807361540717,0
2023-07-28 11:13:25,145.0,488914,2,145.07,296884,815487,-0.24079807361540717,0
2023-07-28 11:13:29,145.0,488916,2,145.07,296885,815485,-0.24079807361540717,0
2023-07-28 11:13:29,144.9,488916,1052,145.07,296885,815485,-0.30959752321980644,0
2023-07-28 11:13:29,144.85,488916,15,145.07,296885,815485,-0.3439972480220158,0
2023-07-28 11:13:36,145.0,491216,255,145.06,296346,814163,-0.24079807361540717,0
2023-07-28 11:13:38,145.0,491471,255,145.06,298249,812599,-0.24079807361540717,0
2023-07-28 11:13:38,145.0,491471,32,145.06,298249,812599,-0.24079807361540717,0
2023-07-28 11:13:46,145.0,491587,26,145.06,298518,812531,-0.24079807361540717,0
2023-07-28 11:13:46,145.0,491587,13,145.06,298518,812531,-0.24079807361540717,0
2023-07-28 11:13:46,145.0,491587,230,145.06,298518,812531,-0.24079807361540717,0
2023-07-28 11:13:46,145.0,491587,2,145.06,298518,812531,-0.24079807361540717,0
2023-07-28 11:13:50,145.0,491832,2,145.06,298302,812286,-0.24079807361540717,0
2023-07-28 11:13:50,145.0,491832,26,145.06,298302,812286,-0.24079807361540717,0
2023-07-28 11:13:52,145.0,491858,26,145.06,298531,812260,-0.24079807361540717,0
2023-07-28 11:13:52,144.95,491858,36,145.06,298531,812260,-0.2751977984176166,0
2023-07-28 11:14:00,144.95,491989,14,145.06,296480,812510,-0.2751977984176166,0
2023-07-28 11:14:01,144.95,492003,14,145.06,296780,812096,-0.2751977984176166,0
2023-07-28 11:14:01,144.95,492003,15,145.06,296780,812096,-0.2751977984176166,0
2023-07-28 11:14:01,144.9,492003,3,145.06,296780,812096,-0.30959752321980644,0
2023-07-28 11:14:08,144.95,492021,2,145.06,296219,812915,-0.2751977984176166,0
2023-07-28 11:14:08,144.95,492021,5,145.06,296219,812915,-0.2751977984176166,0
2023-07-28 11:14:11,144.95,492033,2,145.06,296219,812933,-0.2751977984176166,0
2023-07-28 11:14:11,144.95,492033,50,145.06,296219,812933,-0.2751977984176166,0
2023-07-28 11:14:11,144.95,492033,3,145.06,296219,812933,-0.2751977984176166,0
2023-07-28 11:14:11,144.95,492033,4,145.06,296219,812933,-0.2751977984176166,0
2023-07-28 11:14:16,144.95,492092,6,145.06,296172,812490,-0.2751977984176166,0
2023-07-28 11:14:16,144.95,492092,2,145.06,296172,812490,-0.2751977984176166,0
2023-07-28 11:14:21,144.95,492154,46,145.06,296672,812428,-0.2751977984176166,0
2023-07-28 11:14:21,144.95,492154,6,145.06,296672,812428,-0.2751977984176166,0
2023-07-28 11:14:21,144.9,492154,1,145.06,296672,812428,-0.30959752321980644,0
2023-07-28 11:14:25,144.9,492161,1,145.06,297825,812264,-0.30959752321980644,0
2023-07-28 11:14:25,144.9,492161,5,145.06,297825,812264,-0.30959752321980644,0
2023-07-28 11:14:25,144.95,492161,2,145.06,297825,812264,-0.2751977984176166,0
2023-07-28 11:14:25,144.95,492161,22,145.06,297825,812264,-0.2751977984176166,0
2023-07-28 11:14:28,144.95,492190,22,145.06,297820,812262,-0.2751977984176166,0
2023-07-28 11:14:28,144.95,492190,3,145.06,297820,812262,-0.2751977984176166,0
2023-07-28 11:14:28,144.95,492190,20,145.06,297820,812262,-0.2751977984176166,0
2023-07-28 11:14:31,144.95,492213,20,145.06,297821,812239,-0.2751977984176166,0
2023-07-28 11:14:31,144.95,492213,3,145.06,297821,812239,-0.2751977984176166,0
2023-07-28 11:14:31,144.95,492213,6,145.06,297821,812239,-0.2751977984176166,0
2023-07-28 11:14:31,144.9,492213,16,145.06,297821,812239,-0.30959752321980644,0
2023-07-28 11:14:37,144.95,492238,2,145.06,297805,812214,-0.2751977984176166,0
2023-07-28 11:14:37,144.95,492238,2,145.06,297805,812214,-0.2751977984176166,0
2023-07-28 11:14:37,144.95,492238,2,145.06,297805,812214,-0.2751977984176166,0
2023-07-28 11:14:42,144.95,492244,2,145.06,297805,812208,-0.2751977984176166,0
2023-07-28 11:14:42,144.95,492244,1,145.06,297805,812208,-0.2751977984176166,0
2023-07-28 11:14:44,144.95,492245,1,145.06,297805,812207,-0.2751977984176166,0
2023-07-28 11:14:44,144.95,492245,1,145.06,297805,812207,-0.2751977984176166,0
2023-07-28 11:14:44,144.95,492245,5,145.06,297805,812207,-0.2751977984176166,0
2023-07-28 11:14:44,144.95,492245,311,145.06,297805,812207,-0.2751977984176166,0
2023-07-28 11:14:51,144.95,492662,46,145.06,297905,812440,-0.2751977984176166,0
2023-07-28 11:14:51,144.95,492662,41,145.06,297905,812440,-0.2751977984176166,0
2023-07-28 11:14:56,144.95,492749,4,145.06,297165,811988,-0.2751977984176166,0
2023-07-28 11:14:56,144.95,492749,5,145.06,297165,811988,-0.2751977984176166,0
2023-07-28 11:14:56,144.95,492749,31,145.06,297165,811988,-0.2751977984176166,0
2023-07-28 11:15:00,144.95,492789,4,145.06,297165,811948,-0.2751977984176166,0
2023-07-28 11:15:00,144.95,492789,13,145.06,297165,811948,-0.2751977984176166,0
2023-07-28 11:15:05,144.9,492887,50,145.06,297691,811870,-0.30959752321980644,0
2023-07-28 11:15:05,144.95,492887,11,145.06,297691,811870,-0.2751977984176166,0
2023-07-28 11:15:05,144.95,492887,1,145.06,297691,811870,-0.2751977984176166,0
2023-07-28 11:15:05,144.95,492887,3,145.06,297691,811870,-0.2751977984176166,0
2023-07-28 11:15:09,144.95,492902,3,145.06,298279,811855,-0.2751977984176166,0
2023-07-28 11:15:09,145.0,492902,25,145.06,298279,811855,-0.24079807361540717,0
2023-07-28 11:15:09,145.0,492902,93,145.06,298279,811855,-0.24079807361540717,0
2023-07-28 11:15:09,144.95,492902,110,145.06,298279,811855,-0.2751977984176166,0
2023-07-28 11:15:14,144.95,504740,110,145.06,300011,803866,-0.2751977984176166,0
2023-07-28 11:15:14,145.05,504740,31,145.06,300011,803866,-0.20639834881319777,0
2023-07-28 11:15:14,145.0,504740,1251,145.06,300011,803866,-0.24079807361540717,0
2023-07-28 11:15:15,145.0,506022,1251,145.06,301179,803763,-0.24079807361540717,0
2023-07-28 11:15:15,145.1,506022,215,145.06,301179,803763,-0.1719986240110079,0
2023-07-28 11:15:15,145.05,506022,19,145.06,301179,803763,-0.20639834881319777,0
2023-07-28 11:15:21,145.05,510574,19,145.06,306541,800059,-0.20639834881319777,0
2023-07-28 11:15:21,145.15,510574,31,145.06,306541,800059,-0.1375988992087985,0
2023-07-28 11:15:25,145.15,510605,31,145.06,309201,800028,-0.1375988992087985,0
2023-07-28 11:15:25,145.15,510605,31,145.06,309201,800028,-0.1375988992087985,0
2023-07-28 11:15:30,145.15,510636,31,145.06,307702,799922,-0.1375988992087985,0
2023-07-28 11:15:30,145.15,510636,31,145.06,307702,799922,-0.1375988992087985,0
2023-07-28 11:15:30,145.15,510636,31,145.06,307702,799922,-0.1375988992087985,0
2023-07-28 11:15:40,145.15,510698,31,145.06,307752,799723,-0.1375988992087985,0
2023-07-28 11:15:40,145.15,510698,2,145.06,307752,799723,-0.1375988992087985,0
2023-07-28 11:15:40,145.15,510698,12,145.06,307752,799723,-0.1375988992087985,0
2023-07-28 11:15:45,145.15,510731,12,145.06,307327,800857,-0.1375988992087985,0
2023-07-28 11:15:45,145.15,510731,32,145.06,307327,800857,-0.1375988992087985,0
2023-07-28 11:15:50,145.15,510763,32,145.06,307404,800825,-0.1375988992087985,0
2023-07-28 11:15:50,145.15,510763,32,145.06,306529,800825,-0.1375988992087985,0
2023-07-28 11:15:50,145.15,510763,32,145.06,305828,800824,-0.1375988992087985,0
2023-07-28 11:15:50,145.15,510763,1,145.06,305828,800824,-0.1375988992087985,0
2023-07-28 11:16:02,145.15,510764,1,145.06,305828,800823,-0.1375988992087985,0
2023-07-28 11:16:02,145.15,510764,1,145.06,308072,800922,-0.1375988992087985,0
2023-07-28 11:16:02,145.15,510764,1,145.06,308072,800977,-0.1375988992087985,0
2023-07-28 11:16:02,145.05,510764,9,145.06,308102,800977,-0.20639834881319777,0
2023-07-28 11:16:29,145.05,510777,1,145.06,308182,800978,-0.20639834881319777,0
2023-07-28 11:16:29,145.05,510777,1,145.06,308182,800978,-0.20639834881319777,0
2023-07-28 11:16:32,145.05,510778,1,145.06,306391,800558,-0.20639834881319777,0
2023-07-28 11:16:32,145.05,510778,1,145.06,306401,800558,-0.20639834881319777,0
2023-07-28 11:16:43,145.05,510808,30,145.06,306458,800558,-0.20639834881319777,0
2023-07-28 11:16:43,145.15,510808,14,145.06,306458,800558,-0.1375988992087985,0
2023-07-28 11:16:43,145.15,510808,67,145.06,306458,800558,-0.1375988992087985,0
2023-07-28 11:16:58,145.15,510988,67,145.06,306460,801712,-0.1375988992087985,0
2023-07-28 11:16:58,145.15,510988,67,145.06,306460,801771,-0.1375988992087985,0
2023-07-28 11:16:58,145.15,510988,3,145.06,306460,801771,-0.1375988992087985,0
2023-07-28 11:17:08,145.15,510991,3,145.06,306460,801768,-0.1375988992087985,0
2023-07-28 11:17:08,145.15,510991,3,145.06,306490,801768,-0.1375988992087985,0
2023-07-28 11:17:08,145.15,510991,3,145.06,306490,801767,-0.1375988992087985,0
2023-07-28 11:17:08,145.15,510991,3,145.06,305990,801767,-0.1375988992087985,0
2023-07-28 11:17:08,145.15,510991,3,145.06,305831,801767,-0.1375988992087985,0
2023-07-28 11:17:08,145.15,510991,3,145.06,305831,801768,-0.1375988992087985,0
2023-07-28 11:17:08,145.15,510991,3,145.06,302722,802908,-0.1375988992087985,0
2023-07-28 11:17:08,145.0,510991,30,145.06,302722,802908,-0.24079807361540717,0
2023-07-28 11:17:38,145.0,511021,30,145.06,303515,803509,-0.24079807361540717,0
2023-07-28 11:17:38,145.0,511021,25,145.06,303515,803509,-0.24079807361540717,0
2023-07-28 11:17:43,145.0,511046,25,145.06,303950,804346,-0.24079807361540717,0
2023-07-28 11:17:43,145.0,511046,25,145.06,303528,804346,-0.24079807361540717,0
2023-07-28 11:17:43,145.05,511046,25,145.06,303528,804346,-0.20639834881319777,0
2023-07-28 11:17:51,145.05,511071,25,145.06,303453,804991,-0.20639834881319777,0
2023-07-28 11:17:51,145.05,511071,25,145.06,303453,805936,-0.20639834881319777,0
2023-07-28 11:17:51,145.05,511071,1,145.06,303453,805936,-0.20639834881319777,0
2023-07-28 11:17:59,145.05,511072,1,145.06,303905,806320,-0.20639834881319777,0
2023-07-28 11:17:59,145.05,511072,1,145.06,303905,806372,-0.20639834881319777,0
2023-07-28 11:17:59,145.0,511072,66,145.06,303905,806372,-0.24079807361540717,0
2023-07-28 11:18:10,145.0,514986,50,145.06,299543,808304,-0.24079807361540717,0
2023-07-28 11:18:10,145.0,514986,21,145.06,299543,808304,-0.24079807361540717,0
2023-07-28 11:18:10,145.0,514986,11,145.06,299543,808304,-0.24079807361540717,0
2023-07-28 11:18:13,145.0,515441,11,145.06,299580,805577,-0.24079807361540717,0
2023-07-28 11:18:13,145.0,515441,10,145.06,299580,805577,-0.24079807361540717,0
2023-07-28 11:18:18,145.0,515451,10,145.06,301471,804709,-0.24079807361540717,0
2023-07-28 11:18:18,145.05,515451,15,145.06,301471,804709,-0.20639834881319777,0
2023-07-28 11:18:20,145.05,515466,15,145.06,301625,806106,-0.20639834881319777,0
2023-07-28 11:18:20,145.0,515466,200,145.06,301625,806106,-0.24079807361540717,0
2023-07-28 11:18:24,145.0,515666,200,145.06,301150,806639,-0.24079807361540717,0
2023-07-28 11:18:24,145.0,515666,1,145.06,301150,806639,-0.24079807361540717,0
2023-07-28 11:18:31,145.0,515677,1,145.06,301826,806636,-0.24079807361540717,0
2023-07-28 11:18:31,145.0,515677,1,145.06,301858,806729,-0.24079807361540717,0
2023-07-28 11:18:31,145.0,515677,1,145.06,302704,806561,-0.24079807361540717,0
2023-07-28 11:18:31,145.05,515677,80,145.06,302704,806561,-0.20639834881319777,0
2023-07-28 11:18:46,145.05,515762,80,145.06,302704,806556,-0.20639834881319777,0
2023-07-28 11:18:46,145.05,515762,6,145.06,302704,806556,-0.20639834881319777,0
2023-07-28 11:18:50,145.0,516698,639,145.06,301283,805363,-0.24079807361540717,0
2023-07-28 11:18:50,145.0,516698,639,145.06,301475,805288,-0.24079807361540717,0
2023-07-28 11:18:50,145.0,516698,2,145.06,301475,805288,-0.24079807361540717,0
2023-07-28 11:18:50,145.05,516698,33,145.06,301475,805288,-0.20639834881319777,0
2023-07-28 11:18:58,145.05,517255,33,145.06,300775,805039,-0.20639834881319777,0
2023-07-28 11:18:58,145.05,517255,33,145.06,300802,805039,-0.20639834881319777,0
2023-07-28 11:18:58,145.05,517255,33,145.06,300696,805132,-0.20639834881319777,0
2023-07-28 11:18:58,145.05,517255,33,145.06,301744,805039,-0.20639834881319777,0
2023-07-28 11:18:58,145.05,517255,33,145.06,301744,805139,-0.20639834881319777,0
2023-07-28 11:18:58,145.0,517255,7,145.06,301744,805139,-0.24079807361540717,0
2023-07-28 11:19:19,145.0,517262,7,145.06,301739,805139,-0.24079807361540717,0
2023-07-28 11:19:30,145.05,517302,40,145.06,301739,805099,-0.20639834881319777,0
2023-07-28 11:19:30,145.05,517302,4,145.06,301739,805099,-0.20639834881319777,0
2023-07-28 11:19:31,145.05,517312,4,145.06,301729,805089,-0.20639834881319777,0
2023-07-28 11:19:31,145.05,517312,4,145.06,301730,805063,-0.20639834881319777,0
2023-07-28 11:19:31,145.05,517312,4,145.06,302630,806238,-0.20639834881319777,0
2023-07-28 11:19:50,145.05,517317,5,145.06,302629,806158,-0.20639834881319777,0
2023-07-28 11:19:50,145.05,517317,5,145.06,303071,804932,-0.20639834881319777,0
2023-07-28 11:19:50,145.0,517317,50,145.06,303071,804932,-0.24079807361540717,0
2023-07-28 11:19:50,145.0,517317,7,145.06,303071,804932,-0.24079807361540717,0
2023-07-28 11:19:50,145.05,517317,1,145.06,303071,804932,-0.20639834881319777,0
2023-07-28 11:19:58,145.05,517375,1,145.06,303014,804931,-0.20639834881319777,0
2023-07-28 11:19:58,145.0,517375,1,145.06,303014,804931,-0.24079807361540717,0
2023-07-28 11:20:02,145.0,517376,1,145.06,303014,806447,-0.24079807361540717,0
2023-07-28 11:20:02,145.0,517376,1,145.06,302982,806331,-0.24079807361540717,0
2023-07-28 11:20:02,145.0,517376,1,145.06,302982,806331,-0.24079807361540717,0
2023-07-28 11:20:02,145.0,517376,1,145.06,303017,806336,-0.24079807361540717,0
2023-07-28 11:20:02,145.0,517376,1,145.06,303017,806336,-0.24079807361540717,0
2023-07-28 11:20:18,145.0,517377,1,145.06,303091,806336,-0.24079807361540717,0
2023-07-28 11:20:25,145.0,517443,66,145.06,302540,806336,-0.24079807361540717,0
2023-07-28 11:20:25,145.0,517443,66,145.06,302724,806336,-0.24079807361540717,0
2023-07-28 11:20:25,145.0,517443,66,145.06,302724,806395,-0.24079807361540717,0
2023-07-28 11:20:39,145.0,517743,73,145.06,302553,806395,-0.24079807361540717,0
2023-07-28 11:20:39,145.0,517743,73,145.06,302615,806395,-0.24079807361540717,0
2023-07-28 11:20:39,145.0,517743,73,145.06,302954,805395,-0.24079807361540717,0
2023-07-28 11:20:39,145.0,517743,73,145.06,302954,805445,-0.24079807361540717,0
2023-07-28 11:20:39,145.0,517743,29,145.06,302954,805445,-0.24079807361540717,0
2023-07-28 11:20:39,145.0,517743,15,145.06,302954,805445,-0.24079807361540717,0
2023-07-28 11:20:53,145.0,517950,15,145.06,302747,805445,-0.24079807361540717,0
2023-07-28 11:20:53,145.0,517950,3,145.06,302747,805445,-0.24079807361540717,0
2023-07-28 11:20:53,145.05,517950,40,145.06,302747,805445,-0.20639834881319777,0
2023-07-28 11:20:59,145.05,517993,40,145.06,302766,805593,-0.20639834881319777,0
2023-07-28 11:20:59,145.05,517993,40,145.06,302903,805593,-0.20639834881319777,0
2023-07-28 11:20:59,145.0,517993,491,145.06,302903,805593,-0.24079807361540717,0
2023-07-28 11:21:09,145.0,519263,491,145.06,300825,805884,-0.24079807361540717,0
2023-07-28 11:21:09,145.0,519263,15,145.06,300825,805884,-0.24079807361540717,0
2023-07-28 11:21:12,145.0,519278,15,145.06,300944,805884,-0.24079807361540717,0
2023-07-28 11:21:12,145.0,519278,40,145.06,300944,805884,-0.24079807361540717,0
2023-07-28 11:21:15,145.0,519318,40,145.06,301035,805884,-0.24079807361540717,0
2023-07-28 11:21:15,145.0,519318,40,145.06,301136,805884,-0.24079807361540717,0
2023-07-28 11:21:15,145.0,519318,50,145.06,301136,805884,-0.24079807361540717,0
2023-07-28 11:21:24,145.0,519464,96,145.06,301639,805974,-0.24079807361540717,0
2023-07-28 11:21:24,145.0,519464,96,145.06,301670,806074,-0.24079807361540717,0
2023-07-28 11:21:24,145.0,519464,96,145.06,301670,806593,-0.24079807361540717,0
2023-07-28 11:21:24,145.0,519464,24,145.06,301670,806593,-0.24079807361540717,0
2023-07-28 11:21:43,145.0,520464,24,145.06,300697,806929,-0.24079807361540717,0
2023-07-28 11:21:43,145.0,520464,24,145.06,300788,806732,-0.24079807361540717,0
2023-07-28 11:21:43,145.0,520464,79,145.06,300788,806732,-0.24079807361540717,0
2023-07-28 11:21:52,145.0,520624,79,145.06,295729,806672,-0.24079807361540717,0
2023-07-28 11:21:52,145.0,520624,4,145.06,295729,806672,-0.24079807361540717,0
2023-07-28 11:21:57,145.0,521079,29,145.06,295182,806937,-0.24079807361540717,0
2023-07-28 11:21:57,145.0,521108,29,145.06,295350,806908,-0.24079807361540717,0
2023-07-28 11:21:57,145.0,521108,43,145.06,295350,806908,-0.24079807361540717,0
2023-07-28 11:21:57,145.0,521108,50,145.06,295350,806908,-0.24079807361540717,0
2023-07-28 11:22:05,145.0,521206,50,145.06,294750,806940,-0.24079807361540717,0
2023-07-28 11:22:05,145.0,521206,11,145.06,294750,806940,-0.24079807361540717,0
2023-07-28 11:22:05,145.0,521206,2,145.06,294750,806940,-0.24079807361540717,0
2023-07-28 11:22:05,145.0,521206,1,145.06,294750,806940,-0.24079807361540717,0
2023-07-28 11:22:15,145.0,521229,1,145.06,295034,807344,-0.24079807361540717,0
2023-07-28 11:22:15,145.0,521229,3,145.06,295034,807344,-0.24079807361540717,0
2023-07-28 11:22:18,145.0,521232,3,145.06,295350,808132,-0.24079807361540717,0
2023-07-28 11:22:18,145.0,521232,1,145.06,295350,808132,-0.24079807361540717,0
2023-07-28 11:22:21,145.0,521233,1,145.06,295350,809316,-0.24079807361540717,0
2023-07-28 11:22:21,145.0,521233,16,145.06,295350,809316,-0.24079807361540717,0
2023-07-28 11:22:26,145.0,521433,22,145.06,295350,808145,-0.24079807361540717,0
2023-07-28 11:22:26,145.0,521433,20,145.06,295350,808145,-0.24079807361540717,0
2023-07-28 11:22:26,145.0,521433,6,145.06,295350,808145,-0.24079807361540717,0
2023-07-28 11:22:32,145.0,521505,6,145.06,295350,808073,-0.24079807361540717,0
2023-07-28 11:22:32,145.0,521505,5,145.06,295350,808073,-0.24079807361540717,0
2023-07-28 11:22:32,145.0,521505,7,145.06,295350,808073,-0.24079807361540717,0
2023-07-28 11:22:39,145.0,521517,1,145.06,295435,808224,-0.24079807361540717,0
2023-07-28 11:22:40,145.0,521518,1,145.06,295435,808435,-0.24079807361540717,0
2023-07-28 11:22:40,145.0,521518,1,145.06,295435,808435,-0.24079807361540717,0
2023-07-28 11:22:46,145.0,521519,1,145.06,295050,808527,-0.24079807361540717,0
2023-07-28 11:22:46,144.95,521519,41,145.06,295050,808527,-0.2751977984176166,0
2023-07-28 11:22:53,145.0,521583,1,145.06,295198,808653,-0.24079807361540717,0
2023-07-28 11:22:53,145.0,521583,7,145.06,295198,808653,-0.24079807361540717,0
2023-07-28 11:22:53,145.0,521590,7,145.06,295228,808646,-0.24079807361540717,0
2023-07-28 11:22:53,144.95,521590,2,145.06,295228,808646,-0.2751977984176166,0
2023-07-28 11:23:00,144.95,521599,2,145.06,295226,808639,-0.2751977984176166,0
2023-07-28 11:23:00,145.0,521599,1,145.06,295226,808639,-0.24079807361540717,0
2023-07-28 11:23:01,145.0,521600,1,145.06,295226,807934,-0.24079807361540717,0
2023-07-28 11:23:01,145.0,521600,1,145.06,295226,807934,-0.24079807361540717,0
2023-07-28 11:23:07,145.0,521601,1,145.06,295226,807958,-0.24079807361540717,0
2023-07-28 11:23:07,145.0,521601,1,145.06,295328,807563,-0.24079807361540717,0
2023-07-28 11:23:07,145.0,521601,1,145.06,295328,807447,-0.24079807361540717,0
2023-07-28 11:23:07,145.0,521601,1,145.06,295328,807447,-0.24079807361540717,0
2023-07-28 11:23:26,144.95,521800,1,145.06,295370,807248,-0.2751977984176166,0
2023-07-28 11:23:26,145.0,521800,23,145.06,295370,807248,-0.24079807361540717,0
2023-07-28 11:23:26,145.0,521800,20,145.06,295370,807248,-0.24079807361540717,0
2023-07-28 11:23:28,145.0,521843,20,145.06,295371,807205,-0.24079807361540717,0
2023-07-28 11:23:28,145.0,521843,2,145.06,295371,807205,-0.24079807361540717,0
2023-07-28 11:23:30,145.0,521845,2,145.06,295853,807236,-0.24079807361540717,0
2023-07-28 11:23:30,145.0,521845,4,145.06,295853,807236,-0.24079807361540717,0
2023-07-28 11:23:30,145.0,521845,1,145.06,295853,807236,-0.24079807361540717,0
2023-07-28 11:23:37,145.0,522380,530,145.06,295746,806062,-0.24079807361540717,0
2023-07-28 11:23:37,145.0,522380,59,145.06,295746,806062,-0.24079807361540717,0
2023-07-28 11:23:37,145.0,522380,54,145.06,295746,806062,-0.24079807361540717,0
2023-07-28 11:23:42,145.0,522493,6,145.06,295821,805858,-0.24079807361540717,0
2023-07-28 11:23:42,145.0,522493,2,145.06,295821,805858,-0.24079807361540717,0
2023-07-28 11:23:44,145.0,522501,2,145.06,295821,805862,-0.24079807361540717,0
2023-07-28 11:23:44,145.0,522501,12,145.06,295821,805862,-0.24079807361540717,0
2023-07-28 11:23:49,145.0,522513,12,145.06,295821,805950,-0.24079807361540717,0
2023-07-28 11:23:49,145.0,522513,2,145.06,295821,805950,-0.24079807361540717,0
2023-07-28 11:23:51,145.0,522515,2,145.06,296258,805948,-0.24079807361540717,0
2023-07-28 11:23:51,145.0,522515,1,145.06,296258,805948,-0.24079807361540717,0
2023-07-28 11:23:51,144.95,522515,57,145.06,296258,805948,-0.2751977984176166,0
2023-07-28 11:23:58,145.0,522574,6,145.06,296787,806602,-0.24079807361540717,0
2023-07-28 11:24:03,145.0,522606,26,145.06,296787,806477,-0.24079807361540717,0
2023-07-28 11:24:03,145.0,522606,3,145.06,296787,806477,-0.24079807361540717,0
2023-07-28 11:24:03,145.0,522609,3,145.06,296712,806373,-0.24079807361540717,0
2023-07-28 11:24:03,144.95,522609,14,145.06,296712,806373,-0.2751977984176166,0
2023-07-28 11:24:03,145.0,522609,24,145.06,296712,806373,-0.24079807361540717,0
2023-07-28 11:24:03,144.95,522609,19,145.06,296712,806373,-0.2751977984176166,0
2023-07-28 11:24:10,145.0,522702,11,145.06,296811,806349,-0.24079807361540717,0
2023-07-28 11:24:11,145.0,522713,11,145.06,296811,806338,-0.24079807361540717,0
2023-07-28 11:24:11,145.0,522713,10,145.06,296811,806338,-0.24079807361540717,0
2023-07-28 11:24:11,145.0,522713,10,145.06,296811,806338,-0.24079807361540717,0
2023-07-28 11:24:17,145.0,522733,10,145.06,296821,806398,-0.24079807361540717,0
2023-07-28 11:24:17,145.0,522733,2,145.06,296821,806398,-0.24079807361540717,0
2023-07-28 11:24:19,145.0,522735,2,145.06,296908,806401,-0.24079807361540717,0
2023-07-28 11:24:24,145.0,522737,2,145.06,296908,806394,-0.24079807361540717,0
2023-07-28 11:24:24,145.0,522737,15,145.06,296908,806394,-0.24079807361540717,0
2023-07-28 11:24:33,145.0,522752,2,145.06,297008,806379,-0.24079807361540717,0
2023-07-28 11:24:33,145.0,522752,2,145.06,297008,806379,-0.24079807361540717,0
2023-07-28 11:24:38,145.0,522756,2,145.06,297008,806287,-0.24079807361540717,0
2023-07-28 11:24:38,145.0,522756,2,145.06,297043,806387,-0.24079807361540717,0
2023-07-28 11:24:38,145.0,522756,2,145.06,297088,806510,-0.24079807361540717,0
2023-07-28 11:24:38,145.0,522756,2,145.06,297093,806510,-0.24079807361540717,0
2023-07-28 11:24:38,144.95,522756,298,145.06,297093,806510,-0.2751977984176166,0
2023-07-28 11:24:38,145.0,522756,55,145.06,297093,806510,-0.24079807361540717,0
2023-07-28 11:24:38,145.0,522756,118,145.06,297093,806510,-0.24079807361540717,0
2023-07-28 11:24:38,145.0,522756,50,145.06,297093,806510,-0.24079807361540717,0
2023-07-28 11:24:59,145.0,523595,32,145.06,296610,806424,-0.24079807361540717,0
2023-07-28 11:25:00,145.0,523627,32,145.06,296121,807887,-0.24079807361540717,0
2023-07-28 11:25:06,145.0,523664,4,145.06,296121,807754,-0.24079807361540717,0
2023-07-28 11:25:06,145.0,523664,4,145.06,296121,807754,-0.24079807361540717,0
2023-07-28 11:25:13,145.0,523672,4,145.06,295651,807747,-0.24079807361540717,0
2023-07-28 11:25:13,145.0,523672,1,145.06,295651,807747,-0.24079807361540717,0
2023-07-28 11:25:13,145.0,523673,1,145.06,295651,807889,-0.24079807361540717,0
2023-07-28 11:25:13,144.95,523673,69,145.06,295651,807889,-0.2751977984176166,0
2023-07-28 11:25:13,145.0,523673,1,145.06,295651,807889,-0.24079807361540717,0
2023-07-28 11:25:13,145.0,523673,8,145.06,295651,807889,-0.24079807361540717,0
2023-07-28 11:25:13,145.0,523673,8,145.06,295651,807889,-0.24079807361540717,0
2023-07-28 11:25:13,144.95,523673,35,145.06,295651,807889,-0.2751977984176166,0
2023-07-28 11:25:13,144.95,523673,56,145.06,295651,807889,-0.2751977984176166,0
2023-07-28 11:25:30,144.95,523855,56,145.06,296512,808805,-0.2751977984176166,0
2023-07-28 11:25:30,145.0,523855,11,145.06,296512,808805,-0.24079807361540717,0
2023-07-28 11:25:30,145.0,523855,10,145.06,296512,808805,-0.24079807361540717,0
2023-07-28 11:25:34,145.0,523876,10,145.06,296512,808784,-0.24079807361540717,0
2023-07-28 11:25:34,145.0,523876,1,145.06,296512,808784,-0.24079807361540717,0
2023-07-28 11:25:34,145.0,523876,12,145.06,296512,808784,-0.24079807361540717,0
2023-07-28 11:25:37,145.0,523889,1,145.06,296515,808712,-0.24079807361540717,0
2023-07-28 11:25:37,145.0,523889,4,145.06,296515,808712,-0.24079807361540717,0
2023-07-28 11:25:41,145.0,523894,1,145.06,296805,808707,-0.24079807361540717,0
2023-07-28 11:25:41,145.0,523894,511,145.06,296805,808707,-0.24079807361540717,0
2023-07-28 11:25:41,145.0,523894,117,145.06,296805,808707,-0.24079807361540717,0
2023-07-28 11:25:47,145.0,526112,117,145.06,298124,804623,-0.24079807361540717,0
2023-07-28 11:25:47,145.0,526112,117,145.06,298734,804442,-0.24079807361540717,0
2023-07-28 11:25:47,145.05,526112,974,145.06,298734,804442,-0.20639834881319777,0
2023-07-28 11:25:47,145.0,526112,200,145.06,298734,804442,-0.24079807361540717,0
2023-07-28 11:25:54,145.0,527312,200,145.06,299622,805802,-0.24079807361540717,0
2023-07-28 11:25:54,145.0,527312,200,145.06,301005,805698,-0.24079807361540717,0
2023-07-28 11:26:04,145.1,528312,1,145.06,301078,804803,-0.1719986240110079,0
2023-07-28 11:26:04,145.1,528312,797,145.06,301078,804803,-0.1719986240110079,0
2023-07-28 11:26:04,145.0,528312,48,145.06,301078,804803,-0.24079807361540717,0
2023-07-28 11:26:07,145.0,529360,48,145.06,299852,804210,-0.24079807361540717,0
2023-07-28 11:26:07,145.0,529360,45,145.06,299852,804210,-0.24079807361540717,0
2023-07-28 11:26:11,145.0,529405,45,145.06,300149,804268,-0.24079807361540717,0
2023-07-28 11:26:11,145.0,529405,275,145.06,300149,804268,-0.24079807361540717,0
2023-07-28 11:26:11,145.0,529405,29,145.06,300149,804268,-0.24079807361540717,0
2023-07-28 11:26:16,145.1,529959,1,145.06,299717,804248,-0.1719986240110079,0
2023-07-28 11:26:16,145.0,529959,59,145.06,299717,804248,-0.24079807361540717,0
2023-07-28 11:26:16,145.0,529959,2,145.06,299717,804248,-0.24079807361540717,0
2023-07-28 11:26:16,145.1,529959,656,145.06,299717,804248,-0.1719986240110079,0
2023-07-28 11:26:20,145.0,531020,24,145.06,298467,804151,-0.24079807361540717,0
2023-07-28 11:26:20,145.1,531020,50,145.06,298467,804151,-0.1719986240110079,0
2023-07-28 11:26:23,145.1,531094,50,145.06,298531,804458,-0.1719986240110079,0
2023-07-28 11:26:23,145.0,531094,29,145.06,298531,804458,-0.24079807361540717,0
2023-07-28 11:26:30,145.0,531123,29,145.06,298339,804314,-0.24079807361540717,0
2023-07-28 11:26:30,145.0,531123,52,145.06,298339,804314,-0.24079807361540717,0
2023-07-28 11:26:36,145.0,531175,52,145.06,298022,804776,-0.24079807361540717,0
2023-07-28 11:26:36,145.0,531175,79,145.06,297784,805529,-0.24079807361540717,0
2023-07-28 11:26:36,145.0,531175,42,145.06,297784,805529,-0.24079807361540717,0
2023-07-28 11:26:36,145.0,531175,28,145.06,297784,805529,-0.24079807361540717,0
2023-07-28 11:26:45,145.0,531365,28,145.06,297069,806253,-0.24079807361540717,0
2023-07-28 11:26:45,145.0,531365,50,145.06,297069,806253,-0.24079807361540717,0
2023-07-28 11:26:50,145.0,531443,28,145.06,297004,806348,-0.24079807361540717,0
2023-07-28 11:26:50,145.0,531443,28,145.06,297031,806348,-0.24079807361540717,0
2023-07-28 11:26:50,145.05,531443,7,145.06,297031,806348,-0.20639834881319777,0
2023-07-28 11:26:56,145.05,531525,7,145.06,297036,806267,-0.20639834881319777,0
2023-07-28 11:26:56,145.05,531525,7,145.06,297036,806477,-0.20639834881319777,0
2023-07-28 11:26:56,145.0,531525,29,145.06,297036,806477,-0.24079807361540717,0
2023-07-28 11:26:56,145.0,531525,12,145.06,297036,806477,-0.24079807361540717,0
2023-07-28 11:27:06,145.0,532838,12,145.06,294733,806789,-0.24079807361540717,0
2023-07-28 11:27:06,145.05,532838,58,145.06,294733,806789,-0.20639834881319777,0
2023-07-28 11:27:06,145.05,532838,9,145.06,294733,806789,-0.20639834881319777,0
2023-07-28 11:27:10,145.05,533676,9,145.06,295716,805273,-0.20639834881319777,0
2023-07-28 11:27:10,145.05,533676,29,145.06,295716,805273,-0.20639834881319777,0
2023-07-28 11:27:15,145.05,533705,29,145.06,296680,805096,-0.20639834881319777,0
2023-07-28 11:27:15,145.05,533705,29,145.06,297461,805184,-0.20639834881319777,0
2023-07-28 11:27:15,145.1,533705,10,145.06,297461,805184,-0.1719986240110079,0
2023-07-28 11:27:27,145.1,533715,10,145.06,297461,805262,-0.1719986240110079,0
2023-07-28 11:27:27,145.0,533715,42,145.06,297461,805262,-0.24079807361540717,0
2023-07-28 11:27:29,145.0,534080,42,145.06,297429,805673,-0.24079807361540717,0
2023-07-28 11:27:29,145.0,534080,11,145.06,297429,805673,-0.24079807361540717,0
2023-07-28 11:27:36,145.0,534180,11,145.06,297647,805616,-0.24079807361540717,0
2023-07-28 11:27:36,145.0,534180,73,145.06,297647,805616,-0.24079807361540717,0
2023-07-28 11:27:39,145.0,534253,73,145.06,297867,805613,-0.24079807361540717,0
2023-07-28 11:27:39,145.0,534253,106,145.06,297867,805613,-0.24079807361540717,0
2023-07-28 11:27:44,145.0,534359,106,145.06,297769,805603,-0.24079807361540717,0
2023-07-28 11:27:50,145.0,535428,18,145.06,295192,805729,-0.24079807361540717,0
2023-07-28 11:27:50,145.0,535428,29,145.06,295570,805612,-0.24079807361540717,0
2023-07-28 11:27:50,145.0,535428,62,145.06,295570,805612,-0.24079807361540717,0
2023-07-28 11:27:57,145.05,535657,5,145.06,294707,805623,-0.20639834881319777,0
2023-07-28 11:27:57,145.0,535657,17,145.06,294707,805623,-0.24079807361540717,0
2023-07-28 11:28:04,145.0,535812,17,145.06,294996,805524,-0.24079807361540717,0
2023-07-28 11:28:04,145.0,535812,29,145.06,294996,805524,-0.24079807361540717,0
2023-07-28 11:28:04,145.0,535812,9,145.06,294996,805524,-0.24079807361540717,0
2023-07-28 11:28:04,145.0,535812,50,145.06,294996,805524,-0.24079807361540717,0
2023-07-28 11:28:13,145.0,536075,7,145.06,295150,805512,-0.24079807361540717,0
2023-07-28 11:28:13,145.05,536075,35,145.06,295150,805512,-0.20639834881319777,0
2023-07-28 11:28:16,145.05,536235,35,145.06,294704,805577,-0.20639834881319777,0
2023-07-28 11:28:16,145.05,536235,35,145.06,294753,805566,-0.20639834881319777,0
2023-07-28 11:28:16,145.0,536235,8,145.06,294753,805566,-0.24079807361540717,0
2023-07-28 11:28:26,145.0,536243,8,145.06,294761,806204,-0.24079807361540717,0
2023-07-28 11:28:26,145.0,536243,16,145.06,294761,806204,-0.24079807361540717,0
2023-07-28 11:28:29,145.0,536300,16,145.06,294618,806251,-0.24079807361540717,0
2023-07-28 11:28:29,145.0,536300,16,145.06,294717,806251,-0.24079807361540717,0
2023-07-28 11:28:29,145.0,536300,29,145.06,294717,806251,-0.24079807361540717,0
2023-07-28 11:28:40,145.05,536331,1,145.06,294688,806254,-0.20639834881319777,0
2023-07-28 11:28:40,145.0,536331,52,145.06,294688,806254,-0.24079807361540717,0
2023-07-28 11:28:44,145.0,536426,52,145.06,294450,806299,-0.24079807361540717,0
2023-07-28 11:28:44,145.05,536426,164,145.06,294450,806299,-0.20639834881319777,0
2023-07-28 11:28:46,145.05,537126,164,145.06,294372,806639,-0.20639834881319777,0
2023-07-28 11:28:46,145.05,537126,9,145.06,294372,806639,-0.20639834881319777,0
2023-07-28 11:28:52,145.05,537298,9,145.06,297321,805956,-0.20639834881319777,0
2023-07-28 11:28:52,145.05,537298,23,145.06,297321,805956,-0.20639834881319777,0
2023-07-28 11:28:54,145.05,537321,23,145.06,297943,806582,-0.20639834881319777,0
2023-07-28 11:29:00,145.05,537349,28,145.06,298015,806565,-0.20639834881319777,0
2023-07-28 11:29:03,145.1,538122,16,145.06,300188,803917,-0.1719986240110079,0
2023-07-28 11:29:03,145.1,538122,28,145.06,300188,803917,-0.1719986240110079,0
2023-07-28 11:29:08,145.1,538200,50,145.06,300110,803959,-0.1719986240110079,0
2023-07-28 11:29:08,145.1,538200,24,145.06,300110,803959,-0.1719986240110079,0
2023-07-28 11:29:08,145.1,538200,95,145.06,300110,803959,-0.1719986240110079,0
2023-07-28 11:29:12,145.1,538369,95,145.06,299941,803976,-0.1719986240110079,0
2023-07-28 11:29:12,145.15,538369,1,145.06,299941,803976,-0.1375988992087985,0
2023-07-28 11:29:13,145.15,538370,1,145.06,297444,803995,-0.1375988992087985,0
2023-07-28 11:29:13,145.15,538370,10,145.06,297444,803995,-0.1375988992087985,0
2023-07-28 11:29:13,145.1,538370,28,145.06,297444,803995,-0.1719986240110079,0
2023-07-28 11:29:20,145.1,538408,28,145.06,297416,804008,-0.1719986240110079,0
2023-07-28 11:29:20,145.05,538408,28,145.06,297416,804008,-0.20639834881319777,0
2023-07-28 11:29:20,145.1,538408,128,145.06,297416,804008,-0.1719986240110079,0
2023-07-28 11:29:20,145.05,538408,23,145.06,297416,804008,-0.20639834881319777,0
2023-07-28 11:29:24,145.05,540313,23,145.06,299250,804181,-0.20639834881319777,0
2023-07-28 11:29:24,145.15,540313,10,145.06,299250,804181,-0.1375988992087985,0
2023-07-28 11:29:26,145.15,540323,10,145.06,299741,804252,-0.1375988992087985,0
2023-07-28 11:29:26,145.15,540323,10,145.06,299741,804263,-0.1375988992087985,0
2023-07-28 11:29:26,145.05,540323,37,145.06,299741,807129,-0.20639834881319777,0
2023-07-28 11:29:26,145.05,540323,95,145.06,299741,807129,-0.20639834881319777,0
2023-07-28 11:29:39,145.05,542911,95,145.06,297908,808472,-0.20639834881319777,0
2023-07-28 11:29:39,145.05,542911,537,145.06,297908,808472,-0.20639834881319777,0
2023-07-28 11:29:42,145.05,544111,537,145.06,297423,810557,-0.20639834881319777,0
2023-07-28 11:29:42,145.05,544111,537,145.06,297206,810866,-0.20639834881319777,0
2023-07-28 11:29:50,145.0,544220,2,145.06,294540,812843,-0.24079807361540717,0
2023-07-28 11:29:50,145.0,544220,24,145.06,294540,812843,-0.24079807361540717,0
2023-07-28 11:29:50,145.0,544220,10,145.06,294540,812843,-0.24079807361540717,0
2023-07-28 11:29:57,145.0,544354,10,145.06,294518,812740,-0.24079807361540717,0
2023-07-28 11:29:57,145.05,544354,1,145.06,294518,812740,-0.20639834881319777,0
2023-07-28 11:30:00,145.05,544355,1,145.06,294550,812749,-0.20639834881319777,0
2023-07-28 11:30:00,145.05,544355,1,145.06,294550,812862,-0.20639834881319777,0
2023-07-28 11:30:00,145.0,544355,1,145.06,294550,812862,-0.24079807361540717,0
2023-07-28 11:30:09,145.0,544379,1,145.06,294579,812859,-0.24079807361540717,0
2023-07-28 11:30:09,145.0,544379,9,145.06,294579,812859,-0.24079807361540717,0
2023-07-28 11:30:14,145.0,544475,9,145.06,294485,813022,-0.24079807361540717,0
2023-07-28 11:30:14,145.0,544475,8,145.06,294485,813022,-0.24079807361540717,0
2023-07-28 11:30:15,145.0,544503,2,145.06,294190,813713,-0.24079807361540717,0
2023-07-28 11:30:15,145.0,544503,10,145.06,294190,813713,-0.24079807361540717,0
2023-07-28 11:30:21,145.0,544518,2,145.06,294275,814366,-0.24079807361540717,0
2023-07-28 11:30:21,144.95,544518,23,145.06,294275,814366,-0.2751977984176166,0
2023-07-28 11:30:25,145.0,544631,13,145.06,294478,814498,-0.24079807361540717,0
2023-07-28 11:30:28,145.0,544656,13,145.06,294478,815160,-0.24079807361540717,0
2023-07-28 11:30:28,145.0,544656,2,145.06,294478,815160,-0.24079807361540717,0
2023-07-28 11:30:28,145.0,544656,2,145.06,294478,815160,-0.24079807361540717,0
2023-07-28 11:30:35,145.0,544660,2,145.06,294478,815244,-0.24079807361540717,0
2023-07-28 11:30:35,144.95,544660,24,145.06,294478,815244,-0.2751977984176166,0
2023-07-28 11:30:39,145.0,544684,2,145.06,294454,815241,-0.24079807361540717,0
2023-07-28 11:30:39,145.0,544684,3,145.06,294454,815241,-0.24079807361540717,0
2023-07-28 11:30:44,144.95,544801,112,145.06,294138,815224,-0.2751977984176166,0
2023-07-28 11:30:44,145.0,544801,13,145.06,294138,815224,-0.24079807361540717,0
2023-07-28 11:30:48,144.95,544844,4,145.06,293010,817084,-0.2751977984176166,0
2023-07-28 11:30:48,144.95,544844,119,145.06,293010,817084,-0.2751977984176166,0
2023-07-28 11:30:48,144.9,544844,1,145.06,293010,817084,-0.30959752321980644,0
2023-07-28 11:30:48,144.9,544844,25,145.06,293010,817084,-0.30959752321980644,0
2023-07-28 11:30:50,144.95,545003,17,145.06,292948,817737,-0.2751977984176166,0
2023-07-28 11:30:50,144.9,545003,36,145.06,292948,817737,-0.30959752321980644,0
2023-07-28 11:30:50,144.9,545003,23,145.06,292948,817737,-0.30959752321980644,0
2023-07-28 11:30:56,144.95,545608,500,145.06,292727,817203,-0.2751977984176166,0
2023-07-28 11:30:56,144.95,545608,65,145.06,292727,817203,-0.2751977984176166,0
2023-07-28 11:30:56,144.95,545673,65,145.06,292638,817148,-0.2751977984176166,0
2023-07-28 11:30:56,144.95,545673,67,145.06,292638,817148,-0.2751977984176166,0
2023-07-28 11:31:03,144.95,545740,8,145.06,293136,817378,-0.2751977984176166,0
2023-07-28 11:31:04,144.95,545748,8,145.06,293017,817463,-0.2751977984176166,0
2023-07-28 11:31:04,144.9,545748,25,145.06,293017,817463,-0.30959752321980644,0
2023-07-28 11:31:04,144.95,545748,8,145.06,293017,817463,-0.2751977984176166,0
2023-07-28 11:31:10,144.95,545781,1000,145.06,292992,818617,-0.2751977984176166,0
2023-07-28 11:31:10,144.9,545781,95,145.06,292992,818617,-0.30959752321980644,0
2023-07-28 11:31:16,144.9,546969,90,145.06,288507,817432,-0.30959752321980644,0
2023-07-28 11:31:16,144.95,546969,132,145.06,288507,817432,-0.2751977984176166,0
2023-07-28 11:31:16,144.95,546969,86,145.06,288507,817432,-0.2751977984176166,0
2023-07-28 11:31:16,144.7,546969,201,145.06,288507,817432,-0.4471964224286245,0
2023-07-28 11:31:19,144.7,563520,201,145.05,266598,820572,-0.4471964224286245,0
2023-07-28 11:31:19,144.7,563520,75,145.05,266598,820572,-0.4471964224286245,0
2023-07-28 11:31:19,144.6,563520,50,145.05,266598,820572,-0.5159958720330238,0
2023-07-28 11:31:19,144.6,563520,22,145.05,266598,820572,-0.5159958720330238,0
2023-07-28 11:31:19,144.6,563520,10,145.05,266598,820572,-0.5159958720330238,0
2023-07-28 11:31:24,144.6,571857,89,145.04,273483,825438,-0.5159958720330238,0
2023-07-28 11:31:24,144.5,571857,12,145.04,273483,825438,-0.584795321637423,0
2023-07-28 11:31:25,144.6,575527,163,145.04,270590,825828,-0.5159958720330238,0
2023-07-28 11:31:28,144.6,575854,163,145.04,270318,821656,-0.5159958720330238,0
2023-07-28 11:31:28,144.6,575854,33,145.04,270318,821656,-0.5159958720330238,0
2023-07-28 11:31:39,144.6,577011,14,145.04,270404,819654,-0.5159958720330238,0
2023-07-28 11:31:39,144.6,577011,24,145.04,270404,819654,-0.5159958720330238,0
2023-07-28 11:31:39,144.6,577011,29,145.04,270404,819654,-0.5159958720330238,0
2023-07-28 11:31:41,144.65,577193,6,145.04,271306,820712,-0.48159614723081434,0
2023-07-28 11:31:41,144.65,577193,31,145.04,271306,820712,-0.48159614723081434,0
2023-07-28 11:31:47,144.65,577583,42,145.04,271684,819826,-0.48159614723081434,0
2023-07-28 11:31:47,144.65,577625,42,145.04,271798,820044,-0.48159614723081434,0
2023-07-28 11:31:47,144.65,577625,43,145.04,271798,820044,-0.48159614723081434,0
2023-07-28 11:31:47,144.65,577625,12,145.04,271798,820044,-0.48159614723081434,0
2023-07-28 11:31:52,144.65,577868,25,145.04,271882,819079,-0.48159614723081434,0
2023-07-28 11:31:52,144.6,577868,18,145.04,271882,819079,-0.5159958720330238,0
2023-07-28 11:31:54,144.65,577918,3,145.04,272162,819662,-0.48159614723081434,0
2023-07-28 11:31:54,144.65,577918,10,145.04,272162,819662,-0.48159614723081434,0
2023-07-28 11:31:54,144.6,577918,8,145.04,272162,819662,-0.5159958720330238,0
2023-07-28 11:32:01,144.6,578054,8,145.04,271772,822541,-0.5159958720330238,0
2023-07-28 11:32:01,144.6,578054,15,145.04,271772,822541,-0.5159958720330238,0
2023-07-28 11:32:01,144.45,578054,73,145.04,271772,822541,-0.6191950464396324,0
2023-07-28 11:32:01,144.4,578054,38,145.04,271772,822541,-0.6535947712418223,0
2023-07-28 11:32:06,144.45,585179,60,145.03,267861,822071,-0.6191950464396324,0
2023-07-28 11:32:06,144.45,585179,51,145.03,267861,822071,-0.6191950464396324,0
2023-07-28 11:32:06,144.45,585179,549,145.03,267861,822071,-0.6191950464396324,0
2023-07-28 11:32:06,144.4,585179,24,145.03,267861,822071,-0.6535947712418223,0
2023-07-28 11:32:09,144.45,585993,2,145.03,267016,822240,-0.6191950464396324,0
2023-07-28 11:32:09,144.4,585993,75,145.03,267016,822240,-0.6535947712418223,0
2023-07-28 11:32:13,144.4,586883,75,145.03,266774,821798,-0.6535947712418223,0
2023-07-28 11:32:13,144.45,586883,43,145.03,266774,821798,-0.6191950464396324,0
2023-07-28 11:32:15,144.45,586978,43,145.03,268930,821883,-0.6191950464396324,0
2023-07-28 11:32:15,144.5,586978,99,145.03,268930,821883,-0.584795321637423,0
2023-07-28 11:32:15,144.45,586978,88,145.03,268930,821883,-0.6191950464396324,0
2023-07-28 11:32:21,144.5,588169,132,145.03,268992,822904,-0.584795321637423,0
2023-07-28 11:32:21,144.4,588169,24,145.03,268992,822904,-0.6535947712418223,0
2023-07-28 11:32:24,144.4,588325,24,145.03,269538,823352,-0.6535947712418223,0
2023-07-28 11:32:24,144.5,588325,5,145.03,269538,823352,-0.584795321637423,0
2023-07-28 11:32:24,144.5,588325,40,145.03,269538,823352,-0.584795321637423,0
2023-07-28 11:32:30,144.5,588373,5,145.03,269723,823984,-0.584795321637423,0
2023-07-28 11:32:30,144.5,588373,4,145.03,269723,823984,-0.584795321637423,0
2023-07-28 11:32:30,144.45,588373,1,145.03,269723,823984,-0.6191950464396324,0
2023-07-28 11:32:35,144.45,588539,1,145.03,274265,824535,-0.6191950464396324,0
2023-07-28 11:32:35,144.5,588539,17,145.03,274265,824535,-0.584795321637423,0
2023-07-28 11:32:35,144.5,588539,264,145.03,274265,824535,-0.584795321637423,0
2023-07-28 11:32:38,144.45,588820,24,145.03,277367,824726,-0.6191950464396324,0
2023-07-28 11:32:38,144.5,588820,45,145.03,277367,824726,-0.584795321637423,0
2023-07-28 11:32:38,144.5,588820,1,145.03,277367,824726,-0.584795321637423,0
2023-07-28 11:32:38,144.45,588820,41,145.03,277367,824726,-0.6191950464396324,0
2023-07-28 11:32:43,144.5,590713,15,145.03,278503,820756,-0.584795321637423,0
2023-07-28 11:32:43,144.7,590713,2,145.03,278503,820756,-0.4471964224286245,0
2023-07-28 11:32:43,144.6,590713,108,145.03,278503,820756,-0.5159958720330238,0
2023-07-28 11:32:46,144.65,592884,41,145.03,279393,823906,-0.48159614723081434,0
2023-07-28 11:32:46,144.6,592884,157,145.03,279393,823906,-0.5159958720330238,0
2023-07-28 11:32:46,144.5,592884,200,145.03,279393,823906,-0.584795321637423,0
2023-07-28 11:32:50,144.6,594532,159,145.02,280592,824444,-0.5159958720330238,0
2023-07-28 11:32:50,144.7,594532,82,145.02,280592,824444,-0.4471964224286245,0
2023-07-28 11:32:53,144.7,595690,77,145.02,282958,820472,-0.4471964224286245,0
2023-07-28 11:32:55,144.7,596082,8,145.02,283581,820474,-0.4471964224286245,0
2023-07-28 11:33:02,144.65,596152,39,145.02,283821,820791,-0.48159614723081434,0
2023-07-28 11:33:02,144.65,596152,4,145.02,283821,820791,-0.48159614723081434,0
2023-07-28 11:33:02,144.65,596152,10,145.02,283821,820791,-0.48159614723081434,0
2023-07-28 11:33:04,144.65,596166,10,145.02,284459,820743,-0.48159614723081434,0
2023-07-28 11:33:04,144.65,596166,2,145.02,284459,820743,-0.48159614723081434,0
2023-07-28 11:33:04,144.6,596166,3,145.02,284459,820743,-0.5159958720330238,0
2023-07-28 11:33:04,144.55,596166,240,145.02,284459,820743,-0.5503955968352136,0
2023-07-28 11:33:10,144.6,596975,81,145.02,280481,823557,-0.5159958720330238,0
2023-07-28 11:33:10,144.5,596975,1,145.02,280481,823557,-0.584795321637423,0
2023-07-28 11:33:10,144.6,596975,10,145.02,280481,823557,-0.5159958720330238,0
2023-07-28 11:33:13,144.5,597147,72,145.02,277709,822005,-0.584795321637423,0
2023-07-28 11:33:13,144.6,597147,6,145.02,277709,822005,-0.5159958720330238,0
2023-07-28 11:33:14,144.6,597156,6,145.02,278472,821843,-0.5159958720330238,0
2023-07-28 11:33:14,144.6,597156,6,145.02,278552,821846,-0.5159958720330238,0
2023-07-28 11:33:14,144.55,597156,42,145.02,278552,821846,-0.5503955968352136,0
2023-07-28 11:33:14,144.6,597156,23,145.02,278552,821846,-0.5159958720330238,0
2023-07-28 11:33:14,144.65,597156,8,145.02,278552,821846,-0.48159614723081434,0
2023-07-28 11:33:14,144.65,597156,9,145.02,278552,821846,-0.48159614723081434,0
2023-07-28 11:33:30,144.65,598037,7,145.02,282691,820399,-0.48159614723081434,0
2023-07-28 11:33:30,144.65,598037,25,145.02,282691,820399,-0.48159614723081434,0
2023-07-28 11:33:30,144.65,598037,112,145.02,282691,820399,-0.48159614723081434,0
2023-07-28 11:33:33,144.65,598452,112,145.02,283337,821423,-0.48159614723081434,0
2023-07-28 11:33:33,144.65,598452,35,145.02,283337,821423,-0.48159614723081434,0
2023-07-28 11:33:37,144.65,598790,1,145.02,283848,821146,-0.48159614723081434,0
2023-07-28 11:33:37,144.65,598790,33,145.02,283848,821146,-0.48159614723081434,0
2023-07-28 11:33:37,144.6,598790,25,145.02,283848,821146,-0.5159958720330238,0
2023-07-28 11:33:37,144.55,598790,77,145.02,283848,821146,-0.5503955968352136,0
2023-07-28 11:33:40,144.65,599348,20,145.02,283218,821685,-0.48159614723081434,0
2023-07-28 11:33:40,144.55,599348,26,145.02,283218,821685,-0.5503955968352136,0
2023-07-28 11:33:40,144.55,599348,88,145.02,283218,821685,-0.5503955968352136,0
2023-07-28 11:33:46,144.65,599747,138,145.02,282612,822449,-0.48159614723081434,0
2023-07-28 11:33:46,144.6,599935,12,145.02,282400,825076,-0.5159958720330238,0
2023-07-28 11:33:46,144.55,599935,1,145.02,282400,825076,-0.5503955968352136,0
2023-07-28 11:33:52,144.55,599953,1,145.02,281351,825221,-0.5503955968352136,0
2023-07-28 11:33:52,144.55,599953,23,145.02,281351,825221,-0.5503955968352136,0
2023-07-28 11:33:52,144.55,599953,35,145.02,281351,825221,-0.5503955968352136,0
2023-07-28 11:33:58,144.65,600012,7,145.02,282613,824912,-0.48159614723081434,0
2023-07-28 11:33:58,144.65,600012,149,145.02,282613,824912,-0.48159614723081434,0
2023-07-28 11:34:00,144.65,600719,77,145.02,282613,824215,-0.48159614723081434,0
2023-07-28 11:34:02,144.65,600796,77,145.02,282309,823751,-0.48159614723081434,0
2023-07-28 11:34:09,144.6,600820,24,145.02,282320,823838,-0.5159958720330238,0
2023-07-28 11:34:09,144.55,600820,157,145.02,282320,823838,-0.5503955968352136,0
2023-07-28 11:34:09,144.6,600820,45,145.02,282320,823838,-0.5159958720330238,0
2023-07-28 11:34:09,144.65,600820,10,145.02,282320,823838,-0.48159614723081434,0
2023-07-28 11:34:13,144.6,602059,43,145.02,282025,824874,-0.5159958720330238,0
2023-07-28 11:34:13,144.5,602059,80,145.02,282025,824874,-0.584795321637423,0
2023-07-28 11:34:16,144.6,602276,9,145.02,282945,825904,-0.5159958720330238,0
2023-07-28 11:34:16,144.55,602276,90,145.02,282945,825904,-0.5503955968352136,0
2023-07-28 11:34:20,144.6,603275,8,145.02,282126,824865,-0.5159958720330238,0
2023-07-28 11:34:20,144.6,603275,5,145.02,282126,824865,-0.5159958720330238,0
2023-07-28 11:34:22,144.6,603385,5,145.02,282064,824050,-0.5159958720330238,0
2023-07-28 11:34:22,144.55,603385,23,145.02,282064,824050,-0.5503955968352136,0
2023-07-28 11:34:24,144.55,603408,23,145.02,286252,823580,-0.5503955968352136,0
2023-07-28 11:34:24,144.65,603408,3,145.02,286252,823580,-0.48159614723081434,0
2023-07-28 11:34:28,144.65,603411,3,145.02,285699,823943,-0.48159614723081434,0
2023-07-28 11:34:28,144.6,603411,3,145.02,285699,823943,-0.5159958720330238,0
2023-07-28 11:34:33,144.65,603557,16,145.02,284816,825503,-0.48159614723081434,0
2023-07-28 11:34:35,144.65,603573,16,145.02,284796,825955,-0.48159614723081434,0
2023-07-28 11:34:35,144.55,603573,24,145.02,284796,825955,-0.5503955968352136,0
2023-07-28 11:34:35,144.6,603573,17,145.02,284796,825955,-0.5159958720330238,0
2023-07-28 11:34:42,144.55,607452,9,145.02,280841,826373,-0.5503955968352136,0
2023-07-28 11:34:42,144.6,607452,21,145.02,280841,826373,-0.5159958720330238,0
2023-07-28 11:34:42,144.6,607452,50,145.02,280841,826373,-0.5159958720330238,0
2023-07-28 11:34:47,144.6,608321,49,145.01,280508,825840,-0.5159958720330238,0
2023-07-28 11:34:47,144.6,608370,49,145.01,285408,823794,-0.5159958720330238,0
2023-07-28 11:34:47,144.6,608370,1,145.01,285408,823794,-0.5159958720330238,0
2023-07-28 11:34:54,144.6,608395,3,145.01,286380,823637,-0.5159958720330238,0
2023-07-28 11:34:54,144.55,608395,68,145.01,286380,823637,-0.5503955968352136,0
2023-07-28 11:34:55,144.6,608466,7,145.01,286237,823778,-0.5159958720330238,0
2023-07-28 11:34:59,144.6,608473,7,145.01,286575,824212,-0.5159958720330238,0
2023-07-28 11:34:59,144.6,608473,25,145.01,286575,824212,-0.5159958720330238,0
2023-07-28 11:35:04,144.6,608498,3,145.01,289116,824423,-0.5159958720330238,0
2023-07-28 11:35:04,144.6,608498,3,145.01,289116,824423,-0.5159958720330238,0
2023-07-28 11:35:04,144.6,608498,9,145.01,289116,824423,-0.5159958720330238,0
2023-07-28 11:35:09,144.6,609967,28,145.01,289713,821701,-0.5159958720330238,0
2023-07-28 11:35:09,144.6,609967,40,145.01,289713,821701,-0.5159958720330238,0
2023-07-28 11:35:09,144.6,609967,2,145.01,289713,821701,-0.5159958720330238,0
2023-07-28 11:35:09,144.6,609967,27,145.01,289713,821701,-0.5159958720330238,0
2023-07-28 11:35:15,144.6,610391,95,145.01,290408,821641,-0.5159958720330238,0
2023-07-28 11:35:15,144.65,610391,29,145.01,290408,821641,-0.48159614723081434,0
2023-07-28 11:35:15,144.55,610391,52,145.01,290408,821641,-0.5503955968352136,0
2023-07-28 11:35:18,144.65,610820,44,145.01,292667,821760,-0.48159614723081434,0
2023-07-28 11:35:20,144.65,610864,44,145.01,292785,821717,-0.48159614723081434,0
2023-07-28 11:35:20,144.6,610864,23,145.01,292785,821717,-0.5159958720330238,0
2023-07-28 11:35:24,144.65,610887,3,145.01,293249,821713,-0.48159614723081434,0
2023-07-28 11:35:24,144.65,610887,6,145.01,293249,821713,-0.48159614723081434,0
2023-07-28 11:35:24,144.65,610887,70,145.01,293249,821713,-0.48159614723081434,0
2023-07-28 11:35:30,144.65,610966,70,145.01,293093,821644,-0.48159614723081434,0
2023-07-28 11:35:30,144.65,610966,8,145.01,293093,821644,-0.48159614723081434,0
2023-07-28 11:35:31,144.65,610974,8,145.01,293808,821542,-0.48159614723081434,0
2023-07-28 11:35:31,144.65,610974,9,145.01,293808,821542,-0.48159614723081434,0
2023-07-28 11:35:36,144.6,610983,24,145.01,293807,821323,-0.5159958720330238,0
2023-07-28 11:35:43,144.6,611100,38,145.01,293767,819308,-0.5159958720330238,0
2023-07-28 11:35:43,144.65,611100,13,145.01,293767,819308,-0.48159614723081434,0
2023-07-28 11:35:43,144.65,611113,13,145.01,289422,819460,-0.48159614723081434,0
2023-07-28 11:35:43,144.65,611113,13,145.01,289422,819460,-0.48159614723081434,0
2023-07-28 11:35:50,144.65,611126,13,145.01,289422,819450,-0.48159614723081434,0
2023-07-28 11:35:50,144.65,611126,2,145.01,289422,819450,-0.48159614723081434,0
2023-07-28 11:35:50,144.65,611126,50,145.01,289422,819450,-0.48159614723081434,0
2023-07-28 11:35:51,144.6,611178,23,145.01,289622,819308,-0.5159958720330238,0
2023-07-28 11:35:51,144.6,611178,90,145.01,289622,819308,-0.5159958720330238,0
2023-07-28 11:35:51,144.65,611178,7,145.01,289622,819308,-0.48159614723081434,0
2023-07-28 11:35:57,144.65,611303,7,145.01,289434,819315,-0.48159614723081434,0
2023-07-28 11:35:59,144.65,611316,13,145.01,289510,819310,-0.48159614723081434,0
2023-07-28 11:35:59,144.65,611316,13,145.01,289510,819310,-0.48159614723081434,0
2023-07-28 11:35:59,144.65,611316,37,145.01,289510,819310,-0.48159614723081434,0
2023-07-28 11:36:06,144.65,611366,37,145.01,289585,819263,-0.48159614723081434,0
2023-07-28 11:36:06,144.65,611366,6,145.01,289585,819263,-0.48159614723081434,0
2023-07-28 11:36:06,144.6,611366,25,145.01,289585,819263,-0.5159958720330238,0
2023-07-28 11:36:09,144.65,611547,19,145.01,289679,819109,-0.48159614723081434,0
2023-07-28 11:36:09,144.6,611547,3,145.01,289679,819109,-0.5159958720330238,0
2023-07-28 11:36:09,144.6,611547,80,145.01,289679,819109,-0.5159958720330238,0
2023-07-28 11:36:09,144.65,611547,5,145.01,289679,819109,-0.48159614723081434,0
2023-07-28 11:36:13,144.65,611677,5,145.01,290105,819054,-0.48159614723081434,0
2023-07-28 11:36:13,144.65,611677,13,145.01,290105,819054,-0.48159614723081434,0
2023-07-28 11:36:13,144.65,611677,175,145.01,290105,819054,-0.48159614723081434,0
2023-07-28 11:36:13,144.65,611677,13,145.01,290105,819054,-0.48159614723081434,0
2023-07-28 11:36:18,144.65,611878,21,145.01,290105,818938,-0.48159614723081434,0
2023-07-28 11:36:21,144.55,613877,50,145.01,287779,820981,-0.5503955968352136,0
2023-07-28 11:36:21,144.65,613877,8,145.01,287779,820981,-0.48159614723081434,0
2023-07-28 11:36:21,144.55,613877,23,145.01,287779,820981,-0.5503955968352136,0
2023-07-28 11:36:21,144.55,613877,12,145.01,287779,820981,-0.5503955968352136,0
2023-07-28 11:36:25,144.65,614359,30,145.01,288082,820499,-0.48159614723081434,0
2023-07-28 11:36:25,144.65,614359,11,145.01,288082,820499,-0.48159614723081434,0
2023-07-28 11:36:29,144.65,614400,1,145.01,288689,820403,-0.48159614723081434,0
2023-07-28 11:36:29,144.5,614400,28,145.01,288689,820403,-0.584795321637423,0
2023-07-28 11:36:29,144.55,614400,70,145.01,288689,820403,-0.5503955968352136,0
2023-07-28 11:36:32,144.65,614614,24,145.01,288561,820407,-0.48159614723081434,0
2023-07-28 11:36:32,144.55,614614,210,145.01,288561,820407,-0.5503955968352136,0
2023-07-28 11:36:35,144.55,614887,210,145.01,287933,820425,-0.5503955968352136,0
2023-07-28 11:36:35,144.6,614887,27,145.01,287933,820425,-0.5159958720330238,0
2023-07-28 11:36:35,144.6,614887,48,145.01,287933,820425,-0.5159958720330238,0
2023-07-28 11:36:35,144.5,614887,24,145.01,287933,820425,-0.584795321637423,0
2023-07-28 11:36:42,144.65,614996,2,145.01,288689,819178,-0.48159614723081434,0
2023-07-28 11:36:42,144.65,614996,9,145.01,288689,819178,-0.48159614723081434,0
2023-07-28 11:36:42,144.6,614996,15,145.01,288689,819178,-0.5159958720330238,0
2023-07-28 11:36:42,144.6,614996,11,145.01,288689,819178,-0.5159958720330238,0
2023-07-28 11:36:46,144.6,615040,4,145.01,293064,821128,-0.5159958720330238,0
2023-07-28 11:36:46,144.55,615040,10,145.01,293064,821128,-0.5503955968352136,0
2023-07-28 11:36:50,144.6,615054,1,145.01,292489,822265,-0.5159958720330238,0
2023-07-28 11:36:50,144.5,615054,17,145.01,292489,822265,-0.584795321637423,0
2023-07-28 11:36:54,144.5,615078,17,145.01,292826,822303,-0.584795321637423,0
2023-07-28 11:36:54,144.6,615078,3,145.01,292826,822303,-0.5159958720330238,0
2023-07-28 11:36:55,144.6,615081,3,145.01,292760,822210,-0.5159958720330238,0
2023-07-28 11:36:55,144.55,615081,3,145.01,292760,822210,-0.5503955968352136,0
2023-07-28 11:36:55,144.55,615081,3,145.01,292760,822210,-0.5503955968352136,0
2023-07-28 11:37:03,144.55,615171,84,145.01,293620,821990,-0.5503955968352136,0
2023-07-28 11:37:03,144.6,615171,3,145.01,293620,821990,-0.5159958720330238,0
2023-07-28 11:37:03,144.55,615171,10,145.01,293620,821990,-0.5503955968352136,0
2023-07-28 11:37:03,144.6,615171,9,145.01,293620,821990,-0.5159958720330238,0
2023-07-28 11:37:07,144.6,615202,2,145.01,293544,821993,-0.5159958720330238,0
2023-07-28 11:37:07,144.55,615202,18,145.01,293544,821993,-0.5503955968352136,0
2023-07-28 11:37:09,144.6,615228,3,145.01,294096,821988,-0.5159958720330238,0
2023-07-28 11:37:09,144.6,615228,6,145.01,294096,821988,-0.5159958720330238,0
2023-07-28 11:37:14,144.6,615334,11,145.01,298151,821954,-0.5159958720330238,0
2023-07-28 11:37:14,144.55,615334,65,145.01,298151,821954,-0.5503955968352136,0
2023-07-28 11:37:17,144.55,615445,65,145.01,298051,822146,-0.5503955968352136,0
2023-07-28 11:37:17,144.6,615445,21,145.01,298051,822146,-0.5159958720330238,0
2023-07-28 11:37:21,144.6,615477,21,145.01,293636,822114,-0.5159958720330238,0
2023-07-28 11:37:21,144.6,615477,3,145.01,293636,822114,-0.5159958720330238,0
2023-07-28 11:37:21,144.55,615477,24,145.01,293636,822114,-0.5503955968352136,0
2023-07-28 11:37:24,144.6,615504,2,145.01,293612,822222,-0.5159958720330238,0
2023-07-28 11:37:24,144.6,615504,6,145.01,293612,822222,-0.5159958720330238,0
2023-07-28 11:37:28,144.6,615512,6,145.01,293612,820791,-0.5159958720330238,0
2023-07-28 11:37:28,144.6,615512,1,145.01,293612,820791,-0.5159958720330238,0
2023-07-28 11:37:35,144.6,615514,1,145.01,293614,820899,-0.5159958720330238,0
2023-07-28 11:37:35,144.6,615514,1,145.01,293864,821006,-0.5159958720330238,0
2023-07-28 11:37:35,144.55,615514,19,145.01,293864,821006,-0.5503955968352136,0
2023-07-28 11:37:35,144.6,615514,100,145.01,293864,821006,-0.5159958720330238,0
2023-07-28 11:37:42,144.6,615648,100,145.01,293964,821135,-0.5159958720330238,0
2023-07-28 11:37:42,144.6,615648,2,145.01,293964,821135,-0.5159958720330238,0
2023-07-28 11:37:42,144.55,615648,25,145.01,293964,821135,-0.5503955968352136,0
2023-07-28 11:37:42,144.55,615648,90,145.01,293964,821135,-0.5503955968352136,0
2023-07-28 11:37:46,144.6,615860,22,145.01,293772,821186,-0.5159958720330238,0
2023-07-28 11:37:46,144.6,615860,35,145.01,293772,821186,-0.5159958720330238,0
2023-07-28 11:37:49,144.6,615917,4,145.01,294773,821132,-0.5159958720330238,0
2023-07-28 11:37:49,144.6,615917,101,145.01,294773,821132,-0.5159958720330238,0
2023-07-28 11:37:49,144.55,615917,23,145.01,294773,821132,-0.5503955968352136,0
2023-07-28 11:37:54,144.6,616045,18,145.01,294749,821024,-0.5159958720330238,0
2023-07-28 11:37:56,144.6,616077,2,145.01,294988,821082,-0.5159958720330238,0
2023-07-28 11:37:56,144.6,616077,3,145.01,294988,821082,-0.5159958720330238,0
2023-07-28 11:38:03,144.55,616082,5,145.01,294988,821087,-0.5503955968352136,0
2023-07-28 11:38:04,144.6,616087,1,145.01,295003,821090,-0.5159958720330238,0
2023-07-28 11:38:04,144.55,616087,24,145.01,295003,821090,-0.5503955968352136,0
2023-07-28 11:38:04,144.6,616087,1,145.01,295003,821090,-0.5159958720330238,0
2023-07-28 11:38:04,144.55,616087,90,145.01,295003,821090,-0.5503955968352136,0
2023-07-28 11:38:10,144.6,616203,12,145.01,294889,821070,-0.5159958720330238,0
2023-07-28 11:38:10,144.55,616203,95,145.01,294889,821070,-0.5503955968352136,0
2023-07-28 11:38:17,144.6,616342,14,145.01,293653,821041,-0.5159958720330238,0
2023-07-28 11:38:17,144.6,616342,10,145.01,293653,821041,-0.5159958720330238,0
2023-07-28 11:38:17,144.6,616366,2,145.01,293644,821125,-0.5159958720330238,0
2023-07-28 11:38:17,144.6,616366,16,145.01,293644,821125,-0.5159958720330238,0
2023-07-28 11:38:17,144.55,616366,23,145.01,293644,821125,-0.5503955968352136,0
2023-07-28 11:38:24,144.6,616407,4,145.01,292849,821204,-0.5159958720330238,0
2023-07-28 11:38:29,144.55,616412,1,145.01,292899,821200,-0.5503955968352136,0
2023-07-28 11:38:29,144.6,616412,5,145.01,292899,821200,-0.5159958720330238,0
2023-07-28 11:38:29,144.6,616412,19,145.01,292899,821200,-0.5159958720330238,0
2023-07-28 11:38:33,144.55,620730,88,145.01,288795,821386,-0.5503955968352136,0
2023-07-28 11:38:33,144.6,620730,73,145.01,288795,821386,-0.5159958720330238,0
2023-07-28 11:38:33,144.6,621210,11,145.01,288815,821758,-0.5159958720330238,0
2023-07-28 11:38:33,144.55,621210,26,145.01,288815,821758,-0.5503955968352136,0
2023-07-28 11:38:39,144.6,621756,13,145.0,288929,821487,-0.5159958720330238,0
2023-07-28 11:38:39,144.55,621756,20,145.0,288929,821487,-0.5503955968352136,0
2023-07-28 11:38:39,144.6,621756,2,145.0,288929,821487,-0.5159958720330238,0
2023-07-28 11:38:45,144.6,622972,2,145.0,289599,819920,-0.5159958720330238,0
2023-07-28 11:38:45,144.55,622972,18,145.0,289599,819920,-0.5503955968352136,0
2023-07-28 11:38:45,144.65,622972,33,145.0,289599,819920,-0.48159614723081434,0
2023-07-28 11:38:49,144.65,623224,14,145.0,289969,819295,-0.48159614723081434,0
2023-07-28 11:38:49,144.65,623224,147,145.0,289969,819295,-0.48159614723081434,0
2023-07-28 11:38:52,144.65,623385,16,145.0,289979,819358,-0.48159614723081434,0
2023-07-28 11:38:52,144.6,623385,23,145.0,289979,819358,-0.5159958720330238,0
2023-07-28 11:38:57,144.6,623724,105,145.0,290021,819256,-0.5159958720330238,0
2023-07-28 11:38:57,144.65,623724,36,145.0,290021,819256,-0.48159614723081434,0
2023-07-28 11:38:57,144.65,623724,100,145.0,290021,819256,-0.48159614723081434,0
2023-07-28 11:38:57,144.6,623724,30,145.0,290021,819256,-0.5159958720330238,0
2023-07-28 11:39:00,144.6,623940,30,145.0,290128,819081,-0.5159958720330238,0
2023-07-28 11:39:00,144.65,623940,20,145.0,290128,819081,-0.48159614723081434,0
2023-07-28 11:39:01,144.65,623960,20,145.0,290227,818931,-0.48159614723081434,0
2023-07-28 11:39:01,144.65,623960,16,145.0,290227,818931,-0.48159614723081434,0
2023-07-28 11:39:06,144.6,623984,24,145.0,290252,818990,-0.5159958720330238,0
2023-07-28 11:39:06,144.6,623984,113,145.0,290252,818990,-0.5159958720330238,0
2023-07-28 11:39:06,144.65,623984,2,145.0,290252,818990,-0.48159614723081434,0
2023-07-28 11:39:06,144.6,623984,62,145.0,290252,818990,-0.5159958720330238,0
2023-07-28 11:39:13,144.6,624374,62,145.0,290123,819778,-0.5159958720330238,0
2023-07-28 11:39:13,144.6,624374,1,145.0,290123,819778,-0.5159958720330238,0
2023-07-28 11:39:16,144.6,624419,1,145.0,290042,819690,-0.5159958720330238,0
2023-07-28 11:39:16,144.6,624419,25,145.0,290042,819690,-0.5159958720330238,0
2023-07-28 11:39:16,144.6,624419,17,145.0,290042,819690,-0.5159958720330238,0
2023-07-28 11:39:21,144.6,624463,5,145.0,289687,819693,-0.5159958720330238,0
2023-07-28 11:39:21,144.6,624463,2,145.0,289687,819693,-0.5159958720330238,0
2023-07-28 11:39:25,144.6,624493,2,145.0,289433,819532,-0.5159958720330238,0
2023-07-28 11:39:25,144.6,624493,7,145.0,289433,819532,-0.5159958720330238,0
2023-07-28 11:39:31,144.55,624596,94,145.0,288971,819586,-0.5503955968352136,0
2023-07-28 11:39:31,144.6,624596,7,145.0,288971,819586,-0.5159958720330238,0
2023-07-28 11:39:34,144.6,624618,1,145.0,288971,819424,-0.5159958720330238,0
2023-07-28 11:39:34,144.6,624618,1,145.0,288971,819424,-0.5159958720330238,0
2023-07-28 11:39:37,144.6,624621,1,145.0,288971,819490,-0.5159958720330238,0
2023-07-28 11:39:37,144.55,624621,19,145.0,288971,819490,-0.5503955968352136,0
2023-07-28 11:39:37,144.6,624621,1,145.0,288971,819490,-0.5159958720330238,0
2023-07-28 11:39:37,144.6,624621,2,145.0,288971,819490,-0.5159958720330238,0
2023-07-28 11:39:37,144.55,624621,69,145.0,288971,819490,-0.5503955968352136,0
2023-07-28 11:39:43,144.55,624738,69,145.0,288775,819477,-0.5503955968352136,0
2023-07-28 11:39:43,144.6,624738,5,145.0,288775,819477,-0.5159958720330238,0
2023-07-28 11:39:43,144.6,624738,2,145.0,288775,819477,-0.5159958720330238,0
2023-07-28 11:39:44,144.6,624751,2,145.0,293068,819878,-0.5159958720330238,0
2023-07-28 11:39:44,144.6,624751,13,145.0,293068,819878,-0.5159958720330238,0
2023-07-28 11:39:44,144.55,624751,5,145.0,293068,819878,-0.5503955968352136,0
2023-07-28 11:39:50,144.6,624769,2,145.0,293431,820403,-0.5159958720330238,0
2023-07-28 11:39:50,144.55,624769,14,145.0,293431,820403,-0.5503955968352136,0
2023-07-28 11:39:50,144.6,624769,2,145.0,293431,820403,-0.5159958720330238,0
2023-07-28 11:39:50,144.6,624769,4,145.0,293431,820403,-0.5159958720330238,0
2023-07-28 11:39:56,144.6,624842,4,145.0,293359,820485,-0.5159958720330238,0
2023-07-28 11:39:56,144.55,624842,5,145.0,293359,820485,-0.5503955968352136,0
2023-07-28 11:39:56,144.6,624842,1,145.0,293359,820485,-0.5159958720330238,0
2023-07-28 11:39:56,144.6,624842,7,145.0,293359,820485,-0.5159958720330238,0
2023-07-28 11:40:02,144.6,624855,1,145.0,293276,820333,-0.5159958720330238,0
2023-07-28 11:40:02,144.6,624855,87,145.0,293276,820333,-0.5159958720330238,0
2023-07-28 11:40:02,144.55,624855,48,145.0,293276,820333,-0.5503955968352136,0
