2023-07-28 10:49:26,174.2,2527654,2,172.21,1204845,958881,1.8713450292397595,0
2023-07-28 10:49:26,174.2,2527654,265,172.21,1204845,958881,1.8713450292397595,0
2023-07-28 10:49:30,174.2,2528289,265,172.21,1203020,962094,1.8713450292397595,0
2023-07-28 10:49:30,174.15,2528289,23,172.21,1203020,962094,1.842105263157898,0
2023-07-28 10:49:30,174.25,2528289,107,172.21,1203020,962094,1.9005847953216375,0
2023-07-28 10:49:30,174.25,2528289,2,172.21,1203020,962094,1.9005847953216375,0
2023-07-28 10:49:30,174.25,2528289,88,172.21,1203020,962094,1.9005847953216375,0
2023-07-28 10:49:34,174.25,2535903,88,172.21,1203184,961019,1.9005847953216375,0
2023-07-28 10:49:34,174.2,2535903,1,172.21,1203184,961019,1.8713450292397595,0
2023-07-28 10:49:34,174.15,2535903,271,172.21,1203184,961019,1.842105263157898,0
2023-07-28 10:49:34,174.25,2535903,15,172.21,1203184,961019,1.9005847953216375,0
2023-07-28 10:49:39,174.25,2536410,15,172.21,1202427,964237,1.9005847953216375,0
2023-07-28 10:49:39,174.15,2536410,1,172.21,1202427,964237,1.842105263157898,0
2023-07-28 10:49:39,174.25,2536410,1,172.21,1202427,964237,1.9005847953216375,0
2023-07-28 10:49:43,174.25,2536413,1,172.21,1192757,954519,1.9005847953216375,0
2023-07-28 10:49:43,174.25,2536413,3,172.21,1192757,954519,1.9005847953216375,0
2023-07-28 10:49:43,174.25,2536413,80,172.21,1192757,954519,1.9005847953216375,0
2023-07-28 10:49:43,174.2,2536413,2,172.21,1192757,954519,1.8713450292397595,0
2023-07-28 10:49:43,174.25,2536413,30,172.21,1192757,954519,1.9005847953216375,0
2023-07-28 10:49:48,174.25,2536750,30,172.21,1203782,964086,1.9005847953216375,0
2023-07-28 10:49:48,174.2,2536750,60,172.21,1203782,964086,1.8713450292397595,0
2023-07-28 10:49:48,174.2,2536750,2,172.21,1203782,964086,1.8713450292397595,0
2023-07-28 10:49:48,174.1,2536750,19,172.21,1203782,964086,1.81286549707602,0
2023-07-28 10:49:48,174.1,2536750,2,172.21,1203782,964086,1.81286549707602,0
2023-07-28 10:49:48,174.15,2536750,1,172.21,1203782,964086,1.842105263157898,0
2023-07-28 10:49:53,174.15,2555990,1,172.23,1196179,975216,1.842105263157898,0
2023-07-28 10:49:53,174.2,2555990,2,172.23,1196179,975216,1.8713450292397595,0
2023-07-28 10:49:53,174.2,2555990,1,172.23,1196179,975216,1.8713450292397595,0
2023-07-28 10:49:53,174.15,2555990,2,172.23,1196179,975216,1.842105263157898,0
2023-07-28 10:49:56,174.15,2556212,2,172.23,1196981,972173,1.842105263157898,0
2023-07-28 10:49:56,174.2,2556212,125,172.23,1196981,972173,1.8713450292397595,0
2023-07-28 10:49:56,174.25,2556212,50,172.23,1196981,972173,1.9005847953216375,0
2023-07-28 10:49:56,174.2,2556212,2,172.23,1196981,972173,1.8713450292397595,0
2023-07-28 10:50:02,174.25,2556821,5,172.23,1197130,971771,1.9005847953216375,0
2023-07-28 10:50:02,174.2,2556821,100,172.23,1197130,971771,1.8713450292397595,0
2023-07-28 10:50:02,174.1,2556821,2,172.23,1197130,971771,1.81286549707602,0
2023-07-28 10:50:02,174.2,2556821,50,172.23,1197130,971771,1.8713450292397595,0
2023-07-28 10:50:05,174.2,2557187,50,172.23,1196389,974020,1.8713450292397595,0
2023-07-28 10:50:05,174.2,2557187,110,172.23,1196389,974020,1.8713450292397595,0
2023-07-28 10:50:05,174.15,2557187,216,172.23,1196389,974020,1.842105263157898,0
2023-07-28 10:50:05,174.15,2557187,83,172.23,1196389,974020,1.842105263157898,0
2023-07-28 10:50:11,174.2,2557596,2,172.23,1199026,971377,1.8713450292397595,0
2023-07-28 10:50:11,174.1,2557596,143,172.23,1199026,971377,1.81286549707602,0
2023-07-28 10:50:11,174.2,2557596,1,172.23,1199026,971377,1.8713450292397595,0
2023-07-28 10:50:11,174.15,2557596,260,172.23,1199026,971377,1.842105263157898,0
2023-07-28 10:50:15,174.15,2560143,2130,172.23,1199799,970165,1.842105263157898,0
2023-07-28 10:50:15,174.15,2560143,2,172.23,1199799,970165,1.842105263157898,0
2023-07-28 10:50:19,174.15,2560146,1,172.23,1200766,971071,1.842105263157898,0
2023-07-28 10:50:19,174.15,2560146,1,172.23,1200766,971071,1.842105263157898,0
2023-07-28 10:50:19,174.15,2560146,2,172.23,1200766,971071,1.842105263157898,0
2023-07-28 10:50:19,174.15,2560146,173,172.23,1200766,971071,1.842105263157898,0
2023-07-28 10:50:19,174.1,2560146,49,172.23,1200766,971071,1.81286549707602,0
2023-07-28 10:50:19,174.1,2560146,49,172.23,1200766,971071,1.81286549707602,0
2023-07-28 10:50:19,174.1,2560146,49,172.23,1200766,971071,1.81286549707602,0
2023-07-28 10:50:19,174.1,2560146,49,172.23,1200766,971071,1.81286549707602,0
2023-07-28 10:50:19,174.15,2560146,100,172.23,1200766,971071,1.842105263157898,0
2023-07-28 10:50:19,174.15,2560146,1,172.23,1200766,971071,1.842105263157898,0
2023-07-28 10:50:19,174.15,2560146,1,172.23,1200766,971071,1.842105263157898,0
2023-07-28 10:50:19,174.2,2560146,50,172.23,1200766,971071,1.8713450292397595,0
2023-07-28 10:50:28,174.2,2562694,1,172.23,1185562,976759,1.8713450292397595,0
2023-07-28 10:50:28,174.2,2562694,2,172.23,1185562,976759,1.8713450292397595,0
2023-07-28 10:50:28,174.2,2562694,1,172.23,1185562,976759,1.8713450292397595,0
2023-07-28 10:50:28,174.2,2562694,105,172.23,1185562,976759,1.8713450292397595,0
2023-07-28 10:50:28,174.2,2562694,2,172.23,1185562,976759,1.8713450292397595,0
2023-07-28 10:50:33,174.25,2565930,194,172.23,1212556,964339,1.9005847953216375,0
2023-07-28 10:50:33,174.2,2565930,85,172.23,1212556,964339,1.8713450292397595,0
2023-07-28 10:50:33,174.25,2565930,1000,172.23,1212556,964339,1.9005847953216375,0
2023-07-28 10:50:33,174.2,2565930,10,172.23,1212556,964339,1.8713450292397595,0
2023-07-28 10:50:33,174.3,2565930,500,172.23,1212556,964339,1.9298245614035154,0
2023-07-28 10:50:33,174.25,2565930,51,172.23,1212556,964339,1.9005847953216375,0
2023-07-28 10:50:33,174.3,2565930,50,172.23,1212556,964339,1.9298245614035154,0
2023-07-28 10:50:33,174.3,2565930,214,172.23,1212556,964339,1.9298245614035154,0
2023-07-28 10:50:33,174.25,2565930,47,172.23,1212556,964339,1.9005847953216375,0
2023-07-28 10:50:43,174.25,2579906,311,172.25,1218996,952601,1.9005847953216375,0
2023-07-28 10:50:43,174.3,2579906,1,172.25,1218996,952601,1.9298245614035154,0
2023-07-28 10:50:43,174.35,2579906,90,172.25,1218996,952601,1.9590643274853767,0
2023-07-28 10:50:43,174.35,2579906,1,172.25,1218996,952601,1.9590643274853767,0
2023-07-28 10:50:43,174.35,2579906,229,172.25,1218996,952601,1.9590643274853767,0
2023-07-28 10:50:43,174.35,2579906,46,172.25,1218996,952601,1.9590643274853767,0
2023-07-28 10:50:47,174.35,2584909,46,172.25,1228487,943110,1.9590643274853767,0
2023-07-28 10:50:47,174.3,2584909,91,172.25,1228487,943110,1.9298245614035154,0
2023-07-28 10:50:47,174.4,2584909,1,172.25,1228487,943110,1.9883040935672547,0
2023-07-28 10:50:47,174.3,2584909,19,172.25,1228487,943110,1.9298245614035154,0
2023-07-28 10:50:52,174.3,2585619,2,172.25,1210928,954214,1.9298245614035154,0
2023-07-28 10:50:52,174.3,2585619,10,172.25,1210928,954214,1.9298245614035154,0
2023-07-28 10:50:52,174.4,2585619,98,172.25,1210928,954214,1.9883040935672547,0
2023-07-28 10:50:52,174.4,2585619,14,172.25,1210928,954214,1.9883040935672547,0
2023-07-28 10:50:52,174.35,2585619,10,172.25,1210928,954214,1.9590643274853767,0
2023-07-28 10:50:57,174.4,2589331,17,172.25,1234475,953052,1.9883040935672547,0
2023-07-28 10:50:57,174.4,2589331,2,172.25,1234475,953052,1.9883040935672547,0
2023-07-28 10:50:57,174.35,2589331,25,172.25,1234475,953052,1.9590643274853767,0
2023-07-28 10:50:57,174.35,2589331,2,172.25,1234475,953052,1.9590643274853767,0
2023-07-28 10:51:00,174.35,2590818,2,172.25,1238314,952510,1.9590643274853767,0
2023-07-28 10:51:00,174.4,2590818,4,172.25,1238314,952510,1.9883040935672547,0
2023-07-28 10:51:00,174.4,2590818,25,172.25,1238314,952510,1.9883040935672547,0
2023-07-28 10:51:00,174.4,2590818,32,172.25,1238314,952510,1.9883040935672547,0
2023-07-28 10:51:00,174.4,2590818,191,172.25,1238314,952510,1.9883040935672547,0
2023-07-28 10:51:05,174.4,2593403,1,172.26,1162521,953655,1.9883040935672547,0
2023-07-28 10:51:05,174.5,2593403,40,172.26,1162521,953655,2.046783625730994,0
2023-07-28 10:51:05,174.5,2593403,1,172.26,1162521,953655,2.046783625730994,0
2023-07-28 10:51:05,174.5,2593403,2,172.26,1162521,953655,2.046783625730994,0
2023-07-28 10:51:05,174.5,2593403,1,172.26,1162521,953655,2.046783625730994,0
2023-07-28 10:51:10,174.5,2598603,14,172.26,1237209,950508,2.046783625730994,0
2023-07-28 10:51:10,174.5,2598603,1,172.26,1237209,950508,2.046783625730994,0
2023-07-28 10:51:10,174.5,2598603,20,172.26,1237209,950508,2.046783625730994,0
2023-07-28 10:51:10,174.5,2598603,42,172.26,1237209,950508,2.046783625730994,0
2023-07-28 10:51:10,174.5,2598603,176,172.26,1237209,950508,2.046783625730994,0
2023-07-28 10:51:15,174.55,2612512,200,172.27,1242600,936113,2.076023391812872,0
2023-07-28 10:51:15,174.5,2612512,42,172.27,1242600,936113,2.046783625730994,0
2023-07-28 10:51:15,174.6,2612512,1,172.27,1242600,936113,2.1052631578947336,0
2023-07-28 10:51:20,174.75,2642839,100,172.3,1260425,911956,2.192982456140351,0
2023-07-28 10:51:20,174.65,2642839,100,172.3,1260425,911956,2.1345029239766116,0
2023-07-28 10:51:20,174.75,2642839,3,172.3,1260425,911956,2.192982456140351,0
2023-07-28 10:51:20,174.65,2642839,1,172.3,1260425,911956,2.1345029239766116,0
2023-07-28 10:51:24,174.7,2650401,1,172.31,1252158,920148,2.163742690058473,0
2023-07-28 10:51:24,174.7,2650401,3,172.31,1252158,920148,2.163742690058473,0
2023-07-28 10:51:24,174.6,2650401,514,172.31,1252158,920148,2.1052631578947336,0
2023-07-28 10:51:24,174.7,2650401,25,172.31,1252158,920148,2.163742690058473,0
2023-07-28 10:51:28,174.75,2658932,62,172.31,1249452,919965,2.192982456140351,0
2023-07-28 10:51:28,174.75,2658932,150,172.31,1249452,919965,2.192982456140351,0
2023-07-28 10:51:28,174.75,2658932,5,172.31,1249452,919965,2.192982456140351,0
2023-07-28 10:51:28,174.7,2658932,275,172.31,1249452,919965,2.163742690058473,0
2023-07-28 10:51:32,174.75,2660626,2,172.32,1252383,918773,2.192982456140351,0
2023-07-28 10:51:32,174.75,2660626,25,172.32,1252383,918773,2.192982456140351,0
2023-07-28 10:51:32,174.7,2660626,45,172.32,1252383,918773,2.163742690058473,0
2023-07-28 10:51:32,174.7,2660626,1,172.32,1252383,918773,2.163742690058473,0
2023-07-28 10:51:32,174.75,2660626,167,172.32,1252383,918773,2.192982456140351,0
2023-07-28 10:51:37,174.75,2661333,250,172.32,1266801,914768,2.192982456140351,0
2023-07-28 10:51:37,174.8,2661333,140,172.32,1266801,914768,2.222222222222229,0
2023-07-28 10:51:37,174.75,2661333,50,172.32,1266801,914768,2.192982456140351,0
2023-07-28 10:51:41,174.7,2665060,300,172.32,1262924,918808,2.163742690058473,0
2023-07-28 10:51:41,174.7,2665060,20,172.32,1262924,918808,2.163742690058473,0
2023-07-28 10:51:41,174.8,2665060,179,172.32,1262924,918808,2.222222222222229,0
2023-07-28 10:51:41,174.8,2665060,19,172.32,1262924,918808,2.222222222222229,0
2023-07-28 10:51:41,174.8,2665060,39,172.32,1262924,918808,2.222222222222229,0
2023-07-28 10:51:41,174.7,2665060,1,172.32,1262924,918808,2.163742690058473,0
2023-07-28 10:51:41,174.75,2665060,25,172.32,1262924,918808,2.192982456140351,0
2023-07-28 10:51:50,174.75,2667349,4,172.32,1229464,922492,2.192982456140351,0
2023-07-28 10:51:50,174.75,2667349,5,172.32,1229464,922492,2.192982456140351,0
2023-07-28 10:51:50,174.7,2667349,43,172.32,1229464,922492,2.163742690058473,0
2023-07-28 10:51:50,174.75,2667349,10,172.32,1229464,922492,2.192982456140351,0
2023-07-28 10:51:54,174.75,2667655,5,172.32,1187071,925078,2.192982456140351,0
2023-07-28 10:51:54,174.75,2667655,5,172.32,1187071,925078,2.192982456140351,0
2023-07-28 10:51:54,174.75,2667655,216,172.32,1187071,925078,2.192982456140351,0
2023-07-28 10:51:54,174.75,2667655,50,172.32,1187071,925078,2.192982456140351,0
2023-07-28 10:51:59,174.75,2671100,7,172.33,1235483,921915,2.192982456140351,0
2023-07-28 10:51:59,174.75,2671100,2,172.33,1235483,921915,2.192982456140351,0
2023-07-28 10:51:59,174.75,2671100,20,172.33,1235483,921915,2.192982456140351,0
2023-07-28 10:51:59,174.7,2671100,1,172.33,1235483,921915,2.163742690058473,0
2023-07-28 10:51:59,174.75,2671100,1000,172.33,1235483,921915,2.192982456140351,0
2023-07-28 10:52:03,174.7,2674471,1,172.33,1235503,924324,2.163742690058473,0
2023-07-28 10:52:03,174.75,2674471,10,172.33,1235503,924324,2.192982456140351,0
2023-07-28 10:52:03,174.8,2674471,2,172.33,1235503,924324,2.222222222222229,0
2023-07-28 10:52:06,174.8,2674936,1,172.33,1237364,925514,2.222222222222229,0
2023-07-28 10:52:07,174.7,2675034,37,172.33,1237308,925564,2.163742690058473,0
2023-07-28 10:52:08,174.75,2675885,1,172.33,1236001,925899,2.192982456140351,0
2023-07-28 10:52:09,174.8,2675887,2,172.33,1235887,926491,2.222222222222229,0
2023-07-28 10:52:09,174.8,2675887,2,172.33,1215693,926491,2.222222222222229,0
2023-07-28 10:52:11,174.75,2676210,127,172.33,1236150,926543,2.192982456140351,0
2023-07-28 10:52:11,174.75,2676210,127,172.33,1235995,926797,2.192982456140351,0
2023-07-28 10:52:13,174.75,2676213,2,172.33,1236411,927260,2.192982456140351,0
2023-07-28 10:52:13,174.75,2676213,2,172.33,1236411,927260,2.192982456140351,0
2023-07-28 10:52:14,174.7,2676270,57,172.33,1236299,927472,2.163742690058473,0
2023-07-28 10:52:14,174.7,2676270,100,172.33,1236299,927472,2.163742690058473,0
2023-07-28 10:52:15,174.8,2676430,15,172.33,1236134,927502,2.222222222222229,0
2023-07-28 10:52:15,174.8,2676430,15,172.33,1236134,927502,2.222222222222229,0
2023-07-28 10:52:15,174.8,2676430,15,172.33,1235890,927502,2.222222222222229,0
2023-07-28 10:52:17,174.8,2677181,1,172.33,1200691,926377,2.222222222222229,0
2023-07-28 10:52:17,174.8,2677181,1,172.33,1241133,924859,2.222222222222229,0
2023-07-28 10:52:19,174.7,2677882,295,172.33,1213232,927420,2.163742690058473,0
2023-07-28 10:52:19,174.8,2677882,340,172.33,1213232,927420,2.222222222222229,0
2023-07-28 10:52:19,174.8,2679422,340,172.33,1213939,926865,2.222222222222229,0
2023-07-28 10:52:19,174.7,2679422,50,172.33,1213939,926865,2.163742690058473,0
2023-07-28 10:52:20,174.7,2679472,50,172.33,1231103,926916,2.163742690058473,0
2023-07-28 10:52:20,174.7,2679472,4,172.33,1231103,926916,2.163742690058473,0
2023-07-28 10:52:21,174.75,2679477,1,172.33,1231190,927317,2.192982456140351,0
2023-07-28 10:52:23,174.8,2679977,2,172.33,1230619,928317,2.222222222222229,0
2023-07-28 10:52:24,174.7,2680096,117,172.33,1235461,927337,2.163742690058473,0
2023-07-28 10:52:24,174.7,2680096,117,172.33,1235461,927337,2.163742690058473,0
2023-07-28 10:52:25,174.8,2680153,55,172.33,1193474,929545,2.222222222222229,0
2023-07-28 10:52:27,174.7,2683389,341,172.34,1232211,929178,2.163742690058473,0
2023-07-28 10:52:27,174.7,2683389,1,172.34,1232211,929178,2.163742690058473,0
2023-07-28 10:52:28,174.8,2683664,49,172.34,1233099,927252,2.222222222222229,0
2023-07-28 10:52:28,174.8,2683684,20,172.34,1213998,927496,2.222222222222229,0
2023-07-28 10:52:29,174.7,2683705,3,172.34,1233766,927496,2.163742690058473,0
2023-07-28 10:52:30,174.8,2683706,2,172.34,1233766,927751,2.222222222222229,0
2023-07-28 10:52:31,174.8,2683708,2,172.34,1235591,928148,2.222222222222229,0
2023-07-28 10:52:31,174.75,2683708,14,172.34,1235591,928148,2.192982456140351,0
2023-07-28 10:52:33,174.75,2683722,14,172.34,1235664,929210,2.192982456140351,0
2023-07-28 10:52:34,174.8,2683922,1,172.34,1220997,928878,2.222222222222229,0
2023-07-28 10:52:35,174.8,2684238,216,172.34,1191329,924491,2.222222222222229,0
2023-07-28 10:52:36,174.8,2687474,2097,172.34,1193253,925326,2.222222222222229,0
2023-07-28 10:52:38,174.8,2687982,8,172.34,1192292,927529,2.222222222222229,0
2023-07-28 10:52:38,174.85,2688584,194,172.34,1193045,927277,2.25146198830409,0
2023-07-28 10:52:39,174.8,2688684,100,172.34,1191809,927231,2.222222222222229,0
2023-07-28 10:52:40,174.85,2688709,25,172.34,1191809,927765,2.25146198830409,0
2023-07-28 10:52:41,174.8,2688722,1,172.34,1186844,927954,2.222222222222229,0
2023-07-28 10:52:42,174.8,2688808,2,172.34,1187258,927971,2.222222222222229,0
2023-07-28 10:52:43,174.85,2688810,1,172.34,1187258,927955,2.25146198830409,0
2023-07-28 10:52:44,174.8,2693113,3,172.35,1184270,905999,2.222222222222229,0
2023-07-28 10:52:45,174.85,2693253,50,172.35,1184596,921710,2.25146198830409,0
2023-07-28 10:52:46,174.9,2693254,1,172.35,1182655,921064,2.2807017543859684,0
2023-07-28 10:52:47,174.85,2693335,11,172.35,1182662,920492,2.25146198830409,0
2023-07-28 10:52:48,174.9,2693342,5,172.35,1183013,920985,2.2807017543859684,0
2023-07-28 10:52:49,174.9,2693890,8,172.35,1181316,930996,2.2807017543859684,0
2023-07-28 10:52:50,174.9,2697737,147,172.35,1181132,932076,2.2807017543859684,0
2023-07-28 10:52:52,174.85,2697922,2,172.35,1180652,933006,2.25146198830409,0
2023-07-28 10:52:52,174.8,2697944,10,172.35,1180511,927160,2.222222222222229,0
2023-07-28 10:52:53,174.85,2701318,1,172.35,1179971,927139,2.25146198830409,0
2023-07-28 10:52:54,174.85,2702273,5,172.35,1179971,927088,2.25146198830409,0
2023-07-28 10:52:55,174.85,2703907,6,172.36,1180354,927482,2.25146198830409,0
2023-07-28 10:52:55,174.85,2703907,6,172.36,1180369,927502,2.25146198830409,0
2023-07-28 10:52:55,174.9,2703907,3,172.36,1180369,927502,2.2807017543859684,0
2023-07-28 10:52:58,174.85,2704041,100,172.36,1180370,927702,2.25146198830409,0
2023-07-28 10:52:58,174.85,2704041,55,172.36,1180370,927702,2.25146198830409,0
2023-07-28 10:52:59,174.85,2704491,200,172.36,1180713,928054,2.25146198830409,0
2023-07-28 10:52:59,174.85,2704491,200,172.36,1180713,928054,2.25146198830409,0
2023-07-28 10:53:00,174.85,2704492,1,172.36,1180320,928517,2.25146198830409,0
2023-07-28 10:53:00,174.8,2704492,9,172.36,1180320,928517,2.222222222222229,0
2023-07-28 10:53:01,174.8,2704607,5,172.36,1181516,928731,2.222222222222229,0
2023-07-28 10:53:02,174.9,2705107,2,172.36,1191741,924417,2.2807017543859684,0
2023-07-28 10:53:03,174.85,2705791,683,172.36,1191067,924672,2.25146198830409,0
2023-07-28 10:53:03,174.85,2705791,50,172.36,1190575,925049,2.25146198830409,0
2023-07-28 10:53:05,174.8,2713059,2,172.36,1181903,933275,2.222222222222229,0
2023-07-28 10:53:05,174.85,2713059,1,172.36,1181903,933275,2.25146198830409,0
2023-07-28 10:53:05,174.85,2713059,288,172.36,1181903,933275,2.25146198830409,0
2023-07-28 10:53:07,174.85,2713561,288,172.36,1183009,931193,2.25146198830409,0
2023-07-28 10:53:07,174.85,2713561,379,172.36,1183009,931193,2.25146198830409,0
2023-07-28 10:53:07,174.85,2713561,7,172.36,1183009,931193,2.25146198830409,0
2023-07-28 10:53:07,174.85,2713561,1,172.36,1183009,931193,2.25146198830409,0
2023-07-28 10:53:07,174.85,2713561,200,172.36,1183009,931193,2.25146198830409,0
2023-07-28 10:53:07,174.8,2713561,2,172.36,1183009,931193,2.222222222222229,0
2023-07-28 10:53:12,174.8,2714377,2,172.36,1187502,933445,2.222222222222229,0
2023-07-28 10:53:12,174.8,2714377,10,172.36,1187502,933445,2.222222222222229,0
2023-07-28 10:53:12,174.85,2714377,500,172.36,1187502,933445,2.25146198830409,0
2023-07-28 10:53:12,174.85,2714377,5,172.36,1187502,933445,2.25146198830409,0
2023-07-28 10:53:17,174.85,2715140,2,172.37,1172729,932982,2.25146198830409,0
2023-07-28 10:53:17,174.85,2715140,5,172.37,1172729,932982,2.25146198830409,0
2023-07-28 10:53:17,174.8,2715140,2,172.37,1172729,932982,2.222222222222229,0
2023-07-28 10:53:17,174.9,2715140,50,172.37,1172729,932982,2.2807017543859684,0
2023-07-28 10:53:21,174.8,2724981,200,172.37,1174491,924773,2.222222222222229,0
2023-07-28 10:53:21,174.8,2724981,200,172.37,1174491,924773,2.222222222222229,0
2023-07-28 10:53:21,174.8,2724981,200,172.37,1174491,924773,2.222222222222229,0
2023-07-28 10:53:21,174.85,2724981,50,172.37,1174491,924773,2.25146198830409,0
2023-07-28 10:53:21,174.85,2724981,10,172.37,1174491,924773,2.25146198830409,0
2023-07-28 10:53:21,174.9,2724981,2,172.37,1174491,924773,2.2807017543859684,0
2023-07-28 10:53:21,174.9,2724981,2,172.37,1174491,924773,2.2807017543859684,0
2023-07-28 10:53:24,174.9,2725043,2,172.37,1193510,924864,2.2807017543859684,0
2023-07-28 10:53:24,174.85,2725043,1,172.37,1193510,924864,2.25146198830409,0
2023-07-28 10:53:24,174.85,2725043,1,172.37,1193510,924864,2.25146198830409,0
2023-07-28 10:53:24,174.85,2725043,2,172.37,1193510,924864,2.25146198830409,0
2023-07-28 10:53:24,174.85,2725043,1,172.37,1193510,924864,2.25146198830409,0
2023-07-28 10:53:29,174.85,2725561,1,172.38,1186527,923975,2.25146198830409,0
2023-07-28 10:53:29,174.9,2725561,5,172.38,1186527,923975,2.2807017543859684,0
2023-07-28 10:53:29,174.9,2725561,2,172.38,1186527,923975,2.2807017543859684,0
2023-07-28 10:53:29,174.85,2725561,2,172.38,1186527,923975,2.25146198830409,0
2023-07-28 10:53:33,174.9,2726080,1,172.38,1197298,923594,2.2807017543859684,0
2023-07-28 10:53:33,174.85,2726080,60,172.38,1197298,923594,2.25146198830409,0
2023-07-28 10:53:33,174.9,2726080,216,172.38,1197298,923594,2.2807017543859684,0
2023-07-28 10:53:33,174.85,2726080,5,172.38,1197298,923594,2.25146198830409,0
2023-07-28 10:53:37,174.85,2726596,25,172.38,1195921,926164,2.25146198830409,0
2023-07-28 10:53:37,174.85,2726596,50,172.38,1195921,926164,2.25146198830409,0
2023-07-28 10:53:37,174.85,2726596,143,172.38,1195921,926164,2.25146198830409,0
2023-07-28 10:53:37,174.85,2726596,10,172.38,1195921,926164,2.25146198830409,0
2023-07-28 10:53:37,174.95,2726596,4,172.38,1195921,926164,2.3099415204678295,0
2023-07-28 10:53:37,174.95,2726596,436,172.38,1195921,926164,2.3099415204678295,0
2023-07-28 10:53:43,174.95,2735325,2,172.38,1207052,913284,2.3099415204678295,0
2023-07-28 10:53:43,174.9,2735325,105,172.38,1207052,913284,2.2807017543859684,0
2023-07-28 10:53:43,174.9,2735325,209,172.38,1207052,913284,2.2807017543859684,0
2023-07-28 10:53:43,174.9,2735325,77,172.38,1207052,913284,2.2807017543859684,0
2023-07-28 10:53:47,174.9,2740508,814,172.39,1197738,922475,2.2807017543859684,0
2023-07-28 10:53:47,174.9,2740508,50,172.39,1197738,922475,2.2807017543859684,0
2023-07-28 10:53:47,174.9,2740508,37,172.39,1197738,922475,2.2807017543859684,0
2023-07-28 10:53:47,174.95,2740508,40,172.39,1197738,922475,2.3099415204678295,0
2023-07-28 10:53:47,174.9,2740508,1,172.39,1197738,922475,2.2807017543859684,0
2023-07-28 10:53:47,174.9,2740508,50,172.39,1197738,922475,2.2807017543859684,0
2023-07-28 10:53:52,174.9,2740979,50,172.39,1199816,922252,2.2807017543859684,0
2023-07-28 10:53:52,174.95,2740979,10,172.39,1199816,922252,2.3099415204678295,0
2023-07-28 10:53:52,174.9,2740979,1,172.39,1199816,922252,2.2807017543859684,0
2023-07-28 10:53:52,174.95,2740979,2,172.39,1199816,922252,2.3099415204678295,0
2023-07-28 10:53:57,174.9,2743932,194,172.39,1153133,932366,2.2807017543859684,0
2023-07-28 10:53:57,174.9,2743932,129,172.39,1153133,932366,2.2807017543859684,0
2023-07-28 10:53:57,174.85,2743932,100,172.39,1153133,932366,2.25146198830409,0
2023-07-28 10:53:57,174.85,2743932,1,172.39,1153133,932366,2.25146198830409,0
2023-07-28 10:53:57,174.85,2743932,228,172.39,1153133,932366,2.25146198830409,0
2023-07-28 10:54:01,174.85,2746717,228,172.39,1191622,932135,2.25146198830409,0
2023-07-28 10:54:01,174.85,2746717,100,172.39,1191622,932135,2.25146198830409,0
2023-07-28 10:54:01,174.9,2746717,5,172.39,1191622,932135,2.2807017543859684,0
2023-07-28 10:54:01,174.9,2746717,25,172.39,1191622,932135,2.2807017543859684,0
2023-07-28 10:54:01,174.9,2746717,88,172.39,1191622,932135,2.2807017543859684,0
2023-07-28 10:54:06,174.9,2749692,4,172.4,1194672,923241,2.2807017543859684,0
2023-07-28 10:54:06,174.85,2749692,2,172.4,1194672,923241,2.25146198830409,0
2023-07-28 10:54:06,174.85,2749692,175,172.4,1194672,923241,2.25146198830409,0
2023-07-28 10:54:06,174.9,2749692,1,172.4,1194672,923241,2.2807017543859684,0
2023-07-28 10:54:06,174.85,2749692,25,172.4,1194672,923241,2.25146198830409,0
2023-07-28 10:54:11,174.9,2749963,2,172.4,1195542,923947,2.2807017543859684,0
2023-07-28 10:54:11,174.85,2749963,86,172.4,1195542,923947,2.25146198830409,0
2023-07-28 10:54:11,174.8,2749963,1,172.4,1195542,923947,2.222222222222229,0
2023-07-28 10:54:11,174.9,2749963,35,172.4,1195542,923947,2.2807017543859684,0
2023-07-28 10:54:11,174.85,2749963,5,172.4,1195542,923947,2.25146198830409,0
2023-07-28 10:54:15,174.85,2753416,4,172.4,1192410,935303,2.25146198830409,0
2023-07-28 10:54:15,174.8,2753416,150,172.4,1192410,935303,2.222222222222229,0
2023-07-28 10:54:15,174.8,2753416,1,172.4,1192410,935303,2.222222222222229,0
2023-07-28 10:54:15,174.95,2753416,88,172.4,1192410,935303,2.3099415204678295,0
2023-07-28 10:54:20,174.9,2759512,1,172.41,1188061,936709,2.2807017543859684,0
2023-07-28 10:54:20,174.8,2759512,1,172.41,1188061,936709,2.222222222222229,0
2023-07-28 10:54:20,174.95,2759512,197,172.41,1188061,936709,2.3099415204678295,0
2023-07-28 10:54:24,174.95,2766275,216,172.41,1186451,937127,2.3099415204678295,0
2023-07-28 10:54:24,174.85,2766275,32,172.41,1186451,937127,2.25146198830409,0
2023-07-28 10:54:24,174.9,2766275,1,172.41,1186451,937127,2.2807017543859684,0
2023-07-28 10:54:29,174.9,2766730,2,172.41,1193654,933245,2.2807017543859684,0
2023-07-28 10:54:29,174.9,2766730,1,172.41,1193654,933245,2.2807017543859684,0
2023-07-28 10:54:29,174.85,2766730,2,172.41,1193654,933245,2.25146198830409,0
2023-07-28 10:54:29,174.9,2766730,10,172.41,1193654,933245,2.2807017543859684,0
2023-07-28 10:54:33,174.85,2767147,1,172.41,1186083,938795,2.25146198830409,0
2023-07-28 10:54:33,174.95,2767147,2,172.41,1186083,938795,2.3099415204678295,0
2023-07-28 10:54:33,174.9,2767147,25,172.41,1186083,938795,2.2807017543859684,0
2023-07-28 10:54:33,174.9,2767147,100,172.41,1186083,938795,2.2807017543859684,0
2023-07-28 10:54:33,174.85,2767147,2,172.41,1186083,938795,2.25146198830409,0
2023-07-28 10:54:37,174.85,2777550,2,172.42,1186282,938557,2.25146198830409,0
2023-07-28 10:54:37,174.8,2777550,27,172.42,1186282,938557,2.222222222222229,0
2023-07-28 10:54:37,174.9,2777550,2,172.42,1186282,938557,2.2807017543859684,0
2023-07-28 10:54:40,174.9,2777604,2,172.42,1184240,952379,2.2807017543859684,0
2023-07-28 10:54:40,174.85,2777604,195,172.42,1184240,952379,2.25146198830409,0
2023-07-28 10:54:40,174.9,2777604,4,172.42,1184240,952379,2.2807017543859684,0
2023-07-28 10:54:40,174.8,2777604,527,172.42,1184240,952379,2.222222222222229,0
2023-07-28 10:54:40,174.9,2777604,10,172.42,1184240,952379,2.2807017543859684,0
2023-07-28 10:54:46,174.85,2779922,1,172.42,1181632,953172,2.25146198830409,0
2023-07-28 10:54:46,174.9,2779922,70,172.42,1181632,953172,2.2807017543859684,0
2023-07-28 10:54:46,174.85,2779922,10,172.42,1181632,953172,2.25146198830409,0
2023-07-28 10:54:46,174.9,2779922,45,172.42,1181632,953172,2.2807017543859684,0
2023-07-28 10:54:50,174.9,2780567,1,172.42,1181808,952997,2.2807017543859684,0
2023-07-28 10:54:50,174.85,2780567,2,172.42,1181808,952997,2.25146198830409,0
2023-07-28 10:54:50,174.85,2780567,20,172.42,1181808,952997,2.25146198830409,0
2023-07-28 10:54:50,174.9,2780567,153,172.42,1181808,952997,2.2807017543859684,0
2023-07-28 10:54:50,174.9,2780567,562,172.42,1181808,952997,2.2807017543859684,0
2023-07-28 10:54:50,174.85,2780567,46,172.42,1181808,952997,2.25146198830409,0
2023-07-28 10:54:50,174.9,2780567,2,172.42,1181808,952997,2.2807017543859684,0
2023-07-28 10:54:50,174.65,2780567,92,172.42,1181808,952997,2.1345029239766116,0
2023-07-28 10:54:58,174.6,2813082,2,172.45,1143704,948966,2.1052631578947336,0
2023-07-28 10:54:58,174.6,2813082,10,172.45,1143704,948966,2.1052631578947336,0
2023-07-28 10:54:58,174.7,2813082,100,172.45,1143704,948966,2.163742690058473,0
2023-07-28 10:54:58,174.6,2813082,1,172.45,1143704,948966,2.1052631578947336,0
2023-07-28 10:55:02,174.7,2813243,50,172.45,1145108,951448,2.163742690058473,0
2023-07-28 10:55:02,174.7,2813243,2,172.45,1145108,951448,2.163742690058473,0
2023-07-28 10:55:02,174.6,2813243,30,172.45,1145108,951448,2.1052631578947336,0
2023-07-28 10:55:02,174.75,2813243,244,172.45,1145108,951448,2.192982456140351,0
2023-07-28 10:55:06,174.75,2818276,2,172.46,1144237,952117,2.192982456140351,0
2023-07-28 10:55:07,174.75,2818280,2,172.46,1148282,955706,2.192982456140351,0
2023-07-28 10:55:08,174.75,2818670,100,172.46,1148533,955980,2.192982456140351,0
2023-07-28 10:55:09,174.7,2818988,2,172.46,1156741,962380,2.163742690058473,0
2023-07-28 10:55:10,174.8,2819089,1,172.46,1156269,962354,2.222222222222229,0
2023-07-28 10:55:10,174.8,2819089,1,172.46,1156336,962416,2.222222222222229,0
2023-07-28 10:55:10,174.8,2819089,1,172.46,1156336,963934,2.222222222222229,0
2023-07-28 10:55:13,174.8,2819305,2,172.46,1155966,964148,2.222222222222229,0
2023-07-28 10:55:15,174.8,2819354,6,172.46,1156435,966677,2.222222222222229,0
2023-07-28 10:55:15,174.8,2819354,50,172.46,1156435,966677,2.222222222222229,0
2023-07-28 10:55:16,174.75,2819406,2,172.46,1156307,967075,2.192982456140351,0
2023-07-28 10:55:17,174.8,2819407,1,172.46,1149195,972589,2.222222222222229,0
2023-07-28 10:55:18,174.85,2829460,71,172.47,1151023,964796,2.25146198830409,0
2023-07-28 10:55:19,174.8,2829663,100,172.47,1152782,967367,2.222222222222229,0
2023-07-28 10:55:20,174.8,2829666,2,172.47,1152100,969734,2.222222222222229,0
2023-07-28 10:55:22,174.8,2837690,2,172.47,1150740,970820,2.222222222222229,0
2023-07-28 10:55:22,174.8,2837690,2,172.47,1150740,970820,2.222222222222229,0
2023-07-28 10:55:23,174.8,2837698,8,172.47,1152078,971070,2.222222222222229,0
2023-07-28 10:55:23,174.8,2837852,1,172.47,1152423,972659,2.222222222222229,0
2023-07-28 10:55:24,174.8,2838057,1,172.47,1152905,972206,2.222222222222229,0
2023-07-28 10:55:25,174.8,2838276,1,172.47,1150773,973046,2.222222222222229,0
2023-07-28 10:55:26,174.8,2838277,1,172.47,1150774,974495,2.222222222222229,0
2023-07-28 10:55:27,174.7,2838313,22,172.47,1156505,973454,2.163742690058473,0
2023-07-28 10:55:27,174.75,2838313,2,172.47,1156505,973454,2.192982456140351,0
2023-07-28 10:55:29,174.75,2838315,2,172.47,1163278,974396,2.192982456140351,0
2023-07-28 10:55:29,174.7,2838315,3,172.47,1163278,974396,2.163742690058473,0
2023-07-28 10:55:30,174.75,2838337,19,172.47,1162133,976741,2.192982456140351,0
2023-07-28 10:55:31,174.8,2838343,1,172.47,1162143,977127,2.222222222222229,0
2023-07-28 10:55:32,174.75,2838361,1,172.47,1159702,981445,2.192982456140351,0
2023-07-28 10:55:33,174.65,2838863,389,172.47,1160104,982844,2.1345029239766116,0
2023-07-28 10:55:34,174.75,2839164,108,172.47,1160670,983634,2.192982456140351,0
2023-07-28 10:55:34,174.75,2839164,142,172.47,1160670,983634,2.192982456140351,0
2023-07-28 10:55:35,174.75,2839412,142,172.47,1160925,983482,2.192982456140351,0
2023-07-28 10:55:36,174.65,2839562,97,172.47,1160774,983557,2.1345029239766116,0
2023-07-28 10:55:36,174.65,2839562,4,172.47,1160774,983557,2.1345029239766116,0
2023-07-28 10:55:38,174.75,2849635,2,172.48,1160475,977177,2.192982456140351,0
2023-07-28 10:55:38,174.75,2849635,2,172.48,1170060,974286,2.192982456140351,0
2023-07-28 10:55:40,174.7,2849903,224,172.48,1166739,977601,2.163742690058473,0
2023-07-28 10:55:40,174.7,2849903,224,172.48,1166739,977601,2.163742690058473,0
2023-07-28 10:55:40,174.75,2849904,1,172.48,1166183,977095,2.192982456140351,0
2023-07-28 10:55:41,174.75,2849914,10,172.48,1166185,977993,2.192982456140351,0
2023-07-28 10:55:41,174.75,2849914,1,172.48,1166185,977993,2.192982456140351,0
2023-07-28 10:55:43,174.7,2850131,1,172.48,1164314,977752,2.163742690058473,0
2023-07-28 10:55:44,174.65,2850232,98,172.48,1160304,978560,2.1345029239766116,0
2023-07-28 10:55:44,174.75,2850232,1,172.48,1160304,978560,2.192982456140351,0
2023-07-28 10:55:45,174.8,2858234,1,172.49,1125706,974064,2.222222222222229,0
2023-07-28 10:55:45,174.8,2858234,19,172.49,1125706,974064,2.222222222222229,0
2023-07-28 10:55:46,174.8,2858456,19,172.49,1164525,974803,2.222222222222229,0
2023-07-28 10:55:46,174.8,2858456,19,172.49,1164974,975123,2.222222222222229,0
2023-07-28 10:55:46,174.8,2858456,150,172.49,1164974,975123,2.222222222222229,0
2023-07-28 10:55:48,174.8,2858608,150,172.49,1165074,975844,2.222222222222229,0
2023-07-28 10:55:48,174.8,2858608,495,172.49,1165074,975844,2.222222222222229,0
2023-07-28 10:55:49,174.8,2859661,5,172.49,1162803,977000,2.222222222222229,0
2023-07-28 10:55:50,174.75,2860037,1,172.49,1161620,983619,2.192982456140351,0
2023-07-28 10:55:51,174.6,2860316,1,172.49,1148774,986895,2.1052631578947336,0
2023-07-28 10:55:52,174.65,2860421,5,172.49,1091992,982276,2.1345029239766116,0
2023-07-28 10:55:52,174.6,2860421,67,172.49,1091992,982276,2.1052631578947336,0
2023-07-28 10:55:53,174.6,2860707,300,172.49,1155101,981704,2.1052631578947336,0
2023-07-28 10:55:55,174.65,2861223,216,172.49,1155934,981761,2.1345029239766116,0
2023-07-28 10:55:57,174.75,2873299,88,172.5,1153139,976618,2.192982456140351,0
2023-07-28 10:55:57,174.6,2873309,10,172.5,1153285,979372,2.1052631578947336,0
2023-07-28 10:55:58,174.6,2873330,21,172.5,1143200,969864,2.1052631578947336,0
2023-07-28 10:55:59,174.7,2873360,30,172.5,1153198,980054,2.163742690058473,0
2023-07-28 10:56:00,174.6,2883967,5,172.51,1151156,979444,2.1052631578947336,0
2023-07-28 10:56:00,174.7,2883967,229,172.51,1151156,979444,2.163742690058473,0
2023-07-28 10:56:02,174.55,2887472,1,172.51,1150277,981592,2.076023391812872,0
2023-07-28 10:56:02,174.55,2887472,1,172.51,1150868,980695,2.076023391812872,0
2023-07-28 10:56:03,174.6,2887474,2,172.51,1151321,980695,2.1052631578947336,0
2023-07-28 10:56:03,174.6,2887474,50,172.51,1151321,980695,2.1052631578947336,0
2023-07-28 10:56:05,174.7,2887524,1,172.51,1151345,980522,2.163742690058473,0
2023-07-28 10:56:06,174.7,2887681,1,172.51,1151410,981447,2.163742690058473,0
2023-07-28 10:56:06,174.7,2887681,1,172.51,1151410,981447,2.163742690058473,0
2023-07-28 10:56:08,174.7,2887693,1,172.51,1151195,982288,2.163742690058473,0
2023-07-28 10:56:08,174.6,2887693,21,172.51,1151195,982288,2.1052631578947336,0
2023-07-28 10:56:09,174.7,2888007,1,172.51,1152076,981745,2.163742690058473,0
2023-07-28 10:56:09,174.7,2888007,1,172.51,1152076,981745,2.163742690058473,0
2023-07-28 10:56:10,174.6,2889672,100,172.51,1151785,983036,2.1052631578947336,0
2023-07-28 10:56:10,174.6,2889672,100,172.51,1151845,983036,2.1052631578947336,0
2023-07-28 10:56:10,174.6,2889672,22,172.51,1151845,983036,2.1052631578947336,0
2023-07-28 10:56:12,174.6,2889803,2,172.51,1152208,982166,2.1052631578947336,0
2023-07-28 10:56:12,174.6,2889803,2,172.51,1152208,982166,2.1052631578947336,0
2023-07-28 10:56:13,174.7,2890190,84,172.51,1152390,982073,2.163742690058473,0
2023-07-28 10:56:13,174.7,2890190,84,172.51,1152392,983173,2.163742690058473,0
2023-07-28 10:56:15,174.6,2890192,1,172.51,1154293,980546,2.1052631578947336,0
2023-07-28 10:56:15,174.6,2890192,1,172.51,1154293,980546,2.1052631578947336,0
2023-07-28 10:56:16,174.65,2890202,10,172.51,1154422,980812,2.1345029239766116,0
2023-07-28 10:56:19,174.65,2890210,5,172.51,1154477,981417,2.1345029239766116,0
2023-07-28 10:56:19,174.7,2890210,1,172.51,1154477,981417,2.163742690058473,0
2023-07-28 10:56:20,174.6,2890424,10,172.51,1154152,982296,2.1052631578947336,0
2023-07-28 10:56:20,174.6,2890424,138,172.51,1154152,982296,2.1052631578947336,0
2023-07-28 10:56:22,174.6,2892018,10,172.51,1154642,981899,2.1052631578947336,0
2023-07-28 10:56:22,174.6,2892018,10,172.51,1154642,981899,2.1052631578947336,0
2023-07-28 10:56:23,174.65,2892118,100,172.51,1157831,981900,2.1345029239766116,0
2023-07-28 10:56:23,174.65,2892118,100,172.51,1157831,981900,2.1345029239766116,0
2023-07-28 10:56:23,174.65,2892118,100,172.51,1157831,981900,2.1345029239766116,0
2023-07-28 10:56:23,174.6,2892118,30,172.51,1157831,981900,2.1052631578947336,0
2023-07-28 10:56:25,174.65,2892382,216,172.51,1157397,981639,2.1345029239766116,0
2023-07-28 10:56:26,174.65,2892482,100,172.51,1177555,980157,2.1345029239766116,0
2023-07-28 10:56:26,174.65,2892482,100,172.51,1177555,980157,2.1345029239766116,0
2023-07-28 10:56:27,174.65,2892493,1,172.51,1180563,979639,2.1345029239766116,0
2023-07-28 10:56:27,174.6,2892493,103,172.51,1180563,979639,2.1052631578947336,0
2023-07-28 10:56:28,174.65,2893318,1,172.52,1180521,980212,2.1345029239766116,0
2023-07-28 10:56:29,174.6,2893883,10,172.52,1179957,980504,2.1052631578947336,0
2023-07-28 10:56:30,174.6,2899341,5433,172.52,1135629,980699,2.1052631578947336,0
2023-07-28 10:56:31,174.6,2900406,10,172.52,1170853,983659,2.1052631578947336,0
2023-07-28 10:56:33,174.6,2900647,40,172.52,1170813,983244,2.1052631578947336,0
2023-07-28 10:56:33,174.6,2900647,150,172.52,1170813,983244,2.1052631578947336,0
2023-07-28 10:56:34,174.6,2900900,2,172.52,1170440,982676,2.1052631578947336,0
2023-07-28 10:56:35,174.7,2902271,266,172.52,1132670,982122,2.163742690058473,0
2023-07-28 10:56:36,174.7,2902273,2,172.52,1132670,982160,2.163742690058473,0
2023-07-28 10:56:36,174.6,2902273,46,172.52,1132670,982160,2.1052631578947336,0
2023-07-28 10:56:37,174.6,2902369,46,172.52,1171503,981978,2.1052631578947336,0
2023-07-28 10:56:37,174.6,2902369,1,172.52,1171503,981978,2.1052631578947336,0
2023-07-28 10:56:39,174.6,2902483,100,172.52,1168891,986209,2.1052631578947336,0
2023-07-28 10:56:39,174.7,2902483,10,172.52,1168891,986209,2.163742690058473,0
2023-07-28 10:56:40,174.6,2902743,5,172.52,1168661,986607,2.1052631578947336,0
2023-07-28 10:56:41,174.6,2902776,13,172.52,1168620,986625,2.1052631578947336,0
2023-07-28 10:56:41,174.6,2902776,13,172.52,1168620,986625,2.1052631578947336,0
2023-07-28 10:56:41,174.65,2902776,150,172.52,1168620,986625,2.1345029239766116,0
2023-07-28 10:56:43,174.6,2903062,25,172.52,1169434,988758,2.1052631578947336,0
2023-07-28 10:56:44,174.6,2903064,2,172.52,1169427,988758,2.1052631578947336,0
2023-07-28 10:56:45,174.6,2903662,250,172.52,1168731,990479,2.1052631578947336,0
2023-07-28 10:56:46,174.65,2903663,1,172.52,1168764,990819,2.1345029239766116,0
2023-07-28 10:56:47,174.65,2904664,1,172.52,1167315,991070,2.1345029239766116,0
2023-07-28 10:56:48,174.65,2904665,1,172.52,1167315,991519,2.1345029239766116,0
2023-07-28 10:56:49,174.65,2904670,5,172.52,1167315,991514,2.1345029239766116,0
2023-07-28 10:56:50,174.6,2904675,1,172.52,1168133,991510,2.1052631578947336,0
2023-07-28 10:56:50,174.65,2904675,19,172.52,1168133,991510,2.1345029239766116,0
2023-07-28 10:56:52,174.65,2904701,1,172.52,1168133,991842,2.1345029239766116,0
2023-07-28 10:56:53,174.65,2904841,40,172.52,1168126,992770,2.1345029239766116,0
2023-07-28 10:56:54,174.65,2904863,20,172.52,1167711,992555,2.1345029239766116,0
2023-07-28 10:56:54,174.65,2904863,50,172.52,1167711,992555,2.1345029239766116,0
2023-07-28 10:56:55,174.65,2905129,50,172.52,1167710,992181,2.1345029239766116,0
2023-07-28 10:56:57,174.65,2905516,70,172.52,1168751,991113,2.1345029239766116,0
2023-07-28 10:56:57,174.65,2905516,70,172.52,1169078,991118,2.1345029239766116,0
2023-07-28 10:56:57,174.7,2905516,1,172.52,1169078,991118,2.163742690058473,0
2023-07-28 10:56:59,174.7,2905529,10,172.52,1168254,990769,2.163742690058473,0
2023-07-28 10:56:59,174.7,2905529,10,172.52,1167954,990769,2.163742690058473,0
2023-07-28 10:57:00,174.7,2905530,1,172.52,1168758,989728,2.163742690058473,0
2023-07-28 10:57:02,174.65,2907582,2,172.53,1169329,988418,2.1345029239766116,0
2023-07-28 10:57:02,174.65,2907582,2,172.53,1169329,988418,2.1345029239766116,0
2023-07-28 10:57:02,174.65,2907582,2,172.53,1169329,988657,2.1345029239766116,0
2023-07-28 10:57:02,174.65,2907582,2,172.53,1169379,989085,2.1345029239766116,0
2023-07-28 10:57:02,174.7,2907582,2,172.53,1169379,989085,2.163742690058473,0
2023-07-28 10:57:05,174.7,2907798,2,172.53,1169379,989980,2.163742690058473,0
2023-07-28 10:57:07,174.7,2907799,1,172.53,1169485,990279,2.163742690058473,0
2023-07-28 10:57:07,174.65,2907799,20,172.53,1169485,990279,2.1345029239766116,0
2023-07-28 10:57:07,174.7,2907799,10,172.53,1169485,990279,2.163742690058473,0
2023-07-28 10:57:07,174.75,2907799,2,172.53,1169485,990279,2.192982456140351,0
2023-07-28 10:57:07,174.75,2907799,219,172.53,1169485,990279,2.192982456140351,0
2023-07-28 10:57:07,174.7,2907799,18,172.53,1169485,990279,2.163742690058473,0
2023-07-28 10:57:18,174.7,2908112,1,172.53,1186482,988124,2.163742690058473,0
2023-07-28 10:57:18,174.7,2908112,27,172.53,1186482,988124,2.163742690058473,0
2023-07-28 10:57:18,174.7,2908112,3,172.53,1186482,988124,2.163742690058473,0
2023-07-28 10:57:18,174.7,2908112,3,172.53,1186482,988124,2.163742690058473,0
2023-07-28 10:57:18,174.7,2908112,14,172.53,1186482,988124,2.163742690058473,0
2023-07-28 10:57:18,174.7,2908112,3,172.53,1186482,988124,2.163742690058473,0
2023-07-28 10:57:18,174.7,2908112,200,172.53,1186482,988124,2.163742690058473,0
2023-07-28 10:57:18,174.7,2908112,1,172.53,1186482,988124,2.163742690058473,0
2023-07-28 10:57:18,174.65,2908112,1,172.53,1186482,988124,2.1345029239766116,0
2023-07-28 10:57:28,174.75,2910562,11,172.53,1182282,993278,2.192982456140351,0
2023-07-28 10:57:28,174.75,2910562,11,172.53,1182282,993278,2.192982456140351,0
2023-07-28 10:57:28,174.7,2910562,3,172.53,1182282,993278,2.163742690058473,0
2023-07-28 10:57:28,174.7,2910562,3,172.53,1182282,993278,2.163742690058473,0
2023-07-28 10:57:28,174.8,2910562,85,172.53,1182282,993278,2.222222222222229,0
2023-07-28 10:57:32,174.7,2915118,3,172.53,1185820,981080,2.163742690058473,0
2023-07-28 10:57:32,174.7,2915118,3,172.53,1185820,981080,2.163742690058473,0
2023-07-28 10:57:32,174.75,2915118,20,172.53,1185820,981080,2.192982456140351,0
2023-07-28 10:57:32,174.8,2915118,63,172.53,1185820,981080,2.222222222222229,0
2023-07-28 10:57:37,174.75,2915648,1,172.53,1184381,989299,2.192982456140351,0
2023-07-28 10:57:37,174.75,2915648,3,172.53,1184381,989299,2.192982456140351,0
2023-07-28 10:57:37,174.75,2915648,3,172.53,1184381,989299,2.192982456140351,0
2023-07-28 10:57:37,174.7,2915648,1,172.53,1184381,989299,2.163742690058473,0
2023-07-28 10:57:37,174.75,2915648,3,172.53,1184381,989299,2.192982456140351,0
2023-07-28 10:57:41,174.65,2920202,4,172.54,1144854,993960,2.1345029239766116,0
2023-07-28 10:57:41,174.7,2920202,2,172.54,1144854,993960,2.163742690058473,0
2023-07-28 10:57:41,174.65,2920202,41,172.54,1144854,993960,2.1345029239766116,0
2023-07-28 10:57:45,174.7,2921064,1,172.54,1147094,994548,2.163742690058473,0
2023-07-28 10:57:45,174.7,2921064,215,172.54,1147094,994548,2.163742690058473,0
2023-07-28 10:57:45,174.7,2921064,4,172.54,1147094,994548,2.163742690058473,0
2023-07-28 10:57:48,174.7,2921283,4,172.54,1185455,994615,2.163742690058473,0
2023-07-28 10:57:48,174.7,2921283,5,172.54,1185455,994615,2.163742690058473,0
2023-07-28 10:57:48,174.65,2921283,9,172.54,1185455,994615,2.1345029239766116,0
2023-07-28 10:57:48,174.65,2921283,1,172.54,1185455,994615,2.1345029239766116,0
2023-07-28 10:57:54,174.7,2922335,20,172.54,1180633,999453,2.163742690058473,0
2023-07-28 10:57:54,174.7,2922335,57,172.54,1180633,999453,2.163742690058473,0
2023-07-28 10:57:54,174.7,2922335,28,172.54,1180633,999453,2.163742690058473,0
2023-07-28 10:57:54,174.7,2922335,50,172.54,1180633,999453,2.163742690058473,0
2023-07-28 10:57:54,174.7,2922335,6,172.54,1180633,999453,2.163742690058473,0
2023-07-28 10:57:54,174.7,2922335,100,172.54,1180633,999453,2.163742690058473,0
2023-07-28 10:57:54,174.65,2922335,700,172.54,1180633,999453,2.1345029239766116,0
2023-07-28 10:57:54,174.65,2922335,43,172.54,1180633,999453,2.1345029239766116,0
2023-07-28 10:57:54,174.7,2922335,200,172.54,1180633,999453,2.163742690058473,0
2023-07-28 10:58:04,174.65,2924844,1000,172.54,1181193,997787,2.1345029239766116,0
2023-07-28 10:58:04,174.65,2924844,60,172.54,1181193,997787,2.1345029239766116,0
2023-07-28 10:58:04,174.7,2924844,1,172.54,1181193,997787,2.163742690058473,0
2023-07-28 10:58:04,174.65,2924844,100,172.54,1181193,997787,2.1345029239766116,0
2023-07-28 10:58:07,174.7,2925725,50,172.54,1180162,1003511,2.163742690058473,0
2023-07-28 10:58:07,174.65,2925725,1,172.54,1180162,1003511,2.1345029239766116,0
2023-07-28 10:58:07,174.65,2925725,1000,172.54,1180162,1003511,2.1345029239766116,0
2023-07-28 10:58:07,174.65,2925725,49,172.54,1180162,1003511,2.1345029239766116,0
2023-07-28 10:58:07,174.7,2925725,484,172.54,1180162,1003511,2.163742690058473,0
2023-07-28 10:58:11,174.7,2927446,484,172.54,1180078,1001287,2.163742690058473,0
2023-07-28 10:58:11,174.7,2927446,217,172.54,1180078,1001287,2.163742690058473,0
2023-07-28 10:58:16,174.65,2928082,15,172.54,1178855,1002829,2.1345029239766116,0
2023-07-28 10:58:16,174.7,2928082,5,172.54,1178855,1002829,2.163742690058473,0
2023-07-28 10:58:16,174.7,2928082,1000,172.54,1178855,1002829,2.163742690058473,0
2023-07-28 10:58:16,174.65,2928082,1,172.54,1178855,1002829,2.1345029239766116,0
2023-07-28 10:58:20,174.65,2929103,100,172.54,1178394,1003077,2.1345029239766116,0
2023-07-28 10:58:20,174.65,2929103,333,172.54,1178394,1003077,2.1345029239766116,0
2023-07-28 10:58:20,174.55,2929103,1,172.54,1178394,1003077,2.076023391812872,0
2023-07-28 10:58:26,174.6,2946189,14,172.55,1155631,993529,2.1052631578947336,0
2023-07-28 10:58:26,174.6,2946189,35,172.55,1155631,993529,2.1052631578947336,0
2023-07-28 10:58:26,174.6,2946189,10,172.55,1155631,993529,2.1052631578947336,0
2023-07-28 10:58:26,174.55,2946189,50,172.55,1155631,993529,2.076023391812872,0
2023-07-28 10:58:26,174.5,2946189,100,172.55,1155631,993529,2.046783625730994,0
2023-07-28 10:58:30,174.6,2952280,60,172.56,1153432,1008465,2.1052631578947336,0
2023-07-28 10:58:30,174.5,2952280,120,172.56,1153432,1008465,2.046783625730994,0
2023-07-28 10:58:30,174.6,2952280,5,172.56,1153432,1008465,2.1052631578947336,0
2023-07-28 10:58:30,174.6,2952280,1,172.56,1153432,1008465,2.1052631578947336,0
2023-07-28 10:58:30,174.6,2952280,1,172.56,1153432,1008465,2.1052631578947336,0
2023-07-28 10:58:34,174.55,2953333,25,172.56,1149244,1007644,2.076023391812872,0
2023-07-28 10:58:34,174.55,2953333,6,172.56,1149244,1007644,2.076023391812872,0
2023-07-28 10:58:34,174.55,2953333,1,172.56,1149244,1007644,2.076023391812872,0
2023-07-28 10:58:34,174.55,2953333,15,172.56,1149244,1007644,2.076023391812872,0
2023-07-28 10:58:39,174.5,2953572,1,172.56,1152502,1007929,2.046783625730994,0
2023-07-28 10:58:39,174.5,2953572,1,172.56,1152502,1007929,2.046783625730994,0
2023-07-28 10:58:39,174.5,2953572,15,172.56,1152502,1007929,2.046783625730994,0
2023-07-28 10:58:39,174.5,2953572,50,172.56,1152502,1007929,2.046783625730994,0
2023-07-28 10:58:39,174.45,2953572,100,172.56,1152502,1007929,2.017543859649116,0
2023-07-28 10:58:43,174.3,2967623,2,172.57,1105921,1010608,1.9298245614035154,0
2023-07-28 10:58:43,174.3,2967623,2,172.57,1105921,1010608,1.9298245614035154,0
2023-07-28 10:58:43,174.35,2967623,25,172.57,1105921,1010608,1.9590643274853767,0
2023-07-28 10:58:43,174.35,2967623,4,172.57,1105921,1010608,1.9590643274853767,0
2023-07-28 10:58:43,174.35,2967623,500,172.57,1105921,1010608,1.9590643274853767,0
2023-07-28 10:58:43,174.4,2967623,4,172.57,1105921,1010608,1.9883040935672547,0
2023-07-28 10:58:48,174.4,2969611,52,172.57,1114650,1010543,1.9883040935672547,0
2023-07-28 10:58:48,174.3,2969611,29,172.57,1114650,1010543,1.9298245614035154,0
2023-07-28 10:58:48,174.35,2969611,1,172.57,1114650,1010543,1.9590643274853767,0
2023-07-28 10:58:48,174.25,2969611,100,172.57,1114650,1010543,1.9005847953216375,0
2023-07-28 10:58:52,174.3,2979242,97,172.57,1118949,1014639,1.9298245614035154,0
2023-07-28 10:58:52,174.3,2979242,1,172.57,1118949,1014639,1.9298245614035154,0
2023-07-28 10:58:52,174.3,2979242,50,172.57,1118949,1014639,1.9298245614035154,0
2023-07-28 10:58:52,174.25,2979242,83,172.57,1118949,1014639,1.9005847953216375,0
2023-07-28 10:58:56,174.35,2980735,1,172.57,1117417,1014427,1.9590643274853767,0
2023-07-28 10:58:56,174.4,2980735,10,172.57,1117417,1014427,1.9883040935672547,0
2023-07-28 10:58:56,174.35,2980735,100,172.57,1117417,1014427,1.9590643274853767,0
2023-07-28 10:58:56,174.35,2980735,8,172.57,1117417,1014427,1.9590643274853767,0
2023-07-28 10:58:56,174.35,2980735,5,172.57,1117417,1014427,1.9590643274853767,0
2023-07-28 10:59:01,174.4,2980917,25,172.58,1116745,1015506,1.9883040935672547,0
2023-07-28 10:59:01,174.25,2980917,19,172.58,1116745,1015506,1.9005847953216375,0
2023-07-28 10:59:01,174.25,2980917,1,172.58,1116745,1015506,1.9005847953216375,0
2023-07-28 10:59:01,174.25,2980917,1,172.58,1116745,1015506,1.9005847953216375,0
2023-07-28 10:59:04,174.25,2982701,160,172.58,1119102,1014280,1.9005847953216375,0
2023-07-28 10:59:04,174.25,2982701,5,172.58,1119102,1014280,1.9005847953216375,0
2023-07-28 10:59:04,174.35,2982701,3,172.58,1119102,1014280,1.9590643274853767,0
2023-07-28 10:59:04,174.35,2982701,1,172.58,1119102,1014280,1.9590643274853767,0
2023-07-28 10:59:08,174.25,2982959,2,172.58,1118102,1014243,1.9005847953216375,0
2023-07-28 10:59:08,174.25,2982959,99,172.58,1118102,1014243,1.9005847953216375,0
2023-07-28 10:59:08,174.25,2982959,5,172.58,1118102,1014243,1.9005847953216375,0
2023-07-28 10:59:08,174.2,2982959,1,172.58,1118102,1014243,1.8713450292397595,0
2023-07-28 10:59:13,174.2,2990601,40,172.58,1113759,1001274,1.8713450292397595,0
2023-07-28 10:59:13,174.25,2990601,215,172.58,1113759,1001274,1.9005847953216375,0
2023-07-28 10:59:13,174.3,2990601,2,172.58,1113759,1001274,1.9298245614035154,0
2023-07-28 10:59:13,174.2,2990601,138,172.58,1113759,1001274,1.8713450292397595,0
2023-07-28 10:59:18,174.2,2992451,45,172.58,1096751,1020340,1.8713450292397595,0
2023-07-28 10:59:18,174.2,2992451,800,172.58,1096751,1020340,1.8713450292397595,0
2023-07-28 10:59:18,174.15,2992451,100,172.58,1096751,1020340,1.842105263157898,0
2023-07-28 10:59:18,174.15,2992451,6,172.58,1096751,1020340,1.842105263157898,0
2023-07-28 10:59:18,174.2,2992451,1000,172.58,1096751,1020340,1.8713450292397595,0
2023-07-28 10:59:22,174.2,2995044,200,172.58,1097033,1017607,1.8713450292397595,0
2023-07-28 10:59:22,174.2,2995044,200,172.58,1097033,1017607,1.8713450292397595,0
2023-07-28 10:59:22,174.2,2995044,200,172.58,1097033,1017607,1.8713450292397595,0
2023-07-28 10:59:22,174.2,2995044,280,172.58,1097033,1017607,1.8713450292397595,0
2023-07-28 10:59:22,174.2,2995044,10,172.58,1097033,1017607,1.8713450292397595,0
2023-07-28 10:59:22,174.15,2995044,547,172.58,1097033,1017607,1.842105263157898,0
2023-07-28 10:59:25,174.15,2997301,547,172.58,1097281,1013310,1.842105263157898,0
2023-07-28 10:59:25,174.3,2997301,7,172.58,1097281,1013310,1.9298245614035154,0
2023-07-28 10:59:25,174.15,2997301,3,172.58,1097281,1013310,1.842105263157898,0
2023-07-28 10:59:25,174.15,2997301,18,172.58,1097281,1013310,1.842105263157898,0
2023-07-28 10:59:25,174.15,2997301,10,172.58,1097281,1013310,1.842105263157898,0
2023-07-28 10:59:31,174.35,3002653,146,172.59,1101603,1011416,1.9590643274853767,0
2023-07-28 10:59:31,174.3,3002653,3,172.59,1101603,1011416,1.9298245614035154,0
2023-07-28 10:59:31,174.15,3002653,1100,172.59,1101603,1011416,1.842105263157898,0
2023-07-28 10:59:31,174.3,3002653,1,172.59,1101603,1011416,1.9298245614035154,0
2023-07-28 10:59:31,174.3,3002653,1,172.59,1101603,1011416,1.9298245614035154,0
2023-07-28 10:59:35,174.15,3007749,100,172.59,1096812,1019076,1.842105263157898,0
2023-07-28 10:59:35,174.15,3007749,1,172.59,1096812,1019076,1.842105263157898,0
2023-07-28 10:59:35,174.15,3007749,2,172.59,1096812,1019076,1.842105263157898,0
2023-07-28 10:59:40,174.25,3008162,1,172.59,1097583,1019666,1.9005847953216375,0
2023-07-28 10:59:40,174.25,3008162,2,172.59,1097583,1019666,1.9005847953216375,0
2023-07-28 10:59:40,174.15,3008162,1,172.59,1097583,1019666,1.842105263157898,0
2023-07-28 10:59:40,174.15,3008162,22,172.59,1097583,1019666,1.842105263157898,0
2023-07-28 10:59:44,174.15,3008283,80,172.59,1097366,1020980,1.842105263157898,0
2023-07-28 10:59:44,174.2,3008283,50,172.59,1097366,1020980,1.8713450292397595,0
2023-07-28 10:59:44,174.2,3008283,17,172.59,1097366,1020980,1.8713450292397595,0
2023-07-28 10:59:49,174.2,3008537,1,172.59,1097741,1020611,1.8713450292397595,0
2023-07-28 10:59:49,174.2,3008537,1,172.59,1097741,1020611,1.8713450292397595,0
2023-07-28 10:59:49,174.15,3008537,10,172.59,1097741,1020611,1.842105263157898,0
2023-07-28 10:59:49,174.15,3008537,100,172.59,1097741,1020611,1.842105263157898,0
2023-07-28 10:59:53,174.15,3010627,98,172.59,1089947,1023176,1.842105263157898,0
2023-07-28 10:59:53,174.1,3010627,384,172.59,1089947,1023176,1.81286549707602,0
2023-07-28 10:59:53,174.15,3010627,27,172.59,1089947,1023176,1.842105263157898,0
2023-07-28 10:59:53,174.2,3010627,2,172.59,1089947,1023176,1.8713450292397595,0
2023-07-28 10:59:57,174.1,3014844,20,172.59,1051996,1025195,1.81286549707602,0
2023-07-28 10:59:57,174.1,3014844,20,172.59,1051996,1025195,1.81286549707602,0
2023-07-28 10:59:57,174.15,3014844,3,172.59,1051996,1025195,1.842105263157898,0
2023-07-28 10:59:57,174.15,3014844,50,172.59,1051996,1025195,1.842105263157898,0
2023-07-28 10:59:57,174.15,3014844,1,172.59,1051996,1025195,1.842105263157898,0
2023-07-28 11:00:01,174.15,3017959,1,172.59,1080611,1028361,1.842105263157898,0
2023-07-28 11:00:01,174.2,3017959,7,172.59,1080611,1028361,1.8713450292397595,0
2023-07-28 11:00:01,174.1,3017959,1,172.59,1080611,1028361,1.81286549707602,0
2023-07-28 11:00:01,174.2,3017959,1,172.59,1080611,1028361,1.8713450292397595,0
2023-07-28 11:00:01,174.15,3017959,10,172.59,1080611,1028361,1.842105263157898,0
2023-07-28 11:00:01,174.2,3017959,5,172.59,1080611,1028361,1.8713450292397595,0
2023-07-28 11:00:07,174.2,3019850,1,172.6,1094215,1027471,1.8713450292397595,0
2023-07-28 11:00:07,174.2,3019850,1,172.6,1094215,1027471,1.8713450292397595,0
2023-07-28 11:00:07,174.2,3019850,1,172.6,1094215,1027471,1.8713450292397595,0
2023-07-28 11:00:07,174.1,3019850,50,172.6,1094215,1027471,1.81286549707602,0
2023-07-28 11:00:10,174.1,3020066,50,172.6,1095861,1028882,1.81286549707602,0
2023-07-28 11:00:10,174.1,3020066,5,172.6,1095861,1028882,1.81286549707602,0
2023-07-28 11:00:10,174.2,3020066,3,172.6,1095861,1028882,1.8713450292397595,0
2023-07-28 11:00:10,174.1,3020066,20,172.6,1095861,1028882,1.81286549707602,0
2023-07-28 11:00:15,174.1,3020096,20,172.6,1096270,1034350,1.81286549707602,0
2023-07-28 11:00:15,174.15,3020096,50,172.6,1096270,1034350,1.842105263157898,0
2023-07-28 11:00:15,174.2,3020096,871,172.6,1096270,1034350,1.8713450292397595,0
2023-07-28 11:00:15,174.15,3020096,28,172.6,1096270,1034350,1.842105263157898,0
2023-07-28 11:00:15,174.1,3020096,5,172.6,1096270,1034350,1.81286549707602,0
2023-07-28 11:00:20,174.1,3022388,5,172.6,1101597,1034172,1.81286549707602,0
2023-07-28 11:00:20,174.1,3022388,129,172.6,1101597,1034172,1.81286549707602,0
2023-07-28 11:00:20,174.2,3022388,812,172.6,1101597,1034172,1.8713450292397595,0
2023-07-28 11:00:20,174.2,3022388,1,172.6,1101597,1034172,1.8713450292397595,0
2023-07-28 11:00:20,174.1,3022388,7,172.6,1101597,1034172,1.81286549707602,0
2023-07-28 11:00:25,174.15,3023861,216,172.6,1100803,1035413,1.842105263157898,0
2023-07-28 11:00:25,174.1,3023861,1,172.6,1100803,1035413,1.81286549707602,0
2023-07-28 11:00:25,174.1,3023861,18,172.6,1100803,1035413,1.81286549707602,0
2023-07-28 11:00:25,174.15,3023861,2,172.6,1100803,1035413,1.842105263157898,0
2023-07-28 11:00:29,174.15,3024301,47,172.6,1100856,1035857,1.842105263157898,0
2023-07-28 11:00:29,174.1,3024301,11,172.6,1100856,1035857,1.81286549707602,0
2023-07-28 11:00:29,174.1,3024301,4,172.6,1100856,1035857,1.81286549707602,0
2023-07-28 11:00:29,174.15,3024301,1,172.6,1100856,1035857,1.842105263157898,0
2023-07-28 11:00:29,174.1,3024301,1,172.6,1100856,1035857,1.81286549707602,0
2023-07-28 11:00:34,174.15,3024758,2,172.6,1101271,1035410,1.842105263157898,0
2023-07-28 11:00:34,174.15,3024758,2,172.6,1101271,1035410,1.842105263157898,0
2023-07-28 11:00:34,174.2,3024758,346,172.6,1101271,1035410,1.8713450292397595,0
2023-07-28 11:00:34,174.2,3024758,4,172.6,1101271,1035410,1.8713450292397595,0
2023-07-28 11:00:38,174.2,3032262,100,172.6,1118820,1026583,1.8713450292397595,0
2023-07-28 11:00:38,174.2,3032262,104,172.6,1118820,1026583,1.8713450292397595,0
2023-07-28 11:00:38,174.2,3032262,100,172.6,1118820,1026583,1.8713450292397595,0
2023-07-28 11:00:38,174.2,3032262,2,172.6,1118820,1026583,1.8713450292397595,0
2023-07-28 11:00:42,174.2,3032775,177,172.6,1118923,1029225,1.8713450292397595,0
2023-07-28 11:00:42,174.25,3032775,6,172.6,1118923,1029225,1.9005847953216375,0
2023-07-28 11:00:42,174.2,3032775,51,172.6,1118923,1029225,1.8713450292397595,0
2023-07-28 11:00:42,174.2,3032775,30,172.6,1118923,1029225,1.8713450292397595,0
2023-07-28 11:00:42,174.2,3032775,97,172.6,1118923,1029225,1.8713450292397595,0
2023-07-28 11:00:42,174.2,3032775,20,172.6,1118923,1029225,1.8713450292397595,0
2023-07-28 11:00:42,174.3,3032775,2,172.6,1118923,1029225,1.9298245614035154,0
2023-07-28 11:00:42,174.2,3032775,81,172.6,1118923,1029225,1.8713450292397595,0
2023-07-28 11:00:51,174.2,3040606,2,172.61,1115947,1026714,1.8713450292397595,0
2023-07-28 11:00:51,174.2,3040606,100,172.61,1115947,1026714,1.8713450292397595,0
2023-07-28 11:00:51,174.3,3040606,91,172.61,1115947,1026714,1.9298245614035154,0
2023-07-28 11:00:55,174.25,3041460,2,172.61,1117236,1026200,1.9005847953216375,0
2023-07-28 11:00:55,174.25,3041460,1,172.61,1117236,1026200,1.9005847953216375,0
2023-07-28 11:00:55,174.3,3041460,2,172.61,1117236,1026200,1.9298245614035154,0
2023-07-28 11:01:00,174.25,3041541,1,172.61,1119280,1026074,1.9005847953216375,0
2023-07-28 11:01:00,174.25,3041541,9,172.61,1119280,1026074,1.9005847953216375,0
2023-07-28 11:01:00,174.3,3041541,12,172.61,1119280,1026074,1.9298245614035154,0
2023-07-28 11:01:00,174.3,3041541,87,172.61,1119280,1026074,1.9298245614035154,0
2023-07-28 11:01:00,174.25,3041541,160,172.61,1119280,1026074,1.9005847953216375,0
2023-07-28 11:01:04,174.25,3042010,1,172.61,1119716,1027818,1.9005847953216375,0
2023-07-28 11:01:04,174.3,3042010,10,172.61,1119716,1027818,1.9298245614035154,0
2023-07-28 11:01:04,174.3,3042010,3,172.61,1119716,1027818,1.9298245614035154,0
2023-07-28 11:01:04,174.25,3042010,12,172.61,1119716,1027818,1.9005847953216375,0
2023-07-28 11:01:09,174.25,3042277,11,172.61,1122397,1030046,1.9005847953216375,0
2023-07-28 11:01:09,174.25,3042277,16,172.61,1122397,1030046,1.9005847953216375,0
2023-07-28 11:01:09,174.25,3042277,100,172.61,1122397,1030046,1.9005847953216375,0
2023-07-28 11:01:13,174.2,3042807,1,172.61,1122001,1031344,1.8713450292397595,0
2023-07-28 11:01:13,174.25,3042807,5,172.61,1122001,1031344,1.9005847953216375,0
2023-07-28 11:01:13,174.25,3042807,217,172.61,1122001,1031344,1.9005847953216375,0
2023-07-28 11:01:17,174.2,3043385,1,172.61,1121041,1035913,1.8713450292397595,0
2023-07-28 11:01:17,174.25,3043385,50,172.61,1121041,1035913,1.9005847953216375,0
2023-07-28 11:01:17,174.2,3043385,7,172.61,1121041,1035913,1.8713450292397595,0
2023-07-28 11:01:17,174.2,3043385,20,172.61,1121041,1035913,1.8713450292397595,0
2023-07-28 11:01:22,174.2,3044310,5,172.61,1117862,1036525,1.8713450292397595,0
2023-07-28 11:01:22,174.2,3044310,293,172.61,1117862,1036525,1.8713450292397595,0
2023-07-28 11:01:22,174.25,3044310,10,172.61,1117862,1036525,1.9005847953216375,0
2023-07-28 11:01:22,174.2,3044310,2,172.61,1117862,1036525,1.8713450292397595,0
2023-07-28 11:01:22,174.2,3044310,216,172.61,1117862,1036525,1.8713450292397595,0
2023-07-28 11:01:25,174.2,3044902,216,172.61,1113267,1038726,1.8713450292397595,0
2023-07-28 11:01:25,174.2,3044902,10,172.61,1113267,1038726,1.8713450292397595,0
2023-07-28 11:01:25,174.2,3044902,100,172.61,1113267,1038726,1.8713450292397595,0
2023-07-28 11:01:25,174.15,3044902,5,172.61,1113267,1038726,1.842105263157898,0
2023-07-28 11:01:29,174.15,3045353,2,172.61,1113370,1038540,1.842105263157898,0
2023-07-28 11:01:29,174.2,3045353,5,172.61,1113370,1038540,1.8713450292397595,0
2023-07-28 11:01:29,174.2,3045353,50,172.61,1113370,1038540,1.8713450292397595,0
2023-07-28 11:01:34,174.2,3045710,1,172.61,1114139,1037605,1.8713450292397595,0
2023-07-28 11:01:34,174.2,3045710,100,172.61,1114139,1037605,1.8713450292397595,0
2023-07-28 11:01:34,174.2,3045710,8,172.61,1114139,1037605,1.8713450292397595,0
2023-07-28 11:01:34,174.25,3045710,1,172.61,1114139,1037605,1.9005847953216375,0
2023-07-28 11:01:34,174.25,3045710,150,172.61,1114139,1037605,1.9005847953216375,0
2023-07-28 11:01:34,174.25,3045710,1,172.61,1114139,1037605,1.9005847953216375,0
2023-07-28 11:01:34,174.25,3045710,440,172.61,1114139,1037605,1.9005847953216375,0
2023-07-28 11:01:39,174.25,3051918,440,172.61,1120183,1031826,1.9005847953216375,0
2023-07-28 11:01:39,174.25,3051918,60,172.61,1120183,1031826,1.9005847953216375,0
2023-07-28 11:01:39,174.25,3051918,50,172.61,1120183,1031826,1.9005847953216375,0
2023-07-28 11:01:39,174.3,3051918,1,172.61,1120183,1031826,1.9298245614035154,0
2023-07-28 11:01:46,174.2,3052998,107,172.61,1120494,1031695,1.8713450292397595,0
2023-07-28 11:01:46,174.25,3052998,1,172.61,1120494,1031695,1.9005847953216375,0
2023-07-28 11:01:46,174.3,3052998,1,172.61,1120494,1031695,1.9298245614035154,0
2023-07-28 11:01:49,174.3,3053013,10,172.61,1120827,1031164,1.9298245614035154,0
2023-07-28 11:01:49,174.3,3053013,2,172.61,1120827,1031164,1.9298245614035154,0
2023-07-28 11:01:49,174.25,3053013,1,172.61,1120827,1031164,1.9005847953216375,0
2023-07-28 11:01:49,174.25,3053013,3,172.61,1120827,1031164,1.9005847953216375,0
2023-07-28 11:01:54,174.3,3053022,2,172.61,1120678,1032411,1.9298245614035154,0
2023-07-28 11:01:54,174.25,3053022,2,172.61,1120678,1032411,1.9005847953216375,0
2023-07-28 11:01:54,174.25,3053022,1,172.61,1120678,1032411,1.9005847953216375,0
2023-07-28 11:01:57,174.25,3053243,1,172.61,1121100,1032083,1.9005847953216375,0
2023-07-28 11:01:57,174.3,3053243,1,172.61,1121100,1032083,1.9298245614035154,0
2023-07-28 11:01:57,174.2,3053243,5,172.61,1121100,1032083,1.8713450292397595,0
2023-07-28 11:01:57,174.3,3053243,452,172.61,1121100,1032083,1.9298245614035154,0
2023-07-28 11:01:57,174.3,3053243,5,172.61,1121100,1032083,1.9298245614035154,0
2023-07-28 11:01:57,174.3,3053243,1,172.61,1121100,1032083,1.9298245614035154,0
2023-07-28 11:01:57,174.35,3053243,3,172.61,1121100,1032083,1.9590643274853767,0
2023-07-28 11:01:57,174.3,3053243,81,172.61,1121100,1032083,1.9298245614035154,0
2023-07-28 11:02:07,174.3,3063959,81,172.62,1128648,1022032,1.9298245614035154,0
2023-07-28 11:02:07,174.3,3063959,50,172.62,1128648,1022032,1.9298245614035154,0
2023-07-28 11:02:07,174.35,3063959,3,172.62,1128648,1022032,1.9590643274853767,0
2023-07-28 11:02:07,174.3,3063959,10,172.62,1128648,1022032,1.9298245614035154,0
2023-07-28 11:02:12,174.3,3064052,20,172.62,1131351,1022282,1.9298245614035154,0
2023-07-28 11:02:12,174.35,3064052,136,172.62,1131351,1022282,1.9590643274853767,0
2023-07-28 11:02:12,174.4,3064052,7,172.62,1131351,1022282,1.9883040935672547,0
2023-07-28 11:02:12,174.4,3064052,207,172.62,1131351,1022282,1.9883040935672547,0
2023-07-28 11:02:15,174.4,3065068,207,172.62,1138103,1013957,1.9883040935672547,0
2023-07-28 11:02:15,174.35,3065068,1,172.62,1138103,1013957,1.9590643274853767,0
2023-07-28 11:02:15,174.35,3065068,100,172.62,1138103,1013957,1.9590643274853767,0
2023-07-28 11:02:22,174.4,3065181,1,172.62,1133893,1015702,1.9883040935672547,0
2023-07-28 11:02:22,174.4,3065181,1,172.62,1133893,1015702,1.9883040935672547,0
2023-07-28 11:02:22,174.4,3065181,1,172.62,1133893,1015702,1.9883040935672547,0
2023-07-28 11:02:22,174.4,3065181,6,172.62,1133893,1015702,1.9883040935672547,0
2023-07-28 11:02:22,174.4,3065181,6,172.62,1133893,1015702,1.9883040935672547,0
2023-07-28 11:02:22,174.35,3065181,12,172.62,1133893,1015702,1.9590643274853767,0
2023-07-28 11:02:22,174.35,3065181,12,172.62,1133893,1015702,1.9590643274853767,0
2023-07-28 11:02:22,174.4,3065181,214,172.62,1133893,1015702,1.9883040935672547,0
2023-07-28 11:02:26,174.4,3065640,10,172.62,1135209,1017052,1.9883040935672547,0
2023-07-28 11:02:26,174.4,3065640,10,172.62,1135209,1017052,1.9883040935672547,0
2023-07-28 11:02:26,174.4,3065640,85,172.62,1135209,1017052,1.9883040935672547,0
2023-07-28 11:02:26,174.4,3065640,1,172.62,1135209,1017052,1.9883040935672547,0
2023-07-28 11:02:26,174.45,3065640,195,172.62,1135209,1017052,2.017543859649116,0
2023-07-28 11:02:31,174.5,3066841,9,172.62,1142851,1006572,2.046783625730994,0
2023-07-28 11:02:31,174.5,3066841,12,172.62,1142851,1006572,2.046783625730994,0
2023-07-28 11:02:31,174.4,3066841,37,172.62,1142851,1006572,1.9883040935672547,0
2023-07-28 11:02:31,174.45,3066841,181,172.62,1142851,1006572,2.017543859649116,0
2023-07-28 11:02:31,174.45,3066841,115,172.62,1142851,1006572,2.017543859649116,0
2023-07-28 11:02:35,174.5,3068187,200,172.62,1132978,1021840,2.046783625730994,0
2023-07-28 11:02:35,174.45,3068187,51,172.62,1132978,1021840,2.017543859649116,0
2023-07-28 11:02:39,174.4,3068508,1,172.62,1130185,1022239,1.9883040935672547,0
2023-07-28 11:02:39,174.45,3068508,50,172.62,1130185,1022239,2.017543859649116,0
2023-07-28 11:02:39,174.4,3068508,1,172.62,1130185,1022239,1.9883040935672547,0
2023-07-28 11:02:39,174.4,3068508,2,172.62,1130185,1022239,1.9883040935672547,0
2023-07-28 11:02:43,174.45,3068913,10,172.62,1131464,1023715,2.017543859649116,0
2023-07-28 11:02:43,174.45,3068913,169,172.62,1131464,1023715,2.017543859649116,0
2023-07-28 11:02:43,174.45,3068913,1,172.62,1131464,1023715,2.017543859649116,0
2023-07-28 11:02:43,174.4,3068913,100,172.62,1131464,1023715,1.9883040935672547,0
2023-07-28 11:02:47,174.5,3072139,813,172.62,1135471,1021861,2.046783625730994,0
2023-07-28 11:02:47,174.45,3072139,1,172.62,1135471,1021861,2.017543859649116,0
2023-07-28 11:02:47,174.5,3072139,1,172.62,1135471,1021861,2.046783625730994,0
2023-07-28 11:02:47,174.5,3072139,1,172.62,1135471,1021861,2.046783625730994,0
2023-07-28 11:02:52,174.4,3072649,100,172.62,1134147,1023128,1.9883040935672547,0
2023-07-28 11:02:52,174.4,3072649,1,172.62,1134147,1023128,1.9883040935672547,0
2023-07-28 11:02:52,174.5,3072649,10,172.62,1134147,1023128,2.046783625730994,0
2023-07-28 11:02:52,174.5,3072649,1,172.62,1134147,1023128,2.046783625730994,0
2023-07-28 11:02:56,174.5,3074707,1,172.63,1130760,1023497,2.046783625730994,0
2023-07-28 11:02:56,174.5,3074707,1,172.63,1130760,1023497,2.046783625730994,0
2023-07-28 11:02:56,174.5,3074707,1,172.63,1130760,1023497,2.046783625730994,0
2023-07-28 11:02:56,174.5,3074707,116,172.63,1130760,1023497,2.046783625730994,0
2023-07-28 11:02:59,174.5,3075312,25,172.63,1131166,1022844,2.046783625730994,0
2023-07-28 11:02:59,174.5,3075312,14,172.63,1131166,1022844,2.046783625730994,0
2023-07-28 11:02:59,174.4,3075312,17,172.63,1131166,1022844,1.9883040935672547,0
2023-07-28 11:03:03,174.4,3079943,17,172.63,1131074,1024404,1.9883040935672547,0
2023-07-28 11:03:03,174.45,3079943,100,172.63,1131074,1024404,2.017543859649116,0
2023-07-28 11:03:03,174.5,3079943,2,172.63,1131074,1024404,2.046783625730994,0
2023-07-28 11:03:03,174.5,3079943,1,172.63,1131074,1024404,2.046783625730994,0
2023-07-28 11:03:09,174.5,3080160,1,172.63,1130617,1025462,2.046783625730994,0
2023-07-28 11:03:09,174.45,3080160,3,172.63,1130617,1025462,2.017543859649116,0
2023-07-28 11:03:13,174.5,3080397,9,172.63,1131232,1025115,2.046783625730994,0
2023-07-28 11:03:13,174.4,3080397,16,172.63,1131232,1025115,1.9883040935672547,0
2023-07-28 11:03:13,174.4,3080397,100,172.63,1131232,1025115,1.9883040935672547,0
2023-07-28 11:03:13,174.45,3080397,4,172.63,1131232,1025115,2.017543859649116,0
2023-07-28 11:03:13,174.5,3080397,1,172.63,1131232,1025115,2.046783625730994,0
2023-07-28 11:03:17,174.45,3080689,30,172.63,1131316,1027983,2.017543859649116,0
2023-07-28 11:03:17,174.45,3080689,5,172.63,1131316,1027983,2.017543859649116,0
2023-07-28 11:03:17,174.5,3080689,150,172.63,1131316,1027983,2.046783625730994,0
2023-07-28 11:03:20,174.5,3080854,150,172.63,1131243,1033517,2.046783625730994,0
2023-07-28 11:03:20,174.5,3080854,69,172.63,1131243,1033517,2.046783625730994,0
2023-07-28 11:03:20,174.5,3080854,149,172.63,1131243,1033517,2.046783625730994,0
2023-07-28 11:03:26,174.4,3081650,1,172.63,1131976,1033948,1.9883040935672547,0
2023-07-28 11:03:26,174.4,3081650,1,172.63,1131976,1033948,1.9883040935672547,0
2023-07-28 11:03:26,174.5,3081650,1,172.63,1131976,1033948,2.046783625730994,0
2023-07-28 11:03:26,174.5,3081650,2,172.63,1131976,1033948,2.046783625730994,0
2023-07-28 11:03:26,174.5,3081650,189,172.63,1131976,1033948,2.046783625730994,0
2023-07-28 11:03:29,174.5,3083800,189,172.63,1135277,1030693,2.046783625730994,0
2023-07-28 11:03:29,174.4,3083800,117,172.63,1135277,1030693,1.9883040935672547,0
2023-07-28 11:03:29,174.5,3083800,2,172.63,1135277,1030693,2.046783625730994,0
2023-07-28 11:03:29,174.5,3083800,2,172.63,1135277,1030693,2.046783625730994,0
2023-07-28 11:03:34,174.4,3084037,5,172.63,1136992,1036235,1.9883040935672547,0
2023-07-28 11:03:34,174.45,3084037,1,172.63,1136992,1036235,2.017543859649116,0
2023-07-28 11:03:34,174.45,3084037,21,172.63,1136992,1036235,2.017543859649116,0
2023-07-28 11:03:39,174.45,3084075,10,172.63,1137099,1037481,2.017543859649116,0
2023-07-28 11:03:39,174.45,3084075,1,172.63,1137099,1037481,2.017543859649116,0
2023-07-28 11:03:43,174.45,3084265,2,172.63,1137769,1037199,2.017543859649116,0
2023-07-28 11:03:43,174.4,3084265,3,172.63,1137769,1037199,1.9883040935672547,0
2023-07-28 11:03:43,174.45,3084265,200,172.63,1137769,1037199,2.017543859649116,0
2023-07-28 11:03:45,174.45,3084685,200,172.63,1139533,1036999,2.017543859649116,0
2023-07-28 11:03:45,174.4,3084685,22,172.63,1139533,1036999,1.9883040935672547,0
2023-07-28 11:03:45,174.35,3084685,1,172.63,1139533,1036999,1.9590643274853767,0
2023-07-28 11:03:45,174.4,3084685,1,172.63,1139533,1036999,1.9883040935672547,0
2023-07-28 11:03:50,174.4,3087169,5,172.63,1126206,1048374,1.9883040935672547,0
2023-07-28 11:03:50,174.4,3087169,1,172.63,1126206,1048374,1.9883040935672547,0
2023-07-28 11:03:50,174.4,3087169,3,172.63,1126206,1048374,1.9883040935672547,0
2023-07-28 11:03:53,174.4,3087209,3,172.63,1127363,1052629,1.9883040935672547,0
2023-07-28 11:03:53,174.4,3087209,216,172.63,1127363,1052629,1.9883040935672547,0
2023-07-28 11:03:53,174.4,3087209,29,172.63,1127363,1052629,1.9883040935672547,0
2023-07-28 11:03:58,174.4,3087575,50,172.63,1126562,1053527,1.9883040935672547,0
2023-07-28 11:03:58,174.4,3087575,1,172.63,1126562,1053527,1.9883040935672547,0
2023-07-28 11:03:58,174.4,3087575,76,172.63,1126562,1053527,1.9883040935672547,0
2023-07-28 11:04:03,174.35,3088942,207,172.63,1120400,1055906,1.9590643274853767,0
2023-07-28 11:04:03,174.4,3088942,299,172.63,1120400,1055906,1.9883040935672547,0
2023-07-28 11:04:03,174.3,3088942,108,172.63,1120400,1055906,1.9298245614035154,0
2023-07-28 11:04:03,174.3,3088942,14,172.63,1120400,1055906,1.9298245614035154,0
2023-07-28 11:04:07,174.4,3092398,5,172.64,1129891,1049162,1.9883040935672547,0
2023-07-28 11:04:07,174.35,3092398,22,172.64,1129891,1049162,1.9590643274853767,0
2023-07-28 11:04:07,174.4,3092398,2,172.64,1129891,1049162,1.9883040935672547,0
2023-07-28 11:04:07,174.4,3092398,10,172.64,1129891,1049162,1.9883040935672547,0
2023-07-28 11:04:09,174.4,3092432,10,172.64,1128244,1052172,1.9883040935672547,0
2023-07-28 11:04:09,174.4,3092432,30,172.64,1128244,1052172,1.9883040935672547,0
2023-07-28 11:04:09,174.4,3092432,1,172.64,1128244,1052172,1.9883040935672547,0
2023-07-28 11:04:09,174.4,3092432,53,172.64,1128244,1052172,1.9883040935672547,0
2023-07-28 11:04:09,174.45,3092432,1,172.64,1128244,1052172,2.017543859649116,0
2023-07-28 11:04:15,174.45,3092658,1,172.64,1130490,1051112,2.017543859649116,0
2023-07-28 11:04:15,174.4,3092658,2,172.64,1130490,1051112,1.9883040935672547,0
2023-07-28 11:04:15,174.45,3092658,1,172.64,1130490,1051112,2.017543859649116,0
2023-07-28 11:04:20,174.4,3092746,10,172.64,1131413,1051946,1.9883040935672547,0
2023-07-28 11:04:20,174.45,3092746,74,172.64,1131413,1051946,2.017543859649116,0
2023-07-28 11:04:20,174.45,3092746,3,172.64,1131413,1051946,2.017543859649116,0
2023-07-28 11:04:20,174.4,3092746,1,172.64,1131413,1051946,1.9883040935672547,0
2023-07-28 11:04:20,174.45,3092746,217,172.64,1131413,1051946,2.017543859649116,0
2023-07-28 11:04:24,174.45,3093978,10,172.64,1130402,1052897,2.017543859649116,0
2023-07-28 11:04:24,174.45,3093978,12,172.64,1130402,1052897,2.017543859649116,0
2023-07-28 11:04:29,174.4,3094327,38,172.64,1130710,1054804,1.9883040935672547,0
2023-07-28 11:04:29,174.4,3094327,38,172.64,1130710,1054804,1.9883040935672547,0
2023-07-28 11:04:29,174.4,3094327,10,172.64,1130710,1054804,1.9883040935672547,0
2023-07-28 11:04:29,174.4,3094327,10,172.64,1130710,1054804,1.9883040935672547,0
2023-07-28 11:04:29,174.45,3094327,100,172.64,1130710,1054804,2.017543859649116,0
2023-07-28 11:04:29,174.45,3094327,2,172.64,1130710,1054804,2.017543859649116,0
2023-07-28 11:04:29,174.35,3094327,60,172.64,1130710,1054804,1.9590643274853767,0
2023-07-28 11:04:29,174.45,3094327,10,172.64,1130710,1054804,2.017543859649116,0
2023-07-28 11:04:37,174.45,3095145,5,172.64,1129019,1060097,2.017543859649116,0
2023-07-28 11:04:37,174.45,3095145,4,172.64,1129019,1060097,2.017543859649116,0
2023-07-28 11:04:37,174.35,3095145,42,172.64,1129019,1060097,1.9590643274853767,0
2023-07-28 11:04:37,174.35,3095145,4,172.64,1129019,1060097,1.9590643274853767,0
2023-07-28 11:04:37,174.4,3095145,1,172.64,1129019,1060097,1.9883040935672547,0
2023-07-28 11:04:41,174.4,3095602,1,172.64,1128662,1064191,1.9883040935672547,0
2023-07-28 11:04:41,174.4,3095602,2,172.64,1128662,1064191,1.9883040935672547,0
2023-07-28 11:04:41,174.4,3095602,63,172.64,1128662,1064191,1.9883040935672547,0
2023-07-28 11:04:41,174.4,3095602,1,172.64,1128662,1064191,1.9883040935672547,0
2023-07-28 11:04:41,174.4,3095602,218,172.64,1128662,1064191,1.9883040935672547,0
2023-07-28 11:04:47,174.35,3097218,909,172.64,1129065,1066063,1.9590643274853767,0
2023-07-28 11:04:47,174.35,3097218,177,172.64,1129065,1066063,1.9590643274853767,0
2023-07-28 11:04:47,174.35,3097218,339,172.64,1129065,1066063,1.9590643274853767,0
2023-07-28 11:04:47,174.3,3097218,17,172.64,1129065,1066063,1.9298245614035154,0
2023-07-28 11:04:49,174.35,3098322,1,172.64,1129317,1067109,1.9590643274853767,0
2023-07-28 11:04:49,174.3,3098322,3,172.64,1129317,1067109,1.9298245614035154,0
2023-07-28 11:04:55,174.35,3098632,4,172.64,1128748,1068863,1.9590643274853767,0
2023-07-28 11:04:55,174.35,3098632,4,172.64,1128748,1068863,1.9590643274853767,0
2023-07-28 11:04:55,174.35,3098632,1,172.64,1128748,1068863,1.9590643274853767,0
2023-07-28 11:04:55,174.3,3098632,37,172.64,1128748,1068863,1.9298245614035154,0
2023-07-28 11:04:55,174.3,3098632,1,172.64,1128748,1068863,1.9298245614035154,0
2023-07-28 11:04:59,174.3,3098671,1,172.64,1129387,1067862,1.9298245614035154,0
2023-07-28 11:04:59,174.35,3098671,1,172.64,1129387,1067862,1.9590643274853767,0
2023-07-28 11:04:59,174.35,3098671,4,172.64,1129387,1067862,1.9590643274853767,0
2023-07-28 11:04:59,174.3,3098671,10,172.64,1129387,1067862,1.9298245614035154,0
2023-07-28 11:05:03,174.35,3098789,2,172.64,1129903,1067355,1.9590643274853767,0
2023-07-28 11:05:03,174.35,3098789,216,172.64,1129903,1067355,1.9590643274853767,0
2023-07-28 11:05:03,174.3,3098789,2,172.64,1129903,1067355,1.9298245614035154,0
2023-07-28 11:05:03,174.35,3098789,100,172.64,1129903,1067355,1.9590643274853767,0
2023-07-28 11:05:07,174.3,3099108,1,172.64,1130670,1067778,1.9298245614035154,0
2023-07-28 11:05:07,174.35,3099108,1,172.64,1130670,1067778,1.9590643274853767,0
2023-07-28 11:05:12,174.35,3099109,5,172.64,1130342,1068091,1.9590643274853767,0
2023-07-28 11:05:12,174.3,3099109,49,172.64,1130342,1068091,1.9298245614035154,0
2023-07-28 11:05:12,174.35,3099109,1,172.64,1130342,1068091,1.9590643274853767,0
2023-07-28 11:05:12,174.35,3099109,80,172.64,1130342,1068091,1.9590643274853767,0
2023-07-28 11:05:16,174.3,3099494,30,172.64,1130221,1071524,1.9298245614035154,0
2023-07-28 11:05:16,174.3,3099494,30,172.64,1130221,1071524,1.9298245614035154,0
2023-07-28 11:05:16,174.35,3099494,180,172.64,1130221,1071524,1.9590643274853767,0
2023-07-28 11:05:16,174.3,3099494,20,172.64,1130221,1071524,1.9298245614035154,0
2023-07-28 11:05:19,174.3,3100452,20,172.64,1128745,1074408,1.9298245614035154,0
2023-07-28 11:05:19,174.3,3100452,1,172.64,1128745,1074408,1.9298245614035154,0
2023-07-28 11:05:19,174.3,3100452,29,172.64,1128745,1074408,1.9298245614035154,0
2023-07-28 11:05:19,174.3,3100452,29,172.64,1128745,1074408,1.9298245614035154,0
2023-07-28 11:05:19,174.35,3100452,100,172.64,1128745,1074408,1.9590643274853767,0
2023-07-28 11:05:19,174.35,3100452,100,172.64,1128745,1074408,1.9590643274853767,0
2023-07-28 11:05:19,174.35,3100452,100,172.64,1128745,1074408,1.9590643274853767,0
2023-07-28 11:05:25,174.35,3102217,216,172.64,1128289,1073964,1.9590643274853767,0
2023-07-28 11:05:25,174.35,3102217,216,172.64,1128289,1073964,1.9590643274853767,0
2023-07-28 11:05:25,174.35,3102217,100,172.64,1128289,1073964,1.9590643274853767,0
2023-07-28 11:05:25,174.35,3102217,100,172.64,1128289,1073964,1.9590643274853767,0
2023-07-28 11:05:25,174.3,3102217,200,172.64,1128289,1073964,1.9298245614035154,0
2023-07-28 11:05:25,174.3,3102217,200,172.64,1128289,1073964,1.9298245614035154,0
2023-07-28 11:05:25,174.35,3102217,1,172.64,1128289,1073964,1.9590643274853767,0
2023-07-28 11:05:30,174.3,3102646,2,172.64,1128288,1074031,1.9298245614035154,0
2023-07-28 11:05:30,174.35,3102646,49,172.64,1128288,1074031,1.9590643274853767,0
2023-07-28 11:05:34,174.35,3102699,1,172.64,1128325,1074701,1.9590643274853767,0
2023-07-28 11:05:34,174.35,3102699,10,172.64,1128325,1074701,1.9590643274853767,0
2023-07-28 11:05:34,174.35,3102699,1,172.64,1128325,1074701,1.9590643274853767,0
2023-07-28 11:05:34,174.35,3102699,20,172.64,1128325,1074701,1.9590643274853767,0
2023-07-28 11:05:34,174.35,3102699,2,172.64,1128325,1074701,1.9590643274853767,0
2023-07-28 11:05:37,174.35,3103003,2,172.64,1128546,1073786,1.9590643274853767,0
2023-07-28 11:05:37,174.3,3103003,2,172.64,1128546,1073786,1.9298245614035154,0
2023-07-28 11:05:37,174.3,3103003,100,172.64,1128546,1073786,1.9298245614035154,0
2023-07-28 11:05:37,174.3,3103003,5,172.64,1128546,1073786,1.9298245614035154,0
2023-07-28 11:05:37,174.35,3103003,50,172.64,1128546,1073786,1.9590643274853767,0
2023-07-28 11:05:42,174.35,3104009,2,172.64,1129773,1071359,1.9590643274853767,0
2023-07-28 11:05:42,174.35,3104009,94,172.64,1129773,1071359,1.9590643274853767,0
2023-07-28 11:05:42,174.35,3104009,1,172.64,1129773,1071359,1.9590643274853767,0
2023-07-28 11:05:42,174.4,3104009,39,172.64,1129773,1071359,1.9883040935672547,0
2023-07-28 11:05:46,174.35,3104422,100,172.64,1129864,1071452,1.9590643274853767,0
2023-07-28 11:05:46,174.35,3104422,290,172.64,1129864,1071452,1.9590643274853767,0
2023-07-28 11:05:46,174.35,3104422,80,172.64,1129864,1071452,1.9590643274853767,0
2023-07-28 11:05:46,174.35,3104422,10,172.64,1129864,1071452,1.9590643274853767,0
2023-07-28 11:05:50,174.35,3105201,10,172.64,1130179,1075732,1.9590643274853767,0
2023-07-28 11:05:50,174.35,3105201,30,172.64,1130179,1075732,1.9590643274853767,0
2023-07-28 11:05:50,174.3,3105201,5,172.64,1130179,1075732,1.9298245614035154,0
2023-07-28 11:05:55,174.35,3105637,10,172.64,1131880,1075314,1.9590643274853767,0
2023-07-28 11:05:55,174.35,3105637,10,172.64,1131880,1075314,1.9590643274853767,0
2023-07-28 11:05:55,174.35,3105637,1106,172.64,1131880,1075314,1.9590643274853767,0
2023-07-28 11:05:55,174.35,3105637,10,172.64,1131880,1075314,1.9590643274853767,0
2023-07-28 11:05:55,174.3,3105637,190,172.64,1131880,1075314,1.9298245614035154,0
2023-07-28 11:05:58,174.3,3107043,190,172.64,1131542,1074200,1.9298245614035154,0
2023-07-28 11:05:58,174.35,3107043,10,172.64,1131542,1074200,1.9590643274853767,0
2023-07-28 11:05:58,174.35,3107043,1,172.64,1131542,1074200,1.9590643274853767,0
2023-07-28 11:05:58,174.35,3107043,1,172.64,1131542,1074200,1.9590643274853767,0
2023-07-28 11:06:04,174.3,3107265,8,172.64,1131441,1073709,1.9298245614035154,0
2023-07-28 11:06:04,174.3,3107265,8,172.64,1131441,1073709,1.9298245614035154,0
2023-07-28 11:06:04,174.35,3107265,1,172.64,1131441,1073709,1.9590643274853767,0
2023-07-28 11:06:04,174.35,3107265,60,172.64,1131441,1073709,1.9590643274853767,0
2023-07-28 11:06:04,174.3,3107265,374,172.64,1131441,1073709,1.9298245614035154,0
2023-07-28 11:06:04,174.25,3107265,15,172.64,1131441,1073709,1.9005847953216375,0
2023-07-28 11:06:08,174.25,3111850,15,172.65,1129514,1074880,1.9005847953216375,0
2023-07-28 11:06:08,174.3,3111850,6,172.65,1129514,1074880,1.9298245614035154,0
2023-07-28 11:06:08,174.3,3111850,1,172.65,1129514,1074880,1.9298245614035154,0
2023-07-28 11:06:13,174.35,3111862,4,172.65,1132749,1074127,1.9590643274853767,0
2023-07-28 11:06:13,174.35,3111862,218,172.65,1132749,1074127,1.9590643274853767,0
2023-07-28 11:06:13,174.3,3111862,113,172.65,1132749,1074127,1.9298245614035154,0
2023-07-28 11:06:16,174.3,3112680,113,172.65,1132209,1074707,1.9298245614035154,0
2023-07-28 11:06:16,174.3,3112680,4,172.65,1132209,1074707,1.9298245614035154,0
2023-07-28 11:06:16,174.3,3112680,5,172.65,1132209,1074707,1.9298245614035154,0
2023-07-28 11:06:19,174.3,3112689,5,172.65,1129978,1074119,1.9298245614035154,0
2023-07-28 11:06:19,174.35,3112689,80,172.65,1129978,1074119,1.9590643274853767,0
2023-07-28 11:06:19,174.3,3112689,179,172.65,1129978,1074119,1.9298245614035154,0
2023-07-28 11:06:19,174.3,3112689,1,172.65,1129978,1074119,1.9298245614035154,0
2023-07-28 11:06:19,174.3,3112689,2,172.65,1129978,1074119,1.9298245614035154,0
2023-07-28 11:06:26,174.3,3113653,2,172.65,1131416,1073907,1.9298245614035154,0
2023-07-28 11:06:26,174.3,3113653,9,172.65,1131416,1073907,1.9298245614035154,0
2023-07-28 11:06:26,174.3,3113653,81,172.65,1131416,1073907,1.9298245614035154,0
2023-07-28 11:06:30,174.3,3114184,126,172.65,1130886,1074108,1.9298245614035154,0
2023-07-28 11:06:30,174.35,3114184,1,172.65,1130886,1074108,1.9590643274853767,0
2023-07-28 11:06:30,174.35,3114184,500,172.65,1130886,1074108,1.9590643274853767,0
2023-07-28 11:06:36,174.35,3114905,4,172.65,1130867,1075350,1.9590643274853767,0
2023-07-28 11:06:36,174.3,3114905,1,172.65,1130867,1075350,1.9298245614035154,0
2023-07-28 11:06:36,174.3,3114905,5,172.65,1130867,1075350,1.9298245614035154,0
2023-07-28 11:06:36,174.35,3114905,431,172.65,1130867,1075350,1.9590643274853767,0
2023-07-28 11:06:36,174.35,3114905,12,172.65,1130867,1075350,1.9590643274853767,0
2023-07-28 11:06:40,174.35,3115426,2,172.65,1130272,1074785,1.9590643274853767,0
2023-07-28 11:06:40,174.35,3115426,2,172.65,1130272,1074785,1.9590643274853767,0
2023-07-28 11:06:40,174.3,3115426,325,172.65,1130272,1074785,1.9298245614035154,0
2023-07-28 11:06:40,174.3,3115426,300,172.65,1130272,1074785,1.9298245614035154,0
2023-07-28 11:06:44,174.3,3116051,20,172.65,1131186,1074485,1.9298245614035154,0
2023-07-28 11:06:44,174.3,3116051,3,172.65,1131186,1074485,1.9298245614035154,0
2023-07-28 11:06:44,174.35,3116051,12,172.65,1131186,1074485,1.9590643274853767,0
2023-07-28 11:06:44,174.3,3116051,100,172.65,1131186,1074485,1.9298245614035154,0
2023-07-28 11:06:49,174.35,3116511,3,172.65,1130962,1073803,1.9590643274853767,0
2023-07-28 11:06:49,174.3,3116511,9,172.65,1130962,1073803,1.9298245614035154,0
2023-07-28 11:06:49,174.35,3116511,5,172.65,1130962,1073803,1.9590643274853767,0
2023-07-28 11:06:49,174.35,3116511,10,172.65,1130962,1073803,1.9590643274853767,0
2023-07-28 11:06:49,174.3,3116511,200,172.65,1130962,1073803,1.9298245614035154,0
2023-07-28 11:06:52,174.3,3116735,200,172.65,1127816,1074756,1.9298245614035154,0
2023-07-28 11:06:52,174.3,3116735,8,172.65,1127816,1074756,1.9298245614035154,0
2023-07-28 11:06:52,174.3,3116735,3,172.65,1127816,1074756,1.9298245614035154,0
2023-07-28 11:06:57,174.3,3116981,3,172.65,1128886,1075300,1.9298245614035154,0
2023-07-28 11:06:57,174.35,3116981,15,172.65,1128886,1075300,1.9590643274853767,0
2023-07-28 11:07:03,174.35,3117246,250,172.65,1128650,1075906,1.9590643274853767,0
2023-07-28 11:07:03,174.3,3117246,436,172.65,1128650,1075906,1.9298245614035154,0
2023-07-28 11:07:03,174.3,3117246,2,172.65,1128650,1075906,1.9298245614035154,0
2023-07-28 11:07:03,174.35,3117246,216,172.65,1128650,1075906,1.9590643274853767,0
2023-07-28 11:07:03,174.3,3117246,45,172.65,1128650,1075906,1.9298245614035154,0
2023-07-28 11:07:07,174.35,3118059,50,172.65,1129317,1075732,1.9590643274853767,0
2023-07-28 11:07:07,174.35,3118059,10,172.65,1129317,1075732,1.9590643274853767,0
2023-07-28 11:07:07,174.3,3118059,100,172.65,1129317,1075732,1.9298245614035154,0
2023-07-28 11:07:07,174.35,3118059,4,172.65,1129317,1075732,1.9590643274853767,0
2023-07-28 11:07:12,174.35,3118235,16,172.65,1129157,1075947,1.9590643274853767,0
2023-07-28 11:07:12,174.35,3118235,1,172.65,1129157,1075947,1.9590643274853767,0
2023-07-28 11:07:12,174.35,3118235,1,172.65,1129157,1075947,1.9590643274853767,0
2023-07-28 11:07:12,174.35,3118235,217,172.65,1129157,1075947,1.9590643274853767,0
2023-07-28 11:07:15,174.3,3118560,55,172.65,1128977,1077468,1.9298245614035154,0
2023-07-28 11:07:15,174.3,3118560,601,172.65,1128977,1077468,1.9298245614035154,0
2023-07-28 11:07:15,174.3,3118560,1,172.65,1128977,1077468,1.9298245614035154,0
2023-07-28 11:07:20,174.3,3120128,762,172.65,1127803,1082029,1.9298245614035154,0
2023-07-28 11:07:20,174.3,3120128,11,172.65,1127803,1082029,1.9298245614035154,0
2023-07-28 11:07:20,174.3,3120128,10,172.65,1127803,1082029,1.9298245614035154,0
2023-07-28 11:07:24,174.3,3120167,10,172.65,1124854,1082439,1.9298245614035154,0
2023-07-28 11:07:24,174.25,3120167,250,172.65,1124854,1082439,1.9005847953216375,0
2023-07-28 11:07:24,174.25,3120167,49,172.65,1124854,1082439,1.9005847953216375,0
2023-07-28 11:07:26,174.25,3120698,4,172.65,1124451,1083309,1.9005847953216375,0
2023-07-28 11:07:26,174.3,3120698,1,172.65,1124451,1083309,1.9298245614035154,0
2023-07-28 11:07:26,174.3,3120698,4,172.65,1124451,1083309,1.9298245614035154,0
2023-07-28 11:07:26,174.3,3120698,5,172.65,1124451,1083309,1.9298245614035154,0
2023-07-28 11:07:26,174.3,3120698,649,172.65,1124451,1083309,1.9298245614035154,0
2023-07-28 11:07:26,174.35,3120698,1,172.65,1124451,1083309,1.9590643274853767,0
2023-07-28 11:07:26,174.35,3120698,5,172.65,1124451,1083309,1.9590643274853767,0
2023-07-28 11:07:37,174.3,3126162,137,172.65,1125560,1075192,1.9298245614035154,0
2023-07-28 11:07:37,174.3,3126162,137,172.65,1125560,1075192,1.9298245614035154,0
2023-07-28 11:07:37,174.35,3126162,1,172.65,1125560,1075192,1.9590643274853767,0
2023-07-28 11:07:37,174.3,3126162,3,172.65,1125560,1075192,1.9298245614035154,0
2023-07-28 11:07:37,174.3,3126162,47,172.65,1125560,1075192,1.9298245614035154,0
2023-07-28 11:07:41,174.3,3126241,47,172.65,1126512,1076329,1.9298245614035154,0
2023-07-28 11:07:41,174.3,3126241,2,172.65,1126512,1076329,1.9298245614035154,0
2023-07-28 11:07:41,174.35,3126241,194,172.65,1126512,1076329,1.9590643274853767,0
2023-07-28 11:07:41,174.3,3126241,1,172.65,1126512,1076329,1.9298245614035154,0
2023-07-28 11:07:41,174.35,3126241,218,172.65,1126512,1076329,1.9590643274853767,0
2023-07-28 11:07:45,174.35,3126682,218,172.65,1126527,1075679,1.9590643274853767,0
2023-07-28 11:07:47,174.3,3127253,397,172.65,1126488,1075110,1.9298245614035154,0
2023-07-28 11:07:47,174.35,3127253,150,172.65,1126488,1075110,1.9590643274853767,0
2023-07-28 11:07:47,174.3,3127253,1,172.65,1126488,1075110,1.9298245614035154,0
2023-07-28 11:07:54,174.35,3127405,1,172.65,1126492,1075208,1.9590643274853767,0
2023-07-28 11:07:54,174.35,3127405,216,172.65,1126492,1075208,1.9590643274853767,0
2023-07-28 11:07:54,174.3,3127405,70,172.65,1126492,1075208,1.9298245614035154,0
2023-07-28 11:07:59,174.35,3128247,22,172.66,1126244,1075067,1.9590643274853767,0
2023-07-28 11:07:59,174.3,3128247,12,172.66,1126244,1075067,1.9298245614035154,0
2023-07-28 11:07:59,174.35,3128247,100,172.66,1126244,1075067,1.9590643274853767,0
2023-07-28 11:07:59,174.3,3128247,75,172.66,1126244,1075067,1.9298245614035154,0
2023-07-28 11:07:59,174.3,3128247,2,172.66,1126244,1075067,1.9298245614035154,0
2023-07-28 11:08:04,174.35,3128789,1,172.66,1125862,1076416,1.9590643274853767,0
2023-07-28 11:08:04,174.35,3128789,30,172.66,1125862,1076416,1.9590643274853767,0
2023-07-28 11:08:04,174.35,3128789,73,172.66,1125862,1076416,1.9590643274853767,0
2023-07-28 11:08:04,174.35,3128789,1,172.66,1125862,1076416,1.9590643274853767,0
2023-07-28 11:08:04,174.35,3128789,6,172.66,1125862,1076416,1.9590643274853767,0
2023-07-28 11:08:08,174.35,3129092,50,172.66,1130737,1072337,1.9590643274853767,0
2023-07-28 11:08:08,174.35,3129092,20,172.66,1130737,1072337,1.9590643274853767,0
2023-07-28 11:08:08,174.3,3129092,46,172.66,1130737,1072337,1.9298245614035154,0
2023-07-28 11:08:08,174.35,3129092,1,172.66,1130737,1072337,1.9590643274853767,0
2023-07-28 11:08:08,174.35,3129092,1,172.66,1130737,1072337,1.9590643274853767,0
2023-07-28 11:08:13,174.35,3129541,7,172.66,1130186,1072920,1.9590643274853767,0
2023-07-28 11:08:13,174.35,3129541,7,172.66,1130186,1072920,1.9590643274853767,0
2023-07-28 11:08:13,174.35,3129541,319,172.66,1130186,1072920,1.9590643274853767,0
2023-07-28 11:08:13,174.3,3129541,6,172.66,1130186,1072920,1.9298245614035154,0
2023-07-28 11:08:15,174.3,3130774,20,172.66,1133741,1072698,1.9298245614035154,0
2023-07-28 11:08:15,174.35,3130774,2,172.66,1133741,1072698,1.9590643274853767,0
2023-07-28 11:08:22,174.35,3135346,700,172.66,1130117,1072049,1.9590643274853767,0
2023-07-28 11:08:22,174.3,3135346,1365,172.66,1130117,1072049,1.9298245614035154,0
2023-07-28 11:08:22,174.3,3135346,1365,172.66,1130117,1072049,1.9298245614035154,0
2023-07-28 11:08:22,174.3,3135346,1365,172.66,1130117,1072049,1.9298245614035154,0
2023-07-28 11:08:22,174.3,3135346,1365,172.66,1130117,1072049,1.9298245614035154,0
2023-07-28 11:08:22,174.35,3135346,216,172.66,1130117,1072049,1.9590643274853767,0
2023-07-28 11:08:22,174.35,3135346,216,172.66,1130117,1072049,1.9590643274853767,0
2023-07-28 11:08:22,174.35,3135346,216,172.66,1130117,1072049,1.9590643274853767,0
2023-07-28 11:08:25,174.3,3138572,10,172.66,1127544,1080856,1.9298245614035154,0
2023-07-28 11:08:25,174.35,3138572,25,172.66,1127544,1080856,1.9590643274853767,0
2023-07-28 11:08:25,174.35,3138572,25,172.66,1127544,1080856,1.9590643274853767,0
2023-07-28 11:08:25,174.35,3138572,25,172.66,1127544,1080856,1.9590643274853767,0
2023-07-28 11:08:25,174.35,3138572,3,172.66,1127544,1080856,1.9590643274853767,0
2023-07-28 11:08:30,174.35,3138636,1,172.66,1130413,1078415,1.9590643274853767,0
2023-07-28 11:08:30,174.3,3138636,200,172.66,1130413,1078415,1.9298245614035154,0
2023-07-28 11:08:30,174.3,3138636,281,172.66,1130413,1078415,1.9298245614035154,0
2023-07-28 11:08:30,174.35,3138636,2,172.66,1130413,1078415,1.9590643274853767,0
2023-07-28 11:08:30,174.35,3138636,216,172.66,1130413,1078415,1.9590643274853767,0
2023-07-28 11:08:35,174.35,3139410,216,172.66,1130443,1080280,1.9590643274853767,0
2023-07-28 11:08:35,174.3,3139410,1,172.66,1130443,1080280,1.9298245614035154,0
2023-07-28 11:08:35,174.35,3139410,1,172.66,1130443,1080280,1.9590643274853767,0
2023-07-28 11:08:35,174.3,3139410,1,172.66,1130443,1080280,1.9298245614035154,0
2023-07-28 11:08:40,174.3,3139413,1,172.66,1129761,1080134,1.9298245614035154,0
2023-07-28 11:08:40,174.3,3139413,1,172.66,1129761,1080134,1.9298245614035154,0
2023-07-28 11:08:40,174.3,3139413,50,172.66,1129761,1080134,1.9298245614035154,0
2023-07-28 11:08:40,174.35,3139413,1,172.66,1129761,1080134,1.9590643274853767,0
2023-07-28 11:08:44,174.3,3139898,97,172.66,1129069,1083508,1.9298245614035154,0
2023-07-28 11:08:44,174.35,3139898,20,172.66,1129069,1083508,1.9590643274853767,0
2023-07-28 11:08:45,174.35,3140236,2,172.66,1128806,1083479,1.9590643274853767,0
2023-07-28 11:08:45,174.3,3140236,4,172.66,1128806,1083479,1.9298245614035154,0
2023-07-28 11:08:45,174.35,3140236,3,172.66,1128806,1083479,1.9590643274853767,0
2023-07-28 11:08:53,174.3,3140253,8,172.66,1129459,1083772,1.9298245614035154,0
2023-07-28 11:08:53,174.35,3140253,1,172.66,1129459,1083772,1.9590643274853767,0
2023-07-28 11:08:53,174.35,3140253,139,172.66,1129459,1083772,1.9590643274853767,0
2023-07-28 11:08:53,174.35,3140253,1,172.66,1129459,1083772,1.9590643274853767,0
2023-07-28 11:08:57,174.3,3140532,1,172.66,1129733,1083764,1.9298245614035154,0
2023-07-28 11:08:57,174.35,3140532,74,172.66,1129733,1083764,1.9590643274853767,0
2023-07-28 11:08:57,174.35,3140532,458,172.66,1129733,1083764,1.9590643274853767,0
2023-07-28 11:09:00,174.3,3141225,10,172.66,1130310,1083249,1.9298245614035154,0
2023-07-28 11:09:00,174.35,3141225,317,172.66,1130310,1083249,1.9590643274853767,0
2023-07-28 11:09:00,174.4,3141225,3,172.66,1130310,1083249,1.9883040935672547,0
2023-07-28 11:09:00,174.35,3141225,40,172.66,1130310,1083249,1.9590643274853767,0
2023-07-28 11:09:04,174.4,3142476,3,172.66,1133967,1082270,1.9883040935672547,0
2023-07-28 11:09:04,174.35,3142476,3,172.66,1133967,1082270,1.9590643274853767,0
2023-07-28 11:09:04,174.35,3142476,105,172.66,1133967,1082270,1.9590643274853767,0
2023-07-28 11:09:04,174.35,3142476,7,172.66,1133967,1082270,1.9590643274853767,0
2023-07-28 11:09:08,174.35,3142909,7,172.66,1134692,1082398,1.9590643274853767,0
2023-07-28 11:09:08,174.4,3142909,50,172.66,1134692,1082398,1.9883040935672547,0
2023-07-28 11:09:08,174.4,3142909,30,172.66,1134692,1082398,1.9883040935672547,0
2023-07-28 11:09:08,174.35,3142909,10,172.66,1134692,1082398,1.9590643274853767,0
2023-07-28 11:09:08,174.35,3142909,95,172.66,1134692,1082398,1.9590643274853767,0
2023-07-28 11:09:12,174.45,3149878,3,172.67,1141114,1072024,2.017543859649116,0
2023-07-28 11:09:12,174.4,3149878,5,172.67,1141114,1072024,1.9883040935672547,0
2023-07-28 11:09:12,174.45,3149878,5,172.67,1141114,1072024,2.017543859649116,0
2023-07-28 11:09:17,174.45,3149907,12,172.67,1135055,1075144,2.017543859649116,0
2023-07-28 11:09:17,174.45,3149907,5,172.67,1135055,1075144,2.017543859649116,0
2023-07-28 11:09:17,174.45,3149907,7,172.67,1135055,1075144,2.017543859649116,0
2023-07-28 11:09:17,174.4,3149907,1,172.67,1135055,1075144,1.9883040935672547,0
2023-07-28 11:09:20,174.4,3149922,7,172.67,1134902,1077194,1.9883040935672547,0
2023-07-28 11:09:20,174.45,3149922,1,172.67,1134902,1077194,2.017543859649116,0
2023-07-28 11:09:20,174.45,3149922,218,172.67,1134902,1077194,2.017543859649116,0
2023-07-28 11:09:24,174.4,3150154,6,172.67,1134649,1077180,1.9883040935672547,0
2023-07-28 11:09:24,174.4,3150154,1,172.67,1134649,1077180,1.9883040935672547,0
2023-07-28 11:09:24,174.4,3150154,300,172.67,1134649,1077180,1.9883040935672547,0
2023-07-28 11:09:24,174.4,3150154,7,172.67,1134649,1077180,1.9883040935672547,0
2023-07-28 11:09:24,174.35,3150154,62,172.67,1134649,1077180,1.9590643274853767,0
2023-07-28 11:09:29,174.4,3152482,735,172.67,1132500,1081531,1.9883040935672547,0
2023-07-28 11:09:29,174.4,3152482,100,172.67,1132500,1081531,1.9883040935672547,0
2023-07-28 11:09:29,174.35,3152482,7,172.67,1132500,1081531,1.9590643274853767,0
2023-07-28 11:09:31,174.35,3152689,7,172.67,1132391,1078055,1.9590643274853767,0
2023-07-28 11:09:31,174.4,3152689,6,172.67,1132391,1078055,1.9883040935672547,0
2023-07-28 11:09:31,174.35,3152689,20,172.67,1132391,1078055,1.9590643274853767,0
2023-07-28 11:09:31,174.3,3152689,20,172.67,1132391,1078055,1.9298245614035154,0
2023-07-28 11:09:31,174.35,3152689,56,172.67,1132391,1078055,1.9590643274853767,0
2023-07-28 11:09:31,174.35,3152689,1,172.67,1132391,1078055,1.9590643274853767,0
2023-07-28 11:09:37,174.35,3153671,1,172.67,1133930,1084656,1.9590643274853767,0
2023-07-28 11:09:37,174.35,3153671,12,172.67,1133930,1084656,1.9590643274853767,0
2023-07-28 11:09:37,174.35,3153671,2,172.67,1133930,1084656,1.9590643274853767,0
2023-07-28 11:09:39,174.35,3153693,2,172.67,1133923,1084003,1.9590643274853767,0
2023-07-28 11:09:39,174.35,3153693,50,172.67,1133923,1084003,1.9590643274853767,0
2023-07-28 11:09:39,174.35,3153693,146,172.67,1133923,1084003,1.9590643274853767,0
2023-07-28 11:09:39,174.4,3153693,7,172.67,1133923,1084003,1.9883040935672547,0
2023-07-28 11:09:45,174.35,3167122,100,172.68,1135299,1079757,1.9590643274853767,0
2023-07-28 11:09:45,174.4,3167122,55,172.68,1135299,1079757,1.9883040935672547,0
2023-07-28 11:09:45,174.3,3167122,2,172.68,1135299,1079757,1.9298245614035154,0
2023-07-28 11:09:45,174.4,3167122,10,172.68,1135299,1079757,1.9883040935672547,0
2023-07-28 11:09:45,174.35,3167122,3,172.68,1135299,1079757,1.9590643274853767,0
2023-07-28 11:09:49,174.3,3167369,7,172.68,1134251,1076514,1.9298245614035154,0
2023-07-28 11:09:49,174.3,3167369,7,172.68,1134251,1076514,1.9298245614035154,0
2023-07-28 11:09:49,174.3,3167369,50,172.68,1134251,1076514,1.9298245614035154,0
2023-07-28 11:09:52,174.3,3167868,50,172.68,1134037,1075861,1.9298245614035154,0
2023-07-28 11:09:52,174.35,3167868,1,172.68,1134037,1075861,1.9590643274853767,0
2023-07-28 11:09:52,174.35,3167868,7,172.68,1134037,1075861,1.9590643274853767,0
2023-07-28 11:09:52,174.3,3167868,200,172.68,1134037,1075861,1.9298245614035154,0
2023-07-28 11:09:55,174.3,3168292,1,172.68,1131074,1078164,1.9298245614035154,0
2023-07-28 11:09:55,174.35,3168292,1,172.68,1131074,1078164,1.9590643274853767,0
2023-07-28 11:09:55,174.3,3168292,39,172.68,1131074,1078164,1.9298245614035154,0
2023-07-28 11:09:55,174.35,3168292,1,172.68,1131074,1078164,1.9590643274853767,0
2023-07-28 11:09:55,174.35,3168292,3,172.68,1131074,1078164,1.9590643274853767,0
2023-07-28 11:09:55,174.3,3168292,7,172.68,1131074,1078164,1.9298245614035154,0
2023-07-28 11:09:55,174.35,3168292,5,172.68,1131074,1078164,1.9590643274853767,0
2023-07-28 11:09:55,174.35,3168292,16,172.68,1131074,1078164,1.9590643274853767,0
2023-07-28 11:09:55,174.3,3168292,25,172.68,1131074,1078164,1.9298245614035154,0
2023-07-28 11:09:55,174.3,3168292,1,172.68,1131074,1078164,1.9298245614035154,0
2023-07-28 11:10:07,174.3,3169393,84,172.68,1131982,1078928,1.9298245614035154,0
2023-07-28 11:10:07,174.35,3169393,7,172.68,1131982,1078928,1.9590643274853767,0
2023-07-28 11:10:07,174.35,3169393,1,172.68,1131982,1078928,1.9590643274853767,0
2023-07-28 11:10:07,174.35,3169393,1,172.68,1131982,1078928,1.9590643274853767,0
2023-07-28 11:10:07,174.3,3169393,7,172.68,1131982,1078928,1.9298245614035154,0
2023-07-28 11:10:10,174.3,3169411,7,172.68,1131482,1080457,1.9298245614035154,0
2023-07-28 11:10:10,174.35,3169411,50,172.68,1131482,1080457,1.9590643274853767,0
2023-07-28 11:10:10,174.35,3169411,5,172.68,1131482,1080457,1.9590643274853767,0
2023-07-28 11:10:10,174.3,3169411,3,172.68,1131482,1080457,1.9298245614035154,0
2023-07-28 11:10:10,174.35,3169411,1,172.68,1131482,1080457,1.9590643274853767,0
2023-07-28 11:10:10,174.35,3169411,3,172.68,1131482,1080457,1.9590643274853767,0
2023-07-28 11:10:10,174.3,3169411,2,172.68,1131482,1080457,1.9298245614035154,0
2023-07-28 11:10:10,174.3,3169411,792,172.68,1131482,1080457,1.9298245614035154,0
2023-07-28 11:10:10,174.35,3169411,1,172.68,1131482,1080457,1.9590643274853767,0
2023-07-28 11:10:20,174.35,3170924,1,172.68,1130149,1080830,1.9590643274853767,0
2023-07-28 11:10:20,174.35,3170924,10,172.68,1130149,1080830,1.9590643274853767,0
2023-07-28 11:10:20,174.35,3170924,7,172.68,1130149,1080830,1.9590643274853767,0
2023-07-28 11:10:25,174.3,3170948,7,172.68,1130142,1081820,1.9298245614035154,0
2023-07-28 11:10:25,174.35,3170948,51,172.68,1130142,1081820,1.9590643274853767,0
2023-07-28 11:10:25,174.3,3170948,3,172.68,1130142,1081820,1.9298245614035154,0
2023-07-28 11:10:25,174.3,3170948,1,172.68,1130142,1081820,1.9298245614035154,0
2023-07-28 11:10:28,174.35,3171173,5,172.68,1130879,1082209,1.9590643274853767,0
