2023-07-28 10:49:08,37245.95,2580,1,37310.35,3334,3549,0.0,0
2023-07-28 10:49:08,37245.95,2580,1,37310.35,3334,3549,0.0,0
2023-07-28 10:49:08,37245.95,2580,1,37310.35,3341,3549,0.0,0
2023-07-28 10:49:08,37245.95,2580,1,37310.35,3338,3549,0.0,0
2023-07-28 10:49:08,37245.95,2580,1,37310.35,3332,3550,0.0,0
2023-07-28 10:49:08,37245.95,2580,1,37310.35,3332,3554,0.0,0
2023-07-28 10:49:35,37245.0,2583,1,37310.28,3334,3561,-0.002550612885419998,0
2023-07-28 10:49:35,37245.0,2583,1,37310.28,3332,3554,-0.002550612885419998,0
2023-07-28 10:49:35,37245.0,2583,1,37310.28,3329,3553,-0.002550612885419998,0
2023-07-28 10:49:35,37245.0,2583,1,37310.28,3338,3550,-0.002550612885419998,0
2023-07-28 10:49:35,37245.0,2583,1,37310.28,3330,3562,-0.002550612885419998,0
2023-07-28 10:49:35,37245.0,2583,1,37310.28,3330,3551,-0.002550612885419998,0
2023-07-28 10:49:35,37245.0,2583,1,37310.28,3331,3552,-0.002550612885419998,0
2023-07-28 10:49:35,37245.0,2583,1,37310.28,3334,3562,-0.002550612885419998,0
2023-07-28 10:49:35,37245.0,2583,1,37310.28,3336,3552,-0.002550612885419998,0
2023-07-28 10:49:35,37245.0,2583,1,37310.28,3336,3552,-0.002550612885419998,0
2023-07-28 10:49:35,37245.0,2583,1,37310.28,3332,3555,-0.002550612885419998,0
2023-07-28 10:49:35,37245.0,2583,1,37310.28,3334,3553,-0.002550612885419998,0
2023-07-28 10:49:35,37245.0,2583,1,37310.28,3334,3556,-0.002550612885419998,0
2023-07-28 10:49:35,37245.0,2583,1,37310.28,3332,3552,-0.002550612885419998,0
2023-07-28 10:49:35,37245.0,2583,1,37310.28,3334,3554,-0.002550612885419998,0
2023-07-28 10:49:35,37245.0,2583,1,37310.28,3334,3554,-0.002550612885419998,0
2023-07-28 10:49:35,37245.0,2583,1,37310.28,3330,3562,-0.002550612885419998,0
2023-07-28 10:49:35,37245.0,2583,1,37310.28,3330,3561,-0.002550612885419998,0
2023-07-28 10:49:35,37245.0,2583,1,37310.28,3326,3562,-0.002550612885419998,0
2023-07-28 10:49:35,37245.0,2583,1,37310.28,3326,3562,-0.002550612885419998,0
2023-07-28 10:49:35,37245.0,2583,1,37310.28,3329,3560,-0.002550612885419998,0
2023-07-28 10:49:35,37245.0,2583,1,37310.28,3332,3559,-0.002550612885419998,0
2023-07-28 10:49:35,37245.0,2583,1,37310.28,3334,3553,-0.002550612885419998,0
2023-07-28 10:49:35,37245.0,2583,1,37310.28,3331,3556,-0.002550612885419998,0
2023-07-28 10:49:35,37245.0,2583,1,37310.28,3329,3553,-0.002550612885419998,0
2023-07-28 10:49:35,37250.0,2583,1,37310.28,3329,3553,0.010873665458936907,0
2023-07-28 10:50:00,37250.0,2584,1,37310.25,3329,3556,0.010873665458936907,0
2023-07-28 10:50:00,37250.0,2584,1,37310.25,3328,3562,0.010873665458936907,0
2023-07-28 10:50:00,37250.0,2584,1,37310.25,3328,3562,0.010873665458936907,0
2023-07-28 10:50:00,37250.0,2584,1,37310.25,3334,3563,0.010873665458936907,0
2023-07-28 10:50:04,37267.05,2587,1,37310.2,3334,3557,0.05665045461320176,0
2023-07-28 10:50:04,37267.05,2587,1,37310.2,3335,3557,0.05665045461320176,0
2023-07-28 10:50:04,37271.0,2587,1,37310.2,3335,3557,0.0672556345052359,0
2023-07-28 10:50:07,37271.0,2588,1,37310.19,3338,3557,0.0672556345052359,0
2023-07-28 10:50:07,37271.0,2588,1,37310.19,3338,3557,0.0672556345052359,0
2023-07-28 10:50:07,37271.0,2588,1,37310.19,3338,3557,0.0672556345052359,0
2023-07-28 10:50:07,37271.0,2588,1,37310.19,3340,3557,0.0672556345052359,0
2023-07-28 10:50:07,37271.0,2588,1,37310.19,3338,3556,0.0672556345052359,0
2023-07-28 10:50:07,37271.0,2588,1,37310.19,3338,3556,0.0672556345052359,0
2023-07-28 10:50:07,37271.0,2588,1,37310.19,3352,3538,0.0672556345052359,0
2023-07-28 10:50:07,37271.0,2588,1,37310.19,3350,3553,0.0672556345052359,0
2023-07-28 10:50:07,37271.0,2588,1,37310.19,3354,3553,0.0672556345052359,0
2023-07-28 10:50:07,37271.0,2588,1,37310.19,3364,3557,0.0672556345052359,0
2023-07-28 10:50:07,37271.0,2588,1,37310.19,3364,3560,0.0672556345052359,0
2023-07-28 10:50:07,37271.0,2588,1,37310.19,3363,3560,0.0672556345052359,0
2023-07-28 10:50:07,37271.0,2588,1,37310.19,3257,3560,0.0672556345052359,0
2023-07-28 10:50:07,37271.0,2588,1,37310.19,3257,3560,0.0672556345052359,0
2023-07-28 10:50:07,37271.0,2588,1,37310.19,3345,3559,0.0672556345052359,0
2023-07-28 10:50:07,37271.0,2588,1,37310.19,3348,3558,0.0672556345052359,0
2023-07-28 10:50:07,37271.0,2588,1,37310.19,3348,3558,0.0672556345052359,0
2023-07-28 10:50:23,37271.0,2591,3,37310.14,3352,3547,0.0672556345052359,0
2023-07-28 10:50:23,37271.0,2591,3,37310.14,3352,3547,0.0672556345052359,0
2023-07-28 10:50:23,37271.0,2591,3,37310.14,3352,3553,0.0672556345052359,0
2023-07-28 10:50:23,37271.0,2591,3,37310.14,3358,3560,0.0672556345052359,0
2023-07-28 10:50:26,37275.0,2603,7,37309.98,3358,3560,0.07799505718072143,0
2023-07-28 10:50:26,37275.0,2603,7,37309.98,3348,3567,0.07799505718072143,0
2023-07-28 10:50:26,37275.0,2603,7,37309.98,3349,3565,0.07799505718072143,0
2023-07-28 10:50:26,37275.0,2603,7,37309.98,3363,3565,0.07799505718072143,0
2023-07-28 10:50:26,37275.0,2603,7,37309.98,3364,3565,0.07799505718072143,0
2023-07-28 10:50:26,37275.0,2603,7,37309.98,3359,3567,0.07799505718072143,0
2023-07-28 10:50:26,37275.0,2603,7,37309.98,3359,3567,0.07799505718072143,0
2023-07-28 10:50:26,37275.0,2603,7,37309.98,3357,3566,0.07799505718072143,0
2023-07-28 10:50:26,37275.0,2603,7,37309.98,3356,3565,0.07799505718072143,0
2023-07-28 10:50:26,37275.0,2603,7,37309.98,3356,3564,0.07799505718072143,0
2023-07-28 10:50:38,37271.9,2604,1,37309.97,3355,3560,0.06967200460722406,0
2023-07-28 10:50:38,37271.9,2604,1,37309.97,3357,3560,0.06967200460722406,0
2023-07-28 10:50:41,37270.95,2605,1,37309.95,3353,3566,0.06712139172178452,0
2023-07-28 10:50:41,37270.95,2605,1,37309.95,3358,3569,0.06712139172178452,0
2023-07-28 10:50:41,37270.95,2605,1,37309.95,3360,3569,0.06712139172178452,0
2023-07-28 10:50:41,37270.95,2605,1,37309.95,3360,3569,0.06712139172178452,0
2023-07-28 10:50:41,37270.95,2605,1,37309.95,3360,3568,0.06712139172178452,0
2023-07-28 10:50:41,37270.95,2605,1,37309.95,3359,3568,0.06712139172178452,0
2023-07-28 10:50:41,37270.95,2605,1,37309.95,3361,3559,0.06712139172178452,0
2023-07-28 10:50:41,37270.95,2605,1,37309.95,3361,3562,0.06712139172178452,0
2023-07-28 10:50:41,37270.95,2605,1,37309.95,3360,3570,0.06712139172178452,0
2023-07-28 10:50:41,37270.95,2605,1,37309.95,3360,3570,0.06712139172178452,0
2023-07-28 10:50:41,37270.95,2605,1,37309.95,3359,3570,0.06712139172178452,0
2023-07-28 10:50:41,37270.95,2605,1,37309.95,3360,3570,0.06712139172178452,0
2023-07-28 10:50:41,37270.95,2605,1,37309.95,3360,3570,0.06712139172178452,0
2023-07-28 10:50:41,37270.95,2605,1,37309.95,3362,3570,0.06712139172178452,0
2023-07-28 10:50:41,37270.95,2605,1,37309.95,3365,3568,0.06712139172178452,0
2023-07-28 10:50:41,37270.95,2605,1,37309.95,3366,3568,0.06712139172178452,0
2023-07-28 10:50:41,37270.95,2605,1,37309.95,3367,3568,0.06712139172178452,0
2023-07-28 10:50:41,37270.95,2605,1,37309.95,3367,3568,0.06712139172178452,0
2023-07-28 10:50:41,37270.95,2605,1,37309.95,3367,3568,0.06712139172178452,0
2023-07-28 10:50:41,37270.95,2605,1,37309.95,3366,3568,0.06712139172178452,0
2023-07-28 10:50:41,37270.95,2605,1,37309.95,3362,3571,0.06712139172178452,0
2023-07-28 10:50:41,37270.95,2605,1,37309.95,3363,3572,0.06712139172178452,0
2023-07-28 10:50:41,37270.95,2605,1,37309.95,3364,3572,0.06712139172178452,0
2023-07-28 10:50:41,37270.95,2605,1,37309.95,3358,3571,0.06712139172178452,0
2023-07-28 10:50:41,37270.95,2605,1,37309.95,3361,3572,0.06712139172178452,0
2023-07-28 10:50:41,37270.95,2605,1,37309.95,3363,3568,0.06712139172178452,0
2023-07-28 10:50:41,37270.95,2605,1,37309.95,3364,3568,0.06712139172178452,0
2023-07-28 10:50:41,37270.95,2605,1,37309.95,3363,3568,0.06712139172178452,0
2023-07-28 10:50:41,37270.95,2605,1,37309.95,3363,3568,0.06712139172178452,0
2023-07-28 10:50:41,37270.95,2605,1,37309.95,3363,3572,0.06712139172178452,0
2023-07-28 10:50:41,37270.95,2605,1,37309.95,3361,3571,0.06712139172178452,0
2023-07-28 10:50:41,37270.95,2605,1,37309.95,3361,3571,0.06712139172178452,0
2023-07-28 10:50:41,37270.95,2605,1,37309.95,3362,3571,0.06712139172178452,0
2023-07-28 10:50:41,37270.95,2605,1,37309.95,3363,3571,0.06712139172178452,0
2023-07-28 10:50:41,37270.95,2605,1,37309.95,3363,3573,0.06712139172178452,0
2023-07-28 10:50:41,37270.95,2605,1,37309.95,3285,3580,0.06712139172178452,0
2023-07-28 10:50:41,37270.0,2605,1,37309.95,3285,3580,0.06457077883636453,0
2023-07-28 10:51:19,37270.0,2609,1,37309.89,3191,3588,0.06457077883636453,0
2023-07-28 10:51:19,37270.0,2609,1,37309.89,3358,3584,0.06457077883636453,0
2023-07-28 10:51:19,37270.0,2609,1,37309.89,3360,3578,0.06457077883636453,0
2023-07-28 10:51:19,37270.0,2609,1,37309.89,3360,3570,0.06457077883636453,0
2023-07-28 10:51:19,37270.0,2609,1,37309.89,3360,3569,0.06457077883636453,0
2023-07-28 10:51:19,37270.0,2609,1,37309.89,3360,3572,0.06457077883636453,0
2023-07-28 10:51:19,37270.0,2609,1,37309.89,3358,3565,0.06457077883636453,0
2023-07-28 10:51:19,37270.0,2609,1,37309.89,3360,3568,0.06457077883636453,0
2023-07-28 10:51:19,37270.0,2609,1,37309.89,3361,3568,0.06457077883636453,0
2023-07-28 10:51:19,37270.0,2609,1,37309.89,3367,3566,0.06457077883636453,0
2023-07-28 10:51:19,37270.0,2609,1,37309.89,3366,3566,0.06457077883636453,0
2023-07-28 10:51:19,37270.0,2609,1,37309.89,3366,3566,0.06457077883636453,0
2023-07-28 10:51:19,37270.0,2609,1,37309.89,3360,3567,0.06457077883636453,0
2023-07-28 10:51:19,37270.0,2609,1,37309.89,3362,3568,0.06457077883636453,0
2023-07-28 10:51:19,37270.0,2609,1,37309.89,3368,3570,0.06457077883636453,0
2023-07-28 10:51:19,37270.0,2609,1,37309.89,3367,3570,0.06457077883636453,0
2023-07-28 10:51:19,37270.0,2609,1,37309.89,3367,3570,0.06457077883636453,0
2023-07-28 10:51:19,37270.0,2609,1,37309.89,3365,3572,0.06457077883636453,0
2023-07-28 10:51:19,37270.0,2609,1,37309.89,3365,3573,0.06457077883636453,0
2023-07-28 10:51:19,37270.0,2609,1,37309.89,3366,3573,0.06457077883636453,0
2023-07-28 10:51:19,37270.0,2609,1,37309.89,3366,3573,0.06457077883636453,0
2023-07-28 10:51:19,37270.0,2609,1,37309.89,3369,3570,0.06457077883636453,0
2023-07-28 10:51:19,37270.0,2609,1,37309.89,3367,3569,0.06457077883636453,0
2023-07-28 10:51:19,37270.0,2609,1,37309.89,3369,3570,0.06457077883636453,0
2023-07-28 10:51:19,37270.0,2609,1,37309.89,3369,3570,0.06457077883636453,0
2023-07-28 10:51:19,37270.0,2609,1,37309.89,3368,3569,0.06457077883636453,0
2023-07-28 10:51:19,37270.0,2609,1,37309.89,3358,3569,0.06457077883636453,0
2023-07-28 10:51:19,37270.0,2609,1,37309.89,3357,3564,0.06457077883636453,0
2023-07-28 10:51:19,37270.0,2609,1,37309.89,3358,3566,0.06457077883636453,0
2023-07-28 10:51:19,37270.0,2609,1,37309.89,3362,3566,0.06457077883636453,0
2023-07-28 10:52:22,37270.0,2611,1,37309.86,3359,3560,0.06457077883636453,0
2023-07-28 10:52:22,37270.0,2611,1,37309.86,3360,3551,0.06457077883636453,0
2023-07-28 10:52:22,37270.0,2611,1,37309.86,3353,3558,0.06457077883636453,0
2023-07-28 10:52:22,37286.9,2611,4,37309.86,3353,3558,0.10994483964029476,0
2023-07-28 10:52:39,37286.9,2626,4,37309.7,3355,3555,0.10994483964029476,0
2023-07-28 10:52:39,37286.9,2626,4,37309.7,3358,3563,0.10994483964029476,0
2023-07-28 10:52:39,37285.8,2626,1,37309.7,3358,3563,0.10699149840454016,0
2023-07-28 10:52:45,37285.8,2627,1,37309.69,3357,3560,0.10699149840454016,0
2023-07-28 10:52:45,37285.8,2627,1,37309.69,3361,3558,0.10699149840454016,0
2023-07-28 10:52:45,37250.05,2627,1,37309.69,3361,3558,0.01100790824238829,0
2023-07-28 10:52:55,37250.05,2628,1,37309.67,3359,3568,0.01100790824238829,0
2023-07-28 10:52:55,37250.05,2628,1,37309.67,3359,3568,0.01100790824238829,0
2023-07-28 10:52:58,37250.05,2630,1,37309.63,3363,3566,0.01100790824238829,0
2023-07-28 10:52:58,37250.05,2630,1,37309.63,3361,3565,0.01100790824238829,0
2023-07-28 10:52:58,37250.05,2630,1,37309.63,3361,3568,0.01100790824238829,0
2023-07-28 10:52:58,37250.05,2630,1,37309.63,3363,3548,0.01100790824238829,0
2023-07-28 10:52:58,37250.05,2630,1,37309.63,3363,3565,0.01100790824238829,0
2023-07-28 10:52:58,37250.05,2630,1,37309.63,3208,3565,0.01100790824238829,0
2023-07-28 10:52:58,37250.05,2630,1,37309.63,3208,3565,0.01100790824238829,0
2023-07-28 10:52:58,37250.05,2630,1,37309.63,3283,3565,0.01100790824238829,0
2023-07-28 10:52:58,37250.05,2630,1,37309.63,3208,3565,0.01100790824238829,0
2023-07-28 10:52:58,37250.05,2630,1,37309.63,3358,3566,0.01100790824238829,0
2023-07-28 10:52:58,37250.05,2630,1,37309.63,3358,3567,0.01100790824238829,0
2023-07-28 10:52:58,37250.05,2630,1,37309.63,3365,3563,0.01100790824238829,0
2023-07-28 10:52:58,37250.05,2630,1,37309.63,3365,3563,0.01100790824238829,0
2023-07-28 10:52:58,37250.05,2630,1,37309.63,3210,3562,0.01100790824238829,0
2023-07-28 10:52:58,37250.05,2630,1,37309.63,3211,3560,0.01100790824238829,0
2023-07-28 10:52:58,37250.05,2630,1,37309.63,3211,3560,0.01100790824238829,0
2023-07-28 10:52:58,37289.0,2630,3,37309.63,3286,3562,0.11558303654492076,0
2023-07-28 10:52:58,37289.0,2630,3,37309.63,3286,3562,0.11558303654492076,0
2023-07-28 10:53:22,37289.0,2635,3,37309.59,3358,3566,0.11558303654492076,0
2023-07-28 10:53:22,37289.0,2635,3,37309.59,3359,3567,0.11558303654492076,0
2023-07-28 10:53:22,37289.0,2635,3,37309.59,3359,3567,0.11558303654492076,0
2023-07-28 10:53:22,37258.65,2635,2,37309.59,3209,3567,0.034097666994678255,0
2023-07-28 10:53:22,37258.65,2635,2,37309.59,3209,3567,0.034097666994678255,0
2023-07-28 10:53:25,37258.65,2639,2,37309.51,3354,3570,0.034097666994678255,0
2023-07-28 10:53:25,37258.65,2639,2,37309.51,3352,3580,0.034097666994678255,0
2023-07-28 10:53:25,37258.65,2639,2,37309.51,3352,3581,0.034097666994678255,0
2023-07-28 10:53:25,37258.65,2639,2,37309.51,3355,3572,0.034097666994678255,0
2023-07-28 10:53:25,37258.65,2639,2,37309.51,3353,3572,0.034097666994678255,0
2023-07-28 10:53:25,37258.65,2639,2,37309.51,3353,3573,0.034097666994678255,0
2023-07-28 10:53:25,37258.65,2639,2,37309.51,3353,3573,0.034097666994678255,0
2023-07-28 10:53:25,37258.65,2639,2,37309.51,3350,3571,0.034097666994678255,0
2023-07-28 10:53:25,37258.65,2639,2,37309.51,3358,3570,0.034097666994678255,0
2023-07-28 10:53:25,37258.65,2639,2,37309.51,3358,3570,0.034097666994678255,0
2023-07-28 10:53:25,37258.65,2639,2,37309.51,3355,3567,0.034097666994678255,0
2023-07-28 10:53:25,37257.6,2639,1,37309.51,3355,3567,0.031278568542355493,0
2023-07-28 10:53:37,37257.6,2640,1,37309.49,3355,3569,0.031278568542355493,0
2023-07-28 10:53:37,37257.6,2640,1,37309.49,3357,3569,0.031278568542355493,0
2023-07-28 10:53:37,37257.6,2640,1,37309.49,3357,3567,0.031278568542355493,0
2023-07-28 10:53:37,37257.6,2640,1,37309.49,3358,3570,0.031278568542355493,0
2023-07-28 10:53:37,37257.6,2640,1,37309.49,3356,3570,0.031278568542355493,0
2023-07-28 10:53:37,37257.6,2640,1,37309.49,3355,3570,0.031278568542355493,0
2023-07-28 10:53:37,37257.6,2640,1,37309.49,3355,3569,0.031278568542355493,0
2023-07-28 10:53:37,37257.6,2640,1,37309.49,3355,3567,0.031278568542355493,0
2023-07-28 10:53:37,37275.5,2640,1,37309.49,3355,3567,0.07933748501515712,0
2023-07-28 10:53:46,37275.5,2643,1,37309.45,3362,3570,0.07933748501515712,0
2023-07-28 10:53:46,37275.5,2643,1,37309.45,3362,3574,0.07933748501515712,0
2023-07-28 10:53:46,37275.5,2643,1,37309.45,3362,3575,0.07933748501515712,0
2023-07-28 10:53:46,37275.5,2643,1,37309.45,3362,3576,0.07933748501515712,0
2023-07-28 10:53:46,37275.5,2643,1,37309.45,3361,3586,0.07933748501515712,0
2023-07-28 10:53:46,37275.5,2643,1,37309.45,3358,3586,0.07933748501515712,0
2023-07-28 10:53:46,37275.5,2643,1,37309.45,3358,3586,0.07933748501515712,0
2023-07-28 10:53:46,37275.5,2643,1,37309.45,3358,3586,0.07933748501515712,0
2023-07-28 10:53:46,37275.5,2643,1,37309.45,3358,3586,0.07933748501515712,0
2023-07-28 10:53:46,37275.5,2643,1,37309.45,3355,3589,0.07933748501515712,0
2023-07-28 10:53:46,37275.5,2643,1,37309.45,3355,3582,0.07933748501515712,0
2023-07-28 10:53:46,37275.5,2643,1,37309.45,3355,3582,0.07933748501515712,0
2023-07-28 10:53:46,37275.5,2643,1,37309.45,3355,3580,0.07933748501515712,0
2023-07-28 10:54:02,37250.05,2644,1,37309.43,3356,3574,0.01100790824238829,0
2023-07-28 10:54:02,37250.05,2644,1,37309.43,3353,3568,0.01100790824238829,0
2023-07-28 10:54:02,37250.05,2644,1,37309.43,3352,3572,0.01100790824238829,0
2023-07-28 10:54:02,37250.05,2644,1,37309.43,3356,3571,0.01100790824238829,0
2023-07-28 10:54:02,37250.05,2644,1,37309.43,3356,3569,0.01100790824238829,0
2023-07-28 10:54:02,37250.05,2644,1,37309.43,3355,3578,0.01100790824238829,0
2023-07-28 10:54:02,37250.05,2644,1,37309.43,3355,3578,0.01100790824238829,0
2023-07-28 10:54:02,37250.05,2644,1,37309.43,3355,3578,0.01100790824238829,0
2023-07-28 10:54:02,37250.05,2644,1,37309.43,3355,3579,0.01100790824238829,0
2023-07-28 10:54:02,37250.05,2644,1,37309.43,3352,3579,0.01100790824238829,0
2023-07-28 10:54:02,37250.05,2644,1,37309.43,3357,3571,0.01100790824238829,0
2023-07-28 10:54:02,37250.05,2644,1,37309.43,3358,3573,0.01100790824238829,0
2023-07-28 10:54:02,37250.05,2644,1,37309.43,3356,3575,0.01100790824238829,0
2023-07-28 10:54:02,37250.05,2644,1,37309.43,3353,3575,0.01100790824238829,0
2023-07-28 10:54:02,37250.05,2644,1,37309.43,3354,3575,0.01100790824238829,0
2023-07-28 10:54:02,37250.05,2644,1,37309.43,3355,3578,0.01100790824238829,0
2023-07-28 10:54:02,37250.05,2644,1,37309.43,3356,3577,0.01100790824238829,0
2023-07-28 10:54:02,37250.05,2644,1,37309.43,3356,3576,0.01100790824238829,0
2023-07-28 10:54:02,37250.05,2644,1,37309.43,3356,3571,0.01100790824238829,0
2023-07-28 10:54:02,37250.05,2644,1,37309.43,3357,3571,0.01100790824238829,0
2023-07-28 10:54:02,37250.05,2644,1,37309.43,3350,3565,0.01100790824238829,0
2023-07-28 10:54:02,37250.05,2644,1,37309.43,3355,3567,0.01100790824238829,0
2023-07-28 10:54:02,37250.05,2644,1,37309.43,3356,3570,0.01100790824238829,0
2023-07-28 10:54:02,37250.05,2644,1,37309.43,3356,3571,0.01100790824238829,0
2023-07-28 10:54:33,37250.2,2647,2,37309.37,3352,3584,0.011410636592703369,0
2023-07-28 10:54:33,37250.2,2647,2,37309.37,3352,3575,0.011410636592703369,0
2023-07-28 10:54:33,37250.2,2647,2,37309.37,3352,3570,0.011410636592703369,0
2023-07-28 10:54:33,37250.2,2647,2,37309.37,3352,3571,0.011410636592703369,0
2023-07-28 10:54:33,37250.2,2647,2,37309.37,3352,3571,0.011410636592703369,0
2023-07-28 10:54:33,37250.1,2647,1,37309.37,3352,3571,0.011142151025820137,0
2023-07-28 10:54:43,37250.1,2648,1,37309.35,3351,3582,0.011142151025820137,0
2023-07-28 10:54:43,37250.1,2648,1,37309.35,3351,3582,0.011142151025820137,0
2023-07-28 10:54:43,37250.1,2648,1,37309.35,3350,3582,0.011142151025820137,0
2023-07-28 10:54:43,37250.1,2648,1,37309.35,3356,3582,0.011142151025820137,0
2023-07-28 10:54:48,37250.0,2652,1,37309.26,3350,3581,0.010873665458936907,0
2023-07-28 10:54:48,37250.0,2652,1,37309.26,3352,3583,0.010873665458936907,0
2023-07-28 10:54:48,37250.0,2652,1,37309.26,3352,3578,0.010873665458936907,0
2023-07-28 10:54:48,37250.0,2652,1,37309.26,3352,3580,0.010873665458936907,0
2023-07-28 10:54:48,37250.0,2652,1,37309.26,3354,3582,0.010873665458936907,0
2023-07-28 10:54:48,37250.0,2652,1,37309.26,3359,3577,0.010873665458936907,0
2023-07-28 10:54:48,37250.0,2652,1,37309.26,3359,3577,0.010873665458936907,0
2023-07-28 10:54:48,37250.0,2652,1,37309.26,3358,3577,0.010873665458936907,0
2023-07-28 10:55:13,37269.0,2653,1,37309.24,3359,3580,0.06188592316749314,0
2023-07-28 10:55:13,37269.0,2653,1,37309.24,3360,3578,0.06188592316749314,0
2023-07-28 10:55:13,37269.0,2653,1,37309.24,3360,3579,0.06188592316749314,0
2023-07-28 10:55:13,37268.7,2653,1,37309.24,3360,3579,0.06108046646682391,0
2023-07-28 10:55:15,37268.7,2654,1,37309.23,3360,3577,0.06108046646682391,0
2023-07-28 10:55:15,37268.7,2654,1,37309.23,3360,3578,0.06108046646682391,0
2023-07-28 10:55:15,37268.7,2654,1,37309.23,3360,3578,0.06108046646682391,0
2023-07-28 10:55:15,37268.7,2654,1,37309.23,3357,3576,0.06108046646682391,0
2023-07-28 10:55:15,37268.7,2654,1,37309.23,3358,3578,0.06108046646682391,0
2023-07-28 10:55:15,37268.7,2654,1,37309.23,3358,3600,0.06108046646682391,0
2023-07-28 10:55:15,37268.7,2654,1,37309.23,3358,3599,0.06108046646682391,0
2023-07-28 10:55:15,37268.7,2654,1,37309.23,3360,3597,0.06108046646682391,0
2023-07-28 10:55:15,37268.7,2654,1,37309.23,3359,3597,0.06108046646682391,0
2023-07-28 10:55:15,37268.7,2654,1,37309.23,3359,3598,0.06108046646682391,0
2023-07-28 10:55:15,37268.7,2654,1,37309.23,3359,3598,0.06108046646682391,0
2023-07-28 10:55:15,37250.0,2654,1,37309.23,3359,3598,0.010873665458936907,0
2023-07-28 10:55:28,37250.0,2655,1,37309.2,3358,3598,0.010873665458936907,0
2023-07-28 10:55:28,37250.0,2655,1,37309.2,3359,3598,0.010873665458936907,0
2023-07-28 10:55:28,37250.0,2655,1,37309.2,3359,3598,0.010873665458936907,0
2023-07-28 10:55:28,37250.0,2655,1,37309.2,3360,3601,0.010873665458936907,0
2023-07-28 10:55:28,37250.0,2655,1,37309.2,3358,3601,0.010873665458936907,0
2023-07-28 10:55:28,37250.0,2655,4,37309.2,3359,3601,0.010873665458936907,0
2023-07-28 10:55:37,37250.0,2660,4,37309.1,3353,3610,0.010873665458936907,0
2023-07-28 10:55:37,37250.0,2660,4,37309.1,3353,3606,0.010873665458936907,0
2023-07-28 10:55:37,37250.0,2660,4,37309.1,3353,3609,0.010873665458936907,0
2023-07-28 10:55:37,37250.0,2660,4,37309.1,3353,3610,0.010873665458936907,0
2023-07-28 10:55:37,37250.0,2660,4,37309.1,3353,3609,0.010873665458936907,0
2023-07-28 10:55:37,37250.0,2660,4,37309.1,3353,3605,0.010873665458936907,0
2023-07-28 10:55:37,37250.0,2660,4,37309.1,3353,3605,0.010873665458936907,0
2023-07-28 10:55:37,37250.0,2660,4,37309.1,3352,3605,0.010873665458936907,0
2023-07-28 10:55:37,37250.0,2660,4,37309.1,3357,3605,0.010873665458936907,0
2023-07-28 10:55:37,37250.0,2660,4,37309.1,3355,3605,0.010873665458936907,0
2023-07-28 10:55:37,37250.0,2660,4,37309.1,3355,3602,0.010873665458936907,0
2023-07-28 10:55:37,37246.0,2660,1,37309.1,3355,3602,0.000134242783451383,0
2023-07-28 10:55:53,37246.0,2661,1,37309.08,3353,3602,0.000134242783451383,0
2023-07-28 10:55:53,37246.0,2661,1,37309.08,3352,3602,0.000134242783451383,0
2023-07-28 10:55:53,37246.0,2661,1,37309.08,3351,3602,0.000134242783451383,0
2023-07-28 10:55:53,37246.0,2661,1,37309.08,3350,3602,0.000134242783451383,0
2023-07-28 10:55:53,37246.0,2661,1,37309.08,3325,3600,0.000134242783451383,0
2023-07-28 10:55:53,37250.0,2661,2,37309.08,3340,3600,0.010873665458936907,0
2023-07-28 10:56:00,37250.0,2663,2,37309.03,3341,3604,0.010873665458936907,0
2023-07-28 10:56:00,37250.0,2663,2,37309.03,3343,3600,0.010873665458936907,0
2023-07-28 10:56:00,37250.0,2663,2,37309.03,3344,3600,0.010873665458936907,0
2023-07-28 10:56:00,37250.0,2663,2,37309.03,3341,3600,0.010873665458936907,0
2023-07-28 10:56:00,37250.0,2663,2,37309.03,3267,3596,0.010873665458936907,0
2023-07-28 10:56:00,37250.0,2663,2,37309.03,3345,3593,0.010873665458936907,0
2023-07-28 10:56:00,37250.0,2663,2,37309.03,3349,3590,0.010873665458936907,0
2023-07-28 10:56:00,37238.35,2663,2,37309.03,3349,3590,-0.020404903083418587,0
2023-07-28 10:56:18,37238.35,2665,2,37308.98,3345,3589,-0.020404903083418587,0
2023-07-28 10:56:18,37238.35,2665,2,37308.98,3345,3589,-0.020404903083418587,0
2023-07-28 10:56:18,37238.35,2665,2,37308.98,3345,3589,-0.020404903083418587,0
2023-07-28 10:56:18,37238.35,2665,2,37308.98,3345,3589,-0.020404903083418587,0
2023-07-28 10:56:18,37268.95,2665,1,37308.98,3345,3589,0.06175168038404176,0
2023-07-28 10:56:18,37268.95,2665,1,37308.98,3345,3589,0.06175168038404176,0
2023-07-28 10:56:18,37268.95,2665,1,37308.98,3345,3589,0.06175168038404176,0
2023-07-28 10:56:23,37268.95,2666,1,37308.96,3345,3589,0.06175168038404176,0
2023-07-28 10:56:23,37268.95,2666,1,37308.96,3345,3589,0.06175168038404176,0
2023-07-28 10:56:23,37268.95,2666,1,37308.96,3345,3589,0.06175168038404176,0
2023-07-28 10:56:23,37268.95,2666,1,37308.96,3345,3589,0.06175168038404176,0
2023-07-28 10:56:23,37268.95,2666,1,37308.96,3357,3590,0.06175168038404176,0
2023-07-28 10:56:39,37265.1,2667,1,37308.95,3364,3591,0.05141498605889085,0
2023-07-28 10:56:39,37265.1,2667,1,37308.95,3358,3595,0.05141498605889085,0
2023-07-28 10:56:49,37250.5,2668,1,37308.93,3353,3589,0.012216093293372596,0
2023-07-28 10:56:49,37265.15,2668,1,37308.93,3353,3589,0.05154922884234223,0
2023-07-28 10:56:52,37265.15,2669,1,37308.91,3348,3594,0.05154922884234223,0
2023-07-28 10:56:52,37265.15,2669,1,37308.91,3347,3592,0.05154922884234223,0
2023-07-28 10:56:52,37265.15,2669,1,37308.91,3344,3595,0.05154922884234223,0
2023-07-28 10:56:52,37265.15,2669,1,37308.91,3345,3590,0.05154922884234223,0
2023-07-28 10:56:52,37265.15,2669,1,37308.91,3343,3594,0.05154922884234223,0
2023-07-28 10:56:52,37265.15,2669,1,37308.91,3342,3591,0.05154922884234223,0
2023-07-28 10:56:52,37265.15,2669,1,37308.91,3342,3593,0.05154922884234223,0
2023-07-28 10:56:52,37255.0,2669,1,37308.91,3342,3593,0.024297943803293812,0
2023-07-28 10:57:12,37255.0,2670,1,37308.89,3341,3592,0.024297943803293812,0
2023-07-28 10:57:12,37255.0,2670,1,37308.89,3341,3594,0.024297943803293812,0
2023-07-28 10:57:12,37255.0,2670,1,37308.89,3343,3594,0.024297943803293812,0
2023-07-28 10:57:12,37255.0,2670,1,37308.89,3344,3594,0.024297943803293812,0
2023-07-28 10:57:12,37255.0,2670,1,37308.89,3344,3594,0.024297943803293812,0
2023-07-28 10:57:12,37255.0,2670,1,37308.89,3344,3590,0.024297943803293812,0
2023-07-28 10:57:12,37255.0,2670,1,37308.89,3344,3590,0.024297943803293812,0
2023-07-28 10:57:24,37255.0,2671,1,37308.87,3344,3589,0.024297943803293812,0
2023-07-28 10:57:24,37255.0,2671,1,37308.87,3344,3594,0.024297943803293812,0
2023-07-28 10:57:24,37255.0,2671,1,37308.87,3344,3594,0.024297943803293812,0
2023-07-28 10:57:24,37255.0,2671,1,37308.87,3346,3589,0.024297943803293812,0
2023-07-28 10:57:24,37255.0,2671,1,37308.87,3348,3589,0.024297943803293812,0
2023-07-28 10:57:24,37255.0,2671,1,37308.87,3348,3589,0.024297943803293812,0
2023-07-28 10:57:24,37255.0,2671,1,37308.87,3345,3589,0.024297943803293812,0
2023-07-28 10:57:24,37255.0,2671,1,37308.87,3345,3585,0.024297943803293812,0
2023-07-28 10:57:24,37255.0,2671,1,37308.87,3345,3585,0.024297943803293812,0
2023-07-28 10:57:24,37255.0,2671,1,37308.87,3345,3585,0.024297943803293812,0
2023-07-28 10:57:24,37255.0,2671,1,37308.87,3344,3585,0.024297943803293812,0
2023-07-28 10:57:24,37255.0,2671,1,37308.87,3344,3585,0.024297943803293812,0
2023-07-28 10:57:24,37255.0,2671,1,37308.87,3344,3585,0.024297943803293812,0
2023-07-28 10:57:24,37255.0,2671,1,37308.87,3347,3586,0.024297943803293812,0
2023-07-28 10:57:24,37250.0,2671,5,37308.87,3347,3586,0.010873665458936907,0
2023-07-28 10:57:46,37250.0,2676,5,37308.76,3347,3591,0.010873665458936907,0
2023-07-28 10:57:46,37250.0,2676,5,37308.76,3347,3588,0.010873665458936907,0
2023-07-28 10:57:46,37250.0,2676,5,37308.76,3347,3590,0.010873665458936907,0
2023-07-28 10:57:46,37250.55,2676,1,37308.76,3347,3589,0.01235033607682398,0
2023-07-28 10:57:52,37250.55,2677,1,37308.74,3346,3591,0.01235033607682398,0
2023-07-28 10:57:52,37250.55,2677,1,37308.74,3346,3588,0.01235033607682398,0
2023-07-28 10:57:52,37250.55,2677,1,37308.74,3345,3588,0.01235033607682398,0
2023-07-28 10:57:52,37250.55,2677,1,37308.74,3345,3588,0.01235033607682398,0
2023-07-28 10:57:52,37250.55,2677,1,37308.74,3345,3588,0.01235033607682398,0
2023-07-28 10:57:52,37250.0,2677,1,37308.74,3345,3588,0.010873665458936907,0
2023-07-28 10:58:07,37250.0,2678,1,37308.72,3345,3587,0.010873665458936907,0
2023-07-28 10:58:17,37237.8,2689,3,37308.45,3341,3594,-0.021881573701286128,0
2023-07-28 10:58:17,37237.8,2689,3,37308.45,3341,3594,-0.021881573701286128,0
2023-07-28 10:58:17,37237.8,2689,3,37308.45,3342,3543,-0.021881573701286128,0
2023-07-28 10:58:17,37237.8,2689,3,37308.45,3346,3546,-0.021881573701286128,0
2023-07-28 10:58:17,37237.8,2689,3,37308.45,3348,3547,-0.021881573701286128,0
2023-07-28 10:58:17,37237.8,2689,3,37308.45,3347,3550,-0.021881573701286128,0
2023-07-28 10:58:17,37237.8,2689,3,37308.45,3348,3548,-0.021881573701286128,0
2023-07-28 10:58:17,37237.8,2689,3,37308.45,3353,3592,-0.021881573701286128,0
2023-07-28 10:58:17,37237.8,2689,3,37308.45,3308,3594,-0.021881573701286128,0
2023-07-28 10:58:17,37237.8,2689,3,37308.45,3307,3592,-0.021881573701286128,0
2023-07-28 10:58:17,37237.8,2689,3,37308.45,3306,3575,-0.021881573701286128,0
2023-07-28 10:58:17,37261.1,2689,1,37308.45,3309,3589,0.040675563383405326,0
2023-07-28 10:59:08,37261.1,2690,1,37308.43,3312,3589,0.040675563383405326,0
2023-07-28 10:59:08,37261.1,2690,1,37308.43,3315,3589,0.040675563383405326,0
2023-07-28 10:59:08,37261.1,2690,1,37308.43,3355,3590,0.040675563383405326,0
2023-07-28 10:59:08,37261.1,2690,1,37308.43,3355,3590,0.040675563383405326,0
2023-07-28 10:59:08,37261.1,2690,1,37308.43,3355,3590,0.040675563383405326,0
2023-07-28 10:59:08,37261.1,2690,1,37308.43,3355,3590,0.040675563383405326,0
2023-07-28 10:59:08,37261.1,2690,1,37308.43,3355,3590,0.040675563383405326,0
2023-07-28 10:59:08,37261.1,2690,1,37308.43,3355,3590,0.040675563383405326,0
2023-07-28 10:59:08,37256.95,2690,1,37308.43,3354,3588,0.02953341235758519,0
2023-07-28 10:59:08,37256.95,2690,1,37308.43,3354,3588,0.02953341235758519,0
2023-07-28 10:59:08,37256.95,2690,1,37308.43,3354,3588,0.02953341235758519,0
2023-07-28 10:59:08,37256.95,2690,1,37308.43,3354,3588,0.02953341235758519,0
2023-07-28 10:59:25,37256.95,2692,1,37308.39,3356,3584,0.02953341235758519,0
2023-07-28 10:59:25,37256.95,2692,1,37308.39,3356,3584,0.02953341235758519,0
2023-07-28 10:59:25,37256.95,2692,1,37308.39,3356,3586,0.02953341235758519,0
2023-07-28 10:59:25,37256.95,2692,1,37308.39,3357,3587,0.02953341235758519,0
2023-07-28 10:59:25,37256.95,2692,1,37308.39,3358,3588,0.02953341235758519,0
2023-07-28 10:59:25,37256.95,2692,1,37308.39,3358,3588,0.02953341235758519,0
2023-07-28 10:59:25,37256.95,2692,1,37308.39,3358,3591,0.02953341235758519,0
2023-07-28 10:59:25,37264.9,2692,1,37308.39,3358,3591,0.050878014925124386,0
2023-07-28 10:59:57,37264.9,2693,1,37308.38,3357,3588,0.050878014925124386,0
2023-07-28 10:59:57,37264.9,2693,1,37308.38,3360,3585,0.050878014925124386,0
2023-07-28 10:59:57,37267.85,2693,1,37308.38,3360,3585,0.058798339148287145,0
2023-07-28 11:00:08,37267.85,2694,1,37308.36,3356,3583,0.058798339148287145,0
2023-07-28 11:00:08,37264.05,2694,4,37308.36,3358,3582,0.048595887606587625,0
2023-07-28 11:00:15,37264.05,2698,4,37308.29,3354,3588,0.048595887606587625,0
2023-07-28 11:00:15,37264.05,2698,4,37308.29,3354,3589,0.048595887606587625,0
2023-07-28 11:00:15,37264.05,2698,4,37308.29,3352,3598,0.048595887606587625,0
2023-07-28 11:00:15,37264.05,2698,4,37308.29,3350,3612,0.048595887606587625,0
2023-07-28 11:00:15,37264.05,2698,4,37308.29,3350,3612,0.048595887606587625,0
2023-07-28 11:00:38,37245.95,2699,1,37308.27,3351,3605,0.0,0
2023-07-28 11:00:38,37245.95,2699,1,37308.27,3350,3605,0.0,0
2023-07-28 11:00:38,37245.95,2699,1,37308.27,3350,3605,0.0,0
2023-07-28 11:00:38,37245.95,2699,1,37308.27,3350,3605,0.0,0
2023-07-28 11:00:38,37245.95,2699,1,37308.27,3350,3605,0.0,0
2023-07-28 11:00:38,37256.95,2699,1,37308.27,3352,3594,0.02953341235758519,0
2023-07-28 11:01:07,37256.95,2700,1,37308.25,3351,3592,0.02953341235758519,0
2023-07-28 11:01:07,37256.95,2700,1,37308.25,3351,3594,0.02953341235758519,0
2023-07-28 11:01:07,37256.95,2700,1,37308.25,3344,3594,0.02953341235758519,0
2023-07-28 11:01:07,37256.95,2700,1,37308.25,3343,3596,0.02953341235758519,0
2023-07-28 11:01:07,37256.95,2700,1,37308.25,3346,3596,0.02953341235758519,0
2023-07-28 11:01:07,37256.95,2700,1,37308.25,3347,3595,0.02953341235758519,0
2023-07-28 11:01:07,37262.05,2700,1,37308.25,3347,3595,0.04322617626884486,0
2023-07-28 11:01:07,37262.05,2700,1,37308.25,3347,3595,0.04322617626884486,0
2023-07-28 11:01:07,37262.05,2700,1,37308.25,3347,3595,0.04322617626884486,0
2023-07-28 11:01:07,37262.05,2700,1,37308.25,3347,3595,0.04322617626884486,0
2023-07-28 11:02:22,37262.05,2701,1,37308.24,3346,3593,0.04322617626884486,0
2023-07-28 11:02:22,37262.05,2701,1,37308.24,3346,3593,0.04322617626884486,0
2023-07-28 11:02:22,37262.05,2701,1,37308.24,3346,3593,0.04322617626884486,0
2023-07-28 11:02:22,37262.05,2701,1,37308.24,3346,3593,0.04322617626884486,0
2023-07-28 11:02:22,37262.05,2701,1,37308.24,3346,3593,0.04322617626884486,0
2023-07-28 11:02:22,37262.05,2701,1,37308.24,3346,3593,0.04322617626884486,0
2023-07-28 11:02:22,37262.05,2701,1,37308.24,3344,3593,0.04322617626884486,0
2023-07-28 11:02:22,37262.05,2701,1,37308.24,3344,3593,0.04322617626884486,0
2023-07-28 11:02:22,37262.05,2701,1,37308.24,3344,3593,0.04322617626884486,0
2023-07-28 11:02:22,37262.05,2701,1,37308.24,3344,3593,0.04322617626884486,0
2023-07-28 11:02:22,37262.05,2701,1,37308.24,3346,3595,0.04322617626884486,0
2023-07-28 11:02:22,37262.05,2701,1,37308.24,3317,3602,0.04322617626884486,0
2023-07-28 11:02:22,37262.05,2701,5,37308.24,3317,3602,0.04322617626884486,0
2023-07-28 11:02:52,37263.6,2706,1,37308.15,3335,3596,0.04738770255558378,0
2023-07-28 11:02:54,37263.6,2707,1,37308.13,3336,3593,0.04738770255558378,0
2023-07-28 11:02:54,37262.05,2707,1,37308.13,3336,3593,0.04322617626884486,0
2023-07-28 11:02:58,37262.05,2708,1,37308.12,3336,3600,0.04322617626884486,0
2023-07-28 11:02:58,37262.05,2708,1,37308.12,3337,3595,0.04322617626884486,0
2023-07-28 11:02:58,37262.05,2708,1,37308.12,3337,3598,0.04322617626884486,0
2023-07-28 11:02:58,37262.05,2708,1,37308.12,3344,3604,0.04322617626884486,0
2023-07-28 11:02:58,37262.05,2708,1,37308.12,3338,3604,0.04322617626884486,0
2023-07-28 11:02:58,37245.95,2708,1,37308.12,3338,3604,0.0,0
2023-07-28 11:03:23,37245.95,2709,1,37308.09,3337,3596,0.0,0
2023-07-28 11:03:23,37245.95,2709,1,37308.09,3337,3596,0.0,0
2023-07-28 11:03:23,37245.95,2709,1,37308.09,3339,3593,0.0,0
2023-07-28 11:03:23,37245.95,2709,1,37308.09,3339,3593,0.0,0
2023-07-28 11:03:23,37245.95,2709,1,37308.09,3339,3593,0.0,0
2023-07-28 11:03:23,37245.95,2709,1,37308.09,3339,3595,0.0,0
2023-07-28 11:03:23,37245.95,2709,1,37308.09,3339,3593,0.0,0
2023-07-28 11:03:23,37245.95,2709,1,37308.09,3338,3593,0.0,0
2023-07-28 11:03:23,37245.95,2709,1,37308.09,3338,3593,0.0,0
2023-07-28 11:03:23,37245.95,2709,1,37308.09,3338,3593,0.0,0
2023-07-28 11:03:23,37240.0,2709,1,37308.09,3338,3593,-0.015974891229776904,0
2023-07-28 11:04:04,37240.0,2711,1,37308.04,3331,3624,-0.015974891229776904,0
2023-07-28 11:04:04,37240.0,2711,1,37308.04,3343,3624,-0.015974891229776904,0
2023-07-28 11:04:04,37240.0,2711,1,37308.04,3343,3624,-0.015974891229776904,0
2023-07-28 11:04:13,37240.0,2712,1,37308.02,3332,3629,-0.015974891229776904,0
2023-07-28 11:04:13,37240.0,2712,1,37308.02,3363,3630,-0.015974891229776904,0
2023-07-28 11:04:13,37240.0,2712,1,37308.02,3332,3629,-0.015974891229776904,0
2023-07-28 11:04:13,37240.0,2712,1,37308.02,3344,3629,-0.015974891229776904,0
2023-07-28 11:04:13,37238.0,2712,1,37308.02,3344,3629,-0.021344602567519664,0
2023-07-28 11:04:34,37238.0,2714,1,37307.97,3345,3627,-0.021344602567519664,0
2023-07-28 11:04:34,37238.0,2714,1,37307.97,3351,3627,-0.021344602567519664,0
2023-07-28 11:04:34,37238.0,2714,1,37307.97,3341,3628,-0.021344602567519664,0
2023-07-28 11:04:34,37237.75,2714,1,37307.97,3341,3628,-0.022015816484737508,0
2023-07-28 11:04:47,37237.75,2716,1,37307.92,3338,3627,-0.022015816484737508,0
2023-07-28 11:04:47,37237.75,2716,1,37307.92,3337,3627,-0.022015816484737508,0
2023-07-28 11:04:47,37237.75,2716,1,37307.92,3339,3626,-0.022015816484737508,0
2023-07-28 11:04:47,37237.75,2716,1,37307.92,3338,3626,-0.022015816484737508,0
2023-07-28 11:04:47,37237.75,2716,1,37307.92,3339,3626,-0.022015816484737508,0
2023-07-28 11:04:47,37237.75,2716,1,37307.92,3339,3626,-0.022015816484737508,0
2023-07-28 11:04:47,37237.75,2716,1,37307.92,3339,3626,-0.022015816484737508,0
2023-07-28 11:04:47,37237.75,2716,1,37307.92,3339,3626,-0.022015816484737508,0
2023-07-28 11:04:47,37237.75,2716,1,37307.92,3340,3628,-0.022015816484737508,0
2023-07-28 11:04:47,37237.0,2716,5,37307.92,3340,3628,-0.024029458236391046,0
2023-07-28 11:04:47,37237.0,2716,5,37307.92,3340,3628,-0.024029458236391046,0
2023-07-28 11:04:47,37237.0,2716,5,37307.92,3340,3628,-0.024029458236391046,0
2023-07-28 11:04:47,37237.0,2716,5,37307.92,3340,3628,-0.024029458236391046,0
2023-07-28 11:04:47,37237.0,2716,5,37307.92,3340,3628,-0.024029458236391046,0
2023-07-28 11:05:24,37237.0,2721,5,37307.79,3343,3623,-0.024029458236391046,0
2023-07-28 11:05:24,37237.0,2721,5,37307.79,3340,3623,-0.024029458236391046,0
2023-07-28 11:05:24,37237.0,2721,5,37307.79,3334,3622,-0.024029458236391046,0
2023-07-28 11:05:24,37237.0,2721,1,37307.79,3334,3622,-0.024029458236391046,0
2023-07-28 11:05:24,37237.0,2721,15,37307.79,3334,3622,-0.024029458236391046,0
2023-07-28 11:05:39,37256.9,2742,2,37307.24,3360,3583,0.029399169574153342,0
2023-07-28 11:05:39,37260.0,2742,1,37307.24,3360,3583,0.03772222214765072,0
2023-07-28 11:05:41,37260.0,2745,1,37307.19,3357,3589,0.03772222214765072,0
2023-07-28 11:05:41,37260.0,2745,1,37307.19,3360,3591,0.03772222214765072,0
2023-07-28 11:05:53,37254.95,2746,1,37307.17,3352,3595,0.02416370101984243,0
2023-07-28 11:05:53,37254.95,2746,1,37307.17,3355,3601,0.02416370101984243,0
2023-07-28 11:05:53,37254.95,2746,1,37307.17,3355,3600,0.02416370101984243,0
2023-07-28 11:05:53,37254.95,2746,1,37307.17,3353,3600,0.02416370101984243,0
2023-07-28 11:05:53,37254.95,2746,1,37307.17,3353,3600,0.02416370101984243,0
2023-07-28 11:05:53,37254.95,2746,1,37307.17,3353,3600,0.02416370101984243,0
2023-07-28 11:05:53,37254.95,2746,1,37307.17,3353,3600,0.02416370101984243,0
2023-07-28 11:05:53,37245.95,2746,1,37307.17,3353,3600,0.0,0
2023-07-28 11:06:11,37245.95,2747,1,37307.15,3359,3598,0.0,0
2023-07-28 11:06:11,37245.95,2747,1,37307.15,3360,3599,0.0,0
2023-07-28 11:06:11,37245.95,2747,1,37307.15,3362,3600,0.0,0
2023-07-28 11:06:11,37245.95,2747,1,37307.15,3360,3602,0.0,0
2023-07-28 11:06:11,37245.95,2747,1,37307.15,3360,3602,0.0,0
2023-07-28 11:06:11,37245.95,2747,1,37307.15,3358,3601,0.0,0
2023-07-28 11:06:11,37245.95,2747,1,37307.15,3372,3613,0.0,0
2023-07-28 11:06:11,37245.95,2747,1,37307.15,3373,3611,0.0,0
2023-07-28 11:06:11,37245.95,2747,1,37307.15,3369,3613,0.0,0
2023-07-28 11:06:11,37245.95,2747,1,37307.15,3367,3613,0.0,0
2023-07-28 11:06:11,37245.95,2747,1,37307.15,3366,3608,0.0,0
2023-07-28 11:06:11,37231.6,2747,2,37307.15,3366,3608,-0.038527678848300405,0
2023-07-28 11:06:25,37231.6,2749,2,37307.09,3355,3602,-0.038527678848300405,0
2023-07-28 11:06:25,37231.6,2749,2,37307.09,3355,3601,-0.038527678848300405,0
2023-07-28 11:06:25,37231.6,2749,2,37307.09,3357,3601,-0.038527678848300405,0
2023-07-28 11:06:25,37231.6,2749,2,37307.09,3357,3601,-0.038527678848300405,0
2023-07-28 11:06:25,37231.6,2749,2,37307.09,3353,3601,-0.038527678848300405,0
2023-07-28 11:06:25,37231.6,2749,2,37307.09,3354,3601,-0.038527678848300405,0
2023-07-28 11:06:25,37231.6,2749,2,37307.09,3354,3601,-0.038527678848300405,0
2023-07-28 11:06:25,37231.6,2749,2,37307.09,3356,3601,-0.038527678848300405,0
2023-07-28 11:06:25,37231.6,2749,2,37307.09,3355,3601,-0.038527678848300405,0
2023-07-28 11:06:25,37231.6,2749,2,37307.09,3357,3601,-0.038527678848300405,0
2023-07-28 11:06:25,37231.6,2749,2,37307.09,3355,3601,-0.038527678848300405,0
2023-07-28 11:06:25,37231.6,2749,2,37307.09,3366,3601,-0.038527678848300405,0
2023-07-28 11:06:25,37231.6,2749,2,37307.09,3356,3594,-0.038527678848300405,0
2023-07-28 11:06:25,37231.6,2749,2,37307.09,3363,3601,-0.038527678848300405,0
2023-07-28 11:06:25,37231.6,2749,2,37307.09,3365,3601,-0.038527678848300405,0
2023-07-28 11:06:25,37231.6,2749,2,37307.09,3290,3596,-0.038527678848300405,0
2023-07-28 11:06:50,37242.4,2750,1,37307.07,3362,3607,-0.009531237624481681,0
2023-07-28 11:06:50,37242.4,2750,1,37307.07,3362,3607,-0.009531237624481681,0
2023-07-28 11:06:50,37242.4,2750,1,37307.07,3362,3607,-0.009531237624481681,0
2023-07-28 11:06:50,37242.4,2750,1,37307.07,3362,3607,-0.009531237624481681,0
2023-07-28 11:06:50,37242.4,2750,1,37307.07,3362,3607,-0.009531237624481681,0
2023-07-28 11:06:50,37242.4,2750,1,37307.07,3362,3609,-0.009531237624481681,0
2023-07-28 11:06:50,37242.4,2750,1,37307.07,3363,3599,-0.009531237624481681,0
2023-07-28 11:06:50,37242.4,2750,1,37307.07,3363,3599,-0.009531237624481681,0
2023-07-28 11:06:50,37242.4,2750,1,37307.07,3363,3599,-0.009531237624481681,0
2023-07-28 11:06:50,37242.4,2750,1,37307.07,3363,3599,-0.009531237624481681,0
2023-07-28 11:06:50,37242.4,2750,1,37307.07,3363,3601,-0.009531237624481681,0
2023-07-28 11:06:50,37242.4,2750,1,37307.07,3363,3606,-0.009531237624481681,0
2023-07-28 11:06:50,37242.4,2750,1,37307.07,3363,3605,-0.009531237624481681,0
2023-07-28 11:06:50,37242.4,2750,1,37307.07,3363,3604,-0.009531237624481681,0
2023-07-28 11:06:50,37242.4,2750,1,37307.07,3363,3604,-0.009531237624481681,0
2023-07-28 11:07:10,37250.0,2751,1,37307.05,3363,3604,0.010873665458936907,0
2023-07-28 11:07:10,37250.0,2751,1,37307.05,3345,3604,0.010873665458936907,0
2023-07-28 11:07:10,37225.8,2751,1,37307.05,3345,3604,-0.054099841727742695,0
2023-07-28 11:07:26,37225.8,2761,1,37306.77,3323,3607,-0.054099841727742695,0
2023-07-28 11:07:26,37225.0,2761,5,37306.77,3323,3607,-0.05624772626284762,0
2023-07-28 11:07:30,37248.25,2768,1,37306.57,3233,3611,0.00617516803841199,0
2023-07-28 11:07:31,37248.25,2769,1,37306.55,3334,3600,0.00617516803841199,0
2023-07-28 11:07:31,37248.25,2769,1,37306.55,3332,3600,0.00617516803841199,0
2023-07-28 11:07:31,37248.0,2769,1,37306.55,3332,3600,0.005503954121194145,0
2023-07-28 11:07:43,37248.0,2770,1,37306.53,3337,3602,0.005503954121194145,0
2023-07-28 11:07:43,37247.95,2770,1,37306.53,3337,3602,0.005369711337742762,0
2023-07-28 11:07:47,37247.95,2771,1,37306.5,3328,3601,0.005369711337742762,0
2023-07-28 11:07:53,37248.0,2772,1,37306.48,3360,3610,0.005503954121194145,0
2023-07-28 11:07:53,37248.0,2772,1,37306.48,3364,3611,0.005503954121194145,0
2023-07-28 11:07:53,37248.0,2772,1,37306.48,3368,3604,0.005503954121194145,0
2023-07-28 11:07:53,37248.0,2772,1,37306.48,3368,3604,0.005503954121194145,0
2023-07-28 11:07:53,37248.0,2772,1,37306.48,3368,3604,0.005503954121194145,0
2023-07-28 11:07:53,37248.0,2772,1,37306.48,3368,3604,0.005503954121194145,0
2023-07-28 11:07:53,37248.0,2772,1,37306.48,3368,3604,0.005503954121194145,0
2023-07-28 11:07:53,37248.0,2772,1,37306.48,3368,3604,0.005503954121194145,0
2023-07-28 11:07:53,37248.0,2772,1,37306.48,3369,3604,0.005503954121194145,0
2023-07-28 11:07:53,37248.0,2772,1,37306.48,3368,3603,0.005503954121194145,0
2023-07-28 11:07:53,37248.0,2772,1,37306.48,3367,3604,0.005503954121194145,0
2023-07-28 11:07:53,37248.0,2772,1,37306.48,3367,3604,0.005503954121194145,0
2023-07-28 11:07:53,37248.0,2772,1,37306.48,3369,3604,0.005503954121194145,0
2023-07-28 11:07:53,37248.0,2772,1,37306.48,3367,3604,0.005503954121194145,0
2023-07-28 11:07:53,37248.0,2772,1,37306.48,3368,3604,0.005503954121194145,0
2023-07-28 11:07:53,37248.0,2772,1,37306.48,3367,3604,0.005503954121194145,0
2023-07-28 11:07:53,37248.0,2772,1,37306.48,3367,3604,0.005503954121194145,0
2023-07-28 11:07:53,37248.0,2772,1,37306.48,3367,3604,0.005503954121194145,0
2023-07-28 11:07:53,37248.0,2772,1,37306.48,3366,3606,0.005503954121194145,0
2023-07-28 11:07:53,37248.0,2772,1,37306.48,3366,3606,0.005503954121194145,0
2023-07-28 11:07:53,37248.0,2772,1,37306.48,3366,3605,0.005503954121194145,0
2023-07-28 11:07:53,37248.0,2772,1,37306.48,3366,3606,0.005503954121194145,0
2023-07-28 11:07:53,37248.0,2772,1,37306.48,3367,3604,0.005503954121194145,0
2023-07-28 11:07:53,37248.0,2772,1,37306.48,3367,3604,0.005503954121194145,0
2023-07-28 11:07:53,37248.0,2772,1,37306.48,3367,3604,0.005503954121194145,0
2023-07-28 11:07:53,37248.0,2772,1,37306.48,3369,3604,0.005503954121194145,0
2023-07-28 11:07:53,37248.0,2772,1,37306.48,3369,3604,0.005503954121194145,0
2023-07-28 11:07:53,37248.0,2772,1,37306.48,3367,3605,0.005503954121194145,0
2023-07-28 11:07:53,37248.0,2772,1,37306.48,3368,3604,0.005503954121194145,0
2023-07-28 11:07:53,37248.0,2772,1,37306.48,3370,3604,0.005503954121194145,0
2023-07-28 11:07:53,37248.0,2772,1,37306.48,3371,3604,0.005503954121194145,0
2023-07-28 11:07:53,37248.0,2772,1,37306.48,3375,3604,0.005503954121194145,0
2023-07-28 11:07:53,37248.0,2772,1,37306.48,3375,3604,0.005503954121194145,0
2023-07-28 11:07:53,37248.0,2772,1,37306.48,3375,3603,0.005503954121194145,0
2023-07-28 11:07:53,37248.0,2772,1,37306.48,3375,3603,0.005503954121194145,0
2023-07-28 11:07:53,37248.0,2772,1,37306.48,3375,3603,0.005503954121194145,0
2023-07-28 11:07:53,37248.0,2772,1,37306.48,3375,3603,0.005503954121194145,0
2023-07-28 11:07:53,37248.0,2772,1,37306.48,3375,3604,0.005503954121194145,0
2023-07-28 11:07:53,37248.0,2772,1,37306.48,3375,3604,0.005503954121194145,0
2023-07-28 11:07:53,37248.0,2772,1,37306.48,3350,3605,0.005503954121194145,0
2023-07-28 11:07:53,37248.0,2772,1,37306.48,3350,3605,0.005503954121194145,0
2023-07-28 11:07:53,37248.0,2772,1,37306.48,3353,3608,0.005503954121194145,0
2023-07-28 11:07:53,37248.0,2772,1,37306.48,3357,3608,0.005503954121194145,0
2023-07-28 11:07:53,37248.0,2772,1,37306.48,3357,3608,0.005503954121194145,0
2023-07-28 11:07:53,37248.0,2772,1,37306.48,3355,3608,0.005503954121194145,0
2023-07-28 11:07:53,37248.0,2772,1,37306.48,3358,3600,0.005503954121194145,0
2023-07-28 11:07:53,37248.0,2772,1,37306.48,3361,3606,0.005503954121194145,0
2023-07-28 11:07:53,37248.0,2772,1,37306.48,3359,3606,0.005503954121194145,0
2023-07-28 11:07:53,37248.0,2772,1,37306.48,3350,3605,0.005503954121194145,0
2023-07-28 11:07:53,37246.75,2772,1,37306.48,3350,3605,0.002147884535104919,0
2023-07-28 11:07:53,37225.0,2772,3,37306.48,3350,3605,-0.05624772626284762,0
2023-07-28 11:07:53,37225.0,2772,1,37306.48,3350,3605,-0.05624772626284762,0
2023-07-28 11:09:10,37225.0,2778,1,37306.32,3342,3608,-0.05624772626284762,0
2023-07-28 11:09:10,37225.0,2778,1,37306.32,3341,3607,-0.05624772626284762,0
2023-07-28 11:09:10,37225.0,2778,1,37306.32,3341,3607,-0.05624772626284762,0
2023-07-28 11:09:10,37225.0,2778,1,37306.32,3343,3606,-0.05624772626284762,0
2023-07-28 11:09:10,37225.0,2778,1,37306.32,3344,3605,-0.05624772626284762,0
2023-07-28 11:09:10,37225.0,2778,1,37306.32,3344,3607,-0.05624772626284762,0
2023-07-28 11:09:10,37225.0,2778,1,37306.32,3344,3607,-0.05624772626284762,0
2023-07-28 11:09:10,37225.0,2778,1,37306.32,3344,3607,-0.05624772626284762,0
2023-07-28 11:09:10,37246.95,2778,2,37306.32,3344,3607,0.002684855668871381,0
2023-07-28 11:09:43,37246.85,2784,1,37306.2,3367,3583,0.00241637010198815,0
2023-07-28 11:09:44,37246.85,2785,1,37306.17,3372,3605,0.00241637010198815,0
2023-07-28 11:09:44,37246.85,2785,1,37306.17,3360,3601,0.00241637010198815,0
2023-07-28 11:09:44,37246.85,2785,1,37306.17,3359,3602,0.00241637010198815,0
2023-07-28 11:09:44,37246.85,2785,1,37306.17,3361,3602,0.00241637010198815,0
2023-07-28 11:09:44,37246.85,2785,1,37306.17,3354,3609,0.00241637010198815,0
2023-07-28 11:09:44,37246.85,2785,1,37306.17,3357,3609,0.00241637010198815,0
2023-07-28 11:10:07,37245.95,2786,1,37306.15,3362,3608,0.0,0
2023-07-28 11:10:07,37245.95,2786,1,37306.15,3360,3608,0.0,0
2023-07-28 11:10:07,37245.95,2786,1,37306.15,3354,3609,0.0,0
2023-07-28 11:10:07,37245.95,2786,1,37306.15,3354,3609,0.0,0
2023-07-28 11:10:07,37245.95,2786,1,37306.15,3353,3602,0.0,0
2023-07-28 11:10:07,37245.95,2786,1,37306.15,3357,3601,0.0,0
2023-07-28 11:10:07,37245.95,2786,1,37306.15,3356,3602,0.0,0
2023-07-28 11:10:07,37245.95,2786,1,37306.15,3359,3599,0.0,0
2023-07-28 11:10:07,37245.95,2786,1,37306.15,3365,3600,0.0,0
2023-07-28 11:10:07,37245.95,2786,1,37306.15,3365,3600,0.0,0
2023-07-28 11:10:07,37245.95,2786,1,37306.15,3365,3600,0.0,0
2023-07-28 11:10:07,37245.95,2786,1,37306.15,3367,3600,0.0,0
2023-07-28 11:10:07,37245.95,2786,1,37306.15,3364,3600,0.0,0
2023-07-28 11:10:07,37245.95,2786,1,37306.15,3364,3600,0.0,0
2023-07-28 11:10:07,37245.95,2786,1,37306.15,3366,3600,0.0,0
2023-07-28 11:10:07,37245.95,2786,1,37306.15,3364,3600,0.0,0
2023-07-28 11:10:07,37245.95,2786,1,37306.15,3366,3600,0.0,0
2023-07-28 11:10:07,37245.95,2786,1,37306.15,3365,3600,0.0,0
2023-07-28 11:10:07,37247.0,2786,2,37306.15,3365,3600,0.002819098452322764,0
2023-07-28 11:10:31,37247.0,2788,2,37306.11,3366,3601,0.002819098452322764,0
2023-07-28 11:10:31,37247.0,2788,2,37306.11,3368,3601,0.002819098452322764,0
2023-07-28 11:10:31,37247.0,2788,2,37306.11,3366,3601,0.002819098452322764,0
2023-07-28 11:10:31,37247.0,2788,2,37306.11,3368,3601,0.002819098452322764,0
2023-07-28 11:10:31,37247.0,2788,2,37306.11,3368,3601,0.002819098452322764,0
2023-07-28 11:10:31,37247.0,2788,2,37306.11,3369,3601,0.002819098452322764,0
2023-07-28 11:10:31,37247.0,2788,2,37306.11,3369,3600,0.002819098452322764,0
2023-07-28 11:10:31,37247.0,2788,2,37306.11,3369,3600,0.002819098452322764,0
2023-07-28 11:10:31,37247.0,2788,2,37306.11,3369,3600,0.002819098452322764,0
2023-07-28 11:10:31,37247.0,2788,2,37306.11,3369,3601,0.002819098452322764,0
2023-07-28 11:10:31,37247.0,2788,2,37306.11,3371,3601,0.002819098452322764,0
2023-07-28 11:10:31,37247.0,2788,2,37306.11,3369,3601,0.002819098452322764,0
2023-07-28 11:10:31,37247.0,2788,2,37306.11,3370,3601,0.002819098452322764,0
2023-07-28 11:10:31,37247.0,2788,2,37306.11,3370,3601,0.002819098452322764,0
2023-07-28 11:10:31,37247.0,2788,2,37306.11,3369,3601,0.002819098452322764,0
2023-07-28 11:10:31,37247.0,2788,7,37306.11,3369,3601,0.002819098452322764,0
2023-07-28 11:10:31,37247.0,2788,1,37306.11,3369,3601,0.002819098452322764,0
2023-07-28 11:11:07,37247.0,2796,1,37305.94,3374,3585,0.002819098452322764,0
2023-07-28 11:11:07,37245.95,2796,1,37305.94,3374,3585,0.0,0
2023-07-28 11:11:14,37245.95,2797,1,37305.92,3390,3601,0.0,0
2023-07-28 11:11:14,37245.95,2797,1,37305.92,3390,3601,0.0,0
2023-07-28 11:11:14,37245.95,2797,1,37305.92,3390,3601,0.0,0
2023-07-28 11:11:14,37245.95,2797,1,37305.92,3390,3601,0.0,0
2023-07-28 11:11:14,37245.95,2797,1,37305.92,3390,3601,0.0,0
2023-07-28 11:11:14,37245.95,2797,1,37305.92,3388,3601,0.0,0
2023-07-28 11:11:14,37245.95,2797,1,37305.92,3388,3601,0.0,0
2023-07-28 11:11:14,37245.95,2797,1,37305.92,3388,3601,0.0,0
2023-07-28 11:11:14,37245.95,2797,1,37305.92,3388,3601,0.0,0
2023-07-28 11:11:14,37245.95,2797,1,37305.92,3388,3601,0.0,0
2023-07-28 11:11:14,37245.95,2797,1,37305.92,3390,3601,0.0,0
2023-07-28 11:11:14,37245.95,2797,1,37305.92,3390,3601,0.0,0
2023-07-28 11:11:14,37245.95,2797,1,37305.92,3388,3601,0.0,0
2023-07-28 11:11:14,37245.95,2797,1,37305.92,3390,3601,0.0,0
2023-07-28 11:11:14,37245.95,2797,1,37305.92,3389,3600,0.0,0
2023-07-28 11:11:14,37245.95,2797,1,37305.92,3391,3600,0.0,0
2023-07-28 11:11:14,37245.95,2797,1,37305.92,3389,3600,0.0,0
2023-07-28 11:11:14,37245.95,2797,1,37305.92,3389,3600,0.0,0
2023-07-28 11:11:14,37245.95,2797,1,37305.92,3390,3604,0.0,0
2023-07-28 11:11:14,37246.0,2797,14,37305.92,3390,3604,0.000134242783451383,0
2023-07-28 11:12:07,37245.95,2811,1,37305.62,3389,3604,0.0,0
2023-07-28 11:12:08,37245.95,2812,1,37305.6,3390,3605,0.0,0
2023-07-28 11:12:08,37246.0,2812,2,37305.6,3390,3605,0.000134242783451383,0
2023-07-28 11:12:12,37246.0,2816,2,37305.51,3396,3609,0.000134242783451383,0
2023-07-28 11:12:12,37246.0,2816,2,37305.51,3395,3610,0.000134242783451383,0
2023-07-28 11:12:12,37245.95,2816,1,37305.51,3395,3610,0.0,0
2023-07-28 11:12:23,37245.95,2817,1,37305.49,3444,3609,0.0,0
2023-07-28 11:12:23,37245.95,2817,1,37305.49,3445,3603,0.0,0
2023-07-28 11:12:23,37245.95,2817,1,37305.49,3445,3603,0.0,0
2023-07-28 11:12:23,37246.0,2817,1,37305.49,3445,3603,0.000134242783451383,0
2023-07-28 11:12:42,37246.0,2818,1,37305.47,3444,3602,0.000134242783451383,0
2023-07-28 11:12:42,37246.0,2818,1,37305.47,3446,3608,0.000134242783451383,0
2023-07-28 11:12:42,37247.0,2818,1,37305.47,3446,3608,0.002819098452322764,0
2023-07-28 11:12:50,37247.0,2822,1,37305.39,3444,3607,0.002819098452322764,0
2023-07-28 11:12:50,37247.0,2822,1,37305.39,3444,3602,0.002819098452322764,0
2023-07-28 11:12:50,37247.0,2822,1,37305.39,3446,3602,0.002819098452322764,0
2023-07-28 11:12:50,37245.0,2822,1,37305.39,3446,3602,-0.002550612885419998,0
2023-07-28 11:13:03,37245.0,2843,1,37304.94,3425,3604,-0.002550612885419998,0
2023-07-28 11:13:03,37245.9,2843,1,37304.94,3425,3604,-0.00013424278343184812,0
2023-07-28 11:13:06,37245.9,2844,1,37304.92,3428,3604,-0.00013424278343184812,0
2023-07-28 11:13:06,37245.9,2844,1,37304.92,3428,3602,-0.00013424278343184812,0
2023-07-28 11:13:06,37245.9,2844,1,37304.92,3430,3601,-0.00013424278343184812,0
2023-07-28 11:13:06,37245.9,2844,1,37304.92,3420,3601,-0.00013424278343184812,0
2023-07-28 11:13:06,37245.95,2844,1,37304.92,3420,3601,0.0,0
2023-07-28 11:13:22,37247.0,2845,1,37304.9,3420,3456,0.002819098452322764,0
2023-07-28 11:13:26,37247.0,2846,1,37304.88,3417,3438,0.002819098452322764,0
2023-07-28 11:13:26,37247.0,2846,1,37304.88,3419,3440,0.002819098452322764,0
2023-07-28 11:13:26,37247.0,2846,1,37304.88,3403,3459,0.002819098452322764,0
2023-07-28 11:13:26,37247.0,2846,1,37304.88,3435,3481,0.002819098452322764,0
2023-07-28 11:13:26,37247.0,2846,1,37304.88,3350,3480,0.002819098452322764,0
2023-07-28 11:13:26,37247.0,2846,1,37304.88,3346,3480,0.002819098452322764,0
2023-07-28 11:13:26,37247.0,2846,1,37304.88,3347,3480,0.002819098452322764,0
2023-07-28 11:13:26,37247.0,2846,1,37304.88,3351,3483,0.002819098452322764,0
2023-07-28 11:13:26,37247.0,2846,1,37304.88,3351,3485,0.002819098452322764,0
2023-07-28 11:13:26,37247.0,2846,1,37304.88,3391,3485,0.002819098452322764,0
2023-07-28 11:13:26,37247.0,2846,1,37304.88,3392,3485,0.002819098452322764,0
2023-07-28 11:13:26,37260.0,2846,32,37304.88,3392,3485,0.03772222214765072,0
2023-07-28 11:14:17,37260.0,2879,32,37304.37,3356,3498,0.03772222214765072,0
2023-07-28 11:14:17,37260.0,2879,32,37304.37,3358,3494,0.03772222214765072,0
2023-07-28 11:14:17,37260.0,2879,32,37304.37,3358,3494,0.03772222214765072,0
2023-07-28 11:14:17,37260.0,2879,32,37304.37,3358,3494,0.03772222214765072,0
2023-07-28 11:14:17,37260.0,2879,32,37304.37,3358,3494,0.03772222214765072,0
2023-07-28 11:14:17,37260.0,2879,32,37304.37,3358,3494,0.03772222214765072,0
2023-07-28 11:14:17,37260.0,2879,32,37304.37,3358,3494,0.03772222214765072,0
2023-07-28 11:14:17,37260.0,2879,32,37304.37,3359,3496,0.03772222214765072,0
2023-07-28 11:14:17,37260.0,2879,32,37304.37,3359,3496,0.03772222214765072,0
2023-07-28 11:14:17,37260.0,2879,32,37304.37,3360,3496,0.03772222214765072,0
2023-07-28 11:14:17,37266.95,2879,1,37304.37,3350,3494,0.056381969046298996,0
2023-07-28 11:14:37,37266.95,2880,1,37304.35,3389,3494,0.056381969046298996,0
2023-07-28 11:14:37,37266.95,2880,1,37304.35,3399,3496,0.056381969046298996,0
2023-07-28 11:14:37,37266.95,2880,1,37304.35,3399,3494,0.056381969046298996,0
2023-07-28 11:14:50,37266.95,2881,1,37304.34,3396,3492,0.056381969046298996,0
2023-07-28 11:14:50,37266.95,2881,1,37304.34,3404,3491,0.056381969046298996,0
2023-07-28 11:14:50,37266.95,2881,1,37304.34,3404,3492,0.056381969046298996,0
2023-07-28 11:14:50,37266.95,2881,1,37304.34,3403,3494,0.056381969046298996,0
2023-07-28 11:14:50,37266.95,2881,1,37304.34,3403,3537,0.056381969046298996,0
2023-07-28 11:14:50,37266.95,2881,1,37304.34,3363,3534,0.056381969046298996,0
2023-07-28 11:14:50,37266.95,2881,1,37304.34,3363,3534,0.056381969046298996,0
2023-07-28 11:14:50,37266.95,2881,1,37304.34,3288,3535,0.056381969046298996,0
2023-07-28 11:14:50,37266.95,2881,1,37304.34,3363,3538,0.056381969046298996,0
2023-07-28 11:14:50,37266.95,2881,1,37304.34,3364,3543,0.056381969046298996,0
2023-07-28 11:14:50,37268.95,2881,1,37304.34,3364,3541,0.06175168038404176,0
2023-07-28 11:15:37,37268.95,2882,1,37304.33,3364,3540,0.06175168038404176,0
2023-07-28 11:15:37,37268.95,2882,1,37304.33,3374,3539,0.06175168038404176,0
2023-07-28 11:15:37,37268.95,2882,1,37304.33,3374,3539,0.06175168038404176,0
2023-07-28 11:15:37,37268.95,2882,1,37304.33,3374,3539,0.06175168038404176,0
2023-07-28 11:15:37,37268.95,2882,1,37304.33,3376,3539,0.06175168038404176,0
2023-07-28 11:15:37,37268.95,2882,1,37304.33,3376,3541,0.06175168038404176,0
2023-07-28 11:15:37,37268.95,2882,1,37304.33,3376,3539,0.06175168038404176,0
2023-07-28 11:15:37,37268.95,2882,1,37304.33,3376,3542,0.06175168038404176,0
2023-07-28 11:15:37,37268.95,2882,1,37304.33,3376,3539,0.06175168038404176,0
2023-07-28 11:15:37,37268.95,2882,1,37304.33,3376,3541,0.06175168038404176,0
2023-07-28 11:15:37,37268.95,2882,1,37304.33,3302,3539,0.06175168038404176,0
2023-07-28 11:15:37,37268.95,2882,1,37304.33,3377,3539,0.06175168038404176,0
2023-07-28 11:15:37,37268.95,2882,1,37304.33,3408,3521,0.06175168038404176,0
2023-07-28 11:15:37,37269.0,2882,10,37304.33,3408,3521,0.06188592316749314,0
2023-07-28 11:15:37,37250.6,2882,1,37304.33,3408,3521,0.012484578860255828,0
2023-07-28 11:16:38,37250.6,2893,1,37304.19,3389,3532,0.012484578860255828,0
2023-07-28 11:16:38,37250.6,2893,1,37304.19,3392,3539,0.012484578860255828,0
2023-07-28 11:16:38,37250.6,2893,1,37304.19,3391,3546,0.012484578860255828,0
2023-07-28 11:16:53,37269.0,2894,1,37304.18,3382,3551,0.06188592316749314,0
2023-07-28 11:16:53,37269.0,2894,1,37304.18,3390,3544,0.06188592316749314,0
2023-07-28 11:16:53,37269.0,2894,1,37304.18,3391,3545,0.06188592316749314,0
2023-07-28 11:16:53,37269.0,2894,1,37304.18,3393,3542,0.06188592316749314,0
2023-07-28 11:16:53,37269.0,2894,1,37304.18,3393,3544,0.06188592316749314,0
2023-07-28 11:16:53,37269.0,2894,1,37304.18,3393,3544,0.06188592316749314,0
2023-07-28 11:16:53,37269.0,2894,1,37304.18,3393,3544,0.06188592316749314,0
2023-07-28 11:16:53,37269.0,2894,1,37304.18,3389,3548,0.06188592316749314,0
2023-07-28 11:16:53,37269.0,2894,1,37304.18,3392,3541,0.06188592316749314,0
2023-07-28 11:16:53,37269.0,2894,1,37304.18,3376,3540,0.06188592316749314,0
2023-07-28 11:16:53,37238.8,2894,3,37304.18,3226,3537,-0.019196718032414746,0
2023-07-28 11:17:15,37238.8,2914,3,37303.77,3217,3540,-0.019196718032414746,0
2023-07-28 11:17:15,37238.8,2914,3,37303.77,3370,3540,-0.019196718032414746,0
2023-07-28 11:17:15,37238.8,2914,3,37303.77,3371,3549,-0.019196718032414746,0
2023-07-28 11:17:15,37238.8,2914,3,37303.77,3367,3540,-0.019196718032414746,0
2023-07-28 11:17:15,37238.8,2914,3,37303.77,3385,3542,-0.019196718032414746,0
2023-07-28 11:17:15,37238.8,2914,3,37303.77,3384,3544,-0.019196718032414746,0
2023-07-28 11:17:15,37238.8,2914,3,37303.77,3385,3541,-0.019196718032414746,0
2023-07-28 11:17:23,37241.8,2917,3,37303.71,3371,3547,-0.011142151025800602,0
2023-07-28 11:17:23,37241.8,2917,3,37303.71,3375,3552,-0.011142151025800602,0
2023-07-28 11:17:23,37241.8,2917,3,37303.71,3375,3552,-0.011142151025800602,0
2023-07-28 11:17:23,37263.25,2917,1,37303.71,3228,3550,0.0464480030714827,0
2023-07-28 11:17:25,37263.25,2918,1,37303.69,3381,3541,0.0464480030714827,0
2023-07-28 11:17:25,37263.25,2918,1,37303.69,3381,3541,0.0464480030714827,0
2023-07-28 11:17:25,37263.25,2918,1,37303.69,3380,3545,0.0464480030714827,0
2023-07-28 11:17:25,37263.25,2918,1,37303.69,3381,3542,0.0464480030714827,0
2023-07-28 11:17:25,37263.25,2918,1,37303.69,3381,3542,0.0464480030714827,0
2023-07-28 11:17:25,37263.25,2918,1,37303.69,3382,3546,0.0464480030714827,0
2023-07-28 11:17:25,37263.25,2918,1,37303.69,3382,3546,0.0464480030714827,0
2023-07-28 11:17:25,37263.25,2918,1,37303.69,3370,3544,0.0464480030714827,0
2023-07-28 11:17:25,37263.25,2918,1,37303.69,3373,3543,0.0464480030714827,0
2023-07-28 11:17:25,37263.25,2918,1,37303.69,3379,3551,0.0464480030714827,0
2023-07-28 11:17:25,37263.25,2918,1,37303.69,3380,3545,0.0464480030714827,0
2023-07-28 11:17:25,37263.25,2918,1,37303.69,3384,3538,0.0464480030714827,0
2023-07-28 11:17:25,37263.25,2918,1,37303.69,3380,3538,0.0464480030714827,0
2023-07-28 11:17:25,37268.95,2918,1,37303.69,3382,3538,0.06175168038404176,0
2023-07-28 11:17:37,37268.95,2919,1,37303.68,3392,3541,0.06175168038404176,0
2023-07-28 11:17:37,37268.95,2919,1,37303.68,3390,3545,0.06175168038404176,0
2023-07-28 11:17:37,37268.95,2919,1,37303.68,3389,3539,0.06175168038404176,0
2023-07-28 11:17:37,37268.95,2919,1,37303.68,3389,3539,0.06175168038404176,0
2023-07-28 11:17:37,37268.95,2919,1,37303.68,3389,3542,0.06175168038404176,0
2023-07-28 11:17:37,37268.95,2919,1,37303.68,3389,3542,0.06175168038404176,0
2023-07-28 11:17:37,37268.95,2919,1,37303.68,3392,3540,0.06175168038404176,0
2023-07-28 11:17:37,37268.95,2919,1,37303.68,3240,3539,0.06175168038404176,0
2023-07-28 11:17:37,37268.95,2919,1,37303.68,3383,3540,0.06175168038404176,0
2023-07-28 11:17:37,37268.95,2919,1,37303.68,3389,3542,0.06175168038404176,0
2023-07-28 11:17:37,37268.95,2919,1,37303.68,3382,3538,0.06175168038404176,0
2023-07-28 11:17:37,37268.95,2919,1,37303.68,3383,3538,0.06175168038404176,0
2023-07-28 11:17:37,37268.95,2919,1,37303.68,3384,3547,0.06175168038404176,0
2023-07-28 11:17:37,37250.0,2919,1,37303.68,3384,3547,0.010873665458936907,0
2023-07-28 11:17:51,37250.0,5420,1,37278.91,3386,3545,0.010873665458936907,0
2023-07-28 11:17:51,37250.0,5420,1,37278.91,3390,3554,0.010873665458936907,0
2023-07-28 11:17:51,37250.0,5420,1,37278.91,3397,3550,0.010873665458936907,0
2023-07-28 11:17:51,37250.0,5420,1,37278.91,3409,3535,0.010873665458936907,0
2023-07-28 11:17:51,37250.0,5420,1,37278.91,3413,3536,0.010873665458936907,0
2023-07-28 11:17:51,37250.0,5420,1,37278.91,3411,3536,0.010873665458936907,0
2023-07-28 11:17:51,37250.0,5420,1,37278.91,3412,3536,0.010873665458936907,0
2023-07-28 11:17:51,37250.0,5420,1,37278.91,3412,3536,0.010873665458936907,0
2023-07-28 11:17:51,37250.0,5420,1,37278.91,3407,3542,0.010873665458936907,0
2023-07-28 11:17:51,37250.0,5420,1,37278.91,3407,3542,0.010873665458936907,0
2023-07-28 11:17:51,37250.0,5420,1,37278.91,3413,3542,0.010873665458936907,0
2023-07-28 11:17:51,37250.0,5420,1,37278.91,3410,3540,0.010873665458936907,0
2023-07-28 11:17:51,37250.0,5420,1,37278.91,3333,3540,0.010873665458936907,0
2023-07-28 11:17:51,37250.0,5420,1,37278.91,3408,3540,0.010873665458936907,0
2023-07-28 11:17:51,37250.0,5420,4,37278.91,3406,3540,0.010873665458936907,0
2023-07-28 11:18:08,37250.0,5430,4,37278.86,3416,3543,0.010873665458936907,0
2023-07-28 11:18:08,37250.0,5430,4,37278.86,3416,3543,0.010873665458936907,0
2023-07-28 11:18:08,37250.0,5430,4,37278.86,3414,3543,0.010873665458936907,0
2023-07-28 11:18:08,37250.0,5430,4,37278.86,3408,3545,0.010873665458936907,0
2023-07-28 11:18:08,37250.0,5430,4,37278.86,3411,3544,0.010873665458936907,0
2023-07-28 11:18:08,37250.0,5430,4,37278.86,3404,3544,0.010873665458936907,0
2023-07-28 11:18:08,37268.95,5430,2,37278.86,3413,3539,0.06175168038404176,0
2023-07-28 11:18:15,37268.95,5432,2,37278.85,3415,3535,0.06175168038404176,0
2023-07-28 11:18:15,37268.95,5432,2,37278.85,3410,3537,0.06175168038404176,0
2023-07-28 11:18:15,37268.95,5432,2,37278.85,3411,3535,0.06175168038404176,0
2023-07-28 11:18:15,37268.95,5432,2,37278.85,3413,3540,0.06175168038404176,0
2023-07-28 11:18:15,37268.95,5432,2,37278.85,3413,3540,0.06175168038404176,0
2023-07-28 11:18:15,37268.95,5432,2,37278.85,3413,3540,0.06175168038404176,0
2023-07-28 11:18:15,37268.95,5432,2,37278.85,3412,3541,0.06175168038404176,0
2023-07-28 11:18:15,37268.95,5432,2,37278.85,3407,3547,0.06175168038404176,0
2023-07-28 11:18:15,37268.95,5432,2,37278.85,3408,3546,0.06175168038404176,0
2023-07-28 11:18:15,37268.95,5432,2,37278.85,3408,3546,0.06175168038404176,0
2023-07-28 11:18:15,37268.95,5432,2,37278.85,3406,3549,0.06175168038404176,0
2023-07-28 11:18:15,37268.95,5432,2,37278.85,3399,3547,0.06175168038404176,0
2023-07-28 11:18:15,37268.95,5432,2,37278.85,3401,3547,0.06175168038404176,0
2023-07-28 11:18:15,37268.95,5432,2,37278.85,3408,3544,0.06175168038404176,0
2023-07-28 11:18:15,37268.95,5432,2,37278.85,3409,3546,0.06175168038404176,0
2023-07-28 11:18:15,37268.95,5432,2,37278.85,3403,3543,0.06175168038404176,0
2023-07-28 11:18:15,37268.95,5432,2,37278.85,3406,3543,0.06175168038404176,0
2023-07-28 11:18:15,37268.95,5432,2,37278.85,3405,3543,0.06175168038404176,0
2023-07-28 11:18:15,37268.95,5432,2,37278.85,3399,3545,0.06175168038404176,0
2023-07-28 11:18:15,37268.95,5432,2,37278.85,3397,3551,0.06175168038404176,0
2023-07-28 11:18:15,37268.95,5432,2,37278.85,3398,3554,0.06175168038404176,0
2023-07-28 11:18:15,37268.95,5432,2,37278.85,3398,3554,0.06175168038404176,0
2023-07-28 11:18:15,37268.95,5432,2,37278.85,3395,3550,0.06175168038404176,0
2023-07-28 11:18:15,37268.95,5432,2,37278.85,3401,3547,0.06175168038404176,0
2023-07-28 11:18:15,37268.95,5432,2,37278.85,3396,3546,0.06175168038404176,0
2023-07-28 11:18:15,37268.95,5432,2,37278.85,3403,3546,0.06175168038404176,0
2023-07-28 11:18:15,37268.95,5432,2,37278.85,3403,3545,0.06175168038404176,0
2023-07-28 11:18:15,37268.95,5432,2,37278.85,3402,3546,0.06175168038404176,0
2023-07-28 11:18:15,37268.95,5432,2,37278.85,3400,3542,0.06175168038404176,0
2023-07-28 11:18:15,37268.95,5432,2,37278.85,3396,3542,0.06175168038404176,0
2023-07-28 11:18:15,37268.95,5432,2,37278.85,3397,3542,0.06175168038404176,0
2023-07-28 11:18:15,37268.95,5432,2,37278.85,3397,3542,0.06175168038404176,0
2023-07-28 11:18:15,37267.95,5432,1,37278.85,3396,3544,0.05906682471517038,0
2023-07-28 11:18:52,37267.95,5433,1,37278.85,3401,3547,0.05906682471517038,0
2023-07-28 11:18:52,37267.95,5433,1,37278.85,3399,3544,0.05906682471517038,0
2023-07-28 11:18:52,37267.95,5433,1,37278.85,3401,3543,0.05906682471517038,0
2023-07-28 11:18:52,37267.95,5433,1,37278.85,3401,3543,0.05906682471517038,0
2023-07-28 11:18:52,37267.95,5433,1,37278.85,3401,3543,0.05906682471517038,0
2023-07-28 11:18:52,37267.95,5433,1,37278.85,3403,3543,0.05906682471517038,0
2023-07-28 11:18:52,37267.95,5433,1,37278.85,3404,3543,0.05906682471517038,0
2023-07-28 11:18:52,37267.95,5433,1,37278.85,3403,3543,0.05906682471517038,0
2023-07-28 11:18:52,37267.95,5433,1,37278.85,3404,3543,0.05906682471517038,0
2023-07-28 11:18:52,37267.95,5433,1,37278.85,3402,3543,0.05906682471517038,0
2023-07-28 11:18:52,37267.95,5433,1,37278.85,3411,3543,0.05906682471517038,0
2023-07-28 11:18:52,37267.95,5433,1,37278.85,3414,3543,0.05906682471517038,0
2023-07-28 11:18:52,37267.95,5433,1,37278.85,3410,3543,0.05906682471517038,0
2023-07-28 11:18:52,37267.95,5433,1,37278.85,3412,3543,0.05906682471517038,0
2023-07-28 11:18:52,37267.95,5433,1,37278.85,3418,3543,0.05906682471517038,0
2023-07-28 11:18:52,37267.95,5433,1,37278.85,3417,3543,0.05906682471517038,0
2023-07-28 11:18:52,37267.95,5433,1,37278.85,3416,3543,0.05906682471517038,0
2023-07-28 11:18:52,37267.95,5433,1,37278.85,3416,3543,0.05906682471517038,0
2023-07-28 11:18:52,37267.95,5433,1,37278.85,3417,3543,0.05906682471517038,0
2023-07-28 11:18:52,37267.95,5433,1,37278.85,3417,3543,0.05906682471517038,0
2023-07-28 11:18:52,37267.95,5433,1,37278.85,3417,3543,0.05906682471517038,0
2023-07-28 11:18:52,37267.95,5433,1,37278.85,3416,3543,0.05906682471517038,0
2023-07-28 11:18:52,37267.95,5433,1,37278.85,3419,3543,0.05906682471517038,0
2023-07-28 11:18:52,37267.95,5433,1,37278.85,3423,3543,0.05906682471517038,0
2023-07-28 11:18:52,37267.95,5433,1,37278.85,3421,3543,0.05906682471517038,0
2023-07-28 11:18:52,37267.95,5433,1,37278.85,3421,3543,0.05906682471517038,0
2023-07-28 11:18:52,37267.95,5433,1,37278.85,3423,3545,0.05906682471517038,0
2023-07-28 11:18:52,37267.95,5433,1,37278.85,3423,3545,0.05906682471517038,0
2023-07-28 11:18:52,37267.95,5433,1,37278.85,3422,3545,0.05906682471517038,0
2023-07-28 11:18:52,37267.95,5433,1,37278.85,3423,3545,0.05906682471517038,0
2023-07-28 11:19:50,37267.95,5437,4,37278.84,3429,3512,0.05906682471517038,0
2023-07-28 11:19:50,37267.95,5437,4,37278.84,3431,3518,0.05906682471517038,0
2023-07-28 11:19:50,37267.95,5437,4,37278.84,3426,3534,0.05906682471517038,0
2023-07-28 11:19:50,37267.95,5437,4,37278.84,3422,3534,0.05906682471517038,0
2023-07-28 11:19:50,37267.95,5437,4,37278.84,3423,3534,0.05906682471517038,0
2023-07-28 11:19:50,37267.95,5437,4,37278.84,3420,3534,0.05906682471517038,0
2023-07-28 11:19:50,37267.95,5437,4,37278.84,3418,3536,0.05906682471517038,0
2023-07-28 11:19:50,37267.95,5437,4,37278.84,3418,3533,0.05906682471517038,0
2023-07-28 11:19:50,37267.95,5437,4,37278.84,3420,3536,0.05906682471517038,0
2023-07-28 11:19:50,37267.95,5437,4,37278.84,3418,3534,0.05906682471517038,0
2023-07-28 11:19:50,37267.95,5437,4,37278.84,3416,3535,0.05906682471517038,0
2023-07-28 11:19:50,37267.95,5437,4,37278.84,3417,3533,0.05906682471517038,0
2023-07-28 11:19:50,37267.95,5437,4,37278.84,3417,3533,0.05906682471517038,0
2023-07-28 11:19:50,37267.95,5437,4,37278.84,3418,3538,0.05906682471517038,0
2023-07-28 11:19:50,37267.95,5437,4,37278.84,3414,3534,0.05906682471517038,0
2023-07-28 11:19:50,37267.95,5437,4,37278.84,3421,3532,0.05906682471517038,0
2023-07-28 11:19:50,37268.0,5437,1,37278.84,3421,3532,0.059201067498621765,0
2023-07-28 11:19:50,37269.0,5437,1,37278.84,3421,3532,0.06188592316749314,0
2023-07-28 11:20:07,37269.0,5448,1,37278.82,3428,3531,0.06188592316749314,0
2023-07-28 11:20:07,37269.0,5448,1,37278.82,3428,3532,0.06188592316749314,0
2023-07-28 11:20:07,37269.0,5448,1,37278.82,3424,3532,0.06188592316749314,0
2023-07-28 11:20:07,37269.0,5448,1,37278.82,3419,3532,0.06188592316749314,0
2023-07-28 11:20:07,37269.0,5448,1,37278.82,3419,3532,0.06188592316749314,0
2023-07-28 11:20:07,37269.0,5448,1,37278.82,3419,3532,0.06188592316749314,0
2023-07-28 11:20:07,37269.0,5448,1,37278.82,3419,3532,0.06188592316749314,0
2023-07-28 11:20:07,37269.0,5448,1,37278.82,3419,3532,0.06188592316749314,0
2023-07-28 11:20:07,37269.0,5448,1,37278.82,3418,3532,0.06188592316749314,0
2023-07-28 11:20:07,37269.0,5448,1,37278.82,3418,3532,0.06188592316749314,0
2023-07-28 11:20:07,37269.0,5448,1,37278.82,3418,3532,0.06188592316749314,0
2023-07-28 11:20:07,37269.0,5448,1,37278.82,3418,3532,0.06188592316749314,0
2023-07-28 11:20:07,37269.0,5448,1,37278.82,3418,3532,0.06188592316749314,0
2023-07-28 11:20:07,37269.0,5448,1,37278.82,3424,3532,0.06188592316749314,0
2023-07-28 11:20:07,37269.0,5448,1,37278.82,3274,3531,0.06188592316749314,0
2023-07-28 11:20:07,37269.0,5448,1,37278.82,3422,3533,0.06188592316749314,0
2023-07-28 11:20:07,37269.0,5448,1,37278.82,3415,3533,0.06188592316749314,0
2023-07-28 11:20:07,37269.0,5448,1,37278.82,3419,3534,0.06188592316749314,0
2023-07-28 11:20:07,37269.0,5448,1,37278.82,3424,3531,0.06188592316749314,0
2023-07-28 11:20:07,37269.0,5448,1,37278.82,3422,3541,0.06188592316749314,0
2023-07-28 11:20:07,37269.0,5448,1,37278.82,3418,3543,0.06188592316749314,0
2023-07-28 11:20:07,37269.0,5448,1,37278.82,3346,3542,0.06188592316749314,0
2023-07-28 11:20:07,37269.0,5448,1,37278.82,3420,3542,0.06188592316749314,0
2023-07-28 11:21:07,37269.0,5449,1,37278.82,3418,3546,0.06188592316749314,0
2023-07-28 11:21:07,37269.0,5449,1,37278.82,3421,3540,0.06188592316749314,0
2023-07-28 11:21:07,37269.0,5449,1,37278.82,3425,3540,0.06188592316749314,0
2023-07-28 11:21:07,37269.0,5449,1,37278.82,3425,3540,0.06188592316749314,0
2023-07-28 11:21:07,37269.0,5449,1,37278.82,3422,3524,0.06188592316749314,0
2023-07-28 11:21:07,37269.0,5449,1,37278.82,3421,3539,0.06188592316749314,0
2023-07-28 11:21:07,37269.0,5449,1,37278.82,3424,3538,0.06188592316749314,0
2023-07-28 11:21:07,37269.0,5449,1,37278.82,3419,3539,0.06188592316749314,0
2023-07-28 11:21:07,37269.0,5449,1,37278.82,3415,3539,0.06188592316749314,0
2023-07-28 11:21:07,37269.0,5449,1,37278.82,3340,3538,0.06188592316749314,0
2023-07-28 11:21:07,37269.0,5449,1,37278.82,3416,3541,0.06188592316749314,0
2023-07-28 11:21:07,37243.25,5449,4,37278.82,3416,3541,-0.007249110305944914,0
2023-07-28 11:21:19,37243.25,5457,4,37278.77,3419,3540,-0.007249110305944914,0
2023-07-28 11:21:19,37243.25,5457,4,37278.77,3417,3540,-0.007249110305944914,0
2023-07-28 11:21:19,37243.25,5457,4,37278.77,3411,3541,-0.007249110305944914,0
2023-07-28 11:21:19,37243.25,5457,4,37278.77,3424,3542,-0.007249110305944914,0
2023-07-28 11:21:19,37243.25,5457,4,37278.77,3422,3543,-0.007249110305944914,0
2023-07-28 11:21:19,37243.25,5457,4,37278.77,3347,3540,-0.007249110305944914,0
2023-07-28 11:21:19,37243.25,5457,4,37278.77,3419,3542,-0.007249110305944914,0
2023-07-28 11:21:19,37243.25,5457,4,37278.77,3412,3541,-0.007249110305944914,0
2023-07-28 11:21:19,37243.25,5457,4,37278.77,3419,3538,-0.007249110305944914,0
2023-07-28 11:21:19,37243.25,5457,4,37278.77,3419,3541,-0.007249110305944914,0
2023-07-28 11:21:19,37243.25,5457,4,37278.77,3418,3541,-0.007249110305944914,0
2023-07-28 11:21:31,37244.45,5458,1,37278.76,3269,3541,-0.004027283503307071,0
2023-07-28 11:21:31,37244.45,5458,1,37278.76,3416,3541,-0.004027283503307071,0
2023-07-28 11:21:31,37244.45,5458,1,37278.76,3419,3538,-0.004027283503307071,0
2023-07-28 11:21:31,37244.45,5458,1,37278.76,3424,3540,-0.004027283503307071,0
2023-07-28 11:21:31,37244.45,5458,1,37278.76,3348,3542,-0.004027283503307071,0
2023-07-28 11:21:37,37264.75,5484,2,37278.6,3418,3523,0.05047528657478977,0
2023-07-28 11:21:37,37264.75,5484,2,37278.6,3417,3524,0.05047528657478977,0
2023-07-28 11:21:37,37268.65,5484,2,37278.6,3417,3524,0.060946223683392066,0
2023-07-28 11:21:39,37268.65,5490,2,37278.59,3431,3518,0.060946223683392066,0
2023-07-28 11:21:39,37268.65,5490,2,37278.59,3436,3518,0.060946223683392066,0
2023-07-28 11:21:39,37268.65,5490,2,37278.59,3434,3517,0.060946223683392066,0
2023-07-28 11:21:39,37268.65,5490,2,37278.59,3437,3516,0.060946223683392066,0
2023-07-28 11:21:39,37268.65,5490,2,37278.59,3433,3519,0.060946223683392066,0
2023-07-28 11:21:39,37268.65,5490,2,37278.59,3432,3519,0.060946223683392066,0
2023-07-28 11:21:39,37268.65,5490,2,37278.59,3432,3519,0.060946223683392066,0
2023-07-28 11:21:39,37268.65,5490,2,37278.59,3433,3520,0.060946223683392066,0
2023-07-28 11:21:39,37268.65,5490,2,37278.59,3416,3520,0.060946223683392066,0
2023-07-28 11:21:48,37269.0,5500,10,37278.57,3431,3506,0.06188592316749314,0
2023-07-28 11:21:48,37269.0,5500,10,37278.57,3431,3509,0.06188592316749314,0
2023-07-28 11:21:48,37269.0,5500,10,37278.57,3432,3509,0.06188592316749314,0
2023-07-28 11:21:52,37278.0,5501,1,37278.57,3436,3505,0.08604962418733557,0
2023-07-28 11:21:52,37278.0,5501,1,37278.57,3278,3515,0.08604962418733557,0
2023-07-28 11:21:52,37278.0,5501,1,37278.57,3432,3512,0.08604962418733557,0
2023-07-28 11:21:52,37278.0,5501,1,37278.57,3433,3512,0.08604962418733557,0
2023-07-28 11:21:52,37278.0,5501,1,37278.57,3434,3516,0.08604962418733557,0
2023-07-28 11:21:52,37278.0,5501,1,37278.57,3453,3511,0.08604962418733557,0
2023-07-28 11:21:52,37278.0,5501,1,37278.57,3447,3511,0.08604962418733557,0
2023-07-28 11:21:52,37278.0,5501,1,37278.57,3442,3511,0.08604962418733557,0
2023-07-28 11:21:52,37278.0,5501,1,37278.57,3437,3511,0.08604962418733557,0
2023-07-28 11:21:52,37278.0,5501,1,37278.57,3443,3505,0.08604962418733557,0
2023-07-28 11:22:02,37288.0,5511,10,37278.59,3441,3505,0.11289818087604937,0
2023-07-28 11:22:02,37288.0,5511,10,37278.59,3437,3507,0.11289818087604937,0
2023-07-28 11:22:02,37288.0,5511,10,37278.59,3437,3507,0.11289818087604937,0
2023-07-28 11:22:04,37300.0,5521,1,37278.6,3440,3505,0.14511644890250594,0
2023-07-28 11:22:05,37300.0,5600,1,37278.74,3463,3431,0.14511644890250594,0
2023-07-28 11:22:06,37330.0,5605,4,37278.78,3462,3453,0.22566211896864738,0
2023-07-28 11:22:06,37331.0,5605,1,37278.78,3460,3459,0.22834697463751877,0
2023-07-28 11:22:07,37331.0,5606,1,37278.79,3243,3430,0.22834697463751877,0
2023-07-28 11:22:07,37331.0,5606,1,37278.79,3392,3460,0.22834697463751877,0
2023-07-28 11:22:07,37331.0,5606,1,37278.79,3473,3465,0.22834697463751877,0
2023-07-28 11:22:07,37331.0,5606,1,37278.79,3469,3465,0.22834697463751877,0
2023-07-28 11:22:12,37340.0,5607,1,37278.8,3463,3472,0.2525106756573612,0
2023-07-28 11:22:12,37340.0,5607,1,37278.8,3472,3473,0.2525106756573612,0
2023-07-28 11:22:12,37340.0,5607,1,37278.8,3468,3457,0.2525106756573612,0
2023-07-28 11:22:12,37340.0,5607,1,37278.8,3461,3466,0.2525106756573612,0
2023-07-28 11:22:12,37340.0,5607,1,37278.8,3456,3463,0.2525106756573612,0
2023-07-28 11:22:12,37340.0,5607,1,37278.8,3449,3460,0.2525106756573612,0
2023-07-28 11:22:12,37340.0,5607,1,37278.8,3460,3460,0.2525106756573612,0
2023-07-28 11:22:12,37340.0,5607,1,37278.8,3459,3462,0.2525106756573612,0
2023-07-28 11:22:12,37340.0,5607,1,37278.8,3393,3458,0.2525106756573612,0
2023-07-28 11:22:12,37350.0,5607,1,37278.8,3393,3458,0.279359232346075,0
2023-07-28 11:22:22,37350.0,5608,1,37278.82,3465,3467,0.279359232346075,0
2023-07-28 11:22:22,37350.0,5608,1,37278.82,3386,3467,0.279359232346075,0
2023-07-28 11:22:22,37350.0,5608,1,37278.82,3453,3470,0.279359232346075,0
2023-07-28 11:22:22,37350.0,5608,1,37278.82,3462,3467,0.279359232346075,0
2023-07-28 11:22:22,37349.0,5608,1,37278.82,3462,3467,0.2766743766772036,0
2023-07-28 11:22:27,37349.0,5609,1,37278.83,3296,3470,0.2766743766772036,0
2023-07-28 11:22:27,37349.0,5609,1,37278.83,3377,3463,0.2766743766772036,0
2023-07-28 11:22:27,37349.0,5609,1,37278.83,3451,3461,0.2766743766772036,0
2023-07-28 11:22:27,37349.0,5609,1,37278.83,3298,3460,0.2766743766772036,0
2023-07-28 11:22:27,37349.0,5609,1,37278.83,3455,3469,0.2766743766772036,0
2023-07-28 11:22:27,37349.0,5609,1,37278.83,3465,3469,0.2766743766772036,0
2023-07-28 11:22:27,37349.0,5609,1,37278.83,3464,3470,0.2766743766772036,0
2023-07-28 11:22:27,37349.0,5609,1,37278.83,3464,3471,0.2766743766772036,0
2023-07-28 11:22:27,37349.0,5609,1,37278.83,3461,3471,0.2766743766772036,0
2023-07-28 11:22:27,37349.0,5609,1,37278.83,3467,3471,0.2766743766772036,0
2023-07-28 11:22:27,37349.0,5609,1,37278.83,3320,3472,0.2766743766772036,0
2023-07-28 11:22:27,37349.0,5609,1,37278.83,3319,3472,0.2766743766772036,0
2023-07-28 11:22:27,37349.0,5609,1,37278.83,3319,3472,0.2766743766772036,0
2023-07-28 11:22:27,37349.0,5609,1,37278.83,3321,3473,0.2766743766772036,0
2023-07-28 11:22:27,37349.0,5609,1,37278.83,3321,3473,0.2766743766772036,0
2023-07-28 11:22:27,37349.0,5609,1,37278.83,3313,3474,0.2766743766772036,0
2023-07-28 11:22:27,37349.0,5609,1,37278.83,3477,3475,0.2766743766772036,0
2023-07-28 11:22:27,37349.0,5609,1,37278.83,3253,3475,0.2766743766772036,0
2023-07-28 11:22:27,37349.0,5609,1,37278.83,3400,3475,0.2766743766772036,0
2023-07-28 11:22:27,37349.0,5609,1,37278.83,3476,3475,0.2766743766772036,0
2023-07-28 11:22:27,37349.0,5609,1,37278.83,3476,3475,0.2766743766772036,0
2023-07-28 11:22:27,37349.0,5609,1,37278.83,3317,3478,0.2766743766772036,0
2023-07-28 11:22:27,37349.0,5609,1,37278.83,3466,3478,0.2766743766772036,0
2023-07-28 11:22:27,37349.0,5609,1,37278.83,3450,3483,0.2766743766772036,0
2023-07-28 11:22:27,37349.0,5609,1,37278.83,3383,3483,0.2766743766772036,0
2023-07-28 11:22:27,37349.0,5609,1,37278.83,3377,3478,0.2766743766772036,0
2023-07-28 11:22:27,37349.0,5609,1,37278.83,3232,3480,0.2766743766772036,0
2023-07-28 11:22:27,37349.0,5609,1,37278.83,3456,3475,0.2766743766772036,0
2023-07-28 11:22:27,37349.0,5609,1,37278.83,3376,3483,0.2766743766772036,0
2023-07-28 11:22:27,37349.0,5609,1,37278.83,3227,3483,0.2766743766772036,0
2023-07-28 11:22:27,37349.0,5609,1,37278.83,3457,3484,0.2766743766772036,0
2023-07-28 11:22:27,37349.0,5609,1,37278.83,3461,3484,0.2766743766772036,0
2023-07-28 11:22:27,37349.0,5609,1,37278.83,3454,3484,0.2766743766772036,0
2023-07-28 11:22:27,37349.0,5609,1,37278.83,3449,3490,0.2766743766772036,0
2023-07-28 11:22:27,37349.0,5609,1,37278.83,3456,3483,0.2766743766772036,0
2023-07-28 11:22:27,37349.0,5609,1,37278.83,3451,3485,0.2766743766772036,0
2023-07-28 11:22:27,37349.0,5609,1,37278.83,3449,3483,0.2766743766772036,0
2023-07-28 11:22:27,37349.0,5609,1,37278.83,3459,3483,0.2766743766772036,0
2023-07-28 11:22:27,37349.0,5609,1,37278.83,3453,3482,0.2766743766772036,0
2023-07-28 11:22:27,37349.0,5609,1,37278.83,3448,3483,0.2766743766772036,0
2023-07-28 11:22:27,37349.0,5609,1,37278.83,3454,3484,0.2766743766772036,0
2023-07-28 11:22:27,37349.0,5609,1,37278.83,3452,3484,0.2766743766772036,0
2023-07-28 11:22:27,37349.0,5609,1,37278.83,3456,3484,0.2766743766772036,0
2023-07-28 11:22:27,37349.0,5609,1,37278.83,3452,3484,0.2766743766772036,0
2023-07-28 11:22:27,37349.0,5609,1,37278.83,3463,3484,0.2766743766772036,0
2023-07-28 11:22:27,37349.0,5609,1,37278.83,3389,3484,0.2766743766772036,0
2023-07-28 11:22:27,37349.0,5609,1,37278.83,3239,3484,0.2766743766772036,0
2023-07-28 11:23:22,37349.0,5610,1,37278.84,3448,3484,0.2766743766772036,0
2023-07-28 11:23:22,37349.0,5610,1,37278.84,3393,3484,0.2766743766772036,0
2023-07-28 11:23:22,37349.0,5610,1,37278.84,3393,3484,0.2766743766772036,0
2023-07-28 11:23:22,37349.0,5610,1,37278.84,3317,3482,0.2766743766772036,0
2023-07-28 11:23:22,37349.0,5610,1,37278.84,3317,3482,0.2766743766772036,0
2023-07-28 11:23:22,37349.0,5610,1,37278.84,3467,3482,0.2766743766772036,0
2023-07-28 11:23:22,37349.0,5610,1,37278.84,3469,3487,0.2766743766772036,0
2023-07-28 11:23:22,37349.0,5610,1,37278.84,3469,3487,0.2766743766772036,0
2023-07-28 11:23:22,37349.0,5610,1,37278.84,3469,3487,0.2766743766772036,0
2023-07-28 11:23:22,37349.0,5610,1,37278.84,3469,3487,0.2766743766772036,0
2023-07-28 11:23:22,37349.0,5610,1,37278.84,3469,3487,0.2766743766772036,0
2023-07-28 11:23:22,37349.0,5610,1,37278.84,3469,3487,0.2766743766772036,0
2023-07-28 11:23:22,37349.0,5610,1,37278.84,3468,3487,0.2766743766772036,0
2023-07-28 11:23:22,37349.0,5610,1,37278.84,3467,3487,0.2766743766772036,0
2023-07-28 11:23:22,37349.0,5610,1,37278.84,3469,3481,0.2766743766772036,0
2023-07-28 11:23:22,37349.0,5610,1,37278.84,3243,3488,0.2766743766772036,0
2023-07-28 11:23:22,37324.35,5610,2,37278.84,3468,3488,0.21049268443952016,0
2023-07-28 11:23:35,37324.35,5612,2,37278.86,3392,3492,0.21049268443952016,0
2023-07-28 11:23:35,37324.35,5612,2,37278.86,3464,3492,0.21049268443952016,0
2023-07-28 11:23:35,37324.35,5612,2,37278.86,3392,3492,0.21049268443952016,0
2023-07-28 11:23:35,37324.35,5612,2,37278.86,3460,3493,0.21049268443952016,0
2023-07-28 11:23:35,37324.35,5612,2,37278.86,3462,3493,0.21049268443952016,0
2023-07-28 11:23:35,37324.35,5612,2,37278.86,3312,3492,0.21049268443952016,0
2023-07-28 11:23:35,37324.35,5612,2,37278.86,3312,3492,0.21049268443952016,0
2023-07-28 11:23:35,37324.35,5612,2,37278.86,3312,3492,0.21049268443952016,0
2023-07-28 11:23:35,37324.35,5612,2,37278.86,3312,3492,0.21049268443952016,0
2023-07-28 11:23:35,37324.35,5612,2,37278.86,3312,3492,0.21049268443952016,0
2023-07-28 11:23:35,37324.35,5612,2,37278.86,3313,3492,0.21049268443952016,0
2023-07-28 11:23:35,37324.35,5612,2,37278.86,3426,3496,0.21049268443952016,0
2023-07-28 11:23:35,37324.35,5612,2,37278.86,3453,3491,0.21049268443952016,0
2023-07-28 11:23:35,37324.35,5612,2,37278.86,3456,3490,0.21049268443952016,0
2023-07-28 11:23:35,37324.35,5612,2,37278.86,3310,3494,0.21049268443952016,0
2023-07-28 11:23:35,37324.35,5612,2,37278.86,3448,3493,0.21049268443952016,0
2023-07-28 11:23:35,37324.35,5612,2,37278.86,3450,3498,0.21049268443952016,0
2023-07-28 11:23:35,37324.35,5612,2,37278.86,3456,3493,0.21049268443952016,0
2023-07-28 11:23:35,37324.35,5612,2,37278.86,3446,3505,0.21049268443952016,0
2023-07-28 11:23:35,37324.35,5612,2,37278.86,3365,3503,0.21049268443952016,0
2023-07-28 11:23:35,37324.35,5612,2,37278.86,3440,3498,0.21049268443952016,0
2023-07-28 11:23:35,37324.35,5612,2,37278.86,3362,3498,0.21049268443952016,0
2023-07-28 11:23:35,37324.35,5612,2,37278.86,3447,3492,0.21049268443952016,0
2023-07-28 11:23:35,37324.35,5612,2,37278.86,3217,3495,0.21049268443952016,0
2023-07-28 11:23:35,37324.35,5612,2,37278.86,3449,3478,0.21049268443952016,0
2023-07-28 11:23:35,37324.35,5612,2,37278.86,3455,3491,0.21049268443952016,0
2023-07-28 11:23:35,37324.35,5612,2,37278.86,3455,3490,0.21049268443952016,0
2023-07-28 11:23:35,37324.35,5612,2,37278.86,3304,3490,0.21049268443952016,0
2023-07-28 11:23:35,37324.35,5612,2,37278.86,3371,3501,0.21049268443952016,0
2023-07-28 11:23:35,37324.35,5612,2,37278.86,3370,3501,0.21049268443952016,0
2023-07-28 11:23:35,37324.35,5612,2,37278.86,3448,3490,0.21049268443952016,0
2023-07-28 11:23:35,37324.35,5612,2,37278.86,3238,3476,0.21049268443952016,0
2023-07-28 11:24:09,37370.65,5625,1,37279.04,3475,3420,0.3348015019082729,0
2023-07-28 11:24:09,37370.65,5625,1,37279.04,3498,3426,0.3348015019082729,0
2023-07-28 11:24:11,37380.0,5626,1,37279.05,3276,3455,0.3599049024122164,0
2023-07-28 11:24:11,37380.0,5626,1,37279.05,3499,3455,0.3599049024122164,0
2023-07-28 11:24:11,37380.0,5626,1,37279.05,3344,3455,0.3599049024122164,0
2023-07-28 11:24:11,37380.0,5626,1,37279.05,3405,3452,0.3599049024122164,0
2023-07-28 11:24:11,37380.0,5626,1,37279.05,3339,3452,0.3599049024122164,0
2023-07-28 11:24:11,37380.0,5626,1,37279.05,3485,3452,0.3599049024122164,0
2023-07-28 11:24:11,37380.0,5626,1,37279.05,3488,3452,0.3599049024122164,0
2023-07-28 11:24:11,37380.0,5626,1,37279.05,3480,3452,0.3599049024122164,0
2023-07-28 11:24:11,37380.0,5626,1,37279.05,3487,3452,0.3599049024122164,0
2023-07-28 11:24:11,37380.0,5626,1,37279.05,3340,3454,0.3599049024122164,0
2023-07-28 11:24:11,37380.0,5626,1,37279.05,3483,3452,0.3599049024122164,0
2023-07-28 11:24:11,37380.0,5626,1,37279.05,3422,3452,0.3599049024122164,0
2023-07-28 11:24:11,37380.0,5626,1,37279.05,3490,3452,0.3599049024122164,0
2023-07-28 11:24:11,37380.0,5626,1,37279.05,3490,3452,0.3599049024122164,0
2023-07-28 11:24:11,37380.0,5626,1,37279.05,3338,3452,0.3599049024122164,0
2023-07-28 11:24:30,37349.95,5665,1,37279.57,3447,3482,0.2792249895626236,0
2023-07-28 11:24:30,37350.0,5665,1,37279.57,3447,3482,0.279359232346075,0
2023-07-28 11:24:30,37350.0,5666,1,37279.58,3359,3487,0.279359232346075,0
2023-07-28 11:24:30,37350.0,5666,1,37279.58,3439,3490,0.279359232346075,0
2023-07-28 11:24:30,37350.0,5666,1,37279.58,3442,3482,0.279359232346075,0
2023-07-28 11:24:30,37350.0,5666,1,37279.58,3443,3486,0.279359232346075,0
2023-07-28 11:24:30,37350.0,5666,1,37279.58,3442,3487,0.279359232346075,0
2023-07-28 11:24:30,37350.0,5666,1,37279.58,3441,3486,0.279359232346075,0
2023-07-28 11:24:30,37350.0,5666,1,37279.58,3436,3484,0.279359232346075,0
2023-07-28 11:24:30,37350.0,5666,1,37279.58,3440,3486,0.279359232346075,0
2023-07-28 11:24:30,37350.0,5666,1,37279.58,3445,3483,0.279359232346075,0
2023-07-28 11:24:30,37350.0,5666,1,37279.58,3446,3484,0.279359232346075,0
2023-07-28 11:24:30,37350.0,5666,1,37279.58,3446,3484,0.279359232346075,0
2023-07-28 11:24:41,37350.0,5667,1,37279.6,3443,3489,0.279359232346075,0
2023-07-28 11:24:41,37350.0,5667,1,37279.6,3446,3491,0.279359232346075,0
2023-07-28 11:24:44,37350.0,5670,3,37279.63,3440,3491,0.279359232346075,0
2023-07-28 11:24:45,37350.0,5677,2,37279.72,3464,3461,0.279359232346075,0
2023-07-28 11:24:45,37350.0,5677,2,37279.72,3470,3469,0.279359232346075,0
2023-07-28 11:24:45,37350.0,5677,2,37279.72,3465,3471,0.279359232346075,0
2023-07-28 11:24:45,37350.0,5677,2,37279.72,3480,3471,0.279359232346075,0
2023-07-28 11:24:45,37350.0,5677,2,37279.72,3404,3471,0.279359232346075,0
2023-07-28 11:24:45,37350.0,5677,2,37279.72,3479,3473,0.279359232346075,0
2023-07-28 11:24:45,37350.0,5677,2,37279.72,3466,3474,0.279359232346075,0
2023-07-28 11:24:45,37350.0,5677,2,37279.72,3474,3476,0.279359232346075,0
2023-07-28 11:24:53,37350.0,5687,7,37279.84,3451,3482,0.279359232346075,0
2023-07-28 11:24:53,37350.0,5687,7,37279.84,3388,3484,0.279359232346075,0
2023-07-28 11:24:53,37350.0,5687,7,37279.84,3453,3489,0.279359232346075,0
2023-07-28 11:24:53,37350.0,5687,7,37279.84,3451,3489,0.279359232346075,0
2023-07-28 11:24:53,37350.0,5687,7,37279.84,3448,3491,0.279359232346075,0
2023-07-28 11:24:53,37350.0,5687,7,37279.84,3451,3487,0.279359232346075,0
2023-07-28 11:24:53,37350.0,5687,7,37279.84,3452,3487,0.279359232346075,0
2023-07-28 11:24:53,37350.0,5687,7,37279.84,3458,3480,0.279359232346075,0
2023-07-28 11:24:53,37350.0,5687,7,37279.84,3456,3480,0.279359232346075,0
2023-07-28 11:24:53,37350.0,5687,7,37279.84,3458,3480,0.279359232346075,0
2023-07-28 11:24:53,37350.0,5687,7,37279.84,3458,3480,0.279359232346075,0
2023-07-28 11:24:53,37350.0,5687,7,37279.84,3307,3479,0.279359232346075,0
2023-07-28 11:24:53,37350.0,5687,7,37279.84,3456,3478,0.279359232346075,0
2023-07-28 11:24:53,37350.0,5687,7,37279.84,3232,3477,0.279359232346075,0
2023-07-28 11:24:53,37350.0,5687,7,37279.84,3456,3483,0.279359232346075,0
2023-07-28 11:24:53,37350.0,5687,7,37279.84,3443,3484,0.279359232346075,0
2023-07-28 11:24:53,37350.0,5687,7,37279.84,3447,3483,0.279359232346075,0
2023-07-28 11:24:53,37350.0,5687,7,37279.84,3446,3481,0.279359232346075,0
2023-07-28 11:24:53,37350.0,5687,7,37279.84,3370,3486,0.279359232346075,0
2023-07-28 11:24:53,37350.0,5687,7,37279.84,3445,3483,0.279359232346075,0
2023-07-28 11:24:53,37350.0,5687,7,37279.84,3219,3483,0.279359232346075,0
2023-07-28 11:24:53,37350.0,5687,7,37279.84,3448,3482,0.279359232346075,0
2023-07-28 11:24:53,37350.0,5687,7,37279.84,3295,3484,0.279359232346075,0
2023-07-28 11:24:53,37350.0,5687,7,37279.84,3442,3492,0.279359232346075,0
2023-07-28 11:24:53,37350.0,5687,7,37279.84,3443,3488,0.279359232346075,0
2023-07-28 11:24:53,37350.0,5687,7,37279.84,3444,3487,0.279359232346075,0
2023-07-28 11:24:53,37350.0,5687,7,37279.84,3367,3486,0.279359232346075,0
2023-07-28 11:25:21,37312.2,5688,1,37279.85,3442,3489,0.177871688062729,0
2023-07-28 11:25:21,37312.2,5688,1,37279.85,3437,3493,0.177871688062729,0
2023-07-28 11:25:21,37312.2,5688,1,37279.85,3438,3486,0.177871688062729,0
2023-07-28 11:25:21,37312.2,5688,1,37279.85,3439,3487,0.177871688062729,0
2023-07-28 11:25:21,37312.2,5688,1,37279.85,3440,3490,0.177871688062729,0
2023-07-28 11:25:21,37312.2,5688,1,37279.85,3287,3491,0.177871688062729,0
2023-07-28 11:25:27,37344.7,5691,1,37279.88,3233,3492,0.26512949730104884,0
2023-07-28 11:25:27,37344.7,5691,1,37279.88,3452,3486,0.26512949730104884,0
2023-07-28 11:25:27,37344.7,5691,1,37279.88,3302,3487,0.26512949730104884,0
2023-07-28 11:25:27,37344.7,5691,1,37279.88,3462,3487,0.26512949730104884,0
2023-07-28 11:25:27,37344.7,5691,1,37279.88,3388,3486,0.26512949730104884,0
2023-07-28 11:25:27,37344.7,5691,1,37279.88,3462,3487,0.26512949730104884,0
2023-07-28 11:25:27,37344.7,5691,1,37279.88,3463,3485,0.26512949730104884,0
2023-07-28 11:25:27,37344.7,5691,1,37279.88,3462,3485,0.26512949730104884,0
2023-07-28 11:25:27,37349.8,5691,1,37279.88,3462,3486,0.2788222612123085,0
2023-07-28 11:25:37,37349.8,5692,1,37279.89,3461,3493,0.2788222612123085,0
2023-07-28 11:25:37,37349.8,5692,1,37279.89,3386,3491,0.2788222612123085,0
2023-07-28 11:25:37,37349.8,5692,1,37279.89,3311,3491,0.2788222612123085,0
2023-07-28 11:25:37,37349.8,5692,1,37279.89,3466,3491,0.2788222612123085,0
2023-07-28 11:25:37,37349.8,5692,1,37279.89,3463,3491,0.2788222612123085,0
2023-07-28 11:25:37,37349.8,5692,1,37279.89,3461,3490,0.2788222612123085,0
2023-07-28 11:25:37,37349.8,5692,1,37279.89,3460,3489,0.2788222612123085,0
2023-07-28 11:25:46,37349.25,5693,1,37279.91,3464,3490,0.27734559059442143,0
2023-07-28 11:25:46,37349.25,5693,1,37279.91,3240,3490,0.27734559059442143,0
2023-07-28 11:25:46,37349.25,5693,1,37279.91,3317,3490,0.27734559059442143,0
2023-07-28 11:25:46,37349.25,5693,1,37279.91,3460,3489,0.27734559059442143,0
2023-07-28 11:25:46,37349.25,5693,1,37279.91,3315,3486,0.27734559059442143,0
2023-07-28 11:25:46,37349.25,5693,1,37279.91,3459,3486,0.27734559059442143,0
2023-07-28 11:25:46,37349.25,5693,1,37279.91,3452,3492,0.27734559059442143,0
2023-07-28 11:25:46,37349.25,5693,1,37279.91,3228,3492,0.27734559059442143,0
2023-07-28 11:25:46,37349.25,5693,1,37279.91,3465,3490,0.27734559059442143,0
2023-07-28 11:25:46,37349.25,5693,1,37279.91,3462,3490,0.27734559059442143,0
2023-07-28 11:25:59,37348.9,5694,1,37279.92,3464,3488,0.2764058911103204,0
2023-07-28 11:25:59,37348.9,5694,1,37279.92,3464,3488,0.2764058911103204,0
2023-07-28 11:25:59,37348.9,5694,1,37279.92,3387,3488,0.2764058911103204,0
2023-07-28 11:25:59,37348.9,5694,1,37279.92,3466,3488,0.2764058911103204,0
2023-07-28 11:25:59,37348.9,5694,1,37279.92,3468,3489,0.2764058911103204,0
2023-07-28 11:26:03,37319.75,5696,2,37279.93,3389,3490,0.19814234836271571,0
2023-07-28 11:26:03,37319.75,5696,2,37279.93,3471,3490,0.19814234836271571,0
2023-07-28 11:26:03,37319.75,5696,2,37279.93,3469,3490,0.19814234836271571,0
2023-07-28 11:26:03,37319.75,5696,2,37279.93,3325,3490,0.19814234836271571,0
2023-07-28 11:26:03,37350.0,5696,1,37279.93,3472,3490,0.279359232346075,0
2023-07-28 11:26:07,37350.0,5697,1,37279.95,3472,3489,0.279359232346075,0
2023-07-28 11:26:07,37350.0,5697,1,37279.95,3471,3489,0.279359232346075,0
2023-07-28 11:26:07,37350.0,5697,1,37279.95,3471,3488,0.279359232346075,0
2023-07-28 11:26:07,37350.0,5697,1,37279.95,3323,3488,0.279359232346075,0
2023-07-28 11:26:07,37350.0,5697,1,37279.95,3473,3488,0.279359232346075,0
2023-07-28 11:26:07,37350.0,5697,1,37279.95,3473,3488,0.279359232346075,0
2023-07-28 11:26:07,37350.0,5697,1,37279.95,3473,3488,0.279359232346075,0
2023-07-28 11:26:07,37350.0,5697,1,37279.95,3473,3484,0.279359232346075,0
2023-07-28 11:26:07,37350.0,5697,1,37279.95,3473,3484,0.279359232346075,0
2023-07-28 11:26:07,37350.0,5697,1,37279.95,3472,3484,0.279359232346075,0
2023-07-28 11:26:07,37350.0,5697,1,37279.95,3472,3484,0.279359232346075,0
2023-07-28 11:26:07,37350.0,5697,1,37279.95,3472,3484,0.279359232346075,0
2023-07-28 11:26:07,37350.0,5697,1,37279.95,3472,3484,0.279359232346075,0
2023-07-28 11:26:07,37350.0,5697,1,37279.95,3472,3484,0.279359232346075,0
2023-07-28 11:26:07,37350.0,5697,1,37279.95,3472,3484,0.279359232346075,0
2023-07-28 11:26:07,37350.0,5697,1,37279.95,3472,3484,0.279359232346075,0
2023-07-28 11:26:07,37350.0,5697,1,37279.95,3472,3484,0.279359232346075,0
2023-07-28 11:26:07,37350.0,5697,1,37279.95,3473,3484,0.279359232346075,0
2023-07-28 11:26:07,37350.0,5697,1,37279.95,3471,3485,0.279359232346075,0
2023-07-28 11:26:07,37350.0,5697,1,37279.95,3471,3485,0.279359232346075,0
2023-07-28 11:26:07,37350.0,5697,1,37279.95,3474,3485,0.279359232346075,0
2023-07-28 11:26:07,37350.0,5697,1,37279.95,3474,3485,0.279359232346075,0
2023-07-28 11:26:07,37350.0,5697,1,37279.95,3473,3485,0.279359232346075,0
2023-07-28 11:26:07,37350.0,5697,1,37279.95,3472,3485,0.279359232346075,0
2023-07-28 11:26:07,37350.0,5697,1,37279.95,3472,3485,0.279359232346075,0
2023-07-28 11:26:07,37350.0,5697,1,37279.95,3397,3485,0.279359232346075,0
2023-07-28 11:26:07,37350.0,5697,1,37279.95,3334,3487,0.279359232346075,0
2023-07-28 11:26:07,37350.0,5697,1,37279.95,3484,3493,0.279359232346075,0
2023-07-28 11:26:07,37350.0,5697,1,37279.95,3484,3493,0.279359232346075,0
2023-07-28 11:26:07,37350.0,5697,1,37279.95,3486,3493,0.279359232346075,0
2023-07-28 11:26:37,37350.0,5720,5,37280.23,3263,3497,0.279359232346075,0
2023-07-28 11:26:38,37350.0,5741,5,37280.48,3493,3496,0.279359232346075,0
2023-07-28 11:26:38,37350.0,5741,5,37280.48,3493,3496,0.279359232346075,0
2023-07-28 11:26:40,37350.0,5756,5,37280.66,3489,3491,0.279359232346075,0
2023-07-28 11:26:40,37350.0,5756,1,37280.66,3482,3493,0.279359232346075,0
2023-07-28 11:26:43,37350.0,5757,1,37280.68,3260,3494,0.279359232346075,0
2023-07-28 11:26:43,37350.0,5757,1,37280.68,3483,3494,0.279359232346075,0
2023-07-28 11:26:45,37350.0,5762,5,37280.74,3490,3487,0.279359232346075,0
2023-07-28 11:26:45,37350.0,5762,5,37280.74,3485,3487,0.279359232346075,0
2023-07-28 11:26:45,37350.0,5762,5,37280.74,3412,3489,0.279359232346075,0
2023-07-28 11:26:45,37350.0,5762,5,37280.74,3485,3489,0.279359232346075,0
2023-07-28 11:26:45,37350.0,5762,5,37280.74,3484,3489,0.279359232346075,0
2023-07-28 11:26:50,37399.95,5867,1,37282.15,3494,3362,0.41346777300619264,0
2023-07-28 11:26:50,37399.95,5867,1,37282.15,3499,3405,0.41346777300619264,0
2023-07-28 11:26:52,37402.0,5878,2,37282.37,3504,3358,0.4189717271273868,0
2023-07-28 11:26:53,37422.75,5881,1,37282.45,3518,3367,0.474682482256468,0
2023-07-28 11:26:53,37422.75,5881,1,37282.45,3518,3367,0.474682482256468,0
2023-07-28 11:26:53,37422.75,5881,1,37282.45,3508,3384,0.474682482256468,0
2023-07-28 11:26:53,37422.75,5881,1,37282.45,3507,3385,0.474682482256468,0
2023-07-28 11:26:53,37422.75,5881,1,37282.45,3507,3385,0.474682482256468,0
2023-07-28 11:26:53,37422.75,5881,1,37282.45,3509,3389,0.474682482256468,0
2023-07-28 11:26:53,37422.75,5881,1,37282.45,3357,3389,0.474682482256468,0
2023-07-28 11:26:53,37422.75,5881,1,37282.45,3507,3389,0.474682482256468,0
2023-07-28 11:26:53,37422.75,5881,1,37282.45,3519,3389,0.474682482256468,0
2023-07-28 11:26:53,37422.75,5881,1,37282.45,3507,3395,0.474682482256468,0
2023-07-28 11:26:53,37422.75,5881,1,37282.45,3473,3395,0.474682482256468,0
2023-07-28 11:26:53,37422.75,5881,1,37282.45,3502,3395,0.474682482256468,0
2023-07-28 11:27:05,37415.2,5883,2,37282.49,3352,3399,0.4544118219564812,0
2023-07-28 11:27:05,37415.2,5883,2,37282.49,3352,3399,0.4544118219564812,0
2023-07-28 11:27:05,37415.2,5883,2,37282.49,3500,3399,0.4544118219564812,0
2023-07-28 11:27:05,37415.2,5883,2,37282.49,3502,3399,0.4544118219564812,0
2023-07-28 11:27:08,37436.0,5884,1,37282.52,3497,3407,0.5102568198690137,0
2023-07-28 11:27:08,37436.0,5884,1,37282.52,3504,3407,0.5102568198690137,0
2023-07-28 11:27:08,37436.0,5884,1,37282.52,3499,3407,0.5102568198690137,0
2023-07-28 11:27:08,37436.0,5884,1,37282.52,3502,3386,0.5102568198690137,0
2023-07-28 11:27:08,37436.0,5884,1,37282.52,3345,3392,0.5102568198690137,0
2023-07-28 11:27:08,37421.65,5884,1,37282.52,3345,3392,0.47172914102071334,0
2023-07-28 11:27:13,37411.9,5893,1,37282.72,3346,3397,0.44555179824921737,0
2023-07-28 11:27:13,37411.9,5893,1,37282.72,3419,3399,0.44555179824921737,0
2023-07-28 11:27:13,37411.9,5893,1,37282.72,3478,3396,0.44555179824921737,0
2023-07-28 11:27:17,37430.3,5894,1,37282.74,3486,3397,0.4949531425564547,0
2023-07-28 11:27:17,37428.75,5894,1,37282.74,3483,3394,0.49079161626969625,0
2023-07-28 11:27:19,37428.75,5897,1,37282.82,3491,3393,0.49079161626969625,0
2023-07-28 11:27:19,37428.75,5897,1,37282.82,3423,3393,0.49079161626969625,0
2023-07-28 11:27:19,37428.75,5897,1,37282.82,3499,3393,0.49079161626969625,0
2023-07-28 11:27:19,37428.75,5897,1,37282.82,3509,3395,0.49079161626969625,0
2023-07-28 11:27:19,37428.75,5897,1,37282.82,3507,3395,0.49079161626969625,0
2023-07-28 11:27:19,37428.75,5897,1,37282.82,3508,3395,0.49079161626969625,0
2023-07-28 11:27:19,37428.75,5897,1,37282.82,3507,3396,0.49079161626969625,0
2023-07-28 11:27:19,37444.0,5897,1,37282.82,3507,3396,0.5317356652199848,0
2023-07-28 11:27:29,37444.0,5926,1,37283.59,3500,3350,0.5317356652199848,0
2023-07-28 11:27:29,37444.0,5926,1,37283.59,3504,3350,0.5317356652199848,0
2023-07-28 11:27:29,37444.0,5926,1,37283.59,3518,3341,0.5317356652199848,0
2023-07-28 11:27:29,37444.0,5926,1,37283.59,3486,3346,0.5317356652199848,0
2023-07-28 11:27:29,37444.0,5926,1,37283.59,3502,3353,0.5317356652199848,0
2023-07-28 11:27:29,37444.0,5926,1,37283.59,3497,3353,0.5317356652199848,0
2023-07-28 11:27:29,37444.0,5926,1,37283.59,3496,3352,0.5317356652199848,0
2023-07-28 11:27:29,37444.0,5926,1,37283.59,3510,3352,0.5317356652199848,0
2023-07-28 11:27:29,37444.0,5926,1,37283.59,3503,3354,0.5317356652199848,0
2023-07-28 11:27:29,37444.0,5926,1,37283.59,3512,3352,0.5317356652199848,0
2023-07-28 11:27:29,37444.0,5926,1,37283.59,3344,3351,0.5317356652199848,0
2023-07-28 11:27:29,37444.0,5926,1,37283.59,3493,3349,0.5317356652199848,0
2023-07-28 11:27:29,37444.0,5926,1,37283.59,3497,3354,0.5317356652199848,0
2023-07-28 11:27:29,37444.0,5926,1,37283.59,3428,3351,0.5317356652199848,0
2023-07-28 11:27:29,37444.0,5926,1,37283.59,3283,3352,0.5317356652199848,0
