2023-07-28 10:47:59,15769.0,922,1,15732.15,1515,1209,-0.07319136531996207,0
2023-07-28 10:47:59,15769.0,922,1,15732.15,1515,1202,-0.07319136531996207,0
2023-07-28 10:47:59,15769.0,922,1,15732.15,1515,1212,-0.07319136531996207,0
2023-07-28 10:47:59,15769.0,922,1,15732.15,1515,1211,-0.07319136531996207,0
2023-07-28 10:47:59,15769.0,922,1,15732.15,1515,1212,-0.07319136531996207,0
2023-07-28 10:47:59,15769.0,922,1,15732.15,1515,1206,-0.07319136531996207,0
2023-07-28 10:47:59,15769.0,922,1,15732.15,1515,1207,-0.07319136531996207,0
2023-07-28 10:47:59,15769.0,922,1,15732.15,1515,1208,-0.07319136531996207,0
2023-07-28 10:47:59,15769.0,922,1,15732.15,1515,1204,-0.07319136531996207,0
2023-07-28 10:47:59,15769.0,922,1,15732.15,1515,1211,-0.07319136531996207,0
2023-07-28 10:47:59,15783.0,922,1,15732.15,1515,1211,0.015525441128482389,0
2023-07-28 10:50:23,15783.0,952,1,15733.6,1522,1191,0.015525441128482389,0
2023-07-28 10:50:23,15785.0,952,4,15733.6,1522,1191,0.028199270621117312,0
2023-07-28 10:50:24,15785.0,959,4,15733.96,1544,1182,0.028199270621117312,0
2023-07-28 10:50:24,15785.0,959,4,15733.96,1544,1181,0.028199270621117312,0
2023-07-28 10:50:24,15785.0,959,4,15733.96,1530,1171,0.028199270621117312,0
2023-07-28 10:50:24,15785.0,959,4,15733.96,1531,1174,0.028199270621117312,0
2023-07-28 10:50:24,15785.0,959,4,15733.96,1523,1174,0.028199270621117312,0
2023-07-28 10:50:24,15785.0,959,4,15733.96,1525,1174,0.028199270621117312,0
2023-07-28 10:50:24,15785.0,959,4,15733.96,1530,1174,0.028199270621117312,0
2023-07-28 10:50:24,15785.0,959,4,15733.96,1532,1174,0.028199270621117312,0
2023-07-28 10:50:24,15785.0,959,4,15733.96,1535,1174,0.028199270621117312,0
2023-07-28 10:50:24,15785.0,959,4,15733.96,1528,1167,0.028199270621117312,0
2023-07-28 10:50:24,15785.0,959,4,15733.96,1537,1171,0.028199270621117312,0
2023-07-28 10:50:24,15785.0,959,4,15733.96,1537,1172,0.028199270621117312,0
2023-07-28 10:50:24,15785.0,959,4,15733.96,1536,1172,0.028199270621117312,0
2023-07-28 10:50:24,15783.6,959,1,15733.96,1536,1172,0.01932758997627517,0
2023-07-28 10:50:24,15782.25,959,1,15733.96,1536,1172,0.010772755068744293,0
2023-07-28 10:51:40,15782.25,961,1,15734.07,1525,1174,0.010772755068744293,0
2023-07-28 10:51:40,15782.3,961,1,15734.07,1525,1174,0.011089600806055555,0
2023-07-28 10:51:43,15782.3,962,1,15734.12,1529,1178,0.011089600806055555,0
2023-07-28 10:51:43,15777.25,962,1,15734.12,1529,1178,-0.02091181866284301,0
2023-07-28 10:51:48,15777.25,963,1,15734.16,1530,1178,-0.02091181866284301,0
2023-07-28 10:51:48,15777.25,963,1,15734.16,1530,1180,-0.02091181866284301,0
2023-07-28 10:51:48,15777.25,963,1,15734.16,1530,1181,-0.02091181866284301,0
2023-07-28 10:51:48,15777.25,963,1,15734.16,1530,1181,-0.02091181866284301,0
2023-07-28 10:51:48,15777.25,963,1,15734.16,1530,1183,-0.02091181866284301,0
2023-07-28 10:51:48,15777.25,963,1,15734.16,1519,1195,-0.02091181866284301,0
2023-07-28 10:51:48,15777.25,963,1,15734.16,1525,1195,-0.02091181866284301,0
2023-07-28 10:51:48,15777.25,963,1,15734.16,1513,1193,-0.02091181866284301,0
2023-07-28 10:51:48,15777.25,963,1,15734.16,1531,1194,-0.02091181866284301,0
2023-07-28 10:51:48,15777.25,963,1,15734.16,1531,1194,-0.02091181866284301,0
2023-07-28 10:51:48,15777.25,963,1,15734.16,1530,1178,-0.02091181866284301,0
2023-07-28 10:51:48,15779.3,963,1,15734.16,1530,1178,-0.007921143432896826,0
2023-07-28 10:52:40,15779.3,964,1,15734.21,1533,1186,-0.007921143432896826,0
2023-07-28 10:52:40,15779.3,964,1,15734.21,1530,1178,-0.007921143432896826,0
2023-07-28 10:52:40,15779.3,964,1,15734.21,1518,1188,-0.007921143432896826,0
2023-07-28 10:52:40,15779.3,964,1,15734.21,1518,1187,-0.007921143432896826,0
2023-07-28 10:52:40,15779.3,964,1,15734.21,1518,1189,-0.007921143432896826,0
2023-07-28 10:52:40,15779.3,964,1,15734.21,1518,1188,-0.007921143432896826,0
2023-07-28 10:52:40,15779.3,964,1,15734.21,1518,1188,-0.007921143432896826,0
2023-07-28 10:52:40,15779.3,964,1,15734.21,1518,1187,-0.007921143432896826,0
2023-07-28 10:52:40,15779.3,964,1,15734.21,1518,1186,-0.007921143432896826,0
2023-07-28 10:53:37,15779.35,965,1,15734.25,1519,1186,-0.007604297695574037,0
2023-07-28 10:53:37,15779.35,965,1,15734.25,1523,1181,-0.007604297695574037,0
2023-07-28 10:53:37,15779.35,965,1,15734.25,1523,1182,-0.007604297695574037,0
2023-07-28 10:53:37,15779.35,965,1,15734.25,1523,1181,-0.007604297695574037,0
2023-07-28 10:53:37,15779.35,965,1,15734.25,1518,1173,-0.007604297695574037,0
2023-07-28 10:53:37,15779.35,965,1,15734.25,1526,1184,-0.007604297695574037,0
2023-07-28 10:53:37,15779.35,965,1,15734.25,1518,1190,-0.007604297695574037,0
2023-07-28 10:53:37,15779.35,965,1,15734.25,1518,1181,-0.007604297695574037,0
2023-07-28 10:53:37,15779.35,965,1,15734.25,1518,1192,-0.007604297695574037,0
2023-07-28 10:53:37,15779.35,965,1,15734.25,1518,1189,-0.007604297695574037,0
2023-07-28 10:54:34,15786.0,966,1,15734.31,1520,1198,0.034536185367434774,0
2023-07-28 10:54:34,15786.0,966,1,15734.31,1520,1198,0.034536185367434774,0
2023-07-28 10:54:34,15786.0,966,1,15734.31,1520,1194,0.034536185367434774,0
2023-07-28 10:54:34,15786.0,966,1,15734.31,1520,1194,0.034536185367434774,0
2023-07-28 10:54:34,15786.0,966,1,15734.31,1521,1192,0.034536185367434774,0
2023-07-28 10:54:34,15786.0,966,1,15734.31,1521,1193,0.034536185367434774,0
2023-07-28 10:54:34,15786.0,966,1,15734.31,1521,1194,0.034536185367434774,0
2023-07-28 10:54:34,15786.0,966,1,15734.31,1521,1194,0.034536185367434774,0
2023-07-28 10:54:34,15786.0,966,1,15734.31,1521,1194,0.034536185367434774,0
2023-07-28 10:55:08,15786.0,969,1,15734.47,1518,1194,0.034536185367434774,0
2023-07-28 10:55:08,15786.0,969,1,15734.47,1516,1194,0.034536185367434774,0
2023-07-28 10:55:08,15786.0,969,1,15734.47,1513,1190,0.034536185367434774,0
2023-07-28 10:55:08,15786.0,969,1,15734.47,1509,1185,0.034536185367434774,0
2023-07-28 10:55:08,15776.95,969,1,15734.47,1509,1185,-0.02281289308673364,0
2023-07-28 10:55:31,15776.95,970,1,15734.51,1508,1181,-0.02281289308673364,0
2023-07-28 10:55:31,15776.95,970,1,15734.51,1509,1195,-0.02281289308673364,0
2023-07-28 10:55:31,15777.1,970,1,15734.51,1509,1195,-0.021862355874788325,0
2023-07-28 10:55:40,15777.1,972,1,15734.6,1511,1183,-0.021862355874788325,0
2023-07-28 10:55:40,15777.1,972,1,15734.6,1509,1184,-0.021862355874788325,0
2023-07-28 10:55:40,15777.1,972,1,15734.6,1509,1188,-0.021862355874788325,0
2023-07-28 10:55:40,15777.1,972,1,15734.6,1511,1187,-0.021862355874788325,0
2023-07-28 10:55:40,15777.1,972,1,15734.6,1511,1172,-0.021862355874788325,0
2023-07-28 10:55:40,15777.1,972,1,15734.6,1511,1190,-0.021862355874788325,0
2023-07-28 10:55:40,15777.1,972,1,15734.6,1511,1189,-0.021862355874788325,0
2023-07-28 10:55:40,15777.1,972,1,15734.6,1513,1190,-0.021862355874788325,0
2023-07-28 10:55:40,15777.1,972,1,15734.6,1512,1193,-0.021862355874788325,0
2023-07-28 10:55:40,15777.1,972,1,15734.6,1510,1197,-0.021862355874788325,0
2023-07-28 10:55:40,15777.1,972,1,15734.6,1510,1197,-0.021862355874788325,0
2023-07-28 10:56:32,15800.0,978,1,15734.97,1528,1187,0.12325299181587922,0
2023-07-28 10:56:32,15800.0,978,1,15734.97,1499,1151,0.12325299181587922,0
2023-07-28 10:56:32,15800.0,978,1,15734.97,1521,1186,0.12325299181587922,0
2023-07-28 10:56:32,15800.0,978,1,15734.97,1521,1193,0.12325299181587922,0
2023-07-28 10:56:32,15800.0,978,1,15734.97,1510,1193,0.12325299181587922,0
2023-07-28 10:56:32,15800.0,978,1,15734.97,1520,1193,0.12325299181587922,0
2023-07-28 10:56:32,15800.0,978,1,15734.97,1521,1193,0.12325299181587922,0
2023-07-28 10:56:32,15794.7,978,1,15734.97,1521,1193,0.08966734366040129,0
2023-07-28 10:57:05,15794.7,980,1,15735.09,1514,1196,0.08966734366040129,0
2023-07-28 10:57:05,15794.7,980,1,15735.09,1522,1195,0.08966734366040129,0
2023-07-28 10:57:05,15794.7,980,1,15735.09,1508,1197,0.08966734366040129,0
2023-07-28 10:57:05,15787.35,980,1,15735.09,1508,1197,0.04309102027496565,0
2023-07-28 10:57:25,15787.35,981,1,15735.14,1504,1213,0.04309102027496565,0
2023-07-28 10:57:25,15787.35,981,1,15735.14,1499,1198,0.04309102027496565,0
2023-07-28 10:57:25,15787.35,981,1,15735.14,1506,1203,0.04309102027496565,0
2023-07-28 10:57:25,15787.35,981,1,15735.14,1506,1204,0.04309102027496565,0
2023-07-28 10:57:25,15787.35,981,1,15735.14,1506,1209,0.04309102027496565,0
2023-07-28 10:57:25,15787.35,981,1,15735.14,1507,1192,0.04309102027496565,0
2023-07-28 10:57:25,15787.35,981,1,15735.14,1515,1202,0.04309102027496565,0
2023-07-28 10:57:25,15787.35,981,1,15735.14,1506,1200,0.04309102027496565,0
2023-07-28 10:57:25,15787.35,981,1,15735.14,1508,1207,0.04309102027496565,0
2023-07-28 10:57:25,15787.35,981,1,15735.14,1507,1208,0.04309102027496565,0
2023-07-28 10:57:25,15787.35,981,1,15735.14,1507,1206,0.04309102027496565,0
2023-07-28 10:57:25,15784.75,981,1,15735.14,1511,1187,0.026615041934537946,0
2023-07-28 10:58:22,15784.75,982,1,15735.19,1510,1208,0.026615041934537946,0
2023-07-28 10:58:22,15784.75,982,1,15735.19,1505,1204,0.026615041934537946,0
2023-07-28 10:58:22,15784.75,982,1,15735.19,1521,1214,0.026615041934537946,0
2023-07-28 10:58:22,15784.75,982,1,15735.19,1525,1208,0.026615041934537946,0
2023-07-28 10:58:22,15784.75,982,1,15735.19,1525,1211,0.026615041934537946,0
2023-07-28 10:58:22,15784.75,982,1,15735.19,1526,1211,0.026615041934537946,0
2023-07-28 10:58:22,15784.75,982,1,15735.19,1511,1187,0.026615041934537946,0
2023-07-28 10:58:22,15784.75,982,1,15735.19,1511,1207,0.026615041934537946,0
2023-07-28 10:58:22,15784.75,982,1,15735.19,1489,1195,0.026615041934537946,0
2023-07-28 10:58:22,15802.75,982,1,15735.19,1489,1195,0.14067950736825224,0
2023-07-28 10:59:03,15802.75,985,1,15735.4,1500,1152,0.14067950736825224,0
2023-07-28 10:59:03,15802.75,985,1,15735.4,1510,1165,0.14067950736825224,0
2023-07-28 10:59:03,15802.75,985,1,15735.4,1511,1169,0.14067950736825224,0
2023-07-28 10:59:03,15802.75,985,1,15735.4,1512,1177,0.14067950736825224,0
2023-07-28 10:59:03,15803.15,985,1,15735.4,1512,1177,0.1432142732667769,0
2023-07-28 10:59:19,15803.15,986,1,15735.47,1512,1178,0.1432142732667769,0
2023-07-28 10:59:19,15803.15,986,1,15735.47,1513,1184,0.1432142732667769,0
2023-07-28 10:59:19,15803.15,986,1,15735.47,1513,1186,0.1432142732667769,0
2023-07-28 10:59:19,15803.15,986,1,15735.47,1512,1190,0.1432142732667769,0
2023-07-28 10:59:19,15803.15,986,1,15735.47,1508,1186,0.1432142732667769,0
2023-07-28 10:59:19,15820.4,986,1,15735.47,1508,1186,0.2525260526407531,0
2023-07-28 10:59:47,15820.4,988,1,15735.64,1510,1183,0.2525260526407531,0
2023-07-28 10:59:47,15820.4,988,1,15735.64,1508,1182,0.2525260526407531,0
2023-07-28 10:59:47,15820.4,988,1,15735.64,1508,1183,0.2525260526407531,0
2023-07-28 10:59:47,15820.4,988,1,15735.64,1509,1183,0.2525260526407531,0
2023-07-28 10:59:47,15820.4,988,1,15735.64,1509,1185,0.2525260526407531,0
2023-07-28 10:59:47,15820.4,988,1,15735.64,1508,1183,0.2525260526407531,0
2023-07-28 10:59:47,15808.9,988,1,15735.64,1508,1183,0.1796515330581023,0
2023-07-28 11:00:16,15808.9,989,1,15735.72,1510,1184,0.1796515330581023,0
2023-07-28 11:00:16,15793.05,989,1,15735.72,1510,1184,0.07921143432896825,0
2023-07-28 11:00:19,15793.05,998,1,15736.3,1488,1205,0.07921143432896825,0
2023-07-28 11:00:19,15793.05,998,1,15736.3,1509,1155,0.07921143432896825,0
2023-07-28 11:00:25,15814.85,999,1,15736.37,1509,1194,0.21735617579869582,0
2023-07-28 11:00:25,15799.8,999,1,15736.37,1509,1194,0.12198560886661113,0
2023-07-28 11:00:31,15799.8,1000,1,15736.44,1505,1201,0.12198560886661113,0
2023-07-28 11:00:31,15798.4,1000,1,15736.44,1505,1198,0.11311392822176898,0
2023-07-28 11:00:31,15785.4,1000,1,15736.44,1505,1198,0.03073403651964199,0
2023-07-28 11:00:42,15782.7,1005,1,15736.72,1463,1203,0.013624366704591762,0
2023-07-28 11:00:42,15782.7,1005,1,15736.72,1498,1206,0.013624366704591762,0
2023-07-28 11:00:42,15782.7,1005,1,15736.72,1493,1199,0.013624366704591762,0
2023-07-28 11:00:42,15782.7,1005,1,15736.72,1492,1200,0.013624366704591762,0
2023-07-28 11:00:42,15807.4,1005,1,15736.72,1492,1200,0.1701461609386261,0
2023-07-28 11:00:57,15807.4,1007,1,15736.86,1500,1196,0.1701461609386261,0
2023-07-28 11:00:57,15807.4,1007,1,15736.86,1506,1213,0.1701461609386261,0
2023-07-28 11:00:57,15807.4,1007,1,15736.86,1503,1210,0.1701461609386261,0
2023-07-28 11:00:57,15807.4,1007,1,15736.86,1503,1212,0.1701461609386261,0
2023-07-28 11:00:57,15807.4,1007,1,15736.86,1505,1208,0.1701461609386261,0
2023-07-28 11:00:57,15807.4,1007,1,15736.86,1504,1208,0.1701461609386261,0
2023-07-28 11:00:57,15807.4,1007,1,15736.86,1501,1205,0.1701461609386261,0
2023-07-28 11:00:57,15807.4,1007,1,15736.86,1474,1185,0.1701461609386261,0
2023-07-28 11:00:57,15807.4,1007,1,15736.86,1484,1200,0.1701461609386261,0
2023-07-28 11:01:13,15794.45,1008,1,15736.92,1484,1190,0.08808311497382193,0
2023-07-28 11:01:13,15794.45,1008,1,15736.92,1491,1195,0.08808311497382193,0
2023-07-28 11:01:13,15794.45,1008,1,15736.92,1490,1151,0.08808311497382193,0
2023-07-28 11:01:13,15794.45,1008,1,15736.92,1500,1177,0.08808311497382193,0
2023-07-28 11:01:13,15794.45,1008,1,15736.92,1500,1179,0.08808311497382193,0
2023-07-28 11:01:13,15794.45,1008,1,15736.92,1499,1183,0.08808311497382193,0
2023-07-28 11:01:13,15794.45,1008,1,15736.92,1503,1184,0.08808311497382193,0
2023-07-28 11:01:13,15794.45,1008,1,15736.92,1504,1184,0.08808311497382193,0
2023-07-28 11:01:13,15794.45,1008,1,15736.92,1501,1184,0.08808311497382193,0
2023-07-28 11:01:13,15793.4,1008,1,15736.92,1501,1184,0.08142935449018168,0
2023-07-28 11:01:37,15793.4,1009,1,15736.97,1497,1181,0.08142935449018168,0
2023-07-28 11:01:37,15793.4,1009,1,15736.97,1495,1181,0.08142935449018168,0
2023-07-28 11:01:37,15793.4,1009,1,15736.97,1496,1183,0.08142935449018168,0
2023-07-28 11:01:37,15793.4,1009,1,15736.97,1496,1184,0.08142935449018168,0
2023-07-28 11:01:37,15793.4,1009,1,15736.97,1493,1194,0.08142935449018168,0
2023-07-28 11:01:37,15793.4,1009,1,15736.97,1509,1196,0.08142935449018168,0
2023-07-28 11:01:37,15793.4,1009,1,15736.97,1506,1147,0.08142935449018168,0
2023-07-28 11:01:37,15793.4,1009,1,15736.97,1509,1188,0.08142935449018168,0
2023-07-28 11:01:37,15793.4,1009,1,15736.97,1504,1167,0.08142935449018168,0
2023-07-28 11:01:37,15793.4,1009,1,15736.97,1504,1192,0.08142935449018168,0
2023-07-28 11:01:37,15793.4,1009,1,15736.97,1504,1200,0.08142935449018168,0
2023-07-28 11:01:37,15793.4,1009,1,15736.97,1495,1190,0.08142935449018168,0
2023-07-28 11:01:37,15793.4,1009,1,15736.97,1498,1205,0.08142935449018168,0
2023-07-28 11:01:37,15793.4,1009,1,15736.97,1473,1207,0.08142935449018168,0
2023-07-28 11:01:37,15793.4,1009,1,15736.97,1495,1170,0.08142935449018168,0
2023-07-28 11:01:37,15793.4,1009,1,15736.97,1487,1197,0.08142935449018168,0
2023-07-28 11:01:37,15793.4,1009,1,15736.97,1494,1188,0.08142935449018168,0
2023-07-28 11:01:37,15793.4,1009,1,15736.97,1488,1202,0.08142935449018168,0
2023-07-28 11:01:37,15793.4,1009,1,15736.97,1496,1203,0.08142935449018168,0
2023-07-28 11:01:37,15785.25,1009,1,15736.97,1496,1203,0.029783499307696675,0
2023-07-28 11:02:00,15785.25,1010,1,15737.02,1489,1207,0.029783499307696675,0
2023-07-28 11:02:00,15785.25,1010,1,15737.02,1491,1207,0.029783499307696675,0
2023-07-28 11:02:00,15785.25,1010,1,15737.02,1497,1209,0.029783499307696675,0
2023-07-28 11:02:00,15785.25,1010,1,15737.02,1495,1204,0.029783499307696675,0
2023-07-28 11:02:00,15785.25,1010,1,15737.02,1495,1184,0.029783499307696675,0
2023-07-28 11:02:00,15806.7,1010,1,15737.02,1495,1184,0.16571032061621083,0
2023-07-28 11:02:04,15806.7,1011,1,15737.09,1500,1207,0.16571032061621083,0
2023-07-28 11:02:04,15806.7,1011,1,15737.09,1502,1204,0.16571032061621083,0
2023-07-28 11:02:04,15807.05,1011,1,15737.09,1502,1204,0.1679282407774127,0
2023-07-28 11:02:04,15793.1,1011,1,15737.09,1502,1204,0.07952828006629105,0
2023-07-28 11:02:10,15793.1,1014,1,15737.28,1501,1205,0.07952828006629105,0
2023-07-28 11:02:10,15793.1,1014,1,15737.28,1500,1195,0.07952828006629105,0
2023-07-28 11:02:10,15793.1,1014,1,15737.28,1489,1158,0.07952828006629105,0
2023-07-28 11:02:10,15793.1,1014,1,15737.28,1486,1188,0.07952828006629105,0
2023-07-28 11:02:10,15793.1,1014,1,15737.28,1472,1183,0.07952828006629105,0
2023-07-28 11:02:10,15793.1,1014,1,15737.28,1472,1183,0.07952828006629105,0
2023-07-28 11:02:10,15793.1,1014,1,15737.28,1473,1187,0.07952828006629105,0
2023-07-28 11:02:10,15793.1,1014,1,15737.28,1472,1188,0.07952828006629105,0
2023-07-28 11:02:10,15793.1,1014,1,15737.28,1472,1188,0.07952828006629105,0
2023-07-28 11:02:10,15793.1,1014,1,15737.28,1472,1189,0.07952828006629105,0
2023-07-28 11:02:10,15801.45,1014,1,15737.28,1472,1189,0.13244151819804414,0
2023-07-28 11:03:07,15801.45,1015,1,15737.34,1470,1189,0.13244151819804414,0
2023-07-28 11:03:07,15801.45,1015,1,15737.34,1471,1187,0.13244151819804414,0
2023-07-28 11:03:07,15801.45,1015,1,15737.34,1468,1216,0.13244151819804414,0
2023-07-28 11:03:07,15801.45,1015,1,15737.34,1480,1212,0.13244151819804414,0
2023-07-28 11:03:07,15801.45,1015,1,15737.34,1481,1206,0.13244151819804414,0
2023-07-28 11:03:07,15801.45,1015,1,15737.34,1483,1213,0.13244151819804414,0
2023-07-28 11:03:07,15801.45,1015,1,15737.34,1484,1214,0.13244151819804414,0
2023-07-28 11:03:07,15791.25,1015,1,15737.34,1484,1214,0.06780498778560144,0
2023-07-28 11:03:37,15791.25,1016,1,15737.4,1480,1216,0.06780498778560144,0
2023-07-28 11:03:37,15791.25,1016,1,15737.4,1478,1213,0.06780498778560144,0
2023-07-28 11:03:37,15791.25,1016,1,15737.4,1479,1213,0.06780498778560144,0
2023-07-28 11:03:37,15791.25,1016,1,15737.4,1479,1213,0.06780498778560144,0
2023-07-28 11:03:37,15791.25,1016,1,15737.4,1477,1213,0.06780498778560144,0
2023-07-28 11:03:37,15791.25,1016,1,15737.4,1477,1202,0.06780498778560144,0
2023-07-28 11:03:37,15791.1,1016,1,15737.4,1477,1202,0.06685445057365613,0
2023-07-28 11:04:04,15791.1,1017,1,15737.45,1488,1210,0.06685445057365613,0
2023-07-28 11:04:04,15791.1,1017,1,15737.45,1474,1198,0.06685445057365613,0
2023-07-28 11:04:04,15791.1,1017,1,15737.45,1490,1200,0.06685445057365613,0
2023-07-28 11:04:04,15821.95,1017,3,15737.45,1480,1203,0.2623482704975521,0
2023-07-28 11:04:09,15821.95,1027,3,15738.24,1480,1182,0.2623482704975521,0
2023-07-28 11:04:09,15821.95,1027,3,15738.24,1477,1181,0.2623482704975521,0
2023-07-28 11:04:09,15821.95,1027,3,15738.24,1464,1174,0.2623482704975521,0
2023-07-28 11:04:09,15821.95,1027,3,15738.24,1477,1189,0.2623482704975521,0
2023-07-28 11:04:09,15821.95,1027,3,15738.24,1471,1186,0.2623482704975521,0
2023-07-28 11:04:09,15821.95,1027,3,15738.24,1479,1192,0.2623482704975521,0
2023-07-28 11:04:09,15821.95,1027,3,15738.24,1479,1194,0.2623482704975521,0
2023-07-28 11:04:09,15821.95,1027,3,15738.24,1479,1196,0.2623482704975521,0
2023-07-28 11:04:20,15793.35,1028,1,15738.29,1477,1199,0.08111250875287042,0
2023-07-28 11:04:20,15793.35,1028,1,15738.29,1477,1191,0.08111250875287042,0
2023-07-28 11:04:20,15793.35,1028,1,15738.29,1478,1157,0.08111250875287042,0
2023-07-28 11:04:20,15793.35,1028,1,15738.29,1474,1201,0.08111250875287042,0
2023-07-28 11:04:20,15793.35,1028,1,15738.29,1474,1166,0.08111250875287042,0
2023-07-28 11:04:20,15793.35,1028,1,15738.29,1474,1197,0.08111250875287042,0
2023-07-28 11:04:20,15793.35,1028,1,15738.29,1477,1181,0.08111250875287042,0
2023-07-28 11:04:20,15793.35,1028,1,15738.29,1477,1198,0.08111250875287042,0
2023-07-28 11:04:20,15793.35,1028,1,15738.29,1474,1190,0.08111250875287042,0
2023-07-28 11:04:20,15793.35,1028,1,15738.29,1474,1197,0.08111250875287042,0
2023-07-28 11:04:20,15793.35,1028,1,15738.29,1475,1194,0.08111250875287042,0
2023-07-28 11:04:20,15793.35,1028,1,15738.29,1478,1146,0.08111250875287042,0
2023-07-28 11:04:20,15793.35,1028,1,15738.29,1478,1189,0.08111250875287042,0
2023-07-28 11:04:20,15793.35,1028,1,15738.29,1478,1168,0.08111250875287042,0
2023-07-28 11:04:20,15793.35,1028,1,15738.29,1475,1188,0.08111250875287042,0
2023-07-28 11:04:20,15793.35,1028,1,15738.29,1475,1177,0.08111250875287042,0
2023-07-28 11:04:20,15793.35,1028,1,15738.29,1480,1191,0.08111250875287042,0
2023-07-28 11:04:20,15793.35,1028,1,15738.29,1472,1191,0.08111250875287042,0
2023-07-28 11:04:20,15793.35,1028,1,15738.29,1479,1192,0.08111250875287042,0
2023-07-28 11:04:20,15793.35,1028,1,15738.29,1482,1195,0.08111250875287042,0
2023-07-28 11:04:20,15793.35,1028,1,15738.29,1482,1195,0.08111250875287042,0
2023-07-28 11:04:20,15793.35,1028,1,15738.29,1480,1195,0.08111250875287042,0
2023-07-28 11:04:20,15793.35,1028,1,15738.29,1477,1194,0.08111250875287042,0
2023-07-28 11:04:20,15793.35,1028,1,15738.29,1478,1137,0.08111250875287042,0
2023-07-28 11:04:20,15793.35,1028,1,15738.29,1479,1191,0.08111250875287042,0
2023-07-28 11:04:20,15793.35,1028,1,15738.29,1481,1192,0.08111250875287042,0
2023-07-28 11:04:20,15793.35,1028,1,15738.29,1479,1194,0.08111250875287042,0
2023-07-28 11:04:20,15793.35,1028,1,15738.29,1479,1163,0.08111250875287042,0
2023-07-28 11:04:20,15793.35,1028,1,15738.29,1479,1190,0.08111250875287042,0
2023-07-28 11:04:20,15793.35,1028,1,15738.29,1479,1199,0.08111250875287042,0
2023-07-28 11:04:20,15793.35,1028,1,15738.29,1480,1200,0.08111250875287042,0
2023-07-28 11:04:20,15793.35,1028,1,15738.29,1479,1201,0.08111250875287042,0
2023-07-28 11:05:01,15795.6,1029,1,15738.35,1481,1198,0.0953705669320847,0
2023-07-28 11:05:01,15795.6,1029,1,15738.35,1476,1198,0.0953705669320847,0
2023-07-28 11:05:01,15795.6,1029,1,15738.35,1486,1204,0.0953705669320847,0
2023-07-28 11:05:01,15795.6,1029,1,15738.35,1482,1188,0.0953705669320847,0
2023-07-28 11:05:01,15795.6,1029,1,15738.35,1486,1204,0.0953705669320847,0
2023-07-28 11:05:01,15795.6,1029,1,15738.35,1486,1188,0.0953705669320847,0
2023-07-28 11:05:01,15795.6,1029,1,15738.35,1486,1208,0.0953705669320847,0
2023-07-28 11:05:01,15795.6,1029,1,15738.35,1486,1196,0.0953705669320847,0
2023-07-28 11:05:01,15795.6,1029,1,15738.35,1486,1208,0.0953705669320847,0
2023-07-28 11:05:01,15795.6,1029,1,15738.35,1486,1190,0.0953705669320847,0
2023-07-28 11:05:01,15795.6,1029,1,15738.35,1486,1203,0.0953705669320847,0
2023-07-28 11:05:01,15795.6,1029,1,15738.35,1485,1208,0.0953705669320847,0
2023-07-28 11:05:01,15795.6,1029,1,15738.35,1486,1186,0.0953705669320847,0
2023-07-28 11:05:01,15795.6,1029,1,15738.35,1482,1204,0.0953705669320847,0
2023-07-28 11:05:01,15795.6,1029,1,15738.35,1486,1202,0.0953705669320847,0
2023-07-28 11:05:01,15795.6,1029,1,15738.35,1472,1204,0.0953705669320847,0
2023-07-28 11:05:01,15795.6,1029,1,15738.35,1482,1180,0.0953705669320847,0
2023-07-28 11:05:01,15795.6,1029,1,15738.35,1479,1204,0.0953705669320847,0
2023-07-28 11:05:01,15795.6,1029,1,15738.35,1483,1189,0.0953705669320847,0
2023-07-28 11:05:01,15795.6,1029,1,15738.35,1480,1146,0.0953705669320847,0
2023-07-28 11:05:01,15795.6,1029,1,15738.35,1474,1180,0.0953705669320847,0
2023-07-28 11:05:01,15795.6,1029,1,15738.35,1486,1154,0.0953705669320847,0
2023-07-28 11:05:01,15795.6,1029,1,15738.35,1476,1183,0.0953705669320847,0
2023-07-28 11:05:01,15795.6,1029,1,15738.35,1486,1186,0.0953705669320847,0
2023-07-28 11:05:01,15795.6,1029,1,15738.35,1467,1188,0.0953705669320847,0
2023-07-28 11:05:01,15795.6,1029,1,15738.35,1478,1183,0.0953705669320847,0
2023-07-28 11:05:01,15795.6,1029,1,15738.35,1478,1184,0.0953705669320847,0
2023-07-28 11:05:01,15795.6,1029,1,15738.35,1477,1189,0.0953705669320847,0
2023-07-28 11:05:01,15795.6,1029,1,15738.35,1479,1174,0.0953705669320847,0
2023-07-28 11:05:01,15795.6,1029,1,15738.35,1478,1184,0.0953705669320847,0
2023-07-28 11:05:01,15795.6,1029,1,15738.35,1478,1189,0.0953705669320847,0
2023-07-28 11:05:01,15795.6,1029,1,15738.35,1477,1154,0.0953705669320847,0
2023-07-28 11:05:01,15795.6,1029,1,15738.35,1477,1182,0.0953705669320847,0
2023-07-28 11:05:01,15795.6,1029,1,15738.35,1477,1178,0.0953705669320847,0
2023-07-28 11:05:01,15795.6,1029,1,15738.35,1461,1163,0.0953705669320847,0
2023-07-28 11:05:01,15795.6,1029,1,15738.35,1463,1151,0.0953705669320847,0
2023-07-28 11:05:01,15795.6,1029,1,15738.35,1463,1174,0.0953705669320847,0
2023-07-28 11:05:01,15795.6,1029,1,15738.35,1456,1167,0.0953705669320847,0
2023-07-28 11:05:01,15795.6,1029,1,15738.35,1444,1169,0.0953705669320847,0
2023-07-28 11:05:01,15795.6,1029,1,15738.35,1451,1179,0.0953705669320847,0
2023-07-28 11:05:01,15795.6,1029,1,15738.35,1450,1182,0.0953705669320847,0
2023-07-28 11:05:01,15795.6,1029,1,15738.35,1450,1175,0.0953705669320847,0
2023-07-28 11:05:47,15795.8,1030,1,15738.4,1467,1179,0.09663794988134128,0
2023-07-28 11:05:47,15795.8,1030,1,15738.4,1438,1142,0.09663794988134128,0
2023-07-28 11:05:47,15795.8,1030,1,15738.4,1447,1148,0.09663794988134128,0
2023-07-28 11:05:47,15795.8,1030,1,15738.4,1455,1147,0.09663794988134128,0
2023-07-28 11:05:47,15795.8,1030,1,15738.4,1455,1167,0.09663794988134128,0
2023-07-28 11:05:47,15795.8,1030,1,15738.4,1455,1167,0.09663794988134128,0
2023-07-28 11:05:47,15795.8,1030,1,15738.4,1455,1168,0.09663794988134128,0
2023-07-28 11:05:47,15795.8,1030,1,15738.4,1455,1168,0.09663794988134128,0
2023-07-28 11:05:47,15795.8,1030,1,15738.4,1456,1168,0.09663794988134128,0
2023-07-28 11:05:47,15795.8,1030,1,15738.4,1458,1168,0.09663794988134128,0
2023-07-28 11:05:47,15795.8,1030,1,15738.4,1459,1167,0.09663794988134128,0
2023-07-28 11:05:58,15795.8,1031,1,15738.46,1458,1166,0.09663794988134128,0
2023-07-28 11:05:58,15795.8,1031,1,15738.46,1462,1157,0.09663794988134128,0
2023-07-28 11:05:58,15795.8,1031,1,15738.46,1458,1166,0.09663794988134128,0
2023-07-28 11:05:58,15786.15,1031,1,15738.46,1458,1143,0.035486722579380084,0
2023-07-28 11:06:02,15786.15,1033,1,15738.56,1449,1151,0.035486722579380084,0
2023-07-28 11:06:02,15786.15,1033,1,15738.56,1463,1142,0.035486722579380084,0
2023-07-28 11:06:02,15816.25,1033,1,15738.56,1463,1142,0.22622785644353796,0
2023-07-28 11:06:04,15816.25,1034,1,15738.64,1459,1141,0.22622785644353796,0
2023-07-28 11:06:04,15816.25,1034,1,15738.64,1479,1158,0.22622785644353796,0
2023-07-28 11:06:04,15816.25,1034,1,15738.64,1447,1153,0.22622785644353796,0
2023-07-28 11:06:04,15816.25,1034,1,15738.64,1447,1163,0.22622785644353796,0
2023-07-28 11:06:04,15816.25,1034,1,15738.64,1463,1159,0.22622785644353796,0
2023-07-28 11:06:04,15816.25,1034,1,15738.64,1452,1159,0.22622785644353796,0
2023-07-28 11:06:04,15816.25,1034,1,15738.64,1459,1158,0.22622785644353796,0
2023-07-28 11:06:04,15816.25,1034,1,15738.64,1460,1156,0.22622785644353796,0
2023-07-28 11:06:04,15816.25,1034,1,15738.64,1459,1159,0.22622785644353796,0
2023-07-28 11:06:04,15816.25,1034,1,15738.64,1461,1154,0.22622785644353796,0
2023-07-28 11:06:04,15816.25,1034,1,15738.64,1458,1146,0.22622785644353796,0
2023-07-28 11:06:04,15816.25,1034,1,15738.64,1456,1156,0.22622785644353796,0
2023-07-28 11:06:04,15816.25,1034,1,15738.64,1457,1143,0.22622785644353796,0
2023-07-28 11:06:04,15816.25,1034,1,15738.64,1461,1157,0.22622785644353796,0
2023-07-28 11:06:04,15816.25,1034,1,15738.64,1459,1149,0.22622785644353796,0
2023-07-28 11:06:04,15816.25,1034,1,15738.64,1455,1154,0.22622785644353796,0
2023-07-28 11:06:22,15811.5,1035,1,15738.71,1448,1137,0.19612751139853002,0
2023-07-28 11:06:22,15811.5,1035,1,15738.71,1460,1147,0.19612751139853002,0
2023-07-28 11:06:22,15811.5,1035,1,15738.71,1459,1146,0.19612751139853002,0
2023-07-28 11:06:22,15811.5,1035,1,15738.71,1457,1151,0.19612751139853002,0
2023-07-28 11:06:22,15811.5,1035,1,15738.71,1455,1155,0.19612751139853002,0
2023-07-28 11:06:22,15811.5,1035,1,15738.71,1456,1155,0.19612751139853002,0
2023-07-28 11:06:22,15811.5,1035,1,15738.71,1455,1155,0.19612751139853002,0
2023-07-28 11:06:22,15811.5,1035,1,15738.71,1447,1147,0.19612751139853002,0
2023-07-28 11:06:22,15811.5,1035,1,15738.71,1445,1148,0.19612751139853002,0
2023-07-28 11:06:22,15811.5,1035,1,15738.71,1452,1153,0.19612751139853002,0
2023-07-28 11:06:22,15811.5,1035,1,15738.71,1461,1134,0.19612751139853002,0
2023-07-28 11:06:22,15811.5,1035,1,15738.71,1459,1158,0.19612751139853002,0
2023-07-28 11:06:22,15811.5,1035,1,15738.71,1459,1159,0.19612751139853002,0
2023-07-28 11:06:22,15811.5,1035,1,15738.71,1459,1163,0.19612751139853002,0
2023-07-28 11:06:22,15811.5,1035,1,15738.71,1453,1157,0.19612751139853002,0
2023-07-28 11:06:22,15811.5,1035,1,15738.71,1451,1159,0.19612751139853002,0
2023-07-28 11:06:22,15811.5,1035,1,15738.71,1450,1157,0.19612751139853002,0
2023-07-28 11:06:22,15811.5,1035,1,15738.71,1449,1157,0.19612751139853002,0
2023-07-28 11:06:22,15811.5,1035,1,15738.71,1450,1157,0.19612751139853002,0
2023-07-28 11:06:22,15811.5,1035,1,15738.71,1449,1157,0.19612751139853002,0
2023-07-28 11:06:22,15811.5,1035,1,15738.71,1450,1157,0.19612751139853002,0
2023-07-28 11:06:22,15811.5,1035,1,15738.71,1448,1157,0.19612751139853002,0
2023-07-28 11:06:22,15811.5,1035,1,15738.71,1446,1160,0.19612751139853002,0
2023-07-28 11:06:22,15811.5,1035,1,15738.71,1458,1162,0.19612751139853002,0
2023-07-28 11:06:22,15811.5,1035,1,15738.71,1456,1161,0.19612751139853002,0
2023-07-28 11:06:22,15793.25,1035,1,15738.71,1456,1161,0.08047881727823636,0
2023-07-28 11:06:55,15793.25,1036,1,15738.76,1457,1151,0.08047881727823636,0
2023-07-28 11:06:55,15793.25,1036,1,15738.76,1455,1164,0.08047881727823636,0
2023-07-28 11:06:55,15793.25,1036,1,15738.76,1461,1159,0.08047881727823636,0
2023-07-28 11:06:55,15793.25,1036,1,15738.76,1450,1152,0.08047881727823636,0
2023-07-28 11:06:55,15793.25,1036,1,15738.76,1455,1153,0.08047881727823636,0
2023-07-28 11:06:55,15793.25,1036,1,15738.76,1461,1154,0.08047881727823636,0
2023-07-28 11:06:55,15793.25,1036,1,15738.76,1444,1123,0.08047881727823636,0
2023-07-28 11:06:55,15793.25,1036,1,15738.76,1452,1158,0.08047881727823636,0
2023-07-28 11:06:55,15793.25,1036,1,15738.76,1455,1143,0.08047881727823636,0
2023-07-28 11:06:55,15793.25,1036,1,15738.76,1456,1161,0.08047881727823636,0
2023-07-28 11:06:55,15793.25,1036,1,15738.76,1459,1157,0.08047881727823636,0
2023-07-28 11:06:55,15793.25,1036,1,15738.76,1460,1159,0.08047881727823636,0
2023-07-28 11:06:55,15793.25,1036,1,15738.76,1457,1153,0.08047881727823636,0
2023-07-28 11:06:55,15793.25,1036,1,15738.76,1466,1159,0.08047881727823636,0
2023-07-28 11:06:55,15793.25,1036,1,15738.76,1459,1160,0.08047881727823636,0
2023-07-28 11:06:55,15793.25,1036,1,15738.76,1462,1153,0.08047881727823636,0
2023-07-28 11:06:55,15793.25,1036,1,15738.76,1467,1162,0.08047881727823636,0
2023-07-28 11:06:55,15793.25,1036,1,15738.76,1460,1163,0.08047881727823636,0
2023-07-28 11:06:55,15793.25,1036,1,15738.76,1458,1164,0.08047881727823636,0
2023-07-28 11:06:55,15793.25,1036,1,15738.76,1458,1159,0.08047881727823636,0
2023-07-28 11:06:55,15793.25,1036,1,15738.76,1458,1159,0.08047881727823636,0
2023-07-28 11:06:55,15793.25,1036,1,15738.76,1457,1160,0.08047881727823636,0
2023-07-28 11:06:55,15793.25,1036,1,15738.76,1434,1158,0.08047881727823636,0
2023-07-28 11:06:55,15793.25,1036,1,15738.76,1429,1132,0.08047881727823636,0
2023-07-28 11:06:55,15793.25,1036,1,15738.76,1431,1161,0.08047881727823636,0
2023-07-28 11:06:55,15793.25,1036,1,15738.76,1435,1152,0.08047881727823636,0
2023-07-28 11:06:55,15793.25,1036,1,15738.76,1432,1158,0.08047881727823636,0
2023-07-28 11:06:55,15793.25,1036,1,15738.76,1431,1158,0.08047881727823636,0
2023-07-28 11:06:55,15793.25,1036,1,15738.76,1442,1153,0.08047881727823636,0
2023-07-28 11:06:55,15793.25,1036,1,15738.76,1437,1151,0.08047881727823636,0
2023-07-28 11:06:55,15793.25,1036,1,15738.76,1453,1156,0.08047881727823636,0
2023-07-28 11:06:55,15793.25,1036,1,15738.76,1448,1155,0.08047881727823636,0
2023-07-28 11:06:55,15793.25,1036,1,15738.76,1449,1155,0.08047881727823636,0
2023-07-28 11:06:55,15793.25,1036,1,15738.76,1449,1146,0.08047881727823636,0
2023-07-28 11:06:55,15793.25,1036,1,15738.76,1447,1155,0.08047881727823636,0
2023-07-28 11:06:55,15793.25,1036,1,15738.76,1447,1148,0.08047881727823636,0
2023-07-28 11:06:55,15793.25,1036,1,15738.76,1449,1146,0.08047881727823636,0
2023-07-28 11:06:55,15793.25,1036,1,15738.76,1449,1144,0.08047881727823636,0
2023-07-28 11:06:55,15793.25,1036,1,15738.76,1442,1151,0.08047881727823636,0
2023-07-28 11:06:55,15793.25,1036,1,15738.76,1438,1148,0.08047881727823636,0
2023-07-28 11:06:55,15793.25,1036,1,15738.76,1438,1151,0.08047881727823636,0
2023-07-28 11:06:55,15793.25,1036,1,15738.76,1438,1156,0.08047881727823636,0
2023-07-28 11:06:55,15793.25,1036,1,15738.76,1440,1154,0.08047881727823636,0
2023-07-28 11:06:55,15793.25,1036,1,15738.76,1441,1155,0.08047881727823636,0
2023-07-28 11:06:55,15793.25,1036,1,15738.76,1439,1151,0.08047881727823636,0
2023-07-28 11:06:55,15793.25,1036,1,15738.76,1441,1158,0.08047881727823636,0
2023-07-28 11:06:55,15793.25,1036,1,15738.76,1441,1157,0.08047881727823636,0
2023-07-28 11:06:55,15793.25,1036,1,15738.76,1440,1157,0.08047881727823636,0
2023-07-28 11:06:55,15793.25,1036,1,15738.76,1441,1152,0.08047881727823636,0
2023-07-28 11:06:55,15793.25,1036,1,15738.76,1443,1157,0.08047881727823636,0
2023-07-28 11:06:55,15793.25,1036,1,15738.76,1444,1152,0.08047881727823636,0
2023-07-28 11:06:55,15793.25,1036,1,15738.76,1433,1155,0.08047881727823636,0
2023-07-28 11:07:52,15794.1,1037,1,15738.81,1410,1145,0.08586519481260851,0
2023-07-28 11:07:52,15794.1,1037,1,15738.81,1442,1160,0.08586519481260851,0
2023-07-28 11:07:52,15794.1,1037,1,15738.81,1453,1125,0.08586519481260851,0
2023-07-28 11:07:52,15794.1,1037,1,15738.81,1462,1142,0.08586519481260851,0
2023-07-28 11:07:52,15794.1,1037,1,15738.81,1452,1158,0.08586519481260851,0
2023-07-28 11:07:52,15794.1,1037,1,15738.81,1452,1164,0.08586519481260851,0
2023-07-28 11:07:52,15794.1,1037,1,15738.81,1452,1168,0.08586519481260851,0
2023-07-28 11:07:52,15794.1,1037,1,15738.81,1449,1159,0.08586519481260851,0
2023-07-28 11:07:52,15794.1,1037,1,15738.81,1448,1157,0.08586519481260851,0
2023-07-28 11:07:52,15794.1,1037,1,15738.81,1448,1158,0.08586519481260851,0
2023-07-28 11:07:52,15794.1,1037,1,15738.81,1447,1158,0.08586519481260851,0
2023-07-28 11:07:52,15794.1,1037,1,15738.81,1452,1153,0.08586519481260851,0
2023-07-28 11:07:52,15794.1,1037,1,15738.81,1451,1161,0.08586519481260851,0
2023-07-28 11:07:52,15794.1,1037,1,15738.81,1451,1161,0.08586519481260851,0
2023-07-28 11:07:52,15794.1,1037,1,15738.81,1451,1161,0.08586519481260851,0
2023-07-28 11:07:52,15794.1,1037,1,15738.81,1451,1160,0.08586519481260851,0
2023-07-28 11:07:52,15794.1,1037,1,15738.81,1450,1161,0.08586519481260851,0
2023-07-28 11:07:52,15794.1,1037,1,15738.81,1450,1155,0.08586519481260851,0
2023-07-28 11:07:52,15794.1,1037,1,15738.81,1451,1163,0.08586519481260851,0
2023-07-28 11:07:52,15794.1,1037,1,15738.81,1450,1157,0.08586519481260851,0
2023-07-28 11:07:52,15794.1,1037,1,15738.81,1452,1166,0.08586519481260851,0
2023-07-28 11:07:52,15794.1,1037,1,15738.81,1453,1166,0.08586519481260851,0
2023-07-28 11:07:52,15794.1,1037,1,15738.81,1455,1160,0.08586519481260851,0
2023-07-28 11:07:52,15794.1,1037,1,15738.81,1455,1147,0.08586519481260851,0
2023-07-28 11:07:52,15794.1,1037,1,15738.81,1456,1157,0.08586519481260851,0
2023-07-28 11:07:52,15794.1,1037,1,15738.81,1450,1162,0.08586519481260851,0
2023-07-28 11:07:52,15794.1,1037,1,15738.81,1444,1162,0.08586519481260851,0
2023-07-28 11:07:52,15794.1,1037,1,15738.81,1447,1162,0.08586519481260851,0
2023-07-28 11:07:52,15794.1,1037,1,15738.81,1447,1164,0.08586519481260851,0
2023-07-28 11:07:52,15794.1,1037,1,15738.81,1447,1158,0.08586519481260851,0
2023-07-28 11:07:52,15794.1,1037,1,15738.81,1447,1167,0.08586519481260851,0
2023-07-28 11:07:52,15794.1,1037,1,15738.81,1438,1167,0.08586519481260851,0
2023-07-28 11:07:52,15794.1,1037,1,15738.81,1457,1167,0.08586519481260851,0
2023-07-28 11:07:52,15794.1,1037,1,15738.81,1449,1167,0.08586519481260851,0
2023-07-28 11:07:52,15794.1,1037,1,15738.81,1445,1167,0.08586519481260851,0
2023-07-28 11:07:52,15794.1,1037,1,15738.81,1455,1167,0.08586519481260851,0
2023-07-28 11:07:52,15794.1,1037,1,15738.81,1457,1167,0.08586519481260851,0
2023-07-28 11:07:52,15794.1,1037,1,15738.81,1447,1167,0.08586519481260851,0
2023-07-28 11:07:52,15794.1,1037,1,15738.81,1451,1168,0.08586519481260851,0
2023-07-28 11:07:52,15794.1,1037,1,15738.81,1444,1168,0.08586519481260851,0
2023-07-28 11:07:52,15794.1,1037,1,15738.81,1454,1168,0.08586519481260851,0
2023-07-28 11:08:49,15796.9,1038,1,15738.87,1453,1167,0.10360855610229279,0
2023-07-28 11:08:49,15796.9,1038,1,15738.87,1455,1167,0.10360855610229279,0
2023-07-28 11:08:49,15796.9,1038,1,15738.87,1435,1167,0.10360855610229279,0
2023-07-28 11:08:49,15796.9,1038,1,15738.87,1437,1167,0.10360855610229279,0
2023-07-28 11:08:49,15796.9,1038,1,15738.87,1435,1167,0.10360855610229279,0
2023-07-28 11:08:49,15796.9,1038,1,15738.87,1436,1167,0.10360855610229279,0
2023-07-28 11:08:49,15796.9,1038,1,15738.87,1438,1167,0.10360855610229279,0
2023-07-28 11:08:49,15796.9,1038,1,15738.87,1419,1167,0.10360855610229279,0
2023-07-28 11:08:49,15796.9,1038,1,15738.87,1417,1167,0.10360855610229279,0
2023-07-28 11:08:49,15796.9,1038,1,15738.87,1419,1161,0.10360855610229279,0
2023-07-28 11:08:49,15796.9,1038,1,15738.87,1413,1157,0.10360855610229279,0
2023-07-28 11:08:49,15796.9,1038,1,15738.87,1426,1159,0.10360855610229279,0
2023-07-28 11:08:49,15796.9,1038,1,15738.87,1428,1159,0.10360855610229279,0
2023-07-28 11:08:49,15796.9,1038,1,15738.87,1426,1156,0.10360855610229279,0
2023-07-28 11:08:49,15796.9,1038,1,15738.87,1422,1159,0.10360855610229279,0
2023-07-28 11:08:49,15801.0,1038,1,15738.87,1422,1159,0.12958990656219668,0
2023-07-28 11:09:46,15801.0,1039,1,15738.93,1421,1157,0.12958990656219668,0
2023-07-28 11:09:46,15801.0,1039,1,15738.93,1422,1157,0.12958990656219668,0
2023-07-28 11:09:46,15801.0,1039,1,15738.93,1424,1156,0.12958990656219668,0
2023-07-28 11:09:46,15801.0,1039,1,15738.93,1427,1156,0.12958990656219668,0
2023-07-28 11:09:46,15801.0,1039,1,15738.93,1394,1156,0.12958990656219668,0
2023-07-28 11:09:46,15801.0,1039,1,15738.93,1395,1157,0.12958990656219668,0
2023-07-28 11:09:46,15801.0,1039,1,15738.93,1395,1157,0.12958990656219668,0
2023-07-28 11:09:46,15801.0,1039,1,15738.93,1395,1147,0.12958990656219668,0
2023-07-28 11:09:46,15801.0,1039,1,15738.93,1394,1170,0.12958990656219668,0
2023-07-28 11:09:46,15801.0,1039,1,15738.93,1394,1157,0.12958990656219668,0
2023-07-28 11:09:46,15801.0,1039,1,15738.93,1394,1157,0.12958990656219668,0
2023-07-28 11:09:46,15801.0,1039,1,15738.93,1394,1166,0.12958990656219668,0
2023-07-28 11:09:46,15801.0,1039,1,15738.93,1388,1161,0.12958990656219668,0
2023-07-28 11:09:46,15801.05,1039,1,15738.93,1388,1161,0.12990675229950793,0
2023-07-28 11:10:43,15801.05,1040,1,15738.99,1387,1160,0.12990675229950793,0
2023-07-28 11:10:43,15801.05,1040,1,15738.99,1386,1163,0.12990675229950793,0
2023-07-28 11:10:43,15801.05,1040,1,15738.99,1389,1163,0.12990675229950793,0
2023-07-28 11:10:43,15801.05,1040,1,15738.99,1389,1164,0.12990675229950793,0
2023-07-28 11:10:43,15801.05,1040,1,15738.99,1393,1164,0.12990675229950793,0
2023-07-28 11:10:43,15819.75,1040,1,15738.99,1393,1164,0.24840705805564908,0
2023-07-28 11:11:08,15819.75,1042,1,15739.14,1391,1165,0.24840705805564908,0
2023-07-28 11:11:08,15819.75,1042,1,15739.14,1392,1186,0.24840705805564908,0
2023-07-28 11:11:08,15820.0,1042,1,15739.14,1392,1186,0.24999128674222842,0
2023-07-28 11:11:21,15820.0,1045,1,15739.38,1390,1187,0.24999128674222842,0
2023-07-28 11:11:21,15820.0,1045,1,15739.38,1392,1200,0.24999128674222842,0
2023-07-28 11:11:21,15819.55,1045,1,15739.38,1392,1200,0.24713967510638096,0
2023-07-28 11:11:29,15819.55,1046,1,15739.45,1396,1201,0.24713967510638096,0
2023-07-28 11:11:29,15819.55,1046,1,15739.45,1396,1201,0.24713967510638096,0
2023-07-28 11:11:33,15819.55,1047,1,15739.53,1390,1203,0.24713967510638096,0
2023-07-28 11:11:33,15819.55,1047,1,15739.53,1390,1209,0.24713967510638096,0
2023-07-28 11:11:33,15805.5,1047,1,15739.53,1390,1209,0.15810602292062526,0
2023-07-28 11:11:40,15805.5,1048,1,15739.59,1388,1209,0.15810602292062526,0
2023-07-28 11:11:40,15821.5,1048,1,15739.59,1388,1209,0.25949665886170464,0
2023-07-28 11:11:55,15821.5,1050,1,15739.75,1388,1206,0.25949665886170464,0
2023-07-28 11:11:55,15821.5,1050,1,15739.75,1384,1206,0.25949665886170464,0
2023-07-28 11:11:55,15821.5,1050,1,15739.75,1380,1207,0.25949665886170464,0
2023-07-28 11:11:55,15821.5,1050,1,15739.75,1383,1208,0.25949665886170464,0
2023-07-28 11:11:55,15821.5,1050,1,15739.75,1386,1206,0.25949665886170464,0
2023-07-28 11:11:55,15821.5,1050,1,15739.75,1384,1206,0.25949665886170464,0
2023-07-28 11:11:55,15821.5,1050,1,15739.75,1372,1201,0.25949665886170464,0
2023-07-28 11:11:55,15821.5,1050,1,15739.75,1375,1201,0.25949665886170464,0
2023-07-28 11:12:36,15848.15,1091,3,15743.5,1381,1166,0.42837543685106266,0
2023-07-28 11:12:36,15848.15,1091,3,15743.5,1397,1177,0.42837543685106266,0
2023-07-28 11:12:36,15848.15,1091,3,15743.5,1399,1178,0.42837543685106266,0
2023-07-28 11:12:36,15848.15,1091,1,15743.5,1399,1178,0.42837543685106266,0
2023-07-28 11:12:48,15848.15,1092,1,15743.59,1396,1147,0.42837543685106266,0
2023-07-28 11:12:48,15848.15,1092,1,15743.59,1406,1148,0.42837543685106266,0
2023-07-28 11:12:48,15848.15,1092,1,15743.59,1408,1151,0.42837543685106266,0
2023-07-28 11:12:48,15848.15,1092,1,15743.59,1384,1137,0.42837543685106266,0
2023-07-28 11:12:48,15848.15,1092,1,15743.59,1393,1139,0.42837543685106266,0
2023-07-28 11:12:48,15848.15,1092,1,15743.59,1389,1145,0.42837543685106266,0
2023-07-28 11:12:48,15848.15,1092,1,15743.59,1392,1147,0.42837543685106266,0
2023-07-28 11:12:48,15848.15,1092,1,15743.59,1391,1142,0.42837543685106266,0
2023-07-28 11:12:48,15848.15,1092,1,15743.59,1389,1138,0.42837543685106266,0
2023-07-28 11:12:48,15848.15,1092,1,15743.59,1390,1142,0.42837543685106266,0
2023-07-28 11:12:48,15848.15,1092,1,15743.59,1390,1142,0.42837543685106266,0
2023-07-28 11:12:48,15848.15,1092,1,15743.59,1379,1138,0.42837543685106266,0
2023-07-28 11:12:48,15848.15,1092,1,15743.59,1390,1140,0.42837543685106266,0
2023-07-28 11:12:48,15848.15,1092,1,15743.59,1397,1141,0.42837543685106266,0
2023-07-28 11:12:48,15848.15,1092,1,15743.59,1397,1141,0.42837543685106266,0
2023-07-28 11:12:48,15848.15,1092,1,15743.59,1400,1153,0.42837543685106266,0
2023-07-28 11:12:48,15848.15,1092,1,15743.59,1394,1161,0.42837543685106266,0
2023-07-28 11:12:48,15848.15,1092,1,15743.59,1401,1160,0.42837543685106266,0
2023-07-28 11:12:48,15848.15,1092,1,15743.59,1400,1137,0.42837543685106266,0
2023-07-28 11:12:48,15848.15,1092,1,15743.59,1400,1136,0.42837543685106266,0
2023-07-28 11:12:48,15848.15,1092,1,15743.59,1400,1140,0.42837543685106266,0
2023-07-28 11:12:48,15848.15,1092,1,15743.59,1401,1136,0.42837543685106266,0
2023-07-28 11:12:48,15848.15,1092,1,15743.59,1398,1140,0.42837543685106266,0
2023-07-28 11:12:48,15848.15,1092,1,15743.59,1401,1142,0.42837543685106266,0
2023-07-28 11:12:48,15848.15,1092,1,15743.59,1401,1144,0.42837543685106266,0
2023-07-28 11:12:48,15848.15,1092,1,15743.59,1401,1134,0.42837543685106266,0
2023-07-28 11:12:48,15848.15,1092,1,15743.59,1400,1133,0.42837543685106266,0
2023-07-28 11:12:48,15848.15,1092,1,15743.59,1400,1133,0.42837543685106266,0
2023-07-28 11:12:48,15848.15,1092,1,15743.59,1396,1133,0.42837543685106266,0
2023-07-28 11:12:48,15848.15,1092,1,15743.59,1401,1134,0.42837543685106266,0
2023-07-28 11:13:34,15838.5,1093,1,15743.68,1398,1132,0.36722420954910145,0
2023-07-28 11:13:34,15838.5,1093,1,15743.68,1397,1132,0.36722420954910145,0
2023-07-28 11:13:34,15838.5,1093,1,15743.68,1399,1132,0.36722420954910145,0
2023-07-28 11:13:34,15838.5,1093,1,15743.68,1402,1136,0.36722420954910145,0
2023-07-28 11:13:34,15838.5,1093,1,15743.68,1395,1137,0.36722420954910145,0
2023-07-28 11:13:34,15838.5,1093,1,15743.68,1394,1137,0.36722420954910145,0
2023-07-28 11:13:34,15838.5,1093,1,15743.68,1394,1139,0.36722420954910145,0
2023-07-28 11:13:34,15838.5,1093,1,15743.68,1391,1139,0.36722420954910145,0
2023-07-28 11:13:34,15838.5,1093,1,15743.68,1392,1139,0.36722420954910145,0
2023-07-28 11:13:34,15838.5,1093,1,15743.68,1393,1139,0.36722420954910145,0
2023-07-28 11:13:34,15838.5,1093,1,15743.68,1394,1139,0.36722420954910145,0
2023-07-28 11:13:34,15838.5,1093,1,15743.68,1360,1115,0.36722420954910145,0
2023-07-28 11:13:34,15838.5,1093,1,15743.68,1362,1115,0.36722420954910145,0
2023-07-28 11:13:34,15838.5,1093,1,15743.68,1362,1115,0.36722420954910145,0
2023-07-28 11:13:34,15838.5,1093,1,15743.68,1361,1115,0.36722420954910145,0
2023-07-28 11:13:34,15838.5,1093,1,15743.68,1351,1114,0.36722420954910145,0
2023-07-28 11:13:34,15838.5,1093,1,15743.68,1362,1114,0.36722420954910145,0
2023-07-28 11:13:34,15838.5,1093,1,15743.68,1362,1114,0.36722420954910145,0
2023-07-28 11:13:34,15838.5,1093,1,15743.68,1365,1114,0.36722420954910145,0
2023-07-28 11:13:34,15838.5,1093,1,15743.68,1367,1114,0.36722420954910145,0
2023-07-28 11:13:34,15838.5,1093,1,15743.68,1360,1114,0.36722420954910145,0
2023-07-28 11:13:34,15838.5,1093,1,15743.68,1368,1114,0.36722420954910145,0
2023-07-28 11:13:34,15838.5,1093,1,15743.68,1369,1114,0.36722420954910145,0
2023-07-28 11:13:34,15838.5,1093,1,15743.68,1370,1115,0.36722420954910145,0
2023-07-28 11:13:34,15838.5,1093,1,15743.68,1370,1113,0.36722420954910145,0
2023-07-28 11:14:31,15838.55,1094,1,15743.77,1368,1113,0.36754105528641273,0
2023-07-28 11:14:31,15838.55,1094,1,15743.77,1368,1113,0.36754105528641273,0
2023-07-28 11:14:31,15838.55,1094,1,15743.77,1365,1113,0.36754105528641273,0
2023-07-28 11:14:31,15838.55,1094,1,15743.77,1358,1119,0.36754105528641273,0
2023-07-28 11:14:31,15838.55,1094,1,15743.77,1364,1119,0.36754105528641273,0
2023-07-28 11:14:31,15838.55,1094,1,15743.77,1364,1119,0.36754105528641273,0
2023-07-28 11:14:31,15838.55,1094,1,15743.77,1364,1117,0.36754105528641273,0
2023-07-28 11:14:31,15838.55,1094,1,15743.77,1364,1115,0.36754105528641273,0
2023-07-28 11:14:31,15838.55,1094,1,15743.77,1364,1114,0.36754105528641273,0
2023-07-28 11:14:31,15838.55,1094,1,15743.77,1364,1115,0.36754105528641273,0
2023-07-28 11:14:51,15847.0,1098,4,15744.14,1360,1127,0.42108798489279986,0
2023-07-28 11:14:51,15847.0,1098,4,15744.14,1360,1126,0.42108798489279986,0
2023-07-28 11:14:51,15847.0,1098,4,15744.14,1360,1125,0.42108798489279986,0
2023-07-28 11:14:51,15847.0,1098,4,15744.14,1360,1126,0.42108798489279986,0
2023-07-28 11:14:51,15847.0,1098,4,15744.14,1360,1128,0.42108798489279986,0
2023-07-28 11:14:51,15847.0,1098,4,15744.14,1349,1131,0.42108798489279986,0
2023-07-28 11:14:51,15847.0,1098,4,15744.14,1350,1130,0.42108798489279986,0
2023-07-28 11:14:51,15847.0,1098,4,15744.14,1350,1129,0.42108798489279986,0
2023-07-28 11:14:51,15847.0,1098,4,15744.14,1350,1129,0.42108798489279986,0
2023-07-28 11:14:51,15847.0,1098,4,15744.14,1347,1131,0.42108798489279986,0
2023-07-28 11:14:51,15847.0,1098,4,15744.14,1352,1128,0.42108798489279986,0
2023-07-28 11:14:51,15847.0,1098,4,15744.14,1353,1128,0.42108798489279986,0
2023-07-28 11:14:51,15840.0,1098,4,15744.14,1353,1128,0.3767295816685777,0
2023-07-28 11:15:23,15840.0,1102,4,15744.49,1353,1129,0.3767295816685777,0
2023-07-28 11:15:23,15840.0,1102,1,15744.49,1353,1129,0.3767295816685777,0
2023-07-28 11:15:28,15840.0,1103,1,15744.58,1353,1127,0.3767295816685777,0
2023-07-28 11:15:28,15840.0,1103,1,15744.58,1353,1130,0.3767295816685777,0
2023-07-28 11:15:28,15840.0,1103,1,15744.58,1336,1130,0.3767295816685777,0
2023-07-28 11:15:28,15847.95,1103,1,15744.58,1336,1130,0.42710805390180606,0
2023-07-28 11:15:41,15847.95,1104,1,15744.67,1331,1129,0.42710805390180606,0
2023-07-28 11:15:41,15847.95,1104,1,15744.67,1332,1130,0.42710805390180606,0
2023-07-28 11:15:41,15847.95,1104,1,15744.67,1333,1129,0.42710805390180606,0
2023-07-28 11:15:41,15847.95,1104,1,15744.67,1332,1129,0.42710805390180606,0
2023-07-28 11:15:41,15847.95,1104,1,15744.67,1332,1129,0.42710805390180606,0
2023-07-28 11:15:41,15847.95,1104,1,15744.67,1332,1131,0.42710805390180606,0
2023-07-28 11:15:41,15847.95,1104,1,15744.67,1333,1129,0.42710805390180606,0
2023-07-28 11:15:41,15847.95,1104,1,15744.67,1333,1130,0.42710805390180606,0
2023-07-28 11:15:41,15847.95,1104,1,15744.67,1332,1127,0.42710805390180606,0
2023-07-28 11:15:41,15847.95,1104,1,15744.67,1334,1127,0.42710805390180606,0
2023-07-28 11:16:25,15840.0,1105,1,15744.76,1336,1127,0.3767295816685777,0
2023-07-28 11:16:25,15840.0,1105,2,15744.76,1336,1127,0.3767295816685777,0
2023-07-28 11:16:28,15840.0,1107,2,15744.93,1333,1137,0.3767295816685777,0
2023-07-28 11:16:28,15840.0,1107,2,15744.93,1341,1136,0.3767295816685777,0
2023-07-28 11:16:28,15840.0,1107,2,15744.93,1341,1138,0.3767295816685777,0
2023-07-28 11:16:28,15840.0,1107,2,15744.93,1338,1140,0.3767295816685777,0
2023-07-28 11:16:28,15840.0,1107,2,15744.93,1338,1140,0.3767295816685777,0
2023-07-28 11:16:28,15840.0,1107,2,15744.93,1340,1134,0.3767295816685777,0
2023-07-28 11:16:28,15840.0,1107,2,15744.93,1338,1134,0.3767295816685777,0
2023-07-28 11:16:28,15840.0,1107,2,15744.93,1339,1135,0.3767295816685777,0
2023-07-28 11:16:28,15840.0,1107,2,15744.93,1335,1156,0.3767295816685777,0
2023-07-28 11:16:28,15833.45,1107,1,15744.93,1335,1162,0.3352227900802029,0
2023-07-28 11:17:22,15833.45,1108,1,15745.01,1328,1175,0.3352227900802029,0
2023-07-28 11:17:22,15833.45,1108,1,15745.01,1316,1180,0.3352227900802029,0
2023-07-28 11:17:22,15833.45,1108,1,15745.01,1314,1181,0.3352227900802029,0
2023-07-28 11:17:22,15833.45,1108,1,15745.01,1311,1185,0.3352227900802029,0
2023-07-28 11:17:22,15833.45,1108,1,15745.01,1316,1177,0.3352227900802029,0
2023-07-28 11:17:22,15833.45,1108,1,15745.01,1315,1208,0.3352227900802029,0
2023-07-28 11:17:22,15833.45,1108,1,15745.01,1318,1204,0.3352227900802029,0
2023-07-28 11:17:22,15833.45,1108,1,15745.01,1317,1204,0.3352227900802029,0
2023-07-28 11:17:22,15833.45,1108,1,15745.01,1317,1200,0.3352227900802029,0
2023-07-28 11:17:22,15833.45,1108,1,15745.01,1318,1201,0.3352227900802029,0
2023-07-28 11:17:22,15833.45,1108,1,15745.01,1318,1180,0.3352227900802029,0
2023-07-28 11:17:22,15833.45,1108,1,15745.01,1318,1200,0.3352227900802029,0
2023-07-28 11:18:19,15814.45,1109,1,15745.07,1317,1193,0.21482140990017115,0
2023-07-28 11:18:19,15814.45,1109,1,15745.07,1324,1193,0.21482140990017115,0
2023-07-28 11:18:19,15814.45,1109,1,15745.07,1345,1193,0.21482140990017115,0
2023-07-28 11:18:19,15814.45,1109,1,15745.07,1339,1185,0.21482140990017115,0
2023-07-28 11:18:19,15814.45,1109,1,15745.07,1334,1198,0.21482140990017115,0
2023-07-28 11:18:19,15814.45,1109,1,15745.07,1335,1190,0.21482140990017115,0
2023-07-28 11:18:19,15814.45,1109,1,15745.07,1335,1185,0.21482140990017115,0
2023-07-28 11:18:19,15814.45,1109,1,15745.07,1340,1185,0.21482140990017115,0
2023-07-28 11:18:19,15814.45,1109,1,15745.07,1329,1162,0.21482140990017115,0
2023-07-28 11:18:19,15814.45,1109,1,15745.07,1329,1162,0.21482140990017115,0
2023-07-28 11:18:19,15814.45,1109,1,15745.07,1328,1171,0.21482140990017115,0
2023-07-28 11:18:19,15814.45,1109,1,15745.07,1329,1168,0.21482140990017115,0
2023-07-28 11:18:19,15819.95,1109,1,15745.07,1329,1168,0.24967444100491717,0
2023-07-28 11:18:19,15819.95,1109,1,15745.07,1329,1168,0.24967444100491717,0
2023-07-28 11:19:16,15819.95,1111,1,15745.21,1329,1164,0.24967444100491717,0
2023-07-28 11:19:16,15819.95,1111,1,15745.21,1322,1173,0.24967444100491717,0
2023-07-28 11:19:16,15819.95,1111,1,15745.21,1325,1173,0.24967444100491717,0
2023-07-28 11:19:16,15819.95,1111,1,15745.21,1319,1174,0.24967444100491717,0
2023-07-28 11:19:16,15819.95,1111,1,15745.21,1322,1175,0.24967444100491717,0
2023-07-28 11:19:16,15819.95,1111,1,15745.21,1326,1175,0.24967444100491717,0
2023-07-28 11:19:16,15819.95,1111,1,15745.21,1327,1175,0.24967444100491717,0
2023-07-28 11:19:16,15819.95,1111,1,15745.21,1327,1174,0.24967444100491717,0
2023-07-28 11:19:16,15819.95,1111,1,15745.21,1329,1174,0.24967444100491717,0
2023-07-28 11:19:16,15819.95,1111,1,15745.21,1322,1174,0.24967444100491717,0
2023-07-28 11:19:16,15819.95,1111,1,15745.21,1323,1174,0.24967444100491717,0
2023-07-28 11:19:16,15819.95,1111,1,15745.21,1323,1174,0.24967444100491717,0
2023-07-28 11:20:13,15819.95,1112,1,15745.27,1328,1168,0.24967444100491717,0
2023-07-28 11:20:13,15819.95,1112,1,15745.27,1332,1168,0.24967444100491717,0
2023-07-28 11:20:13,15819.95,1112,1,15745.27,1335,1170,0.24967444100491717,0
2023-07-28 11:20:13,15819.95,1112,1,15745.27,1327,1166,0.24967444100491717,0
2023-07-28 11:20:13,15819.95,1112,1,15745.27,1325,1166,0.24967444100491717,0
2023-07-28 11:20:13,15819.95,1112,1,15745.27,1327,1166,0.24967444100491717,0
2023-07-28 11:20:13,15819.95,1112,1,15745.27,1324,1163,0.24967444100491717,0
2023-07-28 11:20:13,15819.95,1112,1,15745.27,1323,1164,0.24967444100491717,0
2023-07-28 11:20:13,15819.95,1112,1,15745.27,1322,1164,0.24967444100491717,0
2023-07-28 11:20:13,15819.95,1112,1,15745.27,1322,1173,0.24967444100491717,0
2023-07-28 11:20:13,15819.95,1112,1,15745.27,1322,1165,0.24967444100491717,0
2023-07-28 11:20:13,15819.95,1112,1,15745.27,1323,1176,0.24967444100491717,0
2023-07-28 11:20:13,15815.1,1112,1,15745.27,1323,1176,0.2189404044852752,0
2023-07-28 11:21:06,15815.1,1113,1,15745.34,1323,1161,0.2189404044852752,0
2023-07-28 11:21:06,15811.05,1113,1,15745.34,1323,1161,0.19327589976268256,0
2023-07-28 11:21:10,15811.05,1114,1,15745.4,1324,1165,0.19327589976268256,0
2023-07-28 11:21:10,15811.05,1114,1,15745.4,1337,1184,0.19327589976268256,0
2023-07-28 11:21:10,15811.05,1114,1,15745.4,1337,1189,0.19327589976268256,0
2023-07-28 11:21:10,15811.05,1114,1,15745.4,1337,1188,0.19327589976268256,0
2023-07-28 11:21:10,15811.05,1114,1,15745.4,1337,1193,0.19327589976268256,0
2023-07-28 11:21:10,15811.05,1114,1,15745.4,1339,1190,0.19327589976268256,0
2023-07-28 11:21:10,15811.05,1114,1,15745.4,1338,1190,0.19327589976268256,0
2023-07-28 11:21:10,15811.05,1114,1,15745.4,1339,1190,0.19327589976268256,0
2023-07-28 11:21:10,15811.05,1114,1,15745.4,1339,1195,0.19327589976268256,0
2023-07-28 11:21:10,15811.05,1114,1,15745.4,1338,1195,0.19327589976268256,0
2023-07-28 11:21:10,15811.05,1114,1,15745.4,1339,1193,0.19327589976268256,0
2023-07-28 11:21:10,15811.05,1114,1,15745.4,1333,1202,0.19327589976268256,0
2023-07-28 11:21:10,15811.05,1114,1,15745.4,1337,1203,0.19327589976268256,0
2023-07-28 11:22:07,15819.85,1116,1,15745.52,1337,1192,0.24904074953028313,0
2023-07-28 11:22:07,15819.85,1116,1,15745.52,1337,1189,0.24904074953028313,0
2023-07-28 11:22:07,15819.85,1116,1,15745.52,1342,1170,0.24904074953028313,0
2023-07-28 11:22:07,15820.0,1116,3,15745.52,1342,1170,0.24999128674222842,0
2023-07-28 11:22:21,15820.0,1122,3,15745.91,1341,1159,0.24999128674222842,0
2023-07-28 11:22:21,15825.0,1122,4,15745.91,1341,1159,0.28167586047381576,0
2023-07-28 11:22:35,15825.0,1132,4,15746.59,1320,1178,0.28167586047381576,0
2023-07-28 11:22:35,15825.0,1132,4,15746.59,1321,1175,0.28167586047381576,0
2023-07-28 11:22:35,15820.0,1132,10,15746.59,1321,1175,0.24999128674222842,0
2023-07-28 11:22:47,15820.0,1142,10,15747.23,1321,1169,0.24999128674222842,0
2023-07-28 11:22:47,15820.0,1142,10,15747.23,1324,1169,0.24999128674222842,0
2023-07-28 11:22:47,15820.0,1142,10,15747.23,1328,1154,0.24999128674222842,0
2023-07-28 11:22:47,15801.75,1142,1,15747.23,1328,1154,0.13434259262193476,0
2023-07-28 11:23:04,15801.75,1143,1,15747.28,1333,1154,0.13434259262193476,0
2023-07-28 11:23:04,15801.75,1143,1,15747.28,1338,1153,0.13434259262193476,0
2023-07-28 11:23:04,15801.75,1143,1,15747.28,1335,1153,0.13434259262193476,0
2023-07-28 11:23:04,15801.75,1143,1,15747.28,1339,1153,0.13434259262193476,0
2023-07-28 11:23:04,15801.75,1143,1,15747.28,1340,1153,0.13434259262193476,0
2023-07-28 11:23:04,15801.75,1143,1,15747.28,1340,1153,0.13434259262193476,0
2023-07-28 11:23:04,15801.75,1143,1,15747.28,1335,1153,0.13434259262193476,0
2023-07-28 11:23:04,15801.75,1143,1,15747.28,1321,1153,0.13434259262193476,0
2023-07-28 11:23:04,15801.75,1143,1,15747.28,1329,1153,0.13434259262193476,0
2023-07-28 11:23:04,15801.75,1143,1,15747.28,1329,1155,0.13434259262193476,0
2023-07-28 11:23:04,15801.75,1143,1,15747.28,1329,1156,0.13434259262193476,0
2023-07-28 11:23:04,15801.75,1143,1,15747.28,1329,1184,0.13434259262193476,0
2023-07-28 11:23:04,15801.75,1143,1,15747.28,1329,1210,0.13434259262193476,0
2023-07-28 11:23:04,15803.5,1143,1,15747.28,1329,1210,0.14543219342799033,0
2023-07-28 11:24:01,15803.5,1144,1,15747.33,1323,1220,0.14543219342799033,0
2023-07-28 11:24:01,15803.5,1144,1,15747.33,1323,1218,0.14543219342799033,0
2023-07-28 11:24:01,15803.5,1144,1,15747.33,1323,1218,0.14543219342799033,0
2023-07-28 11:24:01,15803.5,1144,1,15747.33,1323,1213,0.14543219342799033,0
2023-07-28 11:24:01,15803.5,1144,1,15747.33,1323,1220,0.14543219342799033,0
2023-07-28 11:24:01,15803.5,1144,1,15747.33,1323,1215,0.14543219342799033,0
2023-07-28 11:24:01,15803.5,1144,1,15747.33,1323,1214,0.14543219342799033,0
2023-07-28 11:24:01,15803.5,1144,1,15747.33,1323,1218,0.14543219342799033,0
2023-07-28 11:24:01,15803.5,1144,1,15747.33,1323,1218,0.14543219342799033,0
2023-07-28 11:24:01,15803.5,1144,1,15747.33,1323,1218,0.14543219342799033,0
2023-07-28 11:24:01,15794.0,1144,1,15747.33,1323,1218,0.08523150333797445,0
2023-07-28 11:24:40,15794.0,1148,1,15747.51,1319,1224,0.08523150333797445,0
2023-07-28 11:24:40,15794.0,1148,1,15747.51,1320,1241,0.08523150333797445,0
2023-07-28 11:24:40,15794.0,1148,1,15747.51,1318,1242,0.08523150333797445,0
2023-07-28 11:24:40,15795.05,1148,1,15747.51,1318,1242,0.09188526382160318,0
2023-07-28 11:24:58,15795.05,1149,1,15747.55,1317,1242,0.09188526382160318,0
2023-07-28 11:24:58,15795.05,1149,1,15747.55,1317,1245,0.09188526382160318,0
2023-07-28 11:24:58,15795.05,1149,1,15747.55,1319,1243,0.09188526382160318,0
2023-07-28 11:24:58,15795.05,1149,1,15747.55,1318,1241,0.09188526382160318,0
2023-07-28 11:24:58,15795.05,1149,1,15747.55,1318,1243,0.09188526382160318,0
2023-07-28 11:24:58,15795.05,1149,1,15747.55,1319,1244,0.09188526382160318,0
2023-07-28 11:24:58,15795.05,1149,1,15747.55,1321,1244,0.09188526382160318,0
2023-07-28 11:24:58,15795.05,1149,1,15747.55,1325,1244,0.09188526382160318,0
2023-07-28 11:24:58,15795.05,1149,1,15747.55,1324,1244,0.09188526382160318,0
2023-07-28 11:24:58,15795.05,1149,1,15747.55,1326,1244,0.09188526382160318,0
2023-07-28 11:24:58,15795.05,1149,1,15747.55,1321,1223,0.09188526382160318,0
2023-07-28 11:24:58,15795.05,1149,1,15747.55,1314,1223,0.09188526382160318,0
2023-07-28 11:24:58,15795.05,1149,1,15747.55,1293,1222,0.09188526382160318,0
2023-07-28 11:25:55,15795.05,1150,1,15747.6,1293,1218,0.09188526382160318,0
2023-07-28 11:25:55,15795.05,1150,1,15747.6,1293,1226,0.09188526382160318,0
2023-07-28 11:25:55,15795.05,1150,1,15747.6,1293,1230,0.09188526382160318,0
2023-07-28 11:25:55,15795.05,1150,1,15747.6,1295,1233,0.09188526382160318,0
2023-07-28 11:25:55,15795.05,1150,1,15747.6,1295,1234,0.09188526382160318,0
2023-07-28 11:25:55,15795.05,1150,1,15747.6,1294,1234,0.09188526382160318,0
2023-07-28 11:25:55,15795.05,1150,1,15747.6,1294,1233,0.09188526382160318,0
2023-07-28 11:25:55,15795.05,1150,1,15747.6,1294,1226,0.09188526382160318,0
2023-07-28 11:25:55,15795.05,1150,1,15747.6,1294,1217,0.09188526382160318,0
2023-07-28 11:25:55,15795.05,1150,1,15747.6,1294,1217,0.09188526382160318,0
2023-07-28 11:26:52,15795.05,1151,1,15747.64,1292,1219,0.09188526382160318,0
2023-07-28 11:26:52,15795.05,1151,1,15747.64,1290,1232,0.09188526382160318,0
2023-07-28 11:26:52,15795.05,1151,1,15747.64,1299,1232,0.09188526382160318,0
2023-07-28 11:26:52,15795.05,1151,1,15747.64,1296,1225,0.09188526382160318,0
2023-07-28 11:26:52,15795.05,1151,1,15747.64,1302,1219,0.09188526382160318,0
2023-07-28 11:26:52,15795.05,1151,1,15747.64,1303,1229,0.09188526382160318,0
2023-07-28 11:26:52,15795.05,1151,1,15747.64,1304,1224,0.09188526382160318,0
2023-07-28 11:26:52,15795.05,1151,1,15747.64,1304,1233,0.09188526382160318,0
2023-07-28 11:26:52,15795.05,1151,1,15747.64,1302,1221,0.09188526382160318,0
2023-07-28 11:26:52,15795.05,1151,1,15747.64,1302,1233,0.09188526382160318,0
2023-07-28 11:26:52,15791.35,1151,1,15747.64,1302,1233,0.06843867926023549,0
2023-07-28 11:27:49,15791.35,1152,1,15747.67,1301,1235,0.06843867926023549,0
2023-07-28 11:27:49,15791.35,1152,1,15747.67,1301,1239,0.06843867926023549,0
2023-07-28 11:27:49,15791.35,1152,1,15747.67,1302,1236,0.06843867926023549,0
2023-07-28 11:27:49,15791.35,1152,1,15747.67,1302,1227,0.06843867926023549,0
2023-07-28 11:27:49,15791.35,1152,1,15747.67,1302,1226,0.06843867926023549,0
2023-07-28 11:27:49,15791.35,1152,1,15747.67,1311,1225,0.06843867926023549,0
2023-07-28 11:27:49,15791.35,1152,1,15747.67,1311,1228,0.06843867926023549,0
2023-07-28 11:27:49,15791.35,1152,1,15747.67,1310,1229,0.06843867926023549,0
2023-07-28 11:27:49,15791.35,1152,1,15747.67,1310,1230,0.06843867926023549,0
2023-07-28 11:27:49,15791.35,1152,1,15747.67,1310,1230,0.06843867926023549,0
2023-07-28 11:28:46,15791.35,1153,1,15747.71,1310,1234,0.06843867926023549,0
2023-07-28 11:28:46,15791.35,1153,1,15747.71,1310,1233,0.06843867926023549,0
2023-07-28 11:28:46,15791.35,1153,1,15747.71,1310,1231,0.06843867926023549,0
2023-07-28 11:28:46,15791.35,1153,1,15747.71,1308,1233,0.06843867926023549,0
2023-07-28 11:28:46,15791.35,1153,1,15747.71,1308,1231,0.06843867926023549,0
2023-07-28 11:28:46,15791.35,1153,1,15747.71,1308,1233,0.06843867926023549,0
2023-07-28 11:28:46,15791.35,1153,1,15747.71,1309,1231,0.06843867926023549,0
2023-07-28 11:28:46,15791.35,1153,1,15747.71,1309,1227,0.06843867926023549,0
2023-07-28 11:28:46,15791.35,1153,1,15747.71,1298,1233,0.06843867926023549,0
2023-07-28 11:28:46,15791.35,1153,1,15747.71,1308,1232,0.06843867926023549,0
2023-07-28 11:28:46,15791.35,1153,1,15747.71,1308,1234,0.06843867926023549,0
2023-07-28 11:28:46,15791.35,1153,1,15747.71,1304,1232,0.06843867926023549,0
2023-07-28 11:28:46,15791.35,1153,1,15747.71,1310,1233,0.06843867926023549,0
2023-07-28 11:28:46,15791.35,1153,1,15747.71,1310,1233,0.06843867926023549,0
2023-07-28 11:28:46,15800.7,1153,1,15747.71,1310,1233,0.12768883213830606,0
2023-07-28 11:29:44,15800.7,1155,1,15747.8,1299,1222,0.12768883213830606,0
2023-07-28 11:29:44,15800.7,1155,1,15747.8,1288,1221,0.12768883213830606,0
2023-07-28 11:29:44,15800.7,1155,1,15747.8,1305,1218,0.12768883213830606,0
2023-07-28 11:29:44,15800.7,1155,1,15747.8,1309,1222,0.12768883213830606,0
2023-07-28 11:29:44,15800.7,1155,1,15747.8,1313,1223,0.12768883213830606,0
2023-07-28 11:29:44,15800.7,1155,1,15747.8,1292,1220,0.12768883213830606,0
2023-07-28 11:29:44,15800.7,1155,1,15747.8,1306,1220,0.12768883213830606,0
2023-07-28 11:29:44,15800.7,1155,1,15747.8,1308,1220,0.12768883213830606,0
2023-07-28 11:29:44,15809.6,1155,1,15747.8,1308,1220,0.18408737338052916,0
2023-07-28 11:30:18,15809.6,1156,1,15747.85,1292,1227,0.18408737338052916,0
2023-07-28 11:30:18,15809.6,1156,1,15747.85,1295,1226,0.18408737338052916,0
2023-07-28 11:30:18,15809.6,1156,1,15747.85,1299,1227,0.18408737338052916,0
2023-07-28 11:30:18,15809.6,1156,1,15747.85,1291,1227,0.18408737338052916,0
2023-07-28 11:30:18,15809.6,1156,1,15747.85,1286,1218,0.18408737338052916,0
2023-07-28 11:30:18,15803.95,1156,1,15747.85,1286,1218,0.14828380506383781,0
2023-07-28 11:30:38,15803.95,1157,1,15747.9,1285,1220,0.14828380506383781,0
2023-07-28 11:30:38,15790.75,1157,1,15747.9,1285,1220,0.06463653041244272,0
2023-07-28 11:30:40,15790.75,1158,1,15747.93,1283,1246,0.06463653041244272,0
2023-07-28 11:30:40,15790.75,1158,1,15747.93,1285,1261,0.06463653041244272,0
2023-07-28 11:30:40,15790.75,1158,1,15747.93,1288,1261,0.06463653041244272,0
2023-07-28 11:30:40,15790.75,1158,1,15747.93,1286,1263,0.06463653041244272,0
2023-07-28 11:30:40,15790.75,1158,1,15747.93,1281,1259,0.06463653041244272,0
2023-07-28 11:30:40,15790.75,1158,1,15747.93,1290,1256,0.06463653041244272,0
2023-07-28 11:30:40,15790.75,1158,1,15747.93,1290,1261,0.06463653041244272,0
2023-07-28 11:30:40,15790.75,1158,1,15747.93,1290,1263,0.06463653041244272,0
2023-07-28 11:30:40,15790.75,1158,1,15747.93,1290,1256,0.06463653041244272,0
2023-07-28 11:30:40,15790.75,1158,1,15747.93,1290,1258,0.06463653041244272,0
2023-07-28 11:30:40,15793.1,1158,1,15747.93,1290,1258,0.07952828006629105,0
2023-07-28 11:31:37,15793.1,1159,1,15747.97,1269,1252,0.07952828006629105,0
2023-07-28 11:31:37,15808.1,1159,1,15747.97,1269,1252,0.17458200126105297,0
2023-07-28 11:31:45,15808.1,1160,1,15748.03,1282,1247,0.17458200126105297,0
2023-07-28 11:31:45,15808.1,1160,1,15748.03,1283,1247,0.17458200126105297,0
2023-07-28 11:31:45,15808.1,1160,1,15748.03,1285,1251,0.17458200126105297,0
2023-07-28 11:31:45,15808.1,1160,1,15748.03,1288,1251,0.17458200126105297,0
2023-07-28 11:31:45,15808.1,1160,1,15748.03,1290,1252,0.17458200126105297,0
2023-07-28 11:31:45,15808.1,1160,1,15748.03,1257,1244,0.17458200126105297,0
2023-07-28 11:31:45,15808.1,1160,1,15748.03,1293,1261,0.17458200126105297,0
2023-07-28 11:31:45,15808.1,1160,1,15748.03,1293,1256,0.17458200126105297,0
2023-07-28 11:31:45,15808.1,1160,1,15748.03,1288,1253,0.17458200126105297,0
2023-07-28 11:31:45,15808.1,1160,1,15748.03,1291,1239,0.17458200126105297,0
2023-07-28 11:31:45,15808.1,1160,1,15748.03,1294,1237,0.17458200126105297,0
2023-07-28 11:32:34,15786.05,1161,1,15748.06,1288,1251,0.03485303110474603,0
2023-07-28 11:32:34,15786.05,1161,1,15748.06,1281,1246,0.03485303110474603,0
2023-07-28 11:32:34,15786.05,1161,1,15748.06,1276,1243,0.03485303110474603,0
2023-07-28 11:32:34,15786.05,1161,1,15748.06,1290,1244,0.03485303110474603,0
2023-07-28 11:32:34,15786.05,1161,1,15748.06,1295,1244,0.03485303110474603,0
2023-07-28 11:32:34,15786.05,1161,1,15748.06,1294,1242,0.03485303110474603,0
2023-07-28 11:32:34,15786.05,1161,1,15748.06,1294,1242,0.03485303110474603,0
2023-07-28 11:32:34,15786.05,1161,1,15748.06,1295,1242,0.03485303110474603,0
2023-07-28 11:32:34,15786.05,1161,1,15748.06,1295,1242,0.03485303110474603,0
2023-07-28 11:32:34,15786.05,1161,1,15748.06,1294,1242,0.03485303110474603,0
2023-07-28 11:32:34,15786.05,1161,1,15748.06,1294,1242,0.03485303110474603,0
2023-07-28 11:32:34,15786.05,1161,1,15748.06,1287,1242,0.03485303110474603,0
2023-07-28 11:32:34,15786.05,1161,1,15748.06,1295,1242,0.03485303110474603,0
2023-07-28 11:32:34,15786.05,1161,1,15748.06,1295,1242,0.03485303110474603,0
2023-07-28 11:32:34,15786.05,1161,1,15748.06,1295,1246,0.03485303110474603,0
2023-07-28 11:33:31,15791.5,1162,1,15748.1,1294,1245,0.06938921647218081,0
2023-07-28 11:33:31,15791.5,1162,1,15748.1,1294,1240,0.06938921647218081,0
2023-07-28 11:33:31,15791.5,1162,8,15748.1,1294,1240,0.06938921647218081,0
2023-07-28 11:34:16,15791.5,1214,8,15749.95,1303,1237,0.06938921647218081,0
2023-07-28 11:34:16,15791.5,1214,8,15749.95,1292,1242,0.06938921647218081,0
2023-07-28 11:34:16,15791.5,1214,8,15749.95,1291,1242,0.06938921647218081,0
2023-07-28 11:34:16,15791.5,1214,8,15749.95,1287,1242,0.06938921647218081,0
2023-07-28 11:34:16,15797.6,1214,1,15749.95,1287,1242,0.10804439642471962,0
2023-07-28 11:34:28,15797.6,1215,1,15749.99,1271,1235,0.10804439642471962,0
2023-07-28 11:34:28,15797.6,1215,1,15749.99,1276,1235,0.10804439642471962,0
2023-07-28 11:34:28,15797.6,1215,1,15749.99,1276,1242,0.10804439642471962,0
2023-07-28 11:34:28,15797.6,1215,1,15749.99,1278,1245,0.10804439642471962,0
2023-07-28 11:34:28,15797.6,1215,1,15749.99,1293,1236,0.10804439642471962,0
2023-07-28 11:34:28,15789.35,1215,1,15749.99,1293,1236,0.05576484976760057,0
2023-07-28 11:34:50,15789.35,1216,1,15750.03,1288,1244,0.05576484976760057,0
2023-07-28 11:34:50,15789.35,1216,1,15750.03,1290,1244,0.05576484976760057,0
2023-07-28 11:34:50,15789.35,1216,1,15750.03,1290,1241,0.05576484976760057,0
2023-07-28 11:34:50,15789.35,1216,1,15750.03,1288,1235,0.05576484976760057,0
2023-07-28 11:34:50,15789.35,1216,1,15750.03,1286,1243,0.05576484976760057,0
2023-07-28 11:34:50,15789.35,1216,1,15750.03,1286,1248,0.05576484976760057,0
2023-07-28 11:34:50,15789.35,1216,1,15750.03,1286,1251,0.05576484976760057,0
2023-07-28 11:34:50,15789.35,1216,1,15750.03,1286,1243,0.05576484976760057,0
2023-07-28 11:35:21,15807.6,1247,1,15751.44,1283,1244,0.17141354388789423,0
2023-07-28 11:35:21,15807.6,1247,1,15751.44,1273,1230,0.17141354388789423,0
2023-07-28 11:35:21,15807.6,1247,1,15751.44,1291,1243,0.17141354388789423,0
2023-07-28 11:35:21,15807.6,1247,1,15751.44,1285,1239,0.17141354388789423,0
2023-07-28 11:35:21,15790.9,1247,1,15751.44,1285,1239,0.06558706762438803,0
2023-07-28 11:35:25,15790.9,1248,1,15751.47,1288,1236,0.06558706762438803,0
2023-07-28 11:35:25,15790.9,1248,1,15751.47,1285,1231,0.06558706762438803,0
2023-07-28 11:35:25,15790.9,1248,1,15751.47,1283,1245,0.06558706762438803,0
2023-07-28 11:35:25,15790.9,1248,1,15751.47,1285,1245,0.06558706762438803,0
2023-07-28 11:35:25,15790.9,1248,1,15751.47,1283,1245,0.06558706762438803,0
2023-07-28 11:35:25,15790.9,1248,1,15751.47,1284,1245,0.06558706762438803,0
2023-07-28 11:35:25,15790.9,1248,1,15751.47,1285,1245,0.06558706762438803,0
2023-07-28 11:35:25,15790.9,1248,1,15751.47,1282,1244,0.06558706762438803,0
2023-07-28 11:35:25,15790.9,1248,1,15751.47,1285,1244,0.06558706762438803,0
2023-07-28 11:35:25,15790.9,1248,1,15751.47,1383,1344,0.06558706762438803,0
2023-07-28 11:35:25,15790.9,1248,1,15751.47,1383,1344,0.06558706762438803,0
2023-07-28 11:35:25,15790.9,1248,1,15751.47,1383,1350,0.06558706762438803,0
2023-07-28 11:35:25,15790.9,1248,1,15751.47,1383,1351,0.06558706762438803,0
2023-07-28 11:35:25,15790.9,1248,1,15751.47,1382,1353,0.06558706762438803,0
2023-07-28 11:35:25,15790.9,1248,1,15751.47,1382,1348,0.06558706762438803,0
2023-07-28 11:35:25,15790.9,1248,1,15751.47,1382,1347,0.06558706762438803,0
2023-07-28 11:35:25,15790.9,1248,1,15751.47,1382,1348,0.06558706762438803,0
2023-07-28 11:35:25,15790.9,1248,1,15751.47,1382,1341,0.06558706762438803,0
2023-07-28 11:36:22,15800.0,1249,1,15751.51,1381,1342,0.12325299181587922,0
2023-07-28 11:36:22,15800.0,1249,1,15751.51,1381,1339,0.12325299181587922,0
2023-07-28 11:36:22,15800.0,1249,1,15751.51,1382,1339,0.12325299181587922,0
2023-07-28 11:36:22,15800.0,1249,1,15751.51,1380,1339,0.12325299181587922,0
2023-07-28 11:36:22,15800.0,1249,1,15751.51,1380,1339,0.12325299181587922,0
2023-07-28 11:36:22,15800.0,1249,1,15751.51,1385,1332,0.12325299181587922,0
2023-07-28 11:36:22,15800.0,1249,1,15751.51,1388,1332,0.12325299181587922,0
2023-07-28 11:36:22,15800.0,1249,1,15751.51,1390,1342,0.12325299181587922,0
2023-07-28 11:36:22,15800.0,1249,1,15751.51,1386,1342,0.12325299181587922,0
2023-07-28 11:36:22,15800.0,1249,1,15751.51,1386,1342,0.12325299181587922,0
2023-07-28 11:36:22,15800.0,1249,1,15751.51,1388,1342,0.12325299181587922,0
2023-07-28 11:36:22,15800.0,1249,1,15751.51,1386,1341,0.12325299181587922,0
2023-07-28 11:36:22,15800.0,1249,1,15751.51,1386,1341,0.12325299181587922,0
2023-07-28 11:37:19,15800.0,1250,1,15751.55,1384,1342,0.12325299181587922,0
2023-07-28 11:37:19,15800.0,1250,1,15751.55,1384,1347,0.12325299181587922,0
2023-07-28 11:37:19,15800.0,1250,1,15751.55,1384,1344,0.12325299181587922,0
2023-07-28 11:37:19,15800.0,1250,1,15751.55,1382,1341,0.12325299181587922,0
2023-07-28 11:37:19,15800.0,1250,1,15751.55,1382,1340,0.12325299181587922,0
2023-07-28 11:37:19,15800.0,1250,1,15751.55,1384,1340,0.12325299181587922,0
2023-07-28 11:37:19,15800.0,1250,1,15751.55,1383,1342,0.12325299181587922,0
2023-07-28 11:37:19,15800.0,1250,1,15751.55,1383,1340,0.12325299181587922,0
2023-07-28 11:37:19,15800.0,1250,1,15751.55,1384,1340,0.12325299181587922,0
2023-07-28 11:37:19,15800.0,1250,1,15751.55,1383,1340,0.12325299181587922,0
2023-07-28 11:37:19,15800.0,1250,1,15751.55,1385,1340,0.12325299181587922,0
2023-07-28 11:37:19,15800.0,1250,1,15751.55,1389,1339,0.12325299181587922,0
2023-07-28 11:37:19,15800.0,1250,1,15751.55,1389,1339,0.12325299181587922,0
2023-07-28 11:38:16,15800.0,1251,1,15751.59,1387,1340,0.12325299181587922,0
2023-07-28 11:38:16,15800.0,1251,1,15751.59,1389,1340,0.12325299181587922,0
2023-07-28 11:38:16,15800.0,1251,1,15751.59,1383,1340,0.12325299181587922,0
2023-07-28 11:38:16,15800.0,1251,1,15751.59,1375,1337,0.12325299181587922,0
2023-07-28 11:38:16,15800.0,1251,1,15751.59,1377,1337,0.12325299181587922,0
2023-07-28 11:38:16,15800.0,1251,1,15751.59,1379,1337,0.12325299181587922,0
2023-07-28 11:38:16,15800.0,1251,1,15751.59,1375,1337,0.12325299181587922,0
2023-07-28 11:38:16,15800.0,1251,1,15751.59,1375,1339,0.12325299181587922,0
2023-07-28 11:38:16,15800.0,1251,1,15751.59,1375,1338,0.12325299181587922,0
2023-07-28 11:38:16,15800.0,1251,1,15751.59,1375,1337,0.12325299181587922,0
2023-07-28 11:38:16,15822.65,1251,1,15751.59,1375,1337,0.2667841108199674,0
2023-07-28 11:39:03,15822.65,1258,1,15751.93,1399,1320,0.2667841108199674,0
2023-07-28 11:39:03,15822.65,1258,1,15751.93,1429,1323,0.2667841108199674,0
2023-07-28 11:39:03,15820.3,1258,1,15751.93,1432,1322,0.25189236116611907,0
2023-07-28 11:39:13,15820.3,1259,1,15751.99,1428,1326,0.25189236116611907,0
2023-07-28 11:39:13,15820.3,1259,1,15751.99,1426,1329,0.25189236116611907,0
2023-07-28 11:39:13,15820.3,1259,1,15751.99,1424,1329,0.25189236116611907,0
2023-07-28 11:39:13,15800.1,1259,4,15751.99,1424,1329,0.12388668329051328,0
2023-07-28 11:39:31,15800.15,1300,1,15753.7,1404,1347,0.12420352902782454,0
2023-07-28 11:39:31,15800.15,1300,1,15753.7,1407,1347,0.12420352902782454,0
2023-07-28 11:39:31,15800.15,1300,1,15753.7,1407,1353,0.12420352902782454,0
2023-07-28 11:39:31,15800.15,1300,1,15753.7,1407,1366,0.12420352902782454,0
2023-07-28 11:39:31,15800.15,1300,1,15753.7,1409,1372,0.12420352902782454,0
2023-07-28 11:39:31,15801.1,1300,1,15753.7,1409,1372,0.13022359803683073,0
2023-07-28 11:40:10,15801.1,1301,1,15753.74,1412,1375,0.13022359803683073,0
2023-07-28 11:40:10,15801.1,1301,1,15753.74,1412,1371,0.13022359803683073,0
2023-07-28 11:40:10,15801.1,1301,1,15753.74,1414,1363,0.13022359803683073,0
2023-07-28 11:40:10,15801.1,1301,1,15753.74,1414,1365,0.13022359803683073,0
2023-07-28 11:40:10,15801.1,1301,1,15753.74,1414,1368,0.13022359803683073,0
2023-07-28 11:40:10,15801.1,1301,1,15753.74,1399,1338,0.13022359803683073,0
2023-07-28 11:40:10,15801.1,1301,1,15753.74,1399,1339,0.13022359803683073,0
2023-07-28 11:40:10,15801.1,1301,1,15753.74,1399,1338,0.13022359803683073,0
2023-07-28 11:40:10,15801.1,1301,1,15753.74,1399,1339,0.13022359803683073,0
2023-07-28 11:40:10,15803.6,1301,1,15753.74,1399,1343,0.1460658849026244,0
2023-07-28 11:41:07,15803.6,1302,1,15753.78,1407,1340,0.1460658849026244,0
2023-07-28 11:41:07,15803.6,1302,1,15753.78,1408,1341,0.1460658849026244,0
2023-07-28 11:41:07,15803.6,1302,1,15753.78,1408,1339,0.1460658849026244,0
2023-07-28 11:41:07,15803.6,1302,1,15753.78,1408,1345,0.1460658849026244,0
2023-07-28 11:41:07,15803.6,1302,1,15753.78,1408,1344,0.1460658849026244,0
2023-07-28 11:41:07,15803.6,1302,1,15753.78,1408,1343,0.1460658849026244,0
2023-07-28 11:41:07,15803.6,1302,1,15753.78,1408,1343,0.1460658849026244,0
2023-07-28 11:41:07,15803.6,1302,1,15753.78,1408,1344,0.1460658849026244,0
2023-07-28 11:41:07,15803.6,1302,1,15753.78,1406,1346,0.1460658849026244,0
2023-07-28 11:41:07,15810.05,1302,1,15753.78,1406,1346,0.18693898501636508,0
2023-07-28 11:42:04,15810.05,1303,1,15753.82,1405,1345,0.18693898501636508,0
2023-07-28 11:42:04,15810.05,1303,1,15753.82,1399,1345,0.18693898501636508,0
2023-07-28 11:42:04,15810.05,1303,1,15753.82,1394,1347,0.18693898501636508,0
2023-07-28 11:42:04,15810.05,1303,1,15753.82,1396,1348,0.18693898501636508,0
2023-07-28 11:42:04,15826.7,1303,1,15753.82,1396,1348,0.29244861554256,0
2023-07-28 11:42:52,15826.7,1305,1,15753.93,1403,1335,0.29244861554256,0
2023-07-28 11:42:52,15826.7,1305,1,15753.93,1408,1341,0.29244861554256,0
2023-07-28 11:42:52,15812.15,1305,1,15753.93,1408,1341,0.20024650598363405,0
2023-07-28 11:43:01,15812.15,1306,1,15753.98,1409,1341,0.20024650598363405,0
2023-07-28 11:43:01,15812.15,1306,1,15753.98,1414,1339,0.20024650598363405,0
2023-07-28 11:43:01,15812.15,1306,1,15753.98,1414,1339,0.20024650598363405,0
2023-07-28 11:43:01,15812.15,1306,1,15753.98,1417,1342,0.20024650598363405,0
2023-07-28 11:43:01,15812.15,1306,1,15753.98,1417,1340,0.20024650598363405,0
2023-07-28 11:43:01,15812.15,1306,1,15753.98,1418,1334,0.20024650598363405,0
2023-07-28 11:43:01,15812.15,1306,1,15753.98,1422,1336,0.20024650598363405,0
2023-07-28 11:43:01,15801.6,1306,1,15753.98,1422,1336,0.13339205540998947,0
2023-07-28 11:43:01,15802.1,1306,1,15753.98,1422,1336,0.1365605127831482,0
2023-07-28 11:43:58,15802.1,1328,1,15754.95,1398,1345,0.1365605127831482,0
2023-07-28 11:43:58,15802.1,1328,1,15754.95,1402,1348,0.1365605127831482,0
2023-07-28 11:43:58,15802.1,1328,1,15754.95,1402,1349,0.1365605127831482,0
2023-07-28 11:43:58,15802.1,1328,1,15754.95,1402,1349,0.1365605127831482,0
2023-07-28 11:43:58,15802.1,1328,1,15754.95,1397,1349,0.1365605127831482,0
2023-07-28 11:43:58,15802.1,1328,1,15754.95,1403,1348,0.1365605127831482,0
2023-07-28 11:43:58,15802.1,1328,1,15754.95,1409,1346,0.1365605127831482,0
2023-07-28 11:43:58,15802.1,1328,1,15754.95,1409,1347,0.1365605127831482,0
2023-07-28 11:43:58,15802.1,1328,1,15754.95,1409,1351,0.1365605127831482,0
2023-07-28 11:43:58,15800.0,1328,1,15754.95,1409,1351,0.12325299181587922,0
2023-07-28 11:44:55,15800.0,1329,1,15754.98,1407,1347,0.12325299181587922,0
2023-07-28 11:44:55,15800.0,1329,1,15754.98,1407,1346,0.12325299181587922,0
2023-07-28 11:44:55,15800.0,1329,1,15754.98,1408,1362,0.12325299181587922,0
2023-07-28 11:45:15,15819.55,1330,1,15755.03,1413,1342,0.24713967510638096,0
2023-07-28 11:45:15,15819.55,1330,1,15755.03,1416,1355,0.24713967510638096,0
2023-07-28 11:45:15,15801.6,1330,1,15755.03,1416,1355,0.13339205540998947,0
2023-07-28 11:45:22,15801.6,1332,1,15755.1,1418,1363,0.13339205540998947,0
2023-07-28 11:45:22,15801.6,1332,1,15755.1,1423,1363,0.13339205540998947,0
2023-07-28 11:45:22,15801.6,1332,1,15755.1,1424,1365,0.13339205540998947,0
2023-07-28 11:45:22,15801.6,1332,1,15755.1,1426,1367,0.13339205540998947,0
2023-07-28 11:45:22,15801.6,1332,1,15755.1,1410,1351,0.13339205540998947,0
2023-07-28 11:45:22,15801.6,1332,1,15755.1,1410,1354,0.13339205540998947,0
2023-07-28 11:45:22,15801.6,1332,1,15755.1,1411,1354,0.13339205540998947,0
2023-07-28 11:45:22,15803.75,1332,1,15755.1,1411,1354,0.1470164221145697,0
2023-07-28 11:45:52,15803.75,1333,1,15755.14,1411,1354,0.1470164221145697,0
2023-07-28 11:45:52,15803.75,1333,1,15755.14,1411,1352,0.1470164221145697,0
2023-07-28 11:45:52,15803.75,1333,1,15755.14,1411,1351,0.1470164221145697,0
2023-07-28 11:45:52,15803.75,1333,1,15755.14,1411,1352,0.1470164221145697,0
2023-07-28 11:45:52,15803.8,1333,1,15755.14,1411,1352,0.14733326785188097,0
2023-07-28 11:46:16,15803.8,1335,1,15755.21,1408,1352,0.14733326785188097,0
2023-07-28 11:46:16,15803.8,1335,1,15755.21,1411,1351,0.14733326785188097,0
2023-07-28 11:46:16,15803.8,1335,1,15755.21,1402,1353,0.14733326785188097,0
2023-07-28 11:46:16,15803.8,1335,1,15755.21,1403,1353,0.14733326785188097,0
2023-07-28 11:46:16,15803.8,1335,1,15755.21,1405,1357,0.14733326785188097,0
2023-07-28 11:46:16,15803.8,1335,1,15755.21,1411,1358,0.14733326785188097,0
2023-07-28 11:46:16,15803.8,1335,1,15755.21,1410,1349,0.14733326785188097,0
2023-07-28 11:46:16,15803.8,1335,1,15755.21,1408,1346,0.14733326785188097,0
2023-07-28 11:46:16,15801.1,1335,1,15755.21,1408,1346,0.13022359803683073,0
2023-07-28 11:46:49,15801.1,1336,1,15755.25,1414,1348,0.13022359803683073,0
2023-07-28 11:46:49,15801.1,1336,1,15755.25,1411,1343,0.13022359803683073,0
2023-07-28 11:46:49,15801.1,1336,1,15755.25,1413,1341,0.13022359803683073,0
2023-07-28 11:46:49,15801.1,1336,1,15755.25,1413,1345,0.13022359803683073,0
2023-07-28 11:46:49,15801.1,1336,1,15755.25,1414,1341,0.13022359803683073,0
2023-07-28 11:46:49,15801.1,1336,1,15755.25,1414,1343,0.13022359803683073,0
2023-07-28 11:46:49,15801.1,1336,1,15755.25,1399,1340,0.13022359803683073,0
2023-07-28 11:46:49,15801.1,1336,1,15755.25,1399,1342,0.13022359803683073,0
2023-07-28 11:46:49,15801.1,1336,1,15755.25,1401,1340,0.13022359803683073,0
2023-07-28 11:46:49,15801.1,1336,1,15755.25,1400,1341,0.13022359803683073,0
2023-07-28 11:46:49,15801.1,1336,1,15755.25,1400,1339,0.13022359803683073,0
2023-07-28 11:46:49,15823.35,1336,1,15755.25,1400,1339,0.2712199511423942,0
2023-07-28 11:47:46,15823.35,1338,1,15755.33,1405,1336,0.2712199511423942,0
2023-07-28 11:47:46,15823.35,1338,1,15755.33,1401,1350,0.2712199511423942,0
2023-07-28 11:47:46,15823.35,1338,1,15755.33,1409,1350,0.2712199511423942,0
2023-07-28 11:47:46,15823.35,1338,1,15755.33,1405,1347,0.2712199511423942,0
2023-07-28 11:47:46,15823.35,1338,1,15755.33,1404,1347,0.2712199511423942,0
2023-07-28 11:47:46,15823.35,1338,1,15755.33,1410,1348,0.2712199511423942,0
2023-07-28 11:47:46,15823.35,1338,1,15755.33,1426,1353,0.2712199511423942,0
2023-07-28 11:47:46,15823.35,1338,1,15755.33,1433,1353,0.2712199511423942,0
2023-07-28 11:47:46,15823.35,1338,1,15755.33,1431,1350,0.2712199511423942,0
2023-07-28 11:47:46,15823.35,1338,1,15755.33,1430,1351,0.2712199511423942,0
2023-07-28 11:47:46,15830.9,1338,1,15755.33,1430,1351,0.3190636574770864,0
2023-07-28 11:48:33,15830.9,1339,1,15755.39,1421,1341,0.3190636574770864,0
2023-07-28 11:48:33,15827.0,1339,1,15755.39,1421,1341,0.29434968996645067,0
2023-07-28 11:48:40,15827.0,1340,1,15755.44,1409,1342,0.29434968996645067,0
2023-07-28 11:48:40,15827.0,1340,1,15755.44,1422,1350,0.29434968996645067,0
2023-07-28 11:48:40,15827.0,1340,1,15755.44,1419,1339,0.29434968996645067,0
2023-07-28 11:48:40,15827.0,1340,1,15755.44,1420,1345,0.29434968996645067,0
2023-07-28 11:48:40,15827.0,1340,1,15755.44,1427,1348,0.29434968996645067,0
2023-07-28 11:48:40,15827.0,1340,1,15755.44,1420,1346,0.29434968996645067,0
2023-07-28 11:48:40,15827.0,1340,1,15755.44,1413,1344,0.29434968996645067,0
2023-07-28 11:48:40,15827.0,1340,1,15755.44,1414,1353,0.29434968996645067,0
2023-07-28 11:48:40,15827.0,1340,1,15755.44,1413,1340,0.29434968996645067,0
2023-07-28 11:48:40,15827.0,1340,1,15755.44,1413,1339,0.29434968996645067,0
2023-07-28 11:48:40,15827.0,1340,1,15755.44,1407,1342,0.29434968996645067,0
2023-07-28 11:48:40,15827.0,1340,1,15755.44,1415,1337,0.29434968996645067,0
2023-07-28 11:48:40,15827.0,1340,1,15755.44,1414,1338,0.29434968996645067,0
2023-07-28 11:48:40,15827.0,1340,1,15755.44,1414,1338,0.29434968996645067,0
2023-07-28 11:48:40,15827.0,1340,1,15755.44,1417,1338,0.29434968996645067,0
2023-07-28 11:48:40,15827.0,1340,1,15755.44,1415,1339,0.29434968996645067,0
2023-07-28 11:48:40,15827.0,1340,1,15755.44,1415,1338,0.29434968996645067,0
2023-07-28 11:48:40,15827.0,1340,1,15755.44,1413,1339,0.29434968996645067,0
2023-07-28 11:48:40,15827.0,1340,1,15755.44,1412,1338,0.29434968996645067,0
2023-07-28 11:48:40,15827.0,1340,1,15755.44,1413,1337,0.29434968996645067,0
2023-07-28 11:48:40,15827.0,1340,1,15755.44,1413,1337,0.29434968996645067,0
2023-07-28 11:48:40,15827.0,1340,1,15755.44,1415,1340,0.29434968996645067,0
2023-07-28 11:48:40,15827.0,1340,1,15755.44,1407,1340,0.29434968996645067,0
2023-07-28 11:48:40,15827.0,1340,1,15755.44,1417,1341,0.29434968996645067,0
2023-07-28 11:48:40,15827.0,1340,1,15755.44,1417,1341,0.29434968996645067,0
2023-07-28 11:48:40,15827.0,1340,1,15755.44,1417,1343,0.29434968996645067,0
2023-07-28 11:48:40,15827.0,1340,1,15755.44,1417,1344,0.29434968996645067,0
2023-07-28 11:48:40,15827.0,1340,1,15755.44,1418,1345,0.29434968996645067,0
2023-07-28 11:48:40,15827.0,1340,1,15755.44,1418,1347,0.29434968996645067,0
2023-07-28 11:48:40,15827.0,1340,1,15755.44,1418,1346,0.29434968996645067,0
2023-07-28 11:48:40,15818.45,1340,1,15755.44,1418,1346,0.24016906888544098,0
2023-07-28 11:49:39,15818.45,1341,1,15755.49,1418,1349,0.24016906888544098,0
2023-07-28 11:49:39,15818.45,1341,1,15755.49,1417,1341,0.24016906888544098,0
2023-07-28 11:49:39,15818.45,1341,1,15755.49,1416,1341,0.24016906888544098,0
2023-07-28 11:49:39,15818.45,1341,1,15755.49,1417,1348,0.24016906888544098,0
2023-07-28 11:49:39,15818.45,1341,1,15755.49,1420,1349,0.24016906888544098,0
2023-07-28 11:49:39,15818.45,1341,1,15755.49,1420,1343,0.24016906888544098,0
2023-07-28 11:49:39,15818.45,1341,1,15755.49,1420,1343,0.24016906888544098,0
2023-07-28 11:49:39,15818.5,1341,1,15755.49,1420,1343,0.24048591462275223,0
2023-07-28 11:49:47,15818.5,1342,1,15755.54,1417,1342,0.24048591462275223,0
2023-07-28 11:49:47,15818.5,1342,1,15755.54,1417,1346,0.24048591462275223,0
2023-07-28 11:49:47,15818.5,1342,1,15755.54,1418,1346,0.24048591462275223,0
2023-07-28 11:49:47,15818.5,1342,1,15755.54,1417,1346,0.24048591462275223,0
2023-07-28 11:49:47,15818.5,1342,1,15755.54,1417,1348,0.24048591462275223,0
2023-07-28 11:49:47,15818.5,1342,1,15755.54,1417,1346,0.24048591462275223,0
2023-07-28 11:49:47,15818.5,1342,1,15755.54,1417,1347,0.24048591462275223,0
2023-07-28 11:49:47,15818.5,1342,1,15755.54,1418,1347,0.24048591462275223,0
2023-07-28 11:49:47,15818.5,1342,1,15755.54,1418,1346,0.24048591462275223,0
2023-07-28 11:49:47,15818.5,1342,1,15755.54,1418,1345,0.24048591462275223,0
2023-07-28 11:49:47,15818.5,1342,1,15755.54,1417,1347,0.24048591462275223,0
2023-07-28 11:49:47,15818.5,1342,1,15755.54,1418,1349,0.24048591462275223,0
2023-07-28 11:49:47,15818.5,1342,1,15755.54,1418,1348,0.24048591462275223,0
2023-07-28 11:49:47,15818.5,1342,1,15755.54,1418,1346,0.24048591462275223,0
2023-07-28 11:49:47,15818.5,1342,1,15755.54,1400,1338,0.24048591462275223,0
2023-07-28 11:49:47,15818.5,1342,1,15755.54,1401,1336,0.24048591462275223,0
2023-07-28 11:49:47,15818.5,1342,1,15755.54,1401,1336,0.24048591462275223,0
2023-07-28 11:50:47,15818.5,1343,1,15755.58,1402,1340,0.24048591462275223,0
2023-07-28 11:50:47,15818.5,1343,1,15755.58,1401,1340,0.24048591462275223,0
2023-07-28 11:50:47,15818.5,1343,1,15755.58,1402,1341,0.24048591462275223,0
2023-07-28 11:50:47,15818.5,1343,1,15755.58,1401,1341,0.24048591462275223,0
2023-07-28 11:50:47,15818.5,1343,1,15755.58,1401,1333,0.24048591462275223,0
2023-07-28 11:50:47,15818.5,1343,1,15755.58,1401,1336,0.24048591462275223,0
2023-07-28 11:50:47,15818.5,1343,1,15755.58,1401,1337,0.24048591462275223,0
2023-07-28 11:50:47,15818.5,1343,1,15755.58,1401,1335,0.24048591462275223,0
2023-07-28 11:50:47,15818.5,1343,1,15755.58,1401,1336,0.24048591462275223,0
2023-07-28 11:50:47,15818.5,1343,1,15755.58,1401,1336,0.24048591462275223,0
2023-07-28 11:50:47,15818.5,1343,1,15755.58,1401,1335,0.24048591462275223,0
2023-07-28 11:50:47,15818.5,1343,1,15755.58,1402,1338,0.24048591462275223,0
2023-07-28 11:50:47,15818.5,1343,1,15755.58,1404,1338,0.24048591462275223,0
2023-07-28 11:50:47,15818.5,1343,1,15755.58,1404,1338,0.24048591462275223,0
2023-07-28 11:51:47,15818.5,1344,1,15755.63,1393,1339,0.24048591462275223,0
2023-07-28 11:51:47,15818.5,1344,1,15755.63,1402,1352,0.24048591462275223,0
2023-07-28 11:51:47,15818.5,1344,1,15755.63,1400,1358,0.24048591462275223,0
2023-07-28 11:51:47,15818.5,1344,1,15755.63,1401,1358,0.24048591462275223,0
2023-07-28 11:51:47,15818.5,1344,1,15755.63,1400,1360,0.24048591462275223,0
2023-07-28 11:51:47,15818.5,1344,1,15755.63,1403,1361,0.24048591462275223,0
2023-07-28 11:51:47,15818.5,1344,1,15755.63,1404,1361,0.24048591462275223,0
2023-07-28 11:51:47,15818.5,1344,1,15755.63,1408,1361,0.24048591462275223,0
2023-07-28 11:51:47,15818.5,1344,1,15755.63,1400,1343,0.24048591462275223,0
2023-07-28 11:51:47,15818.5,1344,1,15755.63,1400,1343,0.24048591462275223,0
2023-07-28 11:51:47,15818.5,1344,1,15755.63,1402,1343,0.24048591462275223,0
2023-07-28 11:51:47,15818.5,1344,1,15755.63,1404,1343,0.24048591462275223,0
2023-07-28 11:51:47,15818.5,1344,1,15755.63,1402,1343,0.24048591462275223,0
2023-07-28 11:52:47,15810.45,1345,1,15755.67,1408,1344,0.1894737509149013,0
2023-07-28 11:52:47,15810.45,1345,1,15755.67,1406,1343,0.1894737509149013,0
2023-07-28 11:52:47,15810.45,1345,1,15755.67,1406,1343,0.1894737509149013,0
2023-07-28 11:52:47,15810.45,1345,1,15755.67,1407,1343,0.1894737509149013,0
2023-07-28 11:52:47,15810.45,1345,1,15755.67,1406,1344,0.1894737509149013,0
2023-07-28 11:52:47,15810.45,1345,1,15755.67,1397,1344,0.1894737509149013,0
2023-07-28 11:52:47,15810.45,1345,1,15755.67,1407,1344,0.1894737509149013,0
2023-07-28 11:52:47,15810.45,1345,1,15755.67,1407,1344,0.1894737509149013,0
2023-07-28 11:52:47,15810.45,1345,1,15755.67,1406,1344,0.1894737509149013,0
2023-07-28 11:52:47,15810.45,1345,1,15755.67,1405,1344,0.1894737509149013,0
2023-07-28 11:52:47,15810.45,1345,1,15755.67,1399,1344,0.1894737509149013,0
2023-07-28 11:52:47,15810.45,1345,1,15755.67,1401,1344,0.1894737509149013,0
2023-07-28 11:52:47,15810.45,1345,1,15755.67,1404,1344,0.1894737509149013,0
2023-07-28 11:52:47,15810.45,1345,1,15755.67,1402,1342,0.1894737509149013,0
2023-07-28 11:52:47,15815.05,1345,1,15755.67,1402,1342,0.2186235587479524,0
2023-07-28 11:53:47,15815.05,1346,1,15755.71,1406,1344,0.2186235587479524,0
2023-07-28 11:53:47,15815.05,1346,1,15755.71,1404,1344,0.2186235587479524,0
2023-07-28 11:53:47,15815.05,1346,1,15755.71,1397,1344,0.2186235587479524,0
2023-07-28 11:53:47,15815.05,1346,1,15755.71,1400,1344,0.2186235587479524,0
2023-07-28 11:53:47,15815.05,1346,1,15755.71,1403,1344,0.2186235587479524,0
2023-07-28 11:53:47,15815.05,1346,1,15755.71,1404,1344,0.2186235587479524,0
2023-07-28 11:53:47,15815.05,1346,1,15755.71,1396,1341,0.2186235587479524,0
2023-07-28 11:53:47,15815.05,1346,1,15755.71,1397,1340,0.2186235587479524,0
2023-07-28 11:53:47,15815.05,1346,1,15755.71,1398,1343,0.2186235587479524,0
2023-07-28 11:53:47,15815.05,1346,1,15755.71,1397,1349,0.2186235587479524,0
2023-07-28 11:53:47,15816.6,1346,1,15755.71,1397,1349,0.22844577660475138,0
2023-07-28 11:54:47,15816.6,1347,1,15755.76,1398,1343,0.22844577660475138,0
2023-07-28 11:54:47,15816.6,1347,1,15755.76,1398,1343,0.22844577660475138,0
2023-07-28 11:54:47,15816.6,1347,1,15755.76,1398,1344,0.22844577660475138,0
2023-07-28 11:54:47,15816.6,1347,1,15755.76,1408,1339,0.22844577660475138,0
2023-07-28 11:54:47,15816.6,1347,1,15755.76,1407,1340,0.22844577660475138,0
2023-07-28 11:54:47,15816.6,1347,1,15755.76,1403,1338,0.22844577660475138,0
2023-07-28 11:54:47,15816.6,1347,1,15755.76,1405,1338,0.22844577660475138,0
2023-07-28 11:54:47,15816.6,1347,1,15755.76,1403,1338,0.22844577660475138,0
2023-07-28 11:54:47,15816.6,1347,1,15755.76,1407,1338,0.22844577660475138,0
2023-07-28 11:54:47,15816.6,1347,1,15755.76,1402,1338,0.22844577660475138,0
2023-07-28 11:54:47,15816.6,1347,1,15755.76,1410,1348,0.22844577660475138,0
2023-07-28 11:55:45,15816.7,1348,1,15755.8,1409,1343,0.22907946807938542,0
2023-07-28 11:55:45,15816.7,1348,1,15755.8,1409,1344,0.22907946807938542,0
2023-07-28 11:55:45,15816.7,1348,1,15755.8,1410,1346,0.22907946807938542,0
2023-07-28 11:55:45,15816.7,1348,1,15755.8,1408,1348,0.22907946807938542,0
2023-07-28 11:55:45,15816.7,1348,1,15755.8,1409,1348,0.22907946807938542,0
2023-07-28 11:55:45,15816.7,1348,1,15755.8,1409,1345,0.22907946807938542,0
2023-07-28 11:55:45,15816.7,1348,1,15755.8,1409,1345,0.22907946807938542,0
2023-07-28 11:55:45,15816.7,1348,1,15755.8,1410,1347,0.22907946807938542,0
2023-07-28 11:55:45,15816.7,1348,1,15755.8,1409,1347,0.22907946807938542,0
2023-07-28 11:55:45,15816.7,1348,1,15755.8,1406,1343,0.22907946807938542,0
2023-07-28 11:55:45,15816.7,1348,1,15755.8,1403,1343,0.22907946807938542,0
2023-07-28 11:55:45,15816.7,1348,1,15755.8,1403,1343,0.22907946807938542,0
2023-07-28 11:55:45,15816.7,1348,1,15755.8,1404,1344,0.22907946807938542,0
2023-07-28 11:55:45,15816.7,1348,1,15755.8,1404,1344,0.22907946807938542,0
2023-07-28 11:56:47,15816.7,1349,1,15755.85,1409,1343,0.22907946807938542,0
2023-07-28 11:56:47,15816.7,1349,1,15755.85,1409,1343,0.22907946807938542,0
2023-07-28 11:56:47,15816.7,1349,1,15755.85,1409,1341,0.22907946807938542,0
2023-07-28 11:56:47,15816.7,1349,1,15755.85,1402,1343,0.22907946807938542,0
2023-07-28 11:56:47,15816.7,1349,1,15755.85,1402,1341,0.22907946807938542,0
2023-07-28 11:56:47,15816.7,1349,1,15755.85,1402,1340,0.22907946807938542,0
2023-07-28 11:56:47,15816.7,1349,1,15755.85,1402,1340,0.22907946807938542,0
2023-07-28 11:56:47,15816.7,1349,1,15755.85,1396,1334,0.22907946807938542,0
2023-07-28 11:56:47,15816.7,1349,1,15755.85,1396,1335,0.22907946807938542,0
2023-07-28 11:56:47,15816.7,1349,1,15755.85,1396,1335,0.22907946807938542,0
2023-07-28 11:56:47,15816.7,1349,1,15755.85,1396,1335,0.22907946807938542,0
2023-07-28 11:56:47,15816.7,1349,1,15755.85,1397,1335,0.22907946807938542,0
2023-07-28 11:56:47,15816.7,1349,1,15755.85,1397,1337,0.22907946807938542,0
2023-07-28 11:57:49,15816.7,1350,1,15755.89,1396,1336,0.22907946807938542,0
2023-07-28 11:57:49,15816.7,1350,1,15755.89,1393,1337,0.22907946807938542,0
2023-07-28 11:57:49,15816.7,1350,1,15755.89,1393,1335,0.22907946807938542,0
2023-07-28 11:57:49,15816.7,1350,1,15755.89,1393,1340,0.22907946807938542,0
2023-07-28 11:57:49,15816.7,1350,1,15755.89,1393,1340,0.22907946807938542,0
2023-07-28 11:57:49,15816.7,1350,1,15755.89,1393,1340,0.22907946807938542,0
2023-07-28 11:57:49,15816.7,1350,1,15755.89,1393,1335,0.22907946807938542,0
2023-07-28 11:57:49,15816.7,1350,1,15755.89,1393,1337,0.22907946807938542,0
2023-07-28 11:57:49,15816.7,1350,1,15755.89,1393,1339,0.22907946807938542,0
2023-07-28 11:57:49,15816.7,1350,1,15755.89,1393,1335,0.22907946807938542,0
2023-07-28 11:57:49,15816.7,1350,1,15755.89,1392,1336,0.22907946807938542,0
2023-07-28 11:57:49,15816.7,1350,1,15755.89,1392,1336,0.22907946807938542,0
2023-07-28 11:58:51,15816.7,1351,1,15755.94,1394,1330,0.22907946807938542,0
2023-07-28 11:58:51,15816.7,1351,1,15755.94,1392,1336,0.22907946807938542,0
2023-07-28 11:58:51,15816.7,1351,1,15755.94,1392,1338,0.22907946807938542,0
2023-07-28 11:58:51,15816.7,1351,1,15755.94,1391,1339,0.22907946807938542,0
2023-07-28 11:58:51,15816.7,1351,1,15755.94,1393,1345,0.22907946807938542,0
2023-07-28 11:58:51,15816.7,1351,1,15755.94,1392,1336,0.22907946807938542,0
2023-07-28 11:58:51,15816.7,1351,1,15755.94,1392,1335,0.22907946807938542,0
2023-07-28 11:58:51,15816.7,1351,1,15755.94,1396,1336,0.22907946807938542,0
2023-07-28 11:58:51,15816.7,1351,1,15755.94,1392,1339,0.22907946807938542,0
2023-07-28 11:58:51,15816.7,1351,1,15755.94,1393,1336,0.22907946807938542,0
2023-07-28 11:58:51,15816.7,1351,1,15755.94,1393,1337,0.22907946807938542,0
2023-07-28 11:58:51,15825.0,1351,1,15755.94,1393,1337,0.28167586047381576,0
2023-07-28 11:59:40,15825.0,1354,1,15756.09,1396,1334,0.28167586047381576,0
2023-07-28 11:59:40,15825.0,1354,1,15756.09,1397,1335,0.28167586047381576,0
2023-07-28 11:59:40,15825.0,1354,1,15756.09,1393,1334,0.28167586047381576,0
2023-07-28 11:59:40,15814.25,1354,1,15756.09,1393,1334,0.21355402695090303,0
2023-07-28 11:59:53,15814.25,1355,1,15756.14,1395,1337,0.21355402695090303,0
2023-07-28 11:59:53,15814.25,1355,1,15756.14,1392,1334,0.21355402695090303,0
2023-07-28 11:59:53,15814.25,1355,1,15756.14,1392,1334,0.21355402695090303,0
2023-07-28 11:59:53,15814.25,1355,1,15756.14,1393,1338,0.21355402695090303,0
2023-07-28 11:59:53,15814.25,1355,1,15756.14,1393,1340,0.21355402695090303,0
2023-07-28 11:59:53,15814.25,1355,1,15756.14,1393,1341,0.21355402695090303,0
2023-07-28 11:59:53,15814.25,1355,1,15756.14,1393,1341,0.21355402695090303,0
2023-07-28 11:59:53,15814.25,1355,2,15756.14,1393,1341,0.21355402695090303,0
2023-07-28 12:00:42,15814.25,1357,2,15756.22,1395,1339,0.21355402695090303,0
2023-07-28 12:00:42,15814.25,1357,2,15756.22,1395,1341,0.21355402695090303,0
2023-07-28 12:00:42,15814.25,1357,2,15756.22,1394,1340,0.21355402695090303,0
2023-07-28 12:00:42,15810.15,1357,1,15756.22,1394,1340,0.18757267649099915,0
2023-07-28 12:00:55,15810.15,1358,1,15756.26,1393,1333,0.18757267649099915,0
2023-07-28 12:00:55,15810.15,1358,1,15756.26,1391,1340,0.18757267649099915,0
2023-07-28 12:00:55,15810.15,1358,1,15756.26,1391,1341,0.18757267649099915,0
2023-07-28 12:00:55,15810.15,1358,1,15756.26,1392,1343,0.18757267649099915,0
2023-07-28 12:00:55,15810.15,1358,1,15756.26,1394,1343,0.18757267649099915,0
2023-07-28 12:00:55,15810.15,1358,1,15756.26,1394,1343,0.18757267649099915,0
2023-07-28 12:00:55,15827.3,1358,1,15756.26,1395,1343,0.2962507643903413,0
2023-07-28 12:01:29,15827.3,1361,1,15756.41,1393,1342,0.2962507643903413,0
2023-07-28 12:01:29,15827.3,1361,1,15756.41,1391,1340,0.2962507643903413,0
2023-07-28 12:01:29,15827.3,1361,1,15756.41,1392,1339,0.2962507643903413,0
2023-07-28 12:01:29,15827.3,1361,1,15756.41,1393,1337,0.2962507643903413,0
2023-07-28 12:01:29,15827.3,1361,1,15756.41,1392,1340,0.2962507643903413,0
2023-07-28 12:01:29,15827.3,1361,1,15756.41,1390,1339,0.2962507643903413,0
2023-07-28 12:01:29,15827.3,1361,1,15756.41,1393,1341,0.2962507643903413,0
2023-07-28 12:01:29,15810.05,1361,1,15756.41,1393,1341,0.18693898501636508,0
2023-07-28 12:01:57,15810.05,1362,1,15756.45,1399,1343,0.18693898501636508,0
2023-07-28 12:01:57,15810.05,1362,1,15756.45,1399,1348,0.18693898501636508,0
2023-07-28 12:01:57,15810.05,1362,1,15756.45,1399,1351,0.18693898501636508,0
2023-07-28 12:01:57,15810.05,1362,1,15756.45,1399,1350,0.18693898501636508,0
2023-07-28 12:01:57,15810.05,1362,1,15756.45,1399,1351,0.18693898501636508,0
2023-07-28 12:01:57,15810.05,1362,1,15756.45,1399,1352,0.18693898501636508,0
2023-07-28 12:01:57,15810.05,1362,1,15756.45,1399,1352,0.18693898501636508,0
2023-07-28 12:02:59,15810.0,1363,3,15756.49,1398,1351,0.18662213927905383,0
2023-07-28 12:03:01,15810.0,1366,3,15756.61,1412,1351,0.18662213927905383,0
2023-07-28 12:03:01,15810.0,1366,3,15756.61,1412,1353,0.18662213927905383,0
2023-07-28 12:03:01,15810.0,1366,3,15756.61,1412,1348,0.18662213927905383,0
2023-07-28 12:03:01,15810.0,1366,3,15756.61,1410,1347,0.18662213927905383,0
2023-07-28 12:03:01,15810.0,1366,3,15756.61,1410,1348,0.18662213927905383,0
2023-07-28 12:03:01,15810.0,1366,3,15756.61,1411,1349,0.18662213927905383,0
2023-07-28 12:03:01,15810.0,1366,3,15756.61,1410,1349,0.18662213927905383,0
2023-07-28 12:03:01,15810.0,1366,3,15756.61,1410,1349,0.18662213927905383,0
2023-07-28 12:04:01,15810.0,1367,1,15756.65,1409,1349,0.18662213927905383,0
2023-07-28 12:04:01,15810.0,1367,1,15756.65,1410,1346,0.18662213927905383,0
2023-07-28 12:04:01,15810.0,1367,1,15756.65,1413,1350,0.18662213927905383,0
2023-07-28 12:04:01,15810.0,1367,1,15756.65,1413,1349,0.18662213927905383,0
2023-07-28 12:04:01,15810.0,1367,1,15756.65,1413,1350,0.18662213927905383,0
2023-07-28 12:04:01,15810.0,1367,1,15756.65,1413,1350,0.18662213927905383,0
2023-07-28 12:04:01,15810.0,1367,1,15756.65,1413,1353,0.18662213927905383,0
2023-07-28 12:04:01,15810.0,1367,1,15756.65,1413,1352,0.18662213927905383,0
2023-07-28 12:04:01,15810.0,1367,1,15756.65,1413,1353,0.18662213927905383,0
2023-07-28 12:05:03,15807.0,1368,1,15756.69,1410,1354,0.16761139504010145,0
2023-07-28 12:05:03,15807.0,1368,1,15756.69,1412,1352,0.16761139504010145,0
2023-07-28 12:05:03,15807.0,1368,1,15756.69,1412,1353,0.16761139504010145,0
2023-07-28 12:05:03,15820.9,1368,1,15756.69,1412,1353,0.25569451001391186,0
2023-07-28 12:05:15,15820.9,1371,1,15756.83,1387,1344,0.25569451001391186,0
2023-07-28 12:05:15,15820.9,1371,1,15756.83,1400,1348,0.25569451001391186,0
2023-07-28 12:05:15,15820.9,1371,1,15756.83,1400,1350,0.25569451001391186,0
2023-07-28 12:05:15,15820.9,1371,1,15756.83,1400,1349,0.25569451001391186,0
2023-07-28 12:05:15,15820.9,1371,1,15756.83,1403,1349,0.25569451001391186,0
2023-07-28 12:05:15,15820.9,1371,1,15756.83,1398,1351,0.25569451001391186,0
2023-07-28 12:05:15,15820.9,1371,1,15756.83,1398,1350,0.25569451001391186,0
2023-07-28 12:05:15,15820.9,1371,1,15756.83,1398,1348,0.25569451001391186,0
