2023-07-28 10:49:23,2613.2,48266,1,2603.65,43514,53804,0.40149841513782797,0
2023-07-28 10:49:29,2613.2,48267,1,2603.65,43488,53817,0.40149841513782797,0
2023-07-28 10:49:29,2614.55,48267,1,2603.65,43488,53817,0.45336663144751443,0
2023-07-28 10:49:29,2614.55,48267,2,2603.65,43488,53817,0.45336663144751443,0
2023-07-28 10:49:35,2614.55,48270,2,2603.65,43453,53821,0.45336663144751443,0
2023-07-28 10:49:35,2614.55,48270,2,2603.65,43453,53821,0.45336663144751443,0
2023-07-28 10:49:35,2614.55,48270,1,2603.65,43453,53821,0.45336663144751443,0
2023-07-28 10:49:35,2614.55,48270,2,2603.65,43453,53821,0.45336663144751443,0
2023-07-28 10:49:40,2614.55,48275,2,2603.66,43451,53830,0.45336663144751443,0
2023-07-28 10:49:40,2614.55,48275,2,2603.66,41071,53869,0.45336663144751443,0
2023-07-28 10:49:40,2614.55,48275,2,2603.66,43255,53874,0.45336663144751443,0
2023-07-28 10:49:40,2614.3,48275,1,2603.66,43255,53874,0.4437614062049825,0
2023-07-28 10:49:40,2613.35,48275,8,2603.66,43255,53874,0.40726155028335065,0
2023-07-28 10:49:40,2614.8,48275,7,2603.66,43255,53874,0.46297185669004637,0
2023-07-28 10:50:02,2612.1,48773,11,2603.75,43392,54028,0.359235424070691,0
2023-07-28 10:50:02,2612.1,48773,11,2603.75,43296,54142,0.359235424070691,0
2023-07-28 10:50:02,2612.1,48773,11,2603.75,43277,54142,0.359235424070691,0
2023-07-28 10:50:02,2612.1,48773,11,2603.75,43296,54117,0.359235424070691,0
2023-07-28 10:50:02,2612.1,48773,11,2603.75,43296,54117,0.359235424070691,0
2023-07-28 10:50:02,2612.1,48773,11,2603.75,43296,54518,0.359235424070691,0
2023-07-28 10:50:02,2612.1,48773,11,2603.75,43332,54457,0.359235424070691,0
2023-07-28 10:50:02,2612.1,48773,11,2603.75,43331,54426,0.359235424070691,0
2023-07-28 10:50:02,2612.1,48773,11,2603.75,43333,54591,0.359235424070691,0
2023-07-28 10:50:02,2612.1,48773,11,2603.75,43333,54601,0.359235424070691,0
2023-07-28 10:50:02,2612.1,48773,11,2603.75,43324,54591,0.359235424070691,0
2023-07-28 10:50:02,2612.1,48773,11,2603.75,43338,54587,0.359235424070691,0
2023-07-28 10:50:02,2612.1,48773,11,2603.75,43372,54586,0.359235424070691,0
2023-07-28 10:50:02,2612.1,48773,11,2603.75,43718,54574,0.359235424070691,0
2023-07-28 10:50:02,2612.1,48773,11,2603.75,43705,54555,0.359235424070691,0
2023-07-28 10:50:02,2612.1,48773,11,2603.75,43705,54555,0.359235424070691,0
2023-07-28 10:50:02,2612.1,48773,11,2603.75,43688,54555,0.359235424070691,0
2023-07-28 10:50:02,2612.1,48773,11,2603.75,43688,54555,0.359235424070691,0
2023-07-28 10:50:22,2613.85,48774,1,2603.75,43371,54582,0.4264720007684145,0
2023-07-28 10:50:22,2613.85,48774,1,2603.75,43371,54582,0.4264720007684145,0
2023-07-28 10:50:22,2613.85,48774,1,2603.75,43614,54569,0.4264720007684145,0
2023-07-28 10:50:22,2613.7,48774,2,2603.75,43614,54569,0.4207088656228919,0
2023-07-28 10:50:24,2613.7,48776,2,2603.75,43333,54647,0.4207088656228919,0
2023-07-28 10:50:24,2613.7,48776,2,2603.75,43322,54644,0.4207088656228919,0
2023-07-28 10:50:24,2613.7,48776,2,2603.75,43582,54670,0.4207088656228919,0
2023-07-28 10:50:24,2613.7,48776,2,2603.75,43578,54670,0.4207088656228919,0
2023-07-28 10:50:24,2613.55,48776,1,2603.75,43578,54670,0.4149457304773867,0
2023-07-28 10:50:28,2613.55,48777,1,2603.75,43626,54634,0.4149457304773867,0
2023-07-28 10:50:28,2613.55,48777,1,2603.75,43611,54640,0.4149457304773867,0
2023-07-28 10:50:28,2613.55,48777,1,2603.75,43629,54649,0.4149457304773867,0
2023-07-28 10:50:28,2613.55,48777,1,2603.75,43615,54663,0.4149457304773867,0
2023-07-28 10:50:28,2613.55,48777,1,2603.75,43580,54663,0.4149457304773867,0
2023-07-28 10:50:28,2613.55,48777,1,2603.75,43582,54669,0.4149457304773867,0
2023-07-28 10:50:28,2613.55,48777,1,2603.75,43598,54651,0.4149457304773867,0
2023-07-28 10:50:28,2613.55,48777,1,2603.75,43578,54407,0.4149457304773867,0
2023-07-28 10:50:28,2613.55,48777,1,2603.75,43579,54454,0.4149457304773867,0
2023-07-28 10:50:28,2613.55,48777,1,2603.75,43579,54427,0.4149457304773867,0
2023-07-28 10:50:37,2613.55,48779,1,2603.75,43535,54434,0.4149457304773867,0
2023-07-28 10:50:37,2613.55,48779,1,2603.75,43545,54456,0.4149457304773867,0
2023-07-28 10:50:37,2613.55,48779,1,2603.75,43581,54459,0.4149457304773867,0
2023-07-28 10:50:37,2613.55,48779,1,2603.75,43581,54491,0.4149457304773867,0
2023-07-28 10:50:37,2613.55,48779,1,2603.75,43571,54482,0.4149457304773867,0
2023-07-28 10:50:37,2613.55,48779,1,2603.75,43581,54482,0.4149457304773867,0
2023-07-28 10:50:37,2613.55,48779,1,2603.75,43571,54487,0.4149457304773867,0
2023-07-28 10:50:37,2612.3,48779,2,2603.75,43571,54487,0.366919604264727,0
2023-07-28 10:50:45,2612.3,48781,2,2603.75,43564,54487,0.366919604264727,0
2023-07-28 10:50:45,2612.3,48781,2,2603.75,43563,54507,0.366919604264727,0
2023-07-28 10:50:45,2612.3,48781,2,2603.75,43560,54507,0.366919604264727,0
2023-07-28 10:50:45,2612.3,48781,2,2603.75,43561,54507,0.366919604264727,0
2023-07-28 10:50:45,2612.3,48781,2,2603.75,43561,54502,0.366919604264727,0
2023-07-28 10:50:45,2612.3,48781,2,2603.75,43563,54507,0.366919604264727,0
2023-07-28 10:50:45,2613.55,48781,1,2603.75,43552,54507,0.4149457304773867,0
2023-07-28 10:50:53,2616.8,50061,58,2604.04,44530,52497,0.5398136586303018,0
2023-07-28 10:50:53,2616.8,50061,58,2604.04,44261,52573,0.5398136586303018,0
2023-07-28 10:50:53,2615.55,50061,2,2604.04,44367,52651,0.49178753241764217,0
2023-07-28 10:50:56,2615.55,50063,2,2604.04,44365,52785,0.49178753241764217,0
2023-07-28 10:50:56,2615.55,50063,2,2604.04,44130,52852,0.49178753241764217,0
2023-07-28 10:50:56,2615.55,50063,2,2604.04,44131,52852,0.49178753241764217,0
2023-07-28 10:50:56,2615.55,50063,2,2604.04,44141,52852,0.49178753241764217,0
2023-07-28 10:50:56,2615.55,50063,2,2604.04,44142,53027,0.49178753241764217,0
2023-07-28 10:50:56,2615.55,50063,2,2604.04,44121,53027,0.49178753241764217,0
2023-07-28 10:50:56,2615.55,50063,2,2604.04,44112,53038,0.49178753241764217,0
2023-07-28 10:50:56,2615.55,50063,2,2604.04,44109,53049,0.49178753241764217,0
2023-07-28 10:50:56,2615.55,50063,2,2604.04,44093,53049,0.49178753241764217,0
2023-07-28 10:50:56,2616.65,50063,1,2604.04,44092,53049,0.5340505234847792,0
2023-07-28 10:51:07,2616.65,50064,1,2604.04,44095,53037,0.5340505234847792,0
2023-07-28 10:51:07,2616.65,50064,1,2604.04,43462,53050,0.5340505234847792,0
2023-07-28 10:51:07,2616.65,50064,1,2604.04,43561,53203,0.5340505234847792,0
2023-07-28 10:51:07,2616.65,50064,1,2604.04,43630,53178,0.5340505234847792,0
2023-07-28 10:51:07,2615.5,50064,2,2604.04,43612,53196,0.4898664873691288,0
2023-07-28 10:51:14,2615.5,50066,2,2604.05,43832,53196,0.4898664873691288,0
2023-07-28 10:51:14,2615.5,50066,1,2604.05,43832,53196,0.4898664873691288,0
2023-07-28 10:51:15,2615.5,50067,1,2604.05,43853,53230,0.4898664873691288,0
2023-07-28 10:51:15,2615.5,50067,1,2604.05,43853,53230,0.4898664873691288,0
2023-07-28 10:51:16,2615.5,50068,1,2604.05,43852,53233,0.4898664873691288,0
2023-07-28 10:51:16,2615.5,50068,1,2604.05,43865,53223,0.4898664873691288,0
2023-07-28 10:51:16,2615.5,50068,1,2604.05,43850,53223,0.4898664873691288,0
2023-07-28 10:51:16,2614.55,50068,5,2604.05,43850,53223,0.45336663144751443,0
2023-07-28 10:51:20,2614.55,50091,5,2604.05,43841,53170,0.45336663144751443,0
2023-07-28 10:51:20,2614.55,50091,5,2604.05,43858,53165,0.45336663144751443,0
2023-07-28 10:51:20,2614.55,50091,5,2604.05,43752,53122,0.45336663144751443,0
2023-07-28 10:51:20,2614.55,50091,5,2604.05,43752,53158,0.45336663144751443,0
2023-07-28 10:51:20,2614.55,50091,5,2604.05,43733,53183,0.45336663144751443,0
2023-07-28 10:51:20,2614.55,50091,5,2604.05,43747,53168,0.45336663144751443,0
2023-07-28 10:51:20,2614.55,50091,5,2604.05,43733,53184,0.45336663144751443,0
2023-07-28 10:51:20,2614.55,50091,5,2604.05,44009,53184,0.45336663144751443,0
2023-07-28 10:51:20,2614.55,50091,5,2604.05,43812,53119,0.45336663144751443,0
2023-07-28 10:51:20,2614.55,50091,5,2604.05,43762,53153,0.45336663144751443,0
2023-07-28 10:51:20,2614.55,50091,5,2604.05,43762,53153,0.45336663144751443,0
2023-07-28 10:51:20,2614.55,50091,5,2604.05,43811,53119,0.45336663144751443,0
2023-07-28 10:51:20,2614.55,50091,5,2604.05,43775,53157,0.45336663144751443,0
2023-07-28 10:51:20,2614.55,50091,5,2604.05,43055,53147,0.45336663144751443,0
2023-07-28 10:51:20,2614.55,50091,5,2604.05,43791,53147,0.45336663144751443,0
2023-07-28 10:51:20,2615.05,50091,2,2604.05,43791,53147,0.4725770819325783,0
2023-07-28 10:51:37,2615.05,50093,2,2604.05,43807,53152,0.4725770819325783,0
2023-07-28 10:51:37,2615.05,50093,2,2604.05,43789,53147,0.4725770819325783,0
2023-07-28 10:51:37,2614.55,50093,1,2604.05,43789,53147,0.45336663144751443,0
2023-07-28 10:51:41,2614.55,50094,1,2604.05,43454,53333,0.45336663144751443,0
2023-07-28 10:51:41,2614.55,50094,1,2604.05,43444,53338,0.45336663144751443,0
2023-07-28 10:51:41,2614.55,50094,1,2604.05,43460,53292,0.45336663144751443,0
2023-07-28 10:51:41,2614.55,50094,1,2604.05,43314,53200,0.45336663144751443,0
2023-07-28 10:51:41,2614.55,50094,1,2604.05,43302,53236,0.45336663144751443,0
2023-07-28 10:51:41,2614.55,50094,1,2604.05,43303,53236,0.45336663144751443,0
2023-07-28 10:51:41,2615.0,50094,4,2604.05,43303,53236,0.47065603688406493,0
2023-07-28 10:51:48,2614.55,50114,1,2604.06,43303,53209,0.45336663144751443,0
2023-07-28 10:51:48,2614.55,50117,1,2604.06,43362,53324,0.45336663144751443,0
2023-07-28 10:51:48,2614.55,50117,1,2604.06,43426,53242,0.45336663144751443,0
2023-07-28 10:51:48,2614.55,50117,1,2604.06,43443,53247,0.45336663144751443,0
2023-07-28 10:51:52,2612.4,50120,3,2604.06,43482,53192,0.3707616943617363,0
2023-07-28 10:51:52,2612.4,50120,3,2604.06,41457,53215,0.3707616943617363,0
2023-07-28 10:51:52,2612.4,50120,3,2604.06,43382,53233,0.3707616943617363,0
2023-07-28 10:51:52,2612.4,50120,3,2604.06,43440,53177,0.3707616943617363,0
2023-07-28 10:51:52,2613.75,50120,200,2604.06,43440,53177,0.42262991067140526,0
2023-07-28 10:51:56,2613.75,50320,200,2604.1,43789,53116,0.42262991067140526,0
2023-07-28 10:51:56,2614.0,50320,1,2604.1,43856,53097,0.4322351359139372,0
2023-07-28 10:51:56,2614.0,50320,1,2604.1,43856,53097,0.4322351359139372,0
2023-07-28 10:51:56,2614.55,50320,9,2604.1,43856,53097,0.45336663144751443,0
2023-07-28 10:51:59,2614.55,50331,9,2604.1,43685,53177,0.45336663144751443,0
2023-07-28 10:52:00,2614.55,50332,1,2604.1,43697,53093,0.45336663144751443,0
2023-07-28 10:52:00,2614.55,50332,1,2604.1,43707,53113,0.45336663144751443,0
2023-07-28 10:52:03,2614.55,50346,5,2604.1,43566,53116,0.45336663144751443,0
2023-07-28 10:52:03,2614.55,50346,5,2604.1,43566,53116,0.45336663144751443,0
2023-07-28 10:52:04,2614.6,50347,1,2604.1,43924,53085,0.4552876764960103,0
2023-07-28 10:52:04,2614.6,50347,1,2604.1,43945,53093,0.4552876764960103,0
2023-07-28 10:52:06,2614.6,50348,1,2604.1,43916,53090,0.4552876764960103,0
2023-07-28 10:52:06,2614.6,50349,1,2604.1,43503,53100,0.4552876764960103,0
2023-07-28 10:52:06,2614.6,50349,1,2604.1,43503,53100,0.4552876764960103,0
2023-07-28 10:52:08,2613.95,50366,3,2604.1,43639,53123,0.4303140908654238,0
2023-07-28 10:52:08,2613.95,50366,3,2604.1,43348,53130,0.4303140908654238,0
2023-07-28 10:52:10,2614.6,50367,1,2604.1,43386,53165,0.4552876764960103,0
2023-07-28 10:52:10,2614.6,50367,1,2604.1,43386,53165,0.4552876764960103,0
2023-07-28 10:52:10,2613.75,50367,4,2604.1,43386,53170,0.42262991067140526,0
2023-07-28 10:52:13,2613.75,50372,4,2604.11,43396,53169,0.42262991067140526,0
2023-07-28 10:52:13,2613.75,50372,4,2604.11,43433,52990,0.42262991067140526,0
2023-07-28 10:52:13,2613.75,50372,46,2604.11,43680,52975,0.42262991067140526,0
2023-07-28 10:52:18,2613.75,50519,46,2604.14,43540,53102,0.42262991067140526,0
2023-07-28 10:52:18,2613.75,50519,46,2604.14,43546,53131,0.42262991067140526,0
2023-07-28 10:52:18,2613.75,50519,46,2604.14,43175,53271,0.42262991067140526,0
2023-07-28 10:52:18,2613.75,50519,46,2604.14,43759,53186,0.42262991067140526,0
2023-07-28 10:52:18,2613.75,50519,46,2604.14,43759,53186,0.42262991067140526,0
2023-07-28 10:52:18,2613.75,50519,46,2604.14,43795,53187,0.42262991067140526,0
2023-07-28 10:52:18,2613.75,50519,46,2604.14,43795,53187,0.42262991067140526,0
2023-07-28 10:52:18,2613.75,50519,46,2604.14,43835,53164,0.42262991067140526,0
2023-07-28 10:52:18,2613.75,50519,46,2604.14,44075,53164,0.42262991067140526,0
2023-07-28 10:52:18,2614.0,50519,10,2604.14,44075,53164,0.4322351359139372,0
2023-07-28 10:52:27,2614.0,50530,10,2604.14,44096,53164,0.4322351359139372,0
2023-07-28 10:52:27,2614.0,50530,10,2604.14,44081,53143,0.4322351359139372,0
2023-07-28 10:52:27,2614.0,50530,10,2604.14,43842,53143,0.4322351359139372,0
2023-07-28 10:52:32,2613.75,50531,1,2604.14,43841,53143,0.42262991067140526,0
2023-07-28 10:52:32,2614.3,50531,17,2604.14,43841,53143,0.4437614062049825,0
2023-07-28 10:52:32,2614.3,50848,17,2604.2,43666,53079,0.4437614062049825,0
2023-07-28 10:52:32,2614.3,50848,17,2604.2,43831,52991,0.4437614062049825,0
2023-07-28 10:52:32,2614.3,50848,17,2604.2,43609,53050,0.4437614062049825,0
2023-07-28 10:52:32,2615.35,50848,1,2604.2,43609,53050,0.4841033522236062,0
2023-07-28 10:52:35,2615.35,50849,1,2604.2,43638,52972,0.4841033522236062,0
2023-07-28 10:52:35,2615.4,50849,1,2604.2,43603,53033,0.48602439727211955,0
2023-07-28 10:52:37,2615.4,50850,1,2604.2,43558,53050,0.48602439727211955,0
2023-07-28 10:52:38,2615.4,50851,1,2604.2,43573,53002,0.48602439727211955,0
2023-07-28 10:52:38,2615.4,50851,1,2604.2,43563,52963,0.48602439727211955,0
2023-07-28 10:52:38,2615.4,50851,1,2604.2,43563,52959,0.48602439727211955,0
2023-07-28 10:52:38,2614.25,50851,3,2604.2,43612,52965,0.44184036115646913,0
2023-07-28 10:52:42,2614.25,50905,3,2604.21,43499,53042,0.44184036115646913,0
2023-07-28 10:52:42,2614.25,50905,3,2604.21,44053,52931,0.44184036115646913,0
2023-07-28 10:52:42,2615.8,50905,13,2604.21,44053,52931,0.5013927576601741,0
2023-07-28 10:52:44,2615.8,51205,13,2604.28,44099,52833,0.5013927576601741,0
2023-07-28 10:52:44,2615.8,51205,13,2604.28,44099,52839,0.5013927576601741,0
2023-07-28 10:52:44,2615.8,51205,13,2604.28,44099,52839,0.5013927576601741,0
2023-07-28 10:52:44,2615.45,51205,1,2604.28,44099,52837,0.48794544232061543,0
2023-07-28 10:52:48,2615.45,51298,1,2604.3,43844,53091,0.48794544232061543,0
2023-07-28 10:52:48,2615.45,51298,1,2604.3,43845,53038,0.48794544232061543,0
2023-07-28 10:52:48,2615.0,51298,50,2604.3,43845,53038,0.47065603688406493,0
2023-07-28 10:52:50,2615.0,51348,50,2604.31,43835,53003,0.47065603688406493,0
2023-07-28 10:52:50,2617.25,51348,19,2604.31,43835,53003,0.5571030640668524,0
2023-07-28 10:52:53,2617.25,53265,19,2604.75,45181,52371,0.5571030640668524,0
2023-07-28 10:52:53,2617.25,53265,19,2604.75,44999,53039,0.5571030640668524,0
2023-07-28 10:52:53,2617.0,53265,34,2604.75,44999,53066,0.5474978388243205,0
2023-07-28 10:52:56,2617.0,53309,34,2604.76,45020,53106,0.5474978388243205,0
2023-07-28 10:52:56,2617.0,53309,34,2604.76,45034,53169,0.5474978388243205,0
2023-07-28 10:52:56,2617.0,53309,34,2604.76,45051,53192,0.5474978388243205,0
2023-07-28 10:52:56,2618.35,53309,10,2604.76,45051,53192,0.5993660551339894,0
2023-07-28 10:53:02,2618.35,53569,1,2604.82,45983,53017,0.5993660551339894,0
2023-07-28 10:53:02,2617.25,53569,1,2604.82,45998,53017,0.5571030640668524,0
2023-07-28 10:53:03,2618.85,53626,15,2604.84,46132,52966,0.6185765056190533,0
2023-07-28 10:53:03,2618.5,53626,300,2604.84,46132,52966,0.6051291902795121,0
2023-07-28 10:53:04,2618.5,53926,300,2604.91,46399,53019,0.6051291902795121,0
2023-07-28 10:53:06,2617.7,53932,4,2604.92,46411,53003,0.5743924695034028,0
2023-07-28 10:53:06,2617.7,53932,4,2604.92,46411,53003,0.5743924695034028,0
2023-07-28 10:53:06,2617.7,53932,4,2604.92,46411,52993,0.5743924695034028,0
2023-07-28 10:53:08,2618.9,53942,8,2604.92,46443,53028,0.6204975506675666,0
2023-07-28 10:53:08,2618.9,53942,8,2604.92,46438,53028,0.6204975506675666,0
2023-07-28 10:53:08,2618.85,53942,10,2604.92,46438,53028,0.6185765056190533,0
2023-07-28 10:53:10,2618.85,53952,10,2604.92,46196,53133,0.6185765056190533,0
2023-07-28 10:53:12,2618.9,54102,98,2604.96,46096,53152,0.6204975506675666,0
2023-07-28 10:53:12,2618.9,54102,98,2604.96,46096,53152,0.6204975506675666,0
2023-07-28 10:53:12,2618.9,54102,98,2604.96,46098,53153,0.6204975506675666,0
2023-07-28 10:53:12,2618.9,54102,98,2604.96,46099,53153,0.6204975506675666,0
2023-07-28 10:53:12,2618.9,54102,3,2604.96,46099,53153,0.6204975506675666,0
2023-07-28 10:53:15,2618.9,54107,3,2604.96,46099,53153,0.6204975506675666,0
2023-07-28 10:53:15,2618.9,54107,3,2604.96,46100,53153,0.6204975506675666,0
2023-07-28 10:53:15,2618.9,54107,5,2604.96,46100,53153,0.6204975506675666,0
2023-07-28 10:53:17,2618.9,54112,5,2604.96,46350,53126,0.6204975506675666,0
2023-07-28 10:53:17,2618.7,54112,1,2604.96,46442,53134,0.6128133704735306,0
2023-07-28 10:53:20,2618.7,54115,2,2604.96,46443,53426,0.6128133704735306,0
2023-07-28 10:53:20,2618.7,54115,2,2604.96,46443,53426,0.6128133704735306,0
2023-07-28 10:53:20,2620.0,54115,21,2604.96,46443,53426,0.6627605417347037,0
2023-07-28 10:53:22,2620.0,57115,21,2605.74,45907,53168,0.6627605417347037,0
2023-07-28 10:53:22,2620.0,57115,21,2605.74,45907,53168,0.6627605417347037,0
2023-07-28 10:53:22,2620.0,57115,21,2605.74,45961,53396,0.6627605417347037,0
2023-07-28 10:53:22,2620.0,57115,21,2605.74,45961,53396,0.6627605417347037,0
2023-07-28 10:53:22,2620.0,57115,21,2605.74,45961,53396,0.6627605417347037,0
2023-07-28 10:53:25,2618.75,57135,10,2605.75,45951,53398,0.614734415522044,0
2023-07-28 10:53:25,2618.75,57135,10,2605.75,45951,53398,0.614734415522044,0
2023-07-28 10:53:26,2620.05,57136,1,2605.75,45960,53394,0.6646815867832171,0
2023-07-28 10:53:26,2620.05,57136,1,2605.75,45959,53362,0.6646815867832171,0
2023-07-28 10:53:26,2620.05,57136,1,2605.75,45959,53343,0.6646815867832171,0
2023-07-28 10:53:29,2618.0,57297,44,2605.78,45631,53777,0.5859187397944482,0
2023-07-28 10:53:30,2618.0,57304,2,2605.78,45755,53631,0.5859187397944482,0
2023-07-28 10:53:30,2618.0,57304,2,2605.78,44533,53755,0.5859187397944482,0
2023-07-28 10:53:30,2618.0,57304,2,2605.78,45780,53760,0.5859187397944482,0
2023-07-28 10:53:30,2618.0,57304,1,2605.78,45785,53760,0.5859187397944482,0
2023-07-28 10:53:34,2618.0,57335,1,2605.79,45776,53785,0.5859187397944482,0
2023-07-28 10:53:34,2618.0,57335,1,2605.79,45797,53839,0.5859187397944482,0
2023-07-28 10:53:34,2618.0,57335,1,2605.79,45800,55527,0.5859187397944482,0
2023-07-28 10:53:39,2619.05,57747,19,2605.89,45862,55958,0.6262606858130894,0
2023-07-28 10:53:39,2619.05,57747,19,2605.89,45862,55958,0.6262606858130894,0
2023-07-28 10:53:39,2619.05,57747,19,2605.89,45862,56119,0.6262606858130894,0
2023-07-28 10:53:41,2619.7,57748,1,2605.89,45889,56074,0.6512342714436584,0
2023-07-28 10:53:42,2619.7,57750,1,2605.89,45889,56005,0.6512342714436584,0
2023-07-28 10:53:42,2619.7,57750,1,2605.89,45889,56002,0.6512342714436584,0
2023-07-28 10:53:44,2619.7,57800,48,2605.9,45927,55986,0.6512342714436584,0
2023-07-28 10:53:44,2619.7,57800,48,2605.9,45943,55994,0.6512342714436584,0
2023-07-28 10:53:47,2619.5,57990,185,2605.94,45899,56116,0.6435500912496398,0
2023-07-28 10:53:47,2617.9,57990,2,2605.94,45264,56122,0.5820766496974389,0
2023-07-28 10:53:48,2617.9,58030,2,2605.95,45997,56194,0.5820766496974389,0
2023-07-28 10:53:48,2617.55,58030,12,2605.95,45997,56194,0.5686293343578976,0
2023-07-28 10:53:49,2617.55,58130,12,2605.97,46033,54565,0.5686293343578976,0
2023-07-28 10:53:49,2617.55,58130,12,2605.97,46075,54513,0.5686293343578976,0
2023-07-28 10:53:49,2617.55,58130,12,2605.97,46068,54552,0.5686293343578976,0
2023-07-28 10:53:49,2617.55,58130,12,2605.97,46063,54544,0.5686293343578976,0
2023-07-28 10:53:49,2617.55,58130,12,2605.97,46047,54560,0.5686293343578976,0
2023-07-28 10:53:55,2620.0,58630,86,2606.09,46024,54554,0.6627605417347037,0
2023-07-28 10:53:55,2620.0,58630,86,2606.09,45319,54543,0.6627605417347037,0
2023-07-28 10:53:55,2620.0,58630,40,2606.09,46079,54533,0.6627605417347037,0
2023-07-28 10:53:55,2620.0,58630,50,2606.09,46079,54533,0.6627605417347037,0
2023-07-28 10:53:58,2620.0,58791,50,2606.13,46119,54481,0.6627605417347037,0
2023-07-28 10:53:58,2620.0,58791,50,2606.13,46127,54481,0.6627605417347037,0
2023-07-28 10:53:58,2620.0,58791,39,2606.13,46127,54481,0.6627605417347037,0
2023-07-28 10:54:00,2620.0,59197,1,2606.22,45308,54530,0.6627605417347037,0
2023-07-28 10:54:00,2620.0,59197,1,2606.22,45305,54518,0.6627605417347037,0
2023-07-28 10:54:00,2620.0,59197,1,2606.22,46055,54518,0.6627605417347037,0
2023-07-28 10:54:00,2620.0,59197,1,2606.22,46095,54518,0.6627605417347037,0
2023-07-28 10:54:00,2620.0,59197,1,2606.22,46096,54518,0.6627605417347037,0
2023-07-28 10:54:00,2620.0,59197,1,2606.22,46096,54518,0.6627605417347037,0
2023-07-28 10:54:00,2620.0,59197,1,2606.22,46096,54818,0.6627605417347037,0
2023-07-28 10:54:00,2620.0,59197,1,2606.22,45346,54919,0.6627605417347037,0
2023-07-28 10:54:00,2620.0,59197,1,2606.22,46105,54918,0.6627605417347037,0
2023-07-28 10:54:00,2620.0,59197,1,2606.22,46105,54918,0.6627605417347037,0
2023-07-28 10:54:00,2620.0,59197,1,2606.22,46100,55023,0.6627605417347037,0
2023-07-28 10:54:00,2620.0,59197,1,2606.22,46031,55137,0.6627605417347037,0
2023-07-28 10:54:13,2617.0,59369,32,2606.26,45770,55567,0.5474978388243205,0
2023-07-28 10:54:13,2619.0,59369,139,2606.26,45789,55645,0.6243396407645759,0
2023-07-28 10:54:15,2619.0,59620,139,2606.31,45860,55152,0.6243396407645759,0
2023-07-28 10:54:15,2619.0,59620,139,2606.31,45718,55299,0.6243396407645759,0
2023-07-28 10:54:18,2617.0,59718,50,2606.33,45758,55084,0.5474978388243205,0
2023-07-28 10:54:18,2618.0,60018,200,2606.39,45905,54978,0.5859187397944482,0
2023-07-28 10:54:18,2620.0,60018,132,2606.39,45911,54970,0.6627605417347037,0
2023-07-28 10:54:20,2620.0,60718,132,2606.54,46222,54823,0.6627605417347037,0
2023-07-28 10:54:20,2620.0,60718,132,2606.54,46393,55096,0.6627605417347037,0
2023-07-28 10:54:24,2620.0,61068,4,2606.62,46462,55537,0.6627605417347037,0
2023-07-28 10:54:24,2620.0,61068,4,2606.62,46458,55514,0.6627605417347037,0
2023-07-28 10:54:24,2620.0,61068,4,2606.62,46774,55591,0.6627605417347037,0
2023-07-28 10:54:24,2620.0,61068,4,2606.62,46774,55590,0.6627605417347037,0
2023-07-28 10:54:24,2620.0,61068,4,2606.62,46774,55593,0.6627605417347037,0
2023-07-28 10:54:24,2620.0,61068,4,2606.62,46794,55572,0.6627605417347037,0
2023-07-28 10:54:24,2620.0,61068,4,2606.62,46729,55585,0.6627605417347037,0
2023-07-28 10:54:24,2619.85,61068,28,2606.62,46461,55495,0.656997406589181,0
2023-07-28 10:54:32,2619.1,61096,1,2606.62,46466,55495,0.6281817308615852,0
2023-07-28 10:54:33,2619.1,61097,1,2606.62,46461,55602,0.6281817308615852,0
2023-07-28 10:54:33,2619.1,61097,1,2606.62,46511,55586,0.6281817308615852,0
2023-07-28 10:54:33,2619.1,61097,1,2606.62,46511,55808,0.6281817308615852,0
2023-07-28 10:54:33,2619.1,61097,1,2606.62,46543,55759,0.6281817308615852,0
2023-07-28 10:54:33,2619.1,61097,1,2606.62,46543,55759,0.6281817308615852,0
2023-07-28 10:54:33,2619.1,61097,1,2606.62,46543,55971,0.6281817308615852,0
2023-07-28 10:54:40,2619.8,61190,93,2606.64,46548,55971,0.6550763615406852,0
2023-07-28 10:54:40,2619.8,61190,93,2606.64,46552,56188,0.6550763615406852,0
2023-07-28 10:54:40,2619.8,61190,93,2606.64,46552,56188,0.6550763615406852,0
2023-07-28 10:54:40,2619.8,61190,93,2606.64,46552,56188,0.6550763615406852,0
2023-07-28 10:54:40,2619.8,61190,93,2606.64,46552,56555,0.6550763615406852,0
2023-07-28 10:54:40,2619.8,61190,93,2606.64,46551,56555,0.6550763615406852,0
2023-07-28 10:54:40,2619.8,61190,93,2606.64,46551,56653,0.6550763615406852,0
2023-07-28 10:54:40,2619.1,61190,1,2606.64,46551,56652,0.6281817308615852,0
2023-07-28 10:54:49,2619.75,61236,35,2606.65,46545,57014,0.6531553164921717,0
2023-07-28 10:54:49,2619.75,61236,17,2606.65,46558,57197,0.6531553164921717,0
2023-07-28 10:54:51,2619.75,61253,17,2606.66,46525,57421,0.6531553164921717,0
2023-07-28 10:54:52,2619.75,61278,25,2606.66,46533,57697,0.6531553164921717,0
2023-07-28 10:54:52,2619.75,61278,25,2606.66,46533,57633,0.6531553164921717,0
2023-07-28 10:54:52,2619.75,61278,25,2606.66,46551,57740,0.6531553164921717,0
2023-07-28 10:54:52,2620.0,61278,225,2606.66,46551,57740,0.6627605417347037,0
2023-07-28 10:54:55,2620.0,61778,225,2606.77,46034,57594,0.6627605417347037,0
2023-07-28 10:54:55,2620.0,61778,225,2606.77,46100,57812,0.6627605417347037,0
2023-07-28 10:54:55,2620.0,61778,225,2606.77,46137,57791,0.6627605417347037,0
2023-07-28 10:54:55,2620.0,61778,225,2606.77,46160,57821,0.6627605417347037,0
2023-07-28 10:54:55,2620.0,61778,225,2606.77,46165,57821,0.6627605417347037,0
2023-07-28 10:54:55,2620.0,61778,225,2606.77,46143,57895,0.6627605417347037,0
2023-07-28 10:54:55,2620.0,61778,225,2606.77,46143,57880,0.6627605417347037,0
2023-07-28 10:55:03,2620.0,61784,1,2606.77,45383,57896,0.6627605417347037,0
2023-07-28 10:55:03,2620.0,61784,1,2606.77,46082,57926,0.6627605417347037,0
2023-07-28 10:55:05,2620.6,62008,4,2606.82,46474,57520,0.6858130823167768,0
2023-07-28 10:55:05,2619.5,62008,3,2606.82,46474,57520,0.6435500912496398,0
2023-07-28 10:55:05,2619.5,62108,3,2606.84,45738,57605,0.6435500912496398,0
2023-07-28 10:55:05,2619.5,62108,3,2606.84,46488,57605,0.6435500912496398,0
2023-07-28 10:55:05,2620.0,62108,1,2606.84,46575,57586,0.6627605417347037,0
2023-07-28 10:55:09,2620.0,62109,1,2606.84,46700,57454,0.6627605417347037,0
2023-07-28 10:55:09,2619.65,62109,10,2606.84,46700,57454,0.6493132263951624,0
2023-07-28 10:55:10,2619.65,62142,10,2606.85,46505,57746,0.6493132263951624,0
2023-07-28 10:55:10,2619.65,62142,10,2606.85,46547,57678,0.6493132263951624,0
2023-07-28 10:55:10,2619.65,62142,10,2606.85,46525,57640,0.6493132263951624,0
2023-07-28 10:55:14,2619.65,62143,1,2606.85,46540,57647,0.6493132263951624,0
2023-07-28 10:55:14,2620.0,62143,1,2606.85,46520,57686,0.6627605417347037,0
2023-07-28 10:55:16,2621.0,63144,172,2607.07,46841,57356,0.7011814427048314,0
2023-07-28 10:55:16,2620.0,63144,2,2607.07,46841,57356,0.6627605417347037,0
2023-07-28 10:55:16,2620.0,63146,2,2607.07,46794,57428,0.6627605417347037,0
2023-07-28 10:55:16,2620.0,63146,2,2607.07,46800,57428,0.6627605417347037,0
2023-07-28 10:55:16,2620.0,63146,1,2607.07,46828,57428,0.6627605417347037,0
2023-07-28 10:55:16,2618.0,63146,98,2607.07,46828,57428,0.5859187397944482,0
2023-07-28 10:55:19,2618.0,63959,98,2607.21,45835,58313,0.5859187397944482,0
2023-07-28 10:55:19,2618.0,63959,98,2607.21,45811,58543,0.5859187397944482,0
2023-07-28 10:55:19,2618.0,63959,15,2607.21,45811,58543,0.5859187397944482,0
2023-07-28 10:55:21,2618.0,63974,15,2607.21,45800,58461,0.5859187397944482,0
2023-07-28 10:55:21,2618.95,63974,1,2607.21,45800,58441,0.6224185957160625,0
2023-07-28 10:55:23,2618.95,64074,1,2607.23,45857,58455,0.6224185957160625,0
2023-07-28 10:55:23,2618.0,64074,10,2607.23,45857,58455,0.5859187397944482,0
2023-07-28 10:55:24,2618.0,64084,10,2607.23,45822,58370,0.5859187397944482,0
2023-07-28 10:55:24,2618.0,64084,30,2607.23,45822,58215,0.5859187397944482,0
2023-07-28 10:55:26,2618.0,64114,30,2607.24,45827,58194,0.5859187397944482,0
2023-07-28 10:55:26,2618.0,64114,30,2607.24,45825,58198,0.5859187397944482,0
2023-07-28 10:55:26,2617.05,64114,11,2607.24,45825,58198,0.5494188838728338,0
2023-07-28 10:55:29,2617.05,64143,11,2607.24,45778,58199,0.5494188838728338,0
2023-07-28 10:55:29,2618.35,64143,20,2607.24,45778,58199,0.5993660551339894,0
2023-07-28 10:55:30,2618.35,64218,20,2607.26,45791,58181,0.5993660551339894,0
2023-07-28 10:55:30,2618.35,64218,20,2607.26,45791,58181,0.5993660551339894,0
2023-07-28 10:55:30,2618.35,64218,20,2607.26,45791,58181,0.5993660551339894,0
2023-07-28 10:55:34,2617.75,64220,1,2607.26,45807,58160,0.5763135145519163,0
2023-07-28 10:55:34,2617.75,64220,1,2607.26,45788,58199,0.5763135145519163,0
2023-07-28 10:55:34,2617.05,64220,2,2607.26,45799,58209,0.5494188838728338,0
2023-07-28 10:55:36,2617.05,64222,2,2607.26,45790,58219,0.5494188838728338,0
2023-07-28 10:55:39,2617.05,64224,2,2607.26,45790,58227,0.5494188838728338,0
2023-07-28 10:55:39,2617.05,64224,2,2607.26,45790,58227,0.5494188838728338,0
2023-07-28 10:55:41,2617.0,64389,15,2607.28,45561,58306,0.5474978388243205,0
2023-07-28 10:55:41,2617.0,64389,15,2607.28,45542,59326,0.5474978388243205,0
2023-07-28 10:55:41,2617.5,64389,100,2607.28,45542,59326,0.5667082893093843,0
2023-07-28 10:55:42,2617.5,64489,100,2607.3,45571,59261,0.5667082893093843,0
2023-07-28 10:55:43,2618.65,64786,5,2607.35,46221,58941,0.6108923254250347,0
2023-07-28 10:55:43,2618.65,64786,5,2607.35,46082,59043,0.6108923254250347,0
2023-07-28 10:55:43,2618.65,64786,5,2607.35,46071,59015,0.6108923254250347,0
2023-07-28 10:55:43,2618.65,64786,5,2607.35,46065,59036,0.6108923254250347,0
2023-07-28 10:55:43,2618.6,64786,1,2607.35,46064,59024,0.6089712803765214,0
2023-07-28 10:55:48,2618.6,64788,1,2607.35,45952,59112,0.6089712803765214,0
2023-07-28 10:55:48,2618.6,64788,1,2607.35,46005,59297,0.6089712803765214,0
2023-07-28 10:55:48,2618.6,64788,1,2607.35,46006,59364,0.6089712803765214,0
2023-07-28 10:55:48,2618.6,64788,1,2607.35,45995,59364,0.6089712803765214,0
2023-07-28 10:55:48,2618.95,64788,10,2607.35,45995,59364,0.6224185957160625,0
2023-07-28 10:55:54,2618.95,65038,10,2607.39,46088,58961,0.6224185957160625,0
2023-07-28 10:55:54,2618.95,65038,10,2607.39,46083,58125,0.6224185957160625,0
2023-07-28 10:55:54,2618.95,65038,10,2607.39,46103,58125,0.6224185957160625,0
2023-07-28 10:55:57,2620.75,65548,8,2607.49,46392,57873,0.6915762174622995,0
2023-07-28 10:55:58,2619.0,65598,50,2607.5,46206,58029,0.6243396407645759,0
2023-07-28 10:55:58,2619.0,65598,50,2607.5,46193,58077,0.6243396407645759,0
2023-07-28 10:55:58,2618.15,65598,12,2607.5,46193,58077,0.5916818749399708,0
2023-07-28 10:56:00,2616.95,65697,16,2607.51,44962,58554,0.545576793775807,0
2023-07-28 10:56:00,2617.95,65697,13,2607.51,44962,58554,0.5839976947459348,0
2023-07-28 10:56:02,2617.8,65737,15,2607.52,45502,58613,0.5782345596004296,0
2023-07-28 10:56:03,2616.1,65837,10,2607.54,45495,58667,0.5129190279512019,0
2023-07-28 10:56:03,2616.1,65837,10,2607.54,45495,58667,0.5129190279512019,0
2023-07-28 10:56:04,2616.95,65839,2,2607.54,45480,58656,0.545576793775807,0
2023-07-28 10:56:05,2616.0,65940,98,2607.55,45363,58693,0.5090769378541927,0
2023-07-28 10:56:05,2616.0,65940,98,2607.55,45424,58690,0.5090769378541927,0
2023-07-28 10:56:05,2616.0,65940,98,2607.55,45424,58681,0.5090769378541927,0
2023-07-28 10:56:05,2616.0,65940,98,2607.55,45427,58646,0.5090769378541927,0
2023-07-28 10:56:05,2616.0,65940,98,2607.55,45427,58646,0.5090769378541927,0
2023-07-28 10:56:05,2616.0,65940,98,2607.55,45438,58550,0.5090769378541927,0
2023-07-28 10:56:05,2616.0,65940,98,2607.55,44688,58691,0.5090769378541927,0
2023-07-28 10:56:05,2616.0,65940,98,2607.55,45438,58691,0.5090769378541927,0
2023-07-28 10:56:05,2616.0,65940,98,2607.55,45445,58761,0.5090769378541927,0
2023-07-28 10:56:05,2616.0,65940,98,2607.55,45446,58780,0.5090769378541927,0
2023-07-28 10:56:05,2616.75,65940,1,2607.55,45446,58680,0.5378926135817885,0
2023-07-28 10:56:18,2616.1,65947,5,2607.55,44695,58729,0.5129190279512019,0
2023-07-28 10:56:20,2616.0,65955,3,2607.55,45454,58795,0.5090769378541927,0
2023-07-28 10:56:20,2616.0,65955,3,2607.55,45454,58795,0.5090769378541927,0
2023-07-28 10:56:20,2616.0,65955,3,2607.55,44921,58783,0.5090769378541927,0
2023-07-28 10:56:20,2616.0,65955,3,2607.55,44921,58783,0.5090769378541927,0
2023-07-28 10:56:20,2616.0,65955,3,2607.55,44921,58783,0.5090769378541927,0
2023-07-28 10:56:20,2615.8,65955,100,2607.55,44921,58783,0.5013927576601741,0
2023-07-28 10:56:24,2615.8,66056,100,2607.56,45444,58869,0.5013927576601741,0
2023-07-28 10:56:24,2615.8,66056,100,2607.56,45444,58869,0.5013927576601741,0
2023-07-28 10:56:24,2615.8,66056,100,2607.56,45444,58869,0.5013927576601741,0
2023-07-28 10:56:26,2615.55,66063,6,2607.56,45434,58770,0.49178753241764217,0
2023-07-28 10:56:26,2615.55,66063,6,2607.56,45437,58772,0.49178753241764217,0
2023-07-28 10:56:26,2616.0,66063,25,2607.56,45430,58777,0.5090769378541927,0
2023-07-28 10:56:30,2616.0,66088,25,2607.57,45430,58779,0.5090769378541927,0
2023-07-28 10:56:32,2616.65,66128,40,2607.57,45254,58800,0.5340505234847792,0
2023-07-28 10:56:32,2616.0,66128,1,2607.57,45261,58738,0.5090769378541927,0
2023-07-28 10:56:33,2616.0,66129,1,2607.57,45260,58719,0.5090769378541927,0
2023-07-28 10:56:33,2616.0,66129,1,2607.57,45251,58722,0.5090769378541927,0
2023-07-28 10:56:33,2616.0,66129,1,2607.57,44453,58720,0.5090769378541927,0
2023-07-28 10:56:37,2616.4,66189,60,2607.58,45282,58716,0.5244452982422473,0
2023-07-28 10:56:37,2616.4,66189,60,2607.58,45326,58751,0.5244452982422473,0
2023-07-28 10:56:37,2616.4,66189,60,2607.58,45326,58751,0.5244452982422473,0
2023-07-28 10:56:37,2616.4,66189,60,2607.58,45326,58749,0.5244452982422473,0
2023-07-28 10:56:37,2616.4,66189,60,2607.58,45314,58692,0.5244452982422473,0
2023-07-28 10:56:37,2616.4,66189,60,2607.58,45380,58545,0.5244452982422473,0
2023-07-28 10:56:37,2616.4,66189,60,2607.58,44652,58592,0.5244452982422473,0
2023-07-28 10:56:45,2616.4,66191,2,2607.58,45397,58593,0.5244452982422473,0
2023-07-28 10:56:45,2616.4,66191,2,2607.58,45378,58593,0.5244452982422473,0
2023-07-28 10:56:45,2616.4,66191,10,2607.58,45378,58593,0.5244452982422473,0
2023-07-28 10:56:47,2616.4,66201,10,2607.58,45395,58591,0.5244452982422473,0
2023-07-28 10:56:48,2616.4,66277,75,2607.59,45529,58579,0.5244452982422473,0
2023-07-28 10:56:48,2616.4,66277,75,2607.59,45529,58579,0.5244452982422473,0
2023-07-28 10:56:48,2616.4,66277,75,2607.59,45547,58619,0.5244452982422473,0
2023-07-28 10:56:48,2616.4,66277,75,2607.59,44815,58652,0.5244452982422473,0
2023-07-28 10:56:48,2616.4,66277,75,2607.59,44843,58650,0.5244452982422473,0
2023-07-28 10:56:48,2616.85,66277,2,2607.59,45593,58629,0.5417347036787977,0
2023-07-28 10:56:52,2616.85,66279,2,2607.59,45490,58688,0.5417347036787977,0
2023-07-28 10:56:52,2616.85,66279,2,2607.59,45684,58653,0.5417347036787977,0
2023-07-28 10:56:54,2615.8,66309,9,2607.6,45635,58675,0.5013927576601741,0
2023-07-28 10:56:54,2615.8,66309,9,2607.6,46558,59404,0.5013927576601741,0
2023-07-28 10:56:54,2615.85,66309,5,2607.6,46557,59421,0.50331380270867,0
2023-07-28 10:56:54,2617.15,66309,46,2607.6,46557,59421,0.5532609739698431,0
2023-07-28 10:56:58,2617.15,66440,70,2607.62,46559,59429,0.5532609739698431,0
2023-07-28 10:56:58,2617.15,66440,70,2607.62,46619,59206,0.5532609739698431,0
2023-07-28 10:56:58,2617.15,66440,70,2607.62,46605,59310,0.5532609739698431,0
2023-07-28 10:56:58,2617.15,66440,70,2607.62,46652,59381,0.5532609739698431,0
2023-07-28 10:56:58,2617.15,66440,70,2607.62,46648,59396,0.5532609739698431,0
2023-07-28 10:57:03,2617.15,66460,20,2607.62,46763,59396,0.5532609739698431,0
2023-07-28 10:57:03,2617.15,66460,20,2607.62,46564,59396,0.5532609739698431,0
2023-07-28 10:57:03,2617.15,66460,20,2607.62,46566,59386,0.5532609739698431,0
2023-07-28 10:57:03,2617.15,66460,20,2607.62,46543,59412,0.5532609739698431,0
2023-07-28 10:57:03,2617.15,66460,20,2607.62,46587,59394,0.5532609739698431,0
2023-07-28 10:57:03,2617.1,66460,1,2607.62,46587,59394,0.5513399289213297,0
2023-07-28 10:57:08,2617.05,66493,20,2607.62,46784,59541,0.5494188838728338,0
2023-07-28 10:57:08,2617.05,66493,20,2607.62,46788,59549,0.5494188838728338,0
2023-07-28 10:57:08,2617.05,66493,50,2607.62,46788,59549,0.5494188838728338,0
2023-07-28 10:57:09,2617.05,66543,50,2607.63,46572,59561,0.5494188838728338,0
2023-07-28 10:57:09,2616.5,66543,56,2607.63,46572,59561,0.5282873883392566,0
2023-07-28 10:57:11,2619.25,66799,2,2607.67,46927,59157,0.6339448660071079,0
2023-07-28 10:57:11,2619.25,66799,2,2607.67,46992,59196,0.6339448660071079,0
2023-07-28 10:57:11,2618.55,66799,1,2607.67,46992,59196,0.6070502353280254,0
2023-07-28 10:57:13,2617.75,66810,1,2607.67,45955,59397,0.5763135145519163,0
2023-07-28 10:57:13,2617.75,66811,1,2607.67,46689,59382,0.5763135145519163,0
2023-07-28 10:57:13,2617.65,66811,55,2607.67,46689,59382,0.572471424454907,0
2023-07-28 10:57:15,2617.65,66866,55,2607.68,46636,59460,0.572471424454907,0
2023-07-28 10:57:15,2616.2,66866,6,2607.68,46660,59415,0.5167611180482112,0
2023-07-28 10:57:17,2616.2,66873,6,2607.68,46651,59504,0.5167611180482112,0
2023-07-28 10:57:19,2617.2,66934,7,2607.69,46597,59452,0.555182019018339,0
2023-07-28 10:57:19,2617.2,66934,7,2607.69,46630,59436,0.555182019018339,0
2023-07-28 10:57:19,2617.2,66934,7,2607.69,46634,59438,0.555182019018339,0
2023-07-28 10:57:19,2617.1,66934,1,2607.69,46638,59295,0.5513399289213297,0
2023-07-28 10:57:22,2617.1,66935,1,2607.69,45374,59449,0.5513399289213297,0
2023-07-28 10:57:22,2617.1,66935,1,2607.69,46903,59402,0.5513399289213297,0
2023-07-28 10:57:22,2616.5,66935,14,2607.69,46903,59402,0.5282873883392566,0
2023-07-28 10:57:24,2616.5,66955,14,2607.69,46876,59427,0.5282873883392566,0
2023-07-28 10:57:24,2616.95,66955,25,2607.69,46126,59427,0.545576793775807,0
2023-07-28 10:57:27,2616.95,66980,25,2607.7,46872,59464,0.545576793775807,0
2023-07-28 10:57:27,2616.95,66980,25,2607.7,46122,59464,0.545576793775807,0
2023-07-28 10:57:30,2616.95,66994,4,2607.7,46126,59463,0.545576793775807,0
2023-07-28 10:57:30,2616.95,66994,2,2607.7,46126,59463,0.545576793775807,0
2023-07-28 10:57:30,2616.95,66996,2,2607.7,46875,59447,0.545576793775807,0
2023-07-28 10:57:30,2616.95,66996,2,2607.7,46878,59445,0.545576793775807,0
2023-07-28 10:57:30,2616.95,66996,2,2607.7,46875,59476,0.545576793775807,0
2023-07-28 10:57:30,2616.95,66996,2,2607.7,46870,59476,0.545576793775807,0
2023-07-28 10:57:30,2616.95,66996,2,2607.7,46874,59476,0.545576793775807,0
2023-07-28 10:57:36,2616.0,66998,4,2607.7,46874,59474,0.5090769378541927,0
2023-07-28 10:57:37,2616.0,67003,4,2607.7,46973,59543,0.5090769378541927,0
2023-07-28 10:57:37,2616.0,67003,4,2607.7,46978,59543,0.5090769378541927,0
2023-07-28 10:57:37,2616.0,67003,4,2607.7,46881,59556,0.5090769378541927,0
2023-07-28 10:57:37,2616.0,67003,4,2607.7,46881,59556,0.5090769378541927,0
2023-07-28 10:57:37,2616.95,67003,7,2607.7,46881,59556,0.545576793775807,0
2023-07-28 10:57:41,2616.95,67012,200,2607.7,46888,59503,0.545576793775807,0
2023-07-28 10:57:43,2618.55,67512,8,2607.78,46948,59513,0.6070502353280254,0
2023-07-28 10:57:44,2618.0,67514,2,2607.78,47020,59507,0.5859187397944482,0
2023-07-28 10:57:44,2618.0,67514,2,2607.78,47025,59500,0.5859187397944482,0
2023-07-28 10:57:44,2618.0,67514,2,2607.78,46955,59542,0.5859187397944482,0
2023-07-28 10:57:44,2618.0,67514,2,2607.78,46907,59564,0.5859187397944482,0
2023-07-28 10:57:44,2618.0,67514,2,2607.78,46967,59477,0.5859187397944482,0
2023-07-28 10:57:44,2618.0,67514,2,2607.78,46910,59502,0.5859187397944482,0
2023-07-28 10:57:44,2618.0,67514,2,2607.78,46546,59502,0.5859187397944482,0
2023-07-28 10:57:44,2618.0,67514,1,2607.78,47334,59504,0.5859187397944482,0
2023-07-28 10:57:53,2618.0,67517,1,2607.78,47342,59498,0.5859187397944482,0
2023-07-28 10:57:53,2618.0,67517,1,2607.78,47342,59496,0.5859187397944482,0
2023-07-28 10:57:53,2618.0,67517,1,2607.78,47346,59498,0.5859187397944482,0
2023-07-28 10:57:53,2618.0,67517,1,2607.78,47344,59496,0.5859187397944482,0
2023-07-28 10:57:53,2618.0,67517,1,2607.78,47392,59496,0.5859187397944482,0
2023-07-28 10:57:53,2618.0,67517,1,2607.78,47397,59496,0.5859187397944482,0
2023-07-28 10:57:53,2618.0,67517,1,2607.78,47395,59498,0.5859187397944482,0
2023-07-28 10:57:53,2618.0,67517,1,2607.78,47396,59498,0.5859187397944482,0
2023-07-28 10:57:53,2618.0,67517,1,2607.78,47396,59498,0.5859187397944482,0
2023-07-28 10:58:01,2618.0,67528,10,2607.78,47085,59499,0.5859187397944482,0
2023-07-28 10:58:01,2618.0,67528,10,2607.78,47085,59499,0.5859187397944482,0
2023-07-28 10:58:01,2618.0,67528,10,2607.78,47085,59499,0.5859187397944482,0
2023-07-28 10:58:01,2617.5,67528,1,2607.78,47085,59499,0.5667082893093843,0
2023-07-28 10:58:03,2617.5,67529,1,2607.78,47087,59601,0.5667082893093843,0
2023-07-28 10:58:03,2617.5,67529,1,2607.78,47092,59603,0.5667082893093843,0
2023-07-28 10:58:03,2618.0,67529,1,2607.78,47092,59603,0.5859187397944482,0
2023-07-28 10:58:05,2618.0,67541,1,2607.78,47037,59595,0.5859187397944482,0
2023-07-28 10:58:05,2618.0,67541,1,2607.78,47035,59630,0.5859187397944482,0
2023-07-28 10:58:09,2616.95,67764,23,2607.81,46733,59768,0.545576793775807,0
2023-07-28 10:58:09,2616.95,67764,23,2607.81,46569,59799,0.545576793775807,0
2023-07-28 10:58:09,2616.95,67764,23,2607.81,46589,59819,0.545576793775807,0
2023-07-28 10:58:09,2616.95,67764,23,2607.81,45869,59730,0.545576793775807,0
2023-07-28 10:58:09,2616.95,67764,23,2607.81,46694,59696,0.545576793775807,0
2023-07-28 10:58:09,2617.65,67764,19,2607.81,46694,59696,0.572471424454907,0
2023-07-28 10:58:14,2617.65,67783,19,2607.81,46694,59704,0.572471424454907,0
2023-07-28 10:58:14,2617.65,67783,19,2607.81,46695,59749,0.572471424454907,0
2023-07-28 10:58:17,2617.65,67883,100,2607.83,46733,59661,0.572471424454907,0
2023-07-28 10:58:17,2617.65,67883,100,2607.83,46813,59674,0.572471424454907,0
2023-07-28 10:58:17,2616.85,67883,1,2607.83,46813,59674,0.5417347036787977,0
2023-07-28 10:58:19,2616.0,67886,1,2607.83,46974,59772,0.5090769378541927,0
2023-07-28 10:58:19,2617.9,67886,4,2607.83,46974,59772,0.5820766496974389,0
2023-07-28 10:58:19,2617.9,68136,4,2607.86,47192,59512,0.5820766496974389,0
2023-07-28 10:58:19,2617.9,68136,4,2607.86,46688,59774,0.5820766496974389,0
2023-07-28 10:58:19,2617.85,68136,10,2607.86,46688,59774,0.5801556046489256,0
2023-07-28 10:58:23,2616.25,68198,10,2607.87,46691,60247,0.5186821630967247,0
2023-07-28 10:58:23,2616.25,68198,10,2607.87,46679,60285,0.5186821630967247,0
2023-07-28 10:58:23,2616.25,68198,10,2607.87,46683,60039,0.5186821630967247,0
2023-07-28 10:58:23,2616.25,68198,10,2607.87,46668,59966,0.5186821630967247,0
2023-07-28 10:58:23,2616.25,68198,10,2607.87,46696,59953,0.5186821630967247,0
2023-07-28 10:58:23,2616.05,68198,5,2607.87,46696,59953,0.510997982902706,0
2023-07-28 10:58:28,2616.05,68203,5,2607.87,46714,59938,0.510997982902706,0
2023-07-28 10:58:28,2616.05,68203,5,2607.87,46727,59914,0.510997982902706,0
2023-07-28 10:58:28,2616.05,68203,5,2607.87,46731,59944,0.510997982902706,0
2023-07-28 10:58:28,2616.05,68203,5,2607.87,47263,59931,0.510997982902706,0
2023-07-28 10:58:28,2616.9,68203,1,2607.87,47263,59931,0.5436557487273111,0
2023-07-28 10:58:34,2616.9,68205,1,2607.87,47542,59922,0.5436557487273111,0
2023-07-28 10:58:34,2616.9,68205,1,2607.87,47544,59934,0.5436557487273111,0
2023-07-28 10:58:34,2616.9,68205,1,2607.87,47544,59933,0.5436557487273111,0
2023-07-28 10:58:34,2616.9,68205,1,2607.87,47207,59943,0.5436557487273111,0
2023-07-28 10:58:34,2616.9,68205,1,2607.87,47230,59946,0.5436557487273111,0
2023-07-28 10:58:34,2616.9,68205,1,2607.87,47336,59956,0.5436557487273111,0
2023-07-28 10:58:34,2616.9,68205,1,2607.87,47206,59944,0.5436557487273111,0
2023-07-28 10:58:34,2616.9,68205,1,2607.87,47291,59964,0.5436557487273111,0
2023-07-28 10:58:34,2616.9,68205,1,2607.87,47421,59993,0.5436557487273111,0
2023-07-28 10:58:34,2616.9,68205,1,2607.87,47496,59967,0.5436557487273111,0
2023-07-28 10:58:34,2616.9,68205,1,2607.87,47612,59972,0.5436557487273111,0
2023-07-28 10:58:34,2616.9,68205,1,2607.87,47629,59942,0.5436557487273111,0
2023-07-28 10:58:34,2616.95,68205,1,2607.87,47424,59951,0.545576793775807,0
2023-07-28 10:58:48,2616.95,68206,1,2607.87,47443,59952,0.545576793775807,0
2023-07-28 10:58:48,2616.95,68206,1,2607.87,47463,59952,0.545576793775807,0
2023-07-28 10:58:48,2616.95,68206,1,2607.87,47455,60155,0.545576793775807,0
2023-07-28 10:58:48,2616.95,68206,1,2607.87,47764,60132,0.545576793775807,0
2023-07-28 10:58:53,2616.05,68330,4,2607.89,46784,60256,0.510997982902706,0
2023-07-28 10:58:53,2616.05,68330,4,2607.89,46784,60256,0.510997982902706,0
2023-07-28 10:58:54,2617.15,68356,25,2607.89,47533,60186,0.5532609739698431,0
2023-07-28 10:58:54,2617.15,68356,25,2607.89,47533,60186,0.5532609739698431,0
2023-07-28 10:58:54,2617.15,68356,25,2607.89,47314,60181,0.5532609739698431,0
2023-07-28 10:58:54,2616.5,68356,10,2607.89,47314,60181,0.5282873883392566,0
2023-07-28 10:58:56,2616.5,68366,10,2607.89,46548,60228,0.5282873883392566,0
2023-07-28 10:58:56,2616.5,68366,10,2607.89,47291,60165,0.5282873883392566,0
2023-07-28 10:58:56,2616.5,68366,10,2607.89,47292,60200,0.5282873883392566,0
2023-07-28 10:58:56,2616.5,68366,10,2607.89,47296,60255,0.5282873883392566,0
2023-07-28 10:58:56,2616.5,68366,10,2607.89,47293,60257,0.5282873883392566,0
2023-07-28 10:58:56,2616.5,68366,1,2607.89,47293,60257,0.5282873883392566,0
2023-07-28 10:59:04,2617.05,68467,100,2607.91,47308,60247,0.5494188838728338,0
2023-07-28 10:59:04,2617.05,68467,100,2607.91,47309,60256,0.5494188838728338,0
2023-07-28 10:59:04,2617.05,68467,100,2607.91,47323,60502,0.5494188838728338,0
2023-07-28 10:59:04,2617.05,68467,100,2607.91,47434,60510,0.5494188838728338,0
2023-07-28 10:59:09,2616.0,68733,30,2607.94,47064,60741,0.5090769378541927,0
2023-07-28 10:59:09,2616.0,68733,30,2607.94,47123,60729,0.5090769378541927,0
2023-07-28 10:59:09,2616.0,68733,30,2607.94,47135,60770,0.5090769378541927,0
2023-07-28 10:59:09,2616.0,68733,30,2607.94,47137,60700,0.5090769378541927,0
2023-07-28 10:59:09,2616.0,68733,30,2607.94,47119,60765,0.5090769378541927,0
2023-07-28 10:59:09,2616.0,68733,30,2607.94,47125,60755,0.5090769378541927,0
2023-07-28 10:59:09,2616.0,68733,30,2607.94,47153,60669,0.5090769378541927,0
2023-07-28 10:59:09,2616.0,68733,30,2607.94,47137,60608,0.5090769378541927,0
2023-07-28 10:59:09,2616.3,68733,1,2607.94,46385,60608,0.520603208145238,0
2023-07-28 10:59:19,2616.3,68735,1,2607.94,46594,60576,0.520603208145238,0
2023-07-28 10:59:19,2616.3,68735,1,2607.94,47365,60594,0.520603208145238,0
2023-07-28 10:59:19,2616.05,68735,3,2607.94,47365,60594,0.510997982902706,0
2023-07-28 10:59:21,2616.05,68741,3,2607.94,47453,60607,0.510997982902706,0
2023-07-28 10:59:21,2616.05,68741,3,2607.94,47506,60589,0.510997982902706,0
2023-07-28 10:59:21,2616.05,68741,3,2607.94,47506,60589,0.510997982902706,0
2023-07-28 10:59:21,2616.05,68741,3,2607.94,47512,60659,0.510997982902706,0
2023-07-28 10:59:21,2616.05,68741,3,2607.94,47512,60659,0.510997982902706,0
2023-07-28 10:59:21,2616.05,68741,3,2607.94,47512,60663,0.510997982902706,0
2023-07-28 10:59:21,2616.05,68741,3,2607.94,47512,60663,0.510997982902706,0
2023-07-28 10:59:21,2616.05,68741,3,2607.94,47515,60649,0.510997982902706,0
2023-07-28 10:59:21,2616.05,68741,3,2607.94,47517,60633,0.510997982902706,0
2023-07-28 10:59:21,2616.05,68741,3,2607.94,47536,60645,0.510997982902706,0
2023-07-28 10:59:21,2616.05,68741,3,2607.94,47471,60634,0.510997982902706,0
2023-07-28 10:59:21,2616.05,68741,3,2607.94,47500,60634,0.510997982902706,0
2023-07-28 10:59:21,2616.05,68741,3,2607.94,47497,60662,0.510997982902706,0
2023-07-28 10:59:21,2616.0,68741,1,2607.94,47497,60662,0.5090769378541927,0
2023-07-28 10:59:33,2616.0,68786,1,2607.94,47355,60790,0.5090769378541927,0
2023-07-28 10:59:33,2616.0,68786,1,2607.94,47355,60789,0.5090769378541927,0
2023-07-28 10:59:36,2615.8,68787,1,2607.94,47345,60796,0.5013927576601741,0
2023-07-28 10:59:37,2616.05,68788,1,2607.94,47351,60910,0.510997982902706,0
2023-07-28 10:59:38,2615.55,68841,3,2607.95,47347,60871,0.49178753241764217,0
2023-07-28 10:59:42,2616.0,68851,10,2607.95,47345,60817,0.5090769378541927,0
2023-07-28 10:59:43,2615.5,68859,8,2607.95,47454,60880,0.4898664873691288,0
2023-07-28 10:59:43,2615.5,68859,8,2607.95,47359,60878,0.4898664873691288,0
2023-07-28 10:59:43,2615.5,68859,8,2607.95,47352,60878,0.4898664873691288,0
2023-07-28 10:59:43,2615.5,68859,8,2607.95,47339,60878,0.4898664873691288,0
2023-07-28 10:59:43,2614.95,68859,50,2607.95,47339,60878,0.46873499183555156,0
2023-07-28 10:59:47,2614.95,69126,50,2607.98,46661,60866,0.46873499183555156,0
2023-07-28 10:59:47,2614.95,69126,50,2607.98,46733,60947,0.46873499183555156,0
2023-07-28 10:59:47,2614.95,69126,50,2607.98,46737,60950,0.46873499183555156,0
2023-07-28 10:59:47,2614.95,69126,50,2607.98,46821,60950,0.46873499183555156,0
2023-07-28 10:59:47,2614.95,69126,50,2607.98,46825,60923,0.46873499183555156,0
2023-07-28 10:59:47,2614.95,69126,50,2607.98,46789,60923,0.46873499183555156,0
2023-07-28 10:59:47,2614.95,69126,50,2607.98,46789,60920,0.46873499183555156,0
2023-07-28 10:59:47,2614.95,69126,50,2607.98,46789,60920,0.46873499183555156,0
2023-07-28 10:59:47,2614.95,69126,50,2607.98,46804,60920,0.46873499183555156,0
2023-07-28 10:59:47,2614.95,69126,50,2607.98,46804,60920,0.46873499183555156,0
2023-07-28 10:59:47,2614.95,69126,50,2607.98,46799,60920,0.46873499183555156,0
2023-07-28 10:59:47,2614.95,69126,50,2607.98,46674,60904,0.46873499183555156,0
2023-07-28 11:00:00,2615.45,69127,1,2607.98,46670,60848,0.48794544232061543,0
2023-07-28 11:00:01,2615.45,69128,1,2607.98,46701,60839,0.48794544232061543,0
2023-07-28 11:00:01,2615.45,69128,1,2607.98,46695,60842,0.48794544232061543,0
2023-07-28 11:00:01,2615.45,69128,1,2607.98,46695,60842,0.48794544232061543,0
2023-07-28 11:00:04,2615.45,69129,1,2607.98,46657,60825,0.48794544232061543,0
2023-07-28 11:00:04,2615.45,69129,1,2607.98,46925,60745,0.48794544232061543,0
2023-07-28 11:00:04,2615.45,69129,1,2607.98,46946,60758,0.48794544232061543,0
2023-07-28 11:00:04,2615.45,69129,1,2607.98,46946,60758,0.48794544232061543,0
2023-07-28 11:00:07,2615.45,69131,1,2607.98,46782,60791,0.48794544232061543,0
2023-07-28 11:00:10,2614.5,69141,1,2607.98,45838,60817,0.45144558639900106,0
2023-07-28 11:00:10,2615.45,69141,1,2607.98,45838,60817,0.48794544232061543,0
2023-07-28 11:00:10,2615.45,69142,1,2607.98,46769,60840,0.48794544232061543,0
2023-07-28 11:00:10,2615.45,69142,1,2607.98,46771,60840,0.48794544232061543,0
2023-07-28 11:00:10,2615.45,69142,1,2607.98,46781,60840,0.48794544232061543,0
2023-07-28 11:00:10,2615.45,69142,1,2607.98,46785,60851,0.48794544232061543,0
2023-07-28 11:00:10,2615.45,69142,2,2607.98,46785,60851,0.48794544232061543,0
2023-07-28 11:00:15,2615.45,69144,2,2607.98,46786,60851,0.48794544232061543,0
2023-07-28 11:00:15,2615.45,69144,2,2607.98,46819,60901,0.48794544232061543,0
2023-07-28 11:00:15,2615.45,69144,2,2607.98,46819,60901,0.48794544232061543,0
2023-07-28 11:00:15,2615.45,69144,2,2607.98,46819,60901,0.48794544232061543,0
2023-07-28 11:00:15,2615.45,69144,2,2607.98,46872,60890,0.48794544232061543,0
2023-07-28 11:00:20,2615.45,69145,1,2607.98,46872,60865,0.48794544232061543,0
2023-07-28 11:00:20,2615.45,69145,1,2607.98,46796,60892,0.48794544232061543,0
2023-07-28 11:00:20,2615.95,69145,9,2607.98,46796,60889,0.5071558928056793,0
2023-07-28 11:00:22,2615.95,69368,9,2608.01,47574,60800,0.5071558928056793,0
2023-07-28 11:00:22,2616.0,69368,1,2608.01,47574,60800,0.5090769378541927,0
2023-07-28 11:00:24,2616.05,69498,19,2608.02,47430,60887,0.510997982902706,0
2023-07-28 11:00:24,2617.35,69498,8,2608.02,47430,60887,0.5609451541638617,0
2023-07-28 11:00:24,2617.35,69506,8,2608.02,47488,60805,0.5609451541638617,0
2023-07-28 11:00:24,2617.35,69506,8,2608.02,47469,60802,0.5609451541638617,0
2023-07-28 11:00:27,2617.5,69561,32,2608.03,47450,60785,0.5667082893093843,0
2023-07-28 11:00:27,2617.45,69561,3,2608.03,47450,60785,0.5647872442608709,0
2023-07-28 11:00:28,2616.0,69901,24,2608.07,46982,61005,0.5090769378541927,0
2023-07-28 11:00:28,2616.0,69901,24,2608.07,45177,60811,0.5090769378541927,0
2023-07-28 11:00:28,2616.0,69901,24,2608.07,47187,60803,0.5090769378541927,0
2023-07-28 11:00:31,2617.25,69951,45,2608.08,47190,60795,0.5571030640668524,0
2023-07-28 11:00:31,2617.25,69951,45,2608.08,47190,60800,0.5571030640668524,0
2023-07-28 11:00:31,2617.25,69951,45,2608.08,47190,60800,0.5571030640668524,0
2023-07-28 11:00:34,2617.25,69955,2,2608.08,47174,60815,0.5571030640668524,0
2023-07-28 11:00:34,2617.25,69955,2,2608.08,47174,60810,0.5571030640668524,0
2023-07-28 11:00:34,2617.25,69955,2,2608.08,47174,60810,0.5571030640668524,0
2023-07-28 11:00:34,2617.25,69955,1,2608.08,47174,60810,0.5571030640668524,0
2023-07-28 11:00:38,2617.25,69956,1,2608.08,47225,60809,0.5571030640668524,0
2023-07-28 11:00:38,2615.65,69956,1,2608.08,47225,60809,0.4956296225146515,0
2023-07-28 11:00:40,2615.4,70030,1,2608.09,46370,60965,0.48602439727211955,0
2023-07-28 11:00:41,2616.85,70037,1,2608.09,47133,60979,0.5417347036787977,0
2023-07-28 11:00:42,2616.85,70088,1,2608.09,47314,60912,0.5417347036787977,0
2023-07-28 11:00:42,2616.85,70088,1,2608.09,47314,60912,0.5417347036787977,0
2023-07-28 11:00:42,2616.85,70088,1,2608.09,47317,60913,0.5417347036787977,0
2023-07-28 11:00:44,2616.85,70089,1,2608.09,47335,60914,0.5417347036787977,0
2023-07-28 11:00:45,2616.85,70109,14,2608.1,47469,60876,0.5417347036787977,0
2023-07-28 11:00:45,2616.85,70109,14,2608.1,47464,60874,0.5417347036787977,0
2023-07-28 11:00:45,2616.85,70109,14,2608.1,47443,60884,0.5417347036787977,0
2023-07-28 11:00:45,2616.85,70109,14,2608.1,47490,60884,0.5417347036787977,0
2023-07-28 11:00:45,2616.85,70109,14,2608.1,47468,60887,0.5417347036787977,0
2023-07-28 11:00:45,2616.85,70109,14,2608.1,47464,60887,0.5417347036787977,0
2023-07-28 11:00:52,2616.85,70113,2,2608.1,47457,60890,0.5417347036787977,0
2023-07-28 11:00:52,2616.85,70113,2,2608.1,47457,60890,0.5417347036787977,0
2023-07-28 11:00:52,2616.85,70113,100,2608.1,47466,60890,0.5417347036787977,0
2023-07-28 11:00:54,2619.15,70331,8,2608.12,48235,60504,0.6301027759100986,0
2023-07-28 11:00:54,2619.15,70340,8,2608.12,48429,60526,0.6301027759100986,0
2023-07-28 11:00:54,2619.15,70340,8,2608.12,48354,60512,0.6301027759100986,0
2023-07-28 11:00:54,2619.15,70340,8,2608.12,47596,60506,0.6301027759100986,0
2023-07-28 11:00:54,2619.15,70340,8,2608.12,47937,60497,0.6301027759100986,0
2023-07-28 11:00:54,2619.15,70340,8,2608.12,48576,60551,0.6301027759100986,0
2023-07-28 11:00:54,2619.15,70340,8,2608.12,48596,60561,0.6301027759100986,0
2023-07-28 11:01:03,2619.15,70341,1,2608.12,48540,60555,0.6301027759100986,0
2023-07-28 11:01:03,2619.9,70341,1,2608.12,48540,60555,0.6589184516376944,0
2023-07-28 11:01:03,2619.9,70342,1,2608.13,48667,60554,0.6589184516376944,0
2023-07-28 11:01:06,2619.9,70402,5,2608.14,47834,60515,0.6589184516376944,0
2023-07-28 11:01:07,2619.9,70407,5,2608.14,47114,59775,0.6589184516376944,0
2023-07-28 11:01:07,2619.9,70407,5,2608.14,47836,59778,0.6589184516376944,0
2023-07-28 11:01:07,2619.9,70407,5,2608.14,47809,59778,0.6589184516376944,0
2023-07-28 11:01:11,2619.9,70408,1,2608.14,47791,59766,0.6589184516376944,0
2023-07-28 11:01:11,2618.5,70408,4,2608.14,47791,59766,0.6051291902795121,0
2023-07-28 11:01:12,2618.5,70434,4,2608.14,47642,60120,0.6051291902795121,0
2023-07-28 11:01:12,2618.5,70434,4,2608.14,47608,60133,0.6051291902795121,0
2023-07-28 11:01:12,2618.5,70434,4,2608.14,47648,60241,0.6051291902795121,0
2023-07-28 11:01:12,2618.5,70434,4,2608.14,47661,60247,0.6051291902795121,0
2023-07-28 11:01:12,2619.0,70434,5,2608.14,47675,60247,0.6243396407645759,0
2023-07-28 11:01:18,2619.0,70439,5,2608.14,47735,60098,0.6243396407645759,0
2023-07-28 11:01:18,2619.0,70439,5,2608.14,47712,60098,0.6243396407645759,0
2023-07-28 11:01:18,2619.0,70439,5,2608.14,47714,60098,0.6243396407645759,0
2023-07-28 11:01:18,2619.6,70439,1,2608.14,47861,60072,0.6473921813466491,0
2023-07-28 11:01:22,2619.6,70440,1,2608.14,47812,60108,0.6473921813466491,0
2023-07-28 11:01:22,2619.6,70440,1,2608.14,47812,60136,0.6473921813466491,0
2023-07-28 11:01:22,2619.6,70440,1,2608.14,48562,60986,0.6473921813466491,0
2023-07-28 11:01:22,2619.6,70440,1,2608.14,48572,60986,0.6473921813466491,0
2023-07-28 11:01:22,2619.6,70440,1,2608.14,48572,60991,0.6473921813466491,0
2023-07-28 11:01:22,2619.6,70440,1,2608.14,48574,60991,0.6473921813466491,0
2023-07-28 11:01:22,2618.9,70440,1,2608.14,47829,60998,0.6204975506675666,0
2023-07-28 11:01:33,2618.9,70441,1,2608.14,48544,61010,0.6204975506675666,0
2023-07-28 11:01:33,2618.9,70441,1,2608.14,48554,61010,0.6204975506675666,0
2023-07-28 11:01:37,2619.55,70492,1,2608.15,48609,60979,0.6454711362981532,0
2023-07-28 11:01:37,2619.55,70492,1,2608.15,48607,61017,0.6454711362981532,0
2023-07-28 11:01:37,2619.55,70492,1,2608.15,48612,61022,0.6454711362981532,0
2023-07-28 11:01:37,2619.55,70492,1,2608.15,48607,60994,0.6454711362981532,0
2023-07-28 11:01:37,2619.55,70492,1,2608.15,48607,61095,0.6454711362981532,0
2023-07-28 11:01:37,2619.55,70492,1,2608.15,48612,61095,0.6454711362981532,0
2023-07-28 11:01:37,2619.55,70492,9,2608.15,48612,61095,0.6454711362981532,0
2023-07-28 11:01:43,2619.55,70509,9,2608.15,47877,61087,0.6454711362981532,0
2023-07-28 11:01:43,2619.55,70509,9,2608.15,48617,61087,0.6454711362981532,0
2023-07-28 11:01:43,2619.55,70509,9,2608.15,48618,61087,0.6454711362981532,0
2023-07-28 11:01:43,2619.55,70509,9,2608.15,48606,61118,0.6454711362981532,0
2023-07-28 11:01:43,2619.55,70509,9,2608.15,48337,61118,0.6454711362981532,0
2023-07-28 11:01:43,2618.85,70509,1,2608.15,48364,61118,0.6185765056190533,0
2023-07-28 11:01:48,2618.85,70510,1,2608.15,48420,61105,0.6185765056190533,0
2023-07-28 11:01:48,2618.85,70510,1,2608.15,48441,61087,0.6185765056190533,0
2023-07-28 11:01:48,2618.85,70510,1,2608.15,48441,61087,0.6185765056190533,0
2023-07-28 11:01:48,2618.85,70510,1,2608.15,48611,60905,0.6185765056190533,0
2023-07-28 11:01:48,2618.85,70510,1,2608.15,48611,60902,0.6185765056190533,0
2023-07-28 11:01:48,2618.15,70510,3,2608.15,48448,60906,0.5916818749399708,0
2023-07-28 11:01:55,2618.15,70535,3,2608.16,48391,60887,0.5916818749399708,0
2023-07-28 11:01:55,2618.15,70535,3,2608.16,48391,60897,0.5916818749399708,0
2023-07-28 11:01:55,2619.45,70535,1,2608.16,48391,60897,0.6416290462011264,0
2023-07-28 11:01:58,2619.45,70536,1,2608.16,48607,60902,0.6416290462011264,0
2023-07-28 11:01:58,2619.45,70536,1,2608.16,48459,60975,0.6416290462011264,0
2023-07-28 11:01:58,2619.45,70536,1,2608.16,47755,60931,0.6416290462011264,0
2023-07-28 11:02:01,2619.45,70566,30,2608.16,48490,60916,0.6416290462011264,0
2023-07-28 11:02:01,2619.45,70566,30,2608.16,48433,60925,0.6416290462011264,0
2023-07-28 11:02:01,2619.45,70566,30,2608.16,48426,60948,0.6416290462011264,0
2023-07-28 11:02:01,2619.45,70566,30,2608.16,48421,60948,0.6416290462011264,0
2023-07-28 11:02:01,2619.45,70566,30,2608.16,47670,60938,0.6416290462011264,0
2023-07-28 11:02:01,2619.45,70566,1,2608.16,48420,60968,0.6416290462011264,0
2023-07-28 11:02:07,2619.45,70567,1,2608.16,48437,60971,0.6416290462011264,0
2023-07-28 11:02:07,2619.45,70567,1,2608.16,48438,60979,0.6416290462011264,0
2023-07-28 11:02:09,2619.45,70568,1,2608.16,48438,60979,0.6416290462011264,0
2023-07-28 11:02:11,2619.45,70574,5,2608.16,47658,61321,0.6416290462011264,0
2023-07-28 11:02:11,2619.45,70574,5,2608.16,48408,61321,0.6416290462011264,0
2023-07-28 11:02:11,2619.45,70574,5,2608.16,48409,61321,0.6416290462011264,0
2023-07-28 11:02:11,2619.45,70574,1,2608.16,48409,61321,0.6416290462011264,0
2023-07-28 11:02:15,2619.45,70575,1,2608.16,48421,61321,0.6416290462011264,0
2023-07-28 11:02:16,2619.45,70576,1,2608.16,48422,61321,0.6416290462011264,0
2023-07-28 11:02:16,2619.45,70576,1,2608.16,48422,61321,0.6416290462011264,0
2023-07-28 11:02:16,2619.45,70576,1,2608.16,48422,61321,0.6416290462011264,0
2023-07-28 11:02:16,2619.45,70576,1,2608.16,48438,61316,0.6416290462011264,0
2023-07-28 11:02:16,2619.45,70576,1,2608.16,48437,61316,0.6416290462011264,0
2023-07-28 11:02:22,2619.45,70589,2,2608.16,48403,61315,0.6416290462011264,0
2023-07-28 11:02:22,2619.45,70589,2,2608.16,48403,61315,0.6416290462011264,0
2023-07-28 11:02:22,2619.45,70589,2,2608.16,48405,61320,0.6416290462011264,0
2023-07-28 11:02:22,2619.45,70589,2,2608.16,48405,61320,0.6416290462011264,0
2023-07-28 11:02:22,2619.45,70589,2,2608.16,48405,61322,0.6416290462011264,0
2023-07-28 11:02:22,2619.45,70589,2,2608.16,48405,61322,0.6416290462011264,0
2023-07-28 11:02:22,2619.45,70589,2,2608.16,48405,61322,0.6416290462011264,0
2023-07-28 11:02:22,2619.45,70589,2,2608.16,48405,61322,0.6416290462011264,0
2023-07-28 11:02:22,2619.45,70589,2,2608.16,48405,61322,0.6416290462011264,0
2023-07-28 11:02:22,2619.45,70589,2,2608.16,48394,61346,0.6416290462011264,0
2023-07-28 11:02:22,2619.45,70589,2,2608.16,48389,61346,0.6416290462011264,0
2023-07-28 11:02:22,2619.45,70589,2,2608.16,48393,61317,0.6416290462011264,0
2023-07-28 11:02:22,2619.45,70589,2,2608.16,48432,61317,0.6416290462011264,0
2023-07-28 11:02:33,2619.2,70620,1,2608.17,48526,61333,0.6320238209585944,0
2023-07-28 11:02:33,2619.2,70620,1,2608.17,48526,61333,0.6320238209585944,0
2023-07-28 11:02:33,2619.2,70620,1,2608.17,48526,61324,0.6320238209585944,0
2023-07-28 11:02:33,2619.2,70620,1,2608.17,48400,61295,0.6320238209585944,0
2023-07-28 11:02:33,2619.2,70620,1,2608.17,48183,61264,0.6320238209585944,0
2023-07-28 11:02:33,2619.0,70620,1,2608.17,48183,61264,0.6243396407645759,0
2023-07-28 11:02:37,2619.0,70621,1,2608.17,48191,61300,0.6243396407645759,0
2023-07-28 11:02:37,2619.0,70621,1,2608.17,48290,61300,0.6243396407645759,0
2023-07-28 11:02:37,2619.0,70621,1,2608.17,48290,61300,0.6243396407645759,0
2023-07-28 11:02:37,2619.0,70621,1,2608.17,48290,61313,0.6243396407645759,0
2023-07-28 11:02:37,2619.0,70621,1,2608.17,48290,61302,0.6243396407645759,0
2023-07-28 11:02:37,2619.3,70621,2,2608.17,48290,61302,0.6358659110556213,0
2023-07-28 11:02:42,2619.3,70623,2,2608.17,48290,61314,0.6358659110556213,0
2023-07-28 11:02:43,2619.15,70628,5,2608.17,48282,61280,0.6301027759100986,0
2023-07-28 11:02:43,2619.15,70628,5,2608.17,48284,61280,0.6301027759100986,0
2023-07-28 11:02:43,2619.15,70628,5,2608.17,48284,61283,0.6301027759100986,0
2023-07-28 11:02:43,2619.15,70628,5,2608.17,48334,61285,0.6301027759100986,0
2023-07-28 11:02:43,2619.15,70628,5,2608.17,48345,61285,0.6301027759100986,0
2023-07-28 11:02:43,2619.3,70628,200,2608.17,48345,61285,0.6358659110556213,0
2023-07-28 11:02:49,2619.3,70828,200,2608.2,48398,61265,0.6358659110556213,0
2023-07-28 11:02:51,2619.4,70848,10,2608.2,48412,61250,0.6397080011526305,0
2023-07-28 11:02:52,2619.4,70851,1,2608.21,48409,61219,0.6397080011526305,0
2023-07-28 11:02:53,2619.0,70910,3,2608.21,48284,61233,0.6243396407645759,0
2023-07-28 11:02:53,2619.0,70910,3,2608.21,48284,61233,0.6243396407645759,0
2023-07-28 11:02:53,2619.0,70910,3,2608.21,48261,61314,0.6243396407645759,0
2023-07-28 11:02:53,2619.0,70910,3,2608.21,48273,61329,0.6243396407645759,0
2023-07-28 11:02:53,2619.0,70910,3,2608.21,48321,61292,0.6243396407645759,0
2023-07-28 11:02:53,2619.0,70910,3,2608.21,48307,61324,0.6243396407645759,0
2023-07-28 11:02:53,2619.0,70910,3,2608.21,48332,61424,0.6243396407645759,0
2023-07-28 11:02:59,2618.2,70914,4,2608.21,48328,61424,0.5936029199884667,0
2023-07-28 11:02:59,2618.2,70914,4,2608.21,48468,61444,0.5936029199884667,0
2023-07-28 11:02:59,2618.2,70914,4,2608.21,48517,61442,0.5936029199884667,0
2023-07-28 11:03:03,2619.0,70915,1,2608.21,48503,61441,0.6243396407645759,0
2023-07-28 11:03:03,2619.0,70915,1,2608.21,48582,61366,0.6243396407645759,0
2023-07-28 11:03:03,2619.0,70915,1,2608.21,48576,61366,0.6243396407645759,0
2023-07-28 11:03:03,2619.0,70915,1,2608.21,48291,61364,0.6243396407645759,0
2023-07-28 11:03:03,2619.0,70915,1,2608.21,48291,61414,0.6243396407645759,0
2023-07-28 11:03:07,2619.0,70917,1,2608.22,48306,61438,0.6243396407645759,0
2023-07-28 11:03:07,2619.0,70917,1,2608.22,48307,61448,0.6243396407645759,0
2023-07-28 11:03:11,2619.0,70942,23,2608.22,48196,61507,0.6243396407645759,0
2023-07-28 11:03:11,2619.0,70942,23,2608.22,48198,61507,0.6243396407645759,0
2023-07-28 11:03:11,2619.0,70942,23,2608.22,48214,61494,0.6243396407645759,0
2023-07-28 11:03:14,2619.0,70945,1,2608.22,48232,61503,0.6243396407645759,0
2023-07-28 11:03:14,2619.0,70945,1,2608.22,48233,61503,0.6243396407645759,0
2023-07-28 11:03:14,2619.0,70945,1,2608.22,48333,61513,0.6243396407645759,0
2023-07-28 11:03:14,2619.0,70945,1,2608.22,48333,61513,0.6243396407645759,0
2023-07-28 11:03:14,2619.0,70945,1,2608.22,48333,61513,0.6243396407645759,0
2023-07-28 11:03:14,2619.0,70945,1,2608.22,48343,61513,0.6243396407645759,0
2023-07-28 11:03:14,2619.0,70945,1,2608.22,48342,61513,0.6243396407645759,0
2023-07-28 11:03:14,2619.0,70945,1,2608.22,48342,61513,0.6243396407645759,0
2023-07-28 11:03:14,2619.0,70945,4,2608.22,48342,61513,0.6243396407645759,0
2023-07-28 11:03:22,2619.0,70950,1,2608.22,48342,61502,0.6243396407645759,0
2023-07-28 11:03:22,2619.0,70950,1,2608.22,48342,61502,0.6243396407645759,0
2023-07-28 11:03:22,2619.0,70950,1,2608.22,48344,61502,0.6243396407645759,0
2023-07-28 11:03:22,2619.0,70950,1,2608.22,48344,61502,0.6243396407645759,0
2023-07-28 11:03:22,2619.0,70950,1,2608.22,48344,61512,0.6243396407645759,0
2023-07-28 11:03:22,2619.0,70950,1,2608.22,48344,61512,0.6243396407645759,0
2023-07-28 11:03:22,2619.0,70950,1,2608.22,48359,61512,0.6243396407645759,0
2023-07-28 11:03:22,2619.0,70950,1,2608.22,48359,61512,0.6243396407645759,0
2023-07-28 11:03:22,2619.0,70950,1,2608.22,48360,61500,0.6243396407645759,0
2023-07-28 11:03:22,2619.0,70950,1,2608.22,48367,61500,0.6243396407645759,0
2023-07-28 11:03:22,2619.0,70950,1,2608.22,48386,61514,0.6243396407645759,0
2023-07-28 11:03:22,2619.0,70950,1,2608.22,48382,61531,0.6243396407645759,0
2023-07-28 11:03:22,2619.0,70950,1,2608.22,48344,61531,0.6243396407645759,0
2023-07-28 11:03:22,2619.0,70950,1,2608.22,48345,61531,0.6243396407645759,0
2023-07-28 11:03:22,2619.0,70950,2,2608.22,48345,61531,0.6243396407645759,0
2023-07-28 11:03:37,2619.0,70952,2,2608.22,48413,61525,0.6243396407645759,0
2023-07-28 11:03:37,2619.0,70952,2,2608.22,48415,61530,0.6243396407645759,0
2023-07-28 11:03:37,2619.0,70952,2,2608.22,48417,61547,0.6243396407645759,0
2023-07-28 11:03:41,2618.15,71172,2,2608.25,48392,61500,0.5916818749399708,0
2023-07-28 11:03:41,2619.0,71172,15,2608.25,48392,61500,0.6243396407645759,0
2023-07-28 11:03:43,2619.4,71298,11,2608.27,48294,61437,0.6397080011526305,0
2023-07-28 11:03:43,2619.4,71299,1,2608.27,48373,61434,0.6397080011526305,0
2023-07-28 11:03:43,2619.4,71299,1,2608.27,48374,61436,0.6397080011526305,0
2023-07-28 11:03:43,2619.4,71299,1,2608.27,48375,61436,0.6397080011526305,0
2023-07-28 11:03:43,2619.4,71299,1,2608.27,48375,61436,0.6397080011526305,0
2023-07-28 11:03:47,2619.4,71300,1,2608.27,48385,61431,0.6397080011526305,0
2023-07-28 11:03:47,2619.4,71300,1,2608.27,48381,61435,0.6397080011526305,0
2023-07-28 11:03:47,2619.4,71300,1,2608.27,48399,61442,0.6397080011526305,0
2023-07-28 11:03:47,2619.4,71300,1,2608.27,47644,61422,0.6397080011526305,0
2023-07-28 11:03:47,2619.4,71300,1,2608.27,48326,61425,0.6397080011526305,0
2023-07-28 11:03:47,2619.4,71300,1,2608.27,48349,61429,0.6397080011526305,0
2023-07-28 11:03:53,2619.4,71342,1,2608.28,48383,61429,0.6397080011526305,0
2023-07-28 11:03:54,2618.2,71344,1,2608.28,48290,61417,0.5936029199884667,0
2023-07-28 11:03:54,2618.2,71344,1,2608.28,48276,61423,0.5936029199884667,0
2023-07-28 11:03:54,2618.2,71344,1,2608.28,48291,61417,0.5936029199884667,0
2023-07-28 11:03:57,2618.2,71544,62,2608.31,48337,61414,0.5936029199884667,0
2023-07-28 11:03:57,2618.2,71544,62,2608.31,48337,61414,0.5936029199884667,0
2023-07-28 11:03:57,2618.2,71544,62,2608.31,48338,61390,0.5936029199884667,0
2023-07-28 11:03:57,2618.2,71544,62,2608.31,48339,61390,0.5936029199884667,0
2023-07-28 11:03:57,2618.2,71544,62,2608.31,48320,61411,0.5936029199884667,0
2023-07-28 11:03:57,2618.2,71544,62,2608.31,48285,61423,0.5936029199884667,0
2023-07-28 11:03:57,2618.2,71544,62,2608.31,48319,61409,0.5936029199884667,0
2023-07-28 11:03:57,2618.2,71544,62,2608.31,48319,61411,0.5936029199884667,0
2023-07-28 11:03:57,2618.2,71544,62,2608.31,48318,61394,0.5936029199884667,0
2023-07-28 11:03:57,2618.7,71544,1,2608.31,48318,61394,0.6128133704735306,0
2023-07-28 11:04:05,2618.7,71545,1,2608.31,48301,61406,0.6128133704735306,0
2023-07-28 11:04:05,2618.7,71545,1,2608.31,48319,61494,0.6128133704735306,0
2023-07-28 11:04:05,2618.7,71545,1,2608.31,48319,61491,0.6128133704735306,0
2023-07-28 11:04:05,2618.7,71545,1,2608.31,48337,61491,0.6128133704735306,0
2023-07-28 11:04:05,2618.7,71545,1,2608.31,48327,61491,0.6128133704735306,0
2023-07-28 11:04:05,2618.7,71545,1,2608.31,48312,61491,0.6128133704735306,0
2023-07-28 11:04:05,2618.7,71545,1,2608.31,48312,61489,0.6128133704735306,0
2023-07-28 11:04:05,2618.7,71545,1,2608.31,48314,61491,0.6128133704735306,0
2023-07-28 11:04:05,2618.7,71545,1,2608.31,48315,61516,0.6128133704735306,0
2023-07-28 11:04:05,2618.7,71545,1,2608.31,48315,61491,0.6128133704735306,0
2023-07-28 11:04:05,2618.7,71545,1,2608.31,48315,61491,0.6128133704735306,0
2023-07-28 11:04:05,2618.7,71545,1,2608.31,48318,61489,0.6128133704735306,0
2023-07-28 11:04:05,2619.8,71545,69,2608.31,48314,61494,0.6550763615406852,0
2023-07-28 11:04:20,2619.8,71825,69,2608.35,48338,61331,0.6550763615406852,0
2023-07-28 11:04:20,2619.8,71825,1,2608.35,48336,61336,0.6550763615406852,0
2023-07-28 11:04:22,2619.8,71826,1,2608.35,48317,61372,0.6550763615406852,0
2023-07-28 11:04:22,2619.8,71826,1,2608.35,48322,61376,0.6550763615406852,0
2023-07-28 11:04:22,2619.8,71826,1,2608.35,48312,61387,0.6550763615406852,0
2023-07-28 11:04:22,2619.8,71826,1,2608.35,48316,61389,0.6550763615406852,0
2023-07-28 11:04:22,2619.8,71826,1,2608.35,48284,61387,0.6550763615406852,0
2023-07-28 11:04:22,2619.8,71826,1,2608.35,48284,61389,0.6550763615406852,0
2023-07-28 11:04:22,2619.8,71826,1,2608.35,48288,61384,0.6550763615406852,0
2023-07-28 11:04:22,2619.8,71826,20,2608.35,48288,61384,0.6550763615406852,0
2023-07-28 11:04:30,2619.8,71846,20,2608.35,48292,61385,0.6550763615406852,0
2023-07-28 11:04:30,2619.8,71846,20,2608.35,48304,61386,0.6550763615406852,0
2023-07-28 11:04:30,2619.8,71846,20,2608.35,48306,61389,0.6550763615406852,0
2023-07-28 11:04:30,2618.45,71846,1,2608.35,48306,61389,0.6032081452309986,0
2023-07-28 11:04:34,2619.1,71855,1,2608.36,48309,61394,0.6281817308615852,0
2023-07-28 11:04:34,2619.1,71855,1,2608.36,48309,61394,0.6281817308615852,0
2023-07-28 11:04:34,2619.1,71855,1,2608.36,48309,61394,0.6281817308615852,0
2023-07-28 11:04:34,2619.8,71855,50,2608.36,48309,61394,0.6550763615406852,0
2023-07-28 11:04:36,2619.8,71905,50,2608.36,48309,61333,0.6550763615406852,0
2023-07-28 11:04:36,2619.8,71905,50,2608.36,48309,61333,0.6550763615406852,0
2023-07-28 11:04:36,2619.8,71905,50,2608.36,49292,61627,0.6550763615406852,0
2023-07-28 11:04:36,2619.8,71905,50,2608.36,49310,61662,0.6550763615406852,0
2023-07-28 11:04:36,2619.8,71905,50,2608.36,49336,61618,0.6550763615406852,0
2023-07-28 11:04:36,2619.8,71905,58,2608.36,49336,61618,0.6550763615406852,0
2023-07-28 11:04:43,2619.8,71963,58,2608.37,49303,61557,0.6550763615406852,0
2023-07-28 11:04:43,2619.8,71963,58,2608.37,49319,61543,0.6550763615406852,0
2023-07-28 11:04:43,2619.8,71963,58,2608.37,49320,61540,0.6550763615406852,0
2023-07-28 11:04:43,2619.8,71963,58,2608.37,49298,61538,0.6550763615406852,0
2023-07-28 11:04:43,2619.4,71963,1,2608.37,49302,61516,0.6397080011526305,0
2023-07-28 11:04:48,2619.4,71964,1,2608.37,49327,61605,0.6397080011526305,0
2023-07-28 11:04:48,2619.4,71964,1,2608.37,49343,61635,0.6397080011526305,0
2023-07-28 11:04:48,2619.4,71964,1,2608.37,49343,61647,0.6397080011526305,0
2023-07-28 11:04:48,2619.4,71964,1,2608.37,49312,61619,0.6397080011526305,0
2023-07-28 11:04:53,2619.75,71965,1,2608.37,49312,61615,0.6531553164921717,0
2023-07-28 11:04:53,2619.75,71965,1,2608.37,49331,61623,0.6531553164921717,0
2023-07-28 11:04:53,2619.75,71965,1,2608.37,49331,61623,0.6531553164921717,0
2023-07-28 11:04:56,2618.6,71975,4,2608.37,49264,61642,0.6089712803765214,0
2023-07-28 11:04:56,2618.6,71975,4,2608.37,49271,61642,0.6089712803765214,0
2023-07-28 11:04:56,2618.6,71975,4,2608.37,49271,61645,0.6089712803765214,0
2023-07-28 11:04:56,2618.6,71975,4,2608.37,49422,61634,0.6089712803765214,0
2023-07-28 11:05:01,2619.0,71976,1,2608.37,49421,61634,0.6243396407645759,0
2023-07-28 11:05:01,2619.0,71976,1,2608.37,49421,61634,0.6243396407645759,0
2023-07-28 11:05:01,2619.0,71976,1,2608.37,48671,61636,0.6243396407645759,0
2023-07-28 11:05:01,2619.6,71976,1,2608.37,48671,61639,0.6473921813466491,0
2023-07-28 11:05:07,2619.6,71977,1,2608.37,48683,61631,0.6473921813466491,0
2023-07-28 11:05:07,2619.6,71977,1,2608.37,48683,61631,0.6473921813466491,0
2023-07-28 11:05:07,2619.6,71977,1,2608.37,49433,61631,0.6473921813466491,0
2023-07-28 11:05:07,2619.6,71977,1,2608.37,49433,61631,0.6473921813466491,0
2023-07-28 11:05:07,2619.6,71977,1,2608.37,49434,61631,0.6473921813466491,0
2023-07-28 11:05:07,2619.6,71977,1,2608.37,49435,61631,0.6473921813466491,0
2023-07-28 11:05:07,2619.6,71977,1,2608.37,49435,61633,0.6473921813466491,0
2023-07-28 11:05:07,2618.6,71977,1,2608.37,49435,61633,0.6089712803765214,0
2023-07-28 11:05:18,2618.6,71981,1,2608.38,49433,61631,0.6089712803765214,0
2023-07-28 11:05:18,2618.6,71981,1,2608.38,49519,61631,0.6089712803765214,0
2023-07-28 11:05:18,2618.6,71981,1,2608.38,49520,61631,0.6089712803765214,0
2023-07-28 11:05:18,2618.6,71981,1,2608.38,49539,61634,0.6089712803765214,0
2023-07-28 11:05:18,2618.6,71981,1,2608.38,49539,61610,0.6089712803765214,0
2023-07-28 11:05:18,2618.6,71981,1,2608.38,49520,61635,0.6089712803765214,0
2023-07-28 11:05:18,2618.6,71981,1,2608.38,49520,61635,0.6089712803765214,0
2023-07-28 11:05:18,2618.6,71981,1,2608.38,49539,61653,0.6089712803765214,0
2023-07-28 11:05:18,2618.6,71981,1,2608.38,49539,61653,0.6089712803765214,0
2023-07-28 11:05:25,2619.6,72081,96,2608.39,49642,61636,0.6473921813466491,0
2023-07-28 11:05:25,2619.6,72081,96,2608.39,49642,61636,0.6473921813466491,0
2023-07-28 11:05:25,2619.6,72081,96,2608.39,49623,61648,0.6473921813466491,0
2023-07-28 11:05:25,2619.6,72081,2,2608.39,49623,61648,0.6473921813466491,0
2023-07-28 11:05:28,2619.6,72083,2,2608.39,49623,61648,0.6473921813466491,0
2023-07-28 11:05:28,2619.6,72083,2,2608.39,49642,61649,0.6473921813466491,0
2023-07-28 11:05:31,2619.6,72283,200,2608.42,49858,61584,0.6473921813466491,0
2023-07-28 11:05:31,2619.75,72283,13,2608.42,49858,61603,0.6531553164921717,0
2023-07-28 11:05:33,2619.65,72297,1,2608.42,49860,61608,0.6493132263951624,0
2023-07-28 11:05:33,2619.65,72297,1,2608.42,49861,61598,0.6493132263951624,0
2023-07-28 11:05:33,2619.65,72297,1,2608.42,49881,61597,0.6493132263951624,0
2023-07-28 11:05:33,2619.65,72297,1,2608.42,49853,61599,0.6493132263951624,0
2023-07-28 11:05:33,2619.65,72297,1,2608.42,49853,61607,0.6493132263951624,0
2023-07-28 11:05:33,2619.65,72297,1,2608.42,49853,61607,0.6493132263951624,0
2023-07-28 11:05:41,2619.6,72497,200,2608.46,49616,61655,0.6473921813466491,0
2023-07-28 11:05:42,2619.75,72517,14,2608.46,49601,61618,0.6531553164921717,0
2023-07-28 11:05:42,2619.75,72517,14,2608.46,49586,61623,0.6531553164921717,0
2023-07-28 11:05:42,2619.75,72517,14,2608.46,49492,61636,0.6531553164921717,0
2023-07-28 11:05:42,2619.75,72517,14,2608.46,49550,61651,0.6531553164921717,0
2023-07-28 11:05:42,2619.6,72517,62,2608.46,49550,61651,0.6473921813466491,0
2023-07-28 11:05:45,2619.6,72579,62,2608.47,49575,61640,0.6473921813466491,0
2023-07-28 11:05:46,2619.75,72687,96,2608.48,49568,61631,0.6531553164921717,0
2023-07-28 11:05:46,2619.75,72687,96,2608.48,49568,61631,0.6531553164921717,0
2023-07-28 11:05:46,2619.75,72687,96,2608.48,49568,61634,0.6531553164921717,0
2023-07-28 11:05:46,2619.75,72687,96,2608.48,49568,61632,0.6531553164921717,0
2023-07-28 11:05:46,2619.75,72687,1,2608.48,49550,61632,0.6531553164921717,0
2023-07-28 11:05:52,2619.75,72688,3,2608.48,49559,61625,0.6531553164921717,0
2023-07-28 11:05:53,2619.75,72698,3,2608.49,49559,61615,0.6531553164921717,0
2023-07-28 11:05:53,2619.75,72698,3,2608.49,49559,61619,0.6531553164921717,0
2023-07-28 11:05:53,2619.75,72698,3,2608.49,49559,61611,0.6531553164921717,0
2023-07-28 11:05:53,2619.75,72698,3,2608.49,49638,61504,0.6531553164921717,0
2023-07-28 11:05:53,2619.75,72698,1,2608.49,49638,61504,0.6531553164921717,0
2023-07-28 11:05:57,2619.75,72699,1,2608.49,49628,61562,0.6531553164921717,0
2023-07-28 11:05:57,2619.75,72699,1,2608.49,49628,61560,0.6531553164921717,0
2023-07-28 11:05:57,2619.75,72699,1,2608.49,49612,61676,0.6531553164921717,0
2023-07-28 11:05:57,2619.75,72699,1,2608.49,49615,61724,0.6531553164921717,0
2023-07-28 11:05:57,2619.75,72699,1,2608.49,49615,61724,0.6531553164921717,0
2023-07-28 11:06:02,2619.75,72700,1,2608.49,49589,61723,0.6531553164921717,0
2023-07-28 11:06:02,2619.75,72700,1,2608.49,49617,61709,0.6531553164921717,0
2023-07-28 11:06:02,2619.75,72700,1,2608.49,49602,61710,0.6531553164921717,0
2023-07-28 11:06:02,2619.75,72700,2,2608.49,49602,61710,0.6531553164921717,0
2023-07-28 11:06:02,2619.75,72700,1,2608.49,49602,61710,0.6531553164921717,0
2023-07-28 11:06:08,2619.75,72724,20,2608.49,49593,61719,0.6531553164921717,0
2023-07-28 11:06:08,2619.75,72724,8,2608.49,49593,61719,0.6531553164921717,0
2023-07-28 11:06:08,2619.75,72724,1,2608.49,49593,61719,0.6531553164921717,0
2023-07-28 11:06:12,2619.75,72735,1,2608.49,49625,61657,0.6531553164921717,0
2023-07-28 11:06:12,2619.75,72735,13,2608.49,49625,61657,0.6531553164921717,0
2023-07-28 11:06:17,2619.75,72748,13,2608.49,49562,61731,0.6531553164921717,0
2023-07-28 11:06:17,2620.5,72748,20,2608.49,49562,61731,0.6819709922197675,0
2023-07-28 11:06:20,2620.5,73271,20,2608.58,50023,61558,0.6819709922197675,0
2023-07-28 11:06:20,2619.75,73271,1,2608.58,50023,61558,0.6531553164921717,0
2023-07-28 11:06:20,2619.75,73271,1,2608.58,50023,61558,0.6531553164921717,0
2023-07-28 11:06:25,2619.75,73273,1,2608.58,49843,61694,0.6531553164921717,0
2023-07-28 11:06:25,2618.15,73273,18,2608.58,49843,61694,0.5916818749399708,0
2023-07-28 11:06:25,2619.6,73273,1,2608.58,49843,61694,0.6473921813466491,0
2023-07-28 11:06:30,2619.6,73428,1,2608.6,49524,62117,0.6473921813466491,0
2023-07-28 11:06:36,2619.2,73458,10,2608.6,49430,61974,0.6320238209585944,0
2023-07-28 11:06:36,2619.2,73458,10,2608.6,49430,61974,0.6320238209585944,0
2023-07-28 11:06:36,2619.2,73458,10,2608.6,49420,61975,0.6320238209585944,0
2023-07-28 11:06:36,2619.2,73458,1,2608.6,49420,61975,0.6320238209585944,0
2023-07-28 11:06:36,2618.6,73458,1,2608.6,49420,61975,0.6089712803765214,0
2023-07-28 11:06:49,2618.6,73461,1,2608.6,49438,62430,0.6089712803765214,0
2023-07-28 11:06:49,2618.95,73461,1,2608.6,49438,62430,0.6224185957160625,0
2023-07-28 11:06:53,2618.95,73462,1,2608.6,49441,62442,0.6224185957160625,0
2023-07-28 11:06:53,2618.95,73462,4,2608.6,49441,62442,0.6224185957160625,0
2023-07-28 11:06:56,2618.95,73466,4,2608.6,49463,62358,0.6224185957160625,0
2023-07-28 11:06:56,2618.0,73466,61,2608.6,49463,62358,0.5859187397944482,0
2023-07-28 11:07:03,2618.0,73566,61,2608.62,49379,62283,0.5859187397944482,0
2023-07-28 11:07:03,2618.0,73566,61,2608.62,49379,62283,0.5859187397944482,0
2023-07-28 11:07:03,2618.0,73566,61,2608.62,49360,62302,0.5859187397944482,0
2023-07-28 11:07:03,2618.0,73566,61,2608.62,49360,62293,0.5859187397944482,0
2023-07-28 11:07:03,2618.0,73566,7,2608.62,49360,62293,0.5859187397944482,0
2023-07-28 11:07:11,2618.0,73588,7,2608.62,49363,62271,0.5859187397944482,0
2023-07-28 11:07:11,2618.0,73588,7,2608.62,49363,62296,0.5859187397944482,0
2023-07-28 11:07:11,2618.0,73588,7,2608.62,49363,62299,0.5859187397944482,0
2023-07-28 11:07:11,2618.0,73588,7,2608.62,49358,62433,0.5859187397944482,0
2023-07-28 11:07:11,2618.0,73588,7,2608.62,49358,62422,0.5859187397944482,0
2023-07-28 11:07:11,2618.0,73588,7,2608.62,49358,62422,0.5859187397944482,0
2023-07-28 11:07:11,2618.0,73588,7,2608.62,49463,62353,0.5859187397944482,0
2023-07-28 11:07:11,2618.0,73588,7,2608.62,49463,62353,0.5859187397944482,0
2023-07-28 11:07:11,2618.0,73588,25,2608.62,49463,62353,0.5859187397944482,0
2023-07-28 11:07:19,2618.0,73742,25,2608.64,49334,62390,0.5859187397944482,0
2023-07-28 11:07:19,2618.0,73742,25,2608.64,49334,62396,0.5859187397944482,0
2023-07-28 11:07:19,2618.0,73742,25,2608.64,49334,62396,0.5859187397944482,0
2023-07-28 11:07:19,2618.0,73742,30,2608.64,49334,62396,0.5859187397944482,0
2023-07-28 11:07:24,2618.0,73772,30,2608.64,49336,62362,0.5859187397944482,0
2023-07-28 11:07:24,2618.0,73772,30,2608.64,49336,62361,0.5859187397944482,0
2023-07-28 11:07:24,2618.0,73772,30,2608.64,49341,62361,0.5859187397944482,0
2023-07-28 11:07:24,2618.0,73772,30,2608.64,49341,62361,0.5859187397944482,0
2023-07-28 11:07:28,2618.0,73852,30,2608.65,49342,62303,0.5859187397944482,0
2023-07-28 11:07:28,2618.0,73852,30,2608.65,49343,62303,0.5859187397944482,0
2023-07-28 11:07:28,2618.0,73852,30,2608.65,49344,62303,0.5859187397944482,0
2023-07-28 11:07:28,2618.0,73852,30,2608.65,49341,62284,0.5859187397944482,0
2023-07-28 11:07:28,2618.0,73852,30,2608.65,49341,62305,0.5859187397944482,0
2023-07-28 11:07:28,2618.0,73852,1,2608.65,49341,62294,0.5859187397944482,0
2023-07-28 11:07:33,2618.0,73885,1,2608.66,49344,62302,0.5859187397944482,0
2023-07-28 11:07:33,2618.0,73885,1,2608.66,49344,62294,0.5859187397944482,0
2023-07-28 11:07:33,2618.0,73885,1,2608.66,48639,62254,0.5859187397944482,0
2023-07-28 11:07:33,2618.0,73885,1,2608.66,49398,62252,0.5859187397944482,0
2023-07-28 11:07:33,2618.0,73885,1,2608.66,49353,62267,0.5859187397944482,0
2023-07-28 11:07:33,2618.0,73885,1,2608.66,49372,62249,0.5859187397944482,0
2023-07-28 11:07:33,2618.0,73885,1,2608.66,48622,62267,0.5859187397944482,0
2023-07-28 11:07:42,2618.75,73890,3,2608.66,49372,62259,0.614734415522044,0
2023-07-28 11:07:42,2618.75,73890,3,2608.66,48622,62259,0.614734415522044,0
2023-07-28 11:07:45,2618.75,73896,5,2608.66,49461,62262,0.614734415522044,0
2023-07-28 11:07:45,2618.75,73896,5,2608.66,49461,62262,0.614734415522044,0
2023-07-28 11:07:45,2618.75,73896,5,2608.66,49482,62271,0.614734415522044,0
2023-07-28 11:07:45,2618.75,73896,5,2608.66,49461,62259,0.614734415522044,0
2023-07-28 11:07:45,2618.75,73896,5,2608.66,49450,62259,0.614734415522044,0
2023-07-28 11:07:45,2618.75,73896,5,2608.66,49450,62228,0.614734415522044,0
2023-07-28 11:07:45,2618.75,73896,1,2608.66,49450,62228,0.614734415522044,0
2023-07-28 11:07:52,2618.75,73897,1,2608.66,49468,62239,0.614734415522044,0
2023-07-28 11:07:52,2618.75,73897,1,2608.66,49470,62752,0.614734415522044,0
2023-07-28 11:07:52,2618.75,73897,1,2608.66,49468,62752,0.614734415522044,0
2023-07-28 11:07:52,2618.75,73897,1,2608.66,49482,62730,0.614734415522044,0
2023-07-28 11:07:52,2618.75,73897,1,2608.66,49484,62730,0.614734415522044,0
2023-07-28 11:07:52,2618.75,73897,1,2608.66,49482,62739,0.614734415522044,0
2023-07-28 11:07:52,2618.75,73897,1,2608.66,49468,62758,0.614734415522044,0
2023-07-28 11:07:52,2618.75,73897,1,2608.66,49471,62758,0.614734415522044,0
2023-07-28 11:07:52,2618.75,73897,1,2608.66,49458,62775,0.614734415522044,0
2023-07-28 11:07:52,2618.75,73897,1,2608.66,49496,62779,0.614734415522044,0
2023-07-28 11:07:52,2618.75,73897,1,2608.66,49496,62867,0.614734415522044,0
2023-07-28 11:08:04,2618.0,73899,1,2608.66,49492,62870,0.5859187397944482,0
2023-07-28 11:08:04,2618.0,73899,1,2608.66,49492,62883,0.5859187397944482,0
2023-07-28 11:08:04,2618.75,73899,5,2608.66,49492,62883,0.614734415522044,0
2023-07-28 11:08:09,2618.75,73904,5,2608.66,49492,62880,0.614734415522044,0
2023-07-28 11:08:09,2618.0,73904,30,2608.66,49492,62880,0.5859187397944482,0
2023-07-28 11:08:10,2618.0,73972,30,2608.67,49490,62872,0.5859187397944482,0
2023-07-28 11:08:10,2618.0,73972,30,2608.67,49500,62872,0.5859187397944482,0
2023-07-28 11:08:10,2618.75,73972,2,2608.67,49500,62872,0.614734415522044,0
2023-07-28 11:08:22,2618.75,74174,175,2608.69,48808,62811,0.614734415522044,0
2023-07-28 11:08:22,2618.75,74174,175,2608.69,48808,62811,0.614734415522044,0
2023-07-28 11:08:22,2618.75,74174,175,2608.69,48808,62811,0.614734415522044,0
2023-07-28 11:08:22,2618.75,74174,175,2608.69,48808,62811,0.614734415522044,0
2023-07-28 11:08:22,2618.75,74174,175,2608.69,48808,62811,0.614734415522044,0
2023-07-28 11:08:22,2618.75,74174,175,2608.69,48808,62811,0.614734415522044,0
2023-07-28 11:08:22,2618.75,74174,175,2608.69,48808,62811,0.614734415522044,0
2023-07-28 11:08:22,2618.75,74174,175,2608.69,48808,62811,0.614734415522044,0
2023-07-28 11:08:27,2618.95,74176,1,2608.7,48549,62810,0.6224185957160625,0
2023-07-28 11:08:27,2618.95,74176,1,2608.7,48549,62810,0.6224185957160625,0
2023-07-28 11:08:27,2618.95,74176,1,2608.7,48549,62810,0.6224185957160625,0
2023-07-28 11:08:27,2618.95,74176,5,2608.7,48549,62810,0.6224185957160625,0
2023-07-28 11:08:31,2618.95,74182,1,2608.7,49317,62770,0.6224185957160625,0
2023-07-28 11:08:31,2618.95,74182,1,2608.7,49367,62794,0.6224185957160625,0
2023-07-28 11:08:31,2618.95,74182,1,2608.7,49367,62794,0.6224185957160625,0
2023-07-28 11:08:31,2618.95,74182,1,2608.7,49367,62794,0.6224185957160625,0
2023-07-28 11:08:31,2618.95,74182,5,2608.7,49367,62794,0.6224185957160625,0
2023-07-28 11:08:40,2617.5,74315,5,2608.71,49457,62875,0.5667082893093843,0
2023-07-28 11:08:40,2617.9,74315,1,2608.71,49457,62875,0.5820766496974389,0
2023-07-28 11:08:43,2617.9,74318,1,2608.71,49507,62813,0.5820766496974389,0
2023-07-28 11:08:43,2617.9,74318,4,2608.71,49507,62813,0.5820766496974389,0
2023-07-28 11:08:45,2617.9,74322,4,2608.71,49510,62813,0.5820766496974389,0
2023-07-28 11:08:45,2617.2,74322,1,2608.71,49510,62813,0.555182019018339,0
2023-07-28 11:08:52,2617.2,74330,1,2608.71,49506,62813,0.555182019018339,0
2023-07-28 11:08:52,2617.9,74330,1,2608.71,49506,62813,0.5820766496974389,0
2023-07-28 11:08:53,2617.9,74331,1,2608.71,49511,62813,0.5820766496974389,0
2023-07-28 11:08:53,2617.9,74331,1,2608.71,49511,62813,0.5820766496974389,0
2023-07-28 11:08:59,2617.5,74332,50,2608.71,49515,62804,0.5667082893093843,0
2023-07-28 11:08:59,2617.9,74332,1,2608.71,49515,62804,0.5820766496974389,0
2023-07-28 11:09:08,2617.25,74385,1,2608.72,49517,62884,0.5571030640668524,0
2023-07-28 11:09:08,2617.9,74385,3,2608.72,49517,62884,0.5820766496974389,0
2023-07-28 11:09:12,2617.9,74388,3,2608.72,49535,62880,0.5820766496974389,0
2023-07-28 11:09:16,2617.9,74389,1,2608.72,49536,62880,0.5820766496974389,0
2023-07-28 11:09:16,2617.5,74389,9,2608.72,49536,62880,0.5667082893093843,0
2023-07-28 11:09:19,2617.5,74399,9,2608.72,49523,62899,0.5667082893093843,0
2023-07-28 11:09:19,2617.9,74399,100,2608.72,49523,62899,0.5820766496974389,0
2023-07-28 11:09:22,2617.9,74499,100,2608.73,49528,62899,0.5820766496974389,0
2023-07-28 11:09:22,2617.9,74499,3,2608.73,49528,62899,0.5820766496974389,0
2023-07-28 11:09:27,2617.9,74502,3,2608.74,49528,62891,0.5820766496974389,0
2023-07-28 11:09:27,2617.9,74502,50,2608.74,49528,62891,0.5820766496974389,0
2023-07-28 11:09:27,2617.5,74502,1,2608.74,49528,62891,0.5667082893093843,0
2023-07-28 11:09:33,2617.5,74566,1,2608.74,48734,63168,0.5667082893093843,0
2023-07-28 11:09:33,2617.5,74566,1,2608.74,48767,62992,0.5667082893093843,0
2023-07-28 11:09:33,2617.15,74566,151,2608.74,48767,62992,0.5532609739698431,0
2023-07-28 11:09:33,2618.1,74566,6,2608.74,48767,62992,0.5897608298914575,0
2023-07-28 11:09:41,2618.1,75047,6,2608.79,49041,62851,0.5897608298914575,0
2023-07-28 11:09:41,2618.1,75047,6,2608.79,48737,63017,0.5897608298914575,0
2023-07-28 11:09:41,2617.5,75047,5,2608.79,48737,63017,0.5667082893093843,0
2023-07-28 11:09:47,2617.5,75052,5,2608.79,48763,63008,0.5667082893093843,0
2023-07-28 11:09:47,2617.5,75052,1,2608.79,48763,63008,0.5667082893093843,0
2023-07-28 11:09:47,2618.0,75052,75,2608.79,48763,63008,0.5859187397944482,0
2023-07-28 11:09:53,2618.0,75393,75,2608.83,48815,62955,0.5859187397944482,0
2023-07-28 11:09:53,2618.3,75393,1,2608.83,48815,62955,0.5974450100854934,0
2023-07-28 11:09:57,2618.3,75394,1,2608.83,48851,62981,0.5974450100854934,0
2023-07-28 11:09:57,2617.85,75394,1,2608.83,48851,62981,0.5801556046489256,0
2023-07-28 11:10:00,2617.85,75447,1,2608.84,48859,63361,0.5801556046489256,0
2023-07-28 11:10:05,2617.5,75479,22,2608.84,48201,63242,0.5667082893093843,0
2023-07-28 11:10:05,2617.5,75479,22,2608.84,48894,63242,0.5667082893093843,0
2023-07-28 11:10:05,2617.85,75479,100,2608.84,48894,63242,0.5801556046489256,0
2023-07-28 11:10:07,2617.85,75579,100,2608.86,48909,63242,0.5801556046489256,0
2023-07-28 11:10:07,2617.85,75579,100,2608.86,48913,63250,0.5801556046489256,0
2023-07-28 11:10:07,2617.85,75579,100,2608.86,48915,63250,0.5801556046489256,0
2023-07-28 11:10:07,2617.85,75579,100,2608.86,48915,63253,0.5801556046489256,0
2023-07-28 11:10:11,2617.5,75582,3,2608.86,48822,63573,0.5667082893093843,0
2023-07-28 11:10:11,2617.5,75582,3,2608.86,48854,63573,0.5667082893093843,0
2023-07-28 11:10:11,2616.05,75582,3,2608.86,48854,63573,0.510997982902706,0
2023-07-28 11:10:13,2616.05,75585,3,2608.86,48851,63580,0.510997982902706,0
2023-07-28 11:10:13,2616.05,75585,3,2608.86,48842,63980,0.510997982902706,0
2023-07-28 11:10:13,2616.05,75585,3,2608.86,48775,64039,0.510997982902706,0
2023-07-28 11:10:13,2616.05,75585,3,2608.86,48775,64040,0.510997982902706,0
2023-07-28 11:10:13,2616.05,75585,3,2608.86,48773,64041,0.510997982902706,0
2023-07-28 11:10:13,2616.05,75585,3,2608.86,48773,63956,0.510997982902706,0
2023-07-28 11:10:13,2616.05,75585,3,2608.86,48773,63937,0.510997982902706,0
2023-07-28 11:10:20,2617.0,75588,3,2608.86,48738,63913,0.5474978388243205,0
2023-07-28 11:10:20,2617.2,75588,2,2608.86,48763,63932,0.555182019018339,0
2023-07-28 11:10:22,2617.2,75590,2,2608.86,48737,63956,0.555182019018339,0
2023-07-28 11:10:22,2615.75,75590,2,2608.86,48752,63956,0.49947171261166073,0
2023-07-28 11:10:24,2615.75,75596,2,2608.86,48746,63956,0.49947171261166073,0
2023-07-28 11:10:24,2617.2,75596,10,2608.86,48793,63836,0.555182019018339,0
2023-07-28 11:10:26,2617.2,75606,10,2608.86,48778,63838,0.555182019018339,0
2023-07-28 11:10:26,2617.2,75606,10,2608.86,48778,63843,0.555182019018339,0
2023-07-28 11:10:26,2617.2,75606,10,2608.86,48778,63843,0.555182019018339,0
2023-07-28 11:10:26,2617.2,75606,10,2608.86,48778,63840,0.555182019018339,0
2023-07-28 11:10:26,2617.2,75606,10,2608.86,48765,63840,0.555182019018339,0
2023-07-28 11:10:26,2617.2,75606,4,2608.86,48765,63840,0.555182019018339,0
2023-07-28 11:10:31,2617.2,75610,4,2608.86,48784,63840,0.555182019018339,0
2023-07-28 11:10:31,2617.2,75610,4,2608.86,48794,63840,0.555182019018339,0
2023-07-28 11:10:31,2617.2,75610,4,2608.86,48779,63805,0.555182019018339,0
2023-07-28 11:10:31,2617.2,75610,4,2608.86,48779,63805,0.555182019018339,0
2023-07-28 11:10:31,2617.2,75610,4,2608.86,48779,63805,0.555182019018339,0
2023-07-28 11:10:37,2616.4,75624,1,2608.86,48773,63822,0.5244452982422473,0
2023-07-28 11:10:37,2616.4,75624,1,2608.86,48773,63822,0.5244452982422473,0
2023-07-28 11:10:37,2616.4,75624,1,2608.86,48809,63733,0.5244452982422473,0
2023-07-28 11:10:37,2616.4,75624,1,2608.86,49017,63795,0.5244452982422473,0
2023-07-28 11:10:37,2616.4,75624,1,2608.86,49008,63795,0.5244452982422473,0
2023-07-28 11:10:37,2616.4,75624,1,2608.86,49013,63795,0.5244452982422473,0
2023-07-28 11:10:37,2616.4,75624,1,2608.86,48981,63835,0.5244452982422473,0
2023-07-28 11:10:37,2616.4,75624,1,2608.86,48991,63838,0.5244452982422473,0
2023-07-28 11:10:37,2616.4,75624,1,2608.86,48985,63829,0.5244452982422473,0
2023-07-28 11:10:37,2616.4,75624,1,2608.86,48995,63839,0.5244452982422473,0
2023-07-28 11:10:37,2616.4,75624,1,2608.86,48985,63837,0.5244452982422473,0
2023-07-28 11:10:37,2616.4,75624,1,2608.86,48973,63831,0.5244452982422473,0
2023-07-28 11:10:37,2616.4,75624,1,2608.86,48899,63783,0.5244452982422473,0
2023-07-28 11:10:37,2616.4,75624,1,2608.86,48899,63781,0.5244452982422473,0
2023-07-28 11:10:53,2617.2,75625,1,2608.86,49094,63797,0.555182019018339,0
2023-07-28 11:10:53,2617.2,75625,1,2608.86,49094,63797,0.555182019018339,0
2023-07-28 11:10:53,2617.2,75625,1,2608.86,49094,63797,0.555182019018339,0
2023-07-28 11:10:53,2617.2,75625,1,2608.86,49080,63799,0.555182019018339,0
2023-07-28 11:10:53,2616.05,75625,1,2608.86,49080,63799,0.510997982902706,0
2023-07-28 11:10:56,2616.05,75626,1,2608.86,49055,63801,0.510997982902706,0
2023-07-28 11:10:56,2617.2,75626,1,2608.86,49055,63801,0.555182019018339,0
2023-07-28 11:10:57,2617.2,75627,1,2608.86,49079,63801,0.555182019018339,0
2023-07-28 11:10:57,2617.2,75627,1,2608.86,49079,63799,0.555182019018339,0
2023-07-28 11:10:57,2617.2,75627,1,2608.86,49079,63799,0.555182019018339,0
2023-07-28 11:10:57,2617.2,75627,1,2608.86,49080,63799,0.555182019018339,0
2023-07-28 11:11:02,2617.2,75628,1,2608.86,49102,63787,0.555182019018339,0
2023-07-28 11:11:02,2617.2,75628,1,2608.86,49092,63787,0.555182019018339,0
2023-07-28 11:11:02,2617.2,75628,1,2608.86,49108,63796,0.555182019018339,0
2023-07-28 11:11:02,2617.2,75628,1,2608.86,49108,63778,0.555182019018339,0
2023-07-28 11:11:02,2617.2,75628,1,2608.86,48928,63796,0.555182019018339,0
2023-07-28 11:11:07,2617.2,75629,1,2608.86,48855,63804,0.555182019018339,0
2023-07-28 11:11:07,2617.2,75629,1,2608.86,48843,63812,0.555182019018339,0
2023-07-28 11:11:07,2617.2,75629,1,2608.86,48855,63807,0.555182019018339,0
2023-07-28 11:11:07,2617.2,75629,1,2608.86,48855,63807,0.555182019018339,0
2023-07-28 11:11:10,2617.2,75630,1,2608.86,48855,63807,0.555182019018339,0
2023-07-28 11:11:10,2617.2,75630,1,2608.86,48936,63782,0.555182019018339,0
2023-07-28 11:11:10,2617.2,75630,1,2608.86,48936,63782,0.555182019018339,0
2023-07-28 11:11:13,2617.2,75631,1,2608.86,48936,63782,0.555182019018339,0
2023-07-28 11:11:13,2617.2,75631,1,2608.86,48938,63782,0.555182019018339,0
2023-07-28 11:11:13,2617.2,75631,5,2608.86,48938,63782,0.555182019018339,0
2023-07-28 11:11:16,2617.2,75636,5,2608.86,48938,63782,0.555182019018339,0
2023-07-28 11:11:16,2617.2,75636,5,2608.86,48938,63782,0.555182019018339,0
2023-07-28 11:11:16,2617.2,75636,1,2608.86,48998,63734,0.555182019018339,0
2023-07-28 11:11:19,2617.2,75637,1,2608.86,48998,63733,0.555182019018339,0
2023-07-28 11:11:19,2617.2,75637,1,2608.86,48998,63733,0.555182019018339,0
2023-07-28 11:11:23,2617.2,75639,1,2608.86,48996,63700,0.555182019018339,0
2023-07-28 11:11:23,2617.2,75639,1,2608.86,48996,63700,0.555182019018339,0
2023-07-28 11:11:23,2617.2,75639,1,2608.86,48996,63721,0.555182019018339,0
2023-07-28 11:11:23,2617.2,75639,1,2608.86,48996,63721,0.555182019018339,0
2023-07-28 11:11:25,2616.1,75643,1,2608.86,48922,63788,0.5129190279512019,0
2023-07-28 11:11:25,2616.1,75643,1,2608.86,48924,63793,0.5129190279512019,0
2023-07-28 11:11:25,2616.1,75643,1,2608.86,48923,63760,0.5129190279512019,0
2023-07-28 11:11:25,2616.1,75643,1,2608.86,48923,63733,0.5129190279512019,0
2023-07-28 11:11:25,2616.1,75643,1,2608.86,48923,63733,0.5129190279512019,0
2023-07-28 11:11:29,2615.75,75743,2,2608.87,49031,63862,0.49947171261166073,0
2023-07-28 11:11:29,2615.75,75743,2,2608.87,49048,63851,0.49947171261166073,0
2023-07-28 11:11:29,2615.75,75743,2,2608.87,49044,63851,0.49947171261166073,0
2023-07-28 11:11:29,2615.75,75743,2,2608.87,49042,63853,0.49947171261166073,0
2023-07-28 11:11:29,2615.75,75743,2,2608.87,49046,63851,0.49947171261166073,0
2023-07-28 11:11:29,2615.75,75743,2,2608.87,49042,63881,0.49947171261166073,0
2023-07-28 11:11:29,2615.75,75743,2,2608.87,49046,63878,0.49947171261166073,0
2023-07-28 11:11:29,2616.95,75743,5,2608.87,49046,63878,0.545576793775807,0
2023-07-28 11:11:35,2616.95,75748,5,2608.87,49047,63931,0.545576793775807,0
2023-07-28 11:11:35,2617.0,75748,2,2608.87,49095,63867,0.5474978388243205,0
2023-07-28 11:11:37,2617.0,75750,2,2608.87,49072,63867,0.5474978388243205,0
2023-07-28 11:11:37,2617.0,75750,2,2608.87,49072,63867,0.5474978388243205,0
2023-07-28 11:11:40,2615.8,75751,1,2608.87,48994,63902,0.5013927576601741,0
2023-07-28 11:11:40,2615.8,75751,1,2608.87,49010,63886,0.5013927576601741,0
2023-07-28 11:11:40,2615.8,75751,1,2608.87,48830,64343,0.5013927576601741,0
2023-07-28 11:11:40,2615.8,75751,1,2608.87,48894,64144,0.5013927576601741,0
2023-07-28 11:11:40,2615.8,75751,1,2608.87,48879,64146,0.5013927576601741,0
2023-07-28 11:11:40,2615.8,75751,1,2608.87,48879,64145,0.5013927576601741,0
2023-07-28 11:11:40,2615.8,75751,1,2608.87,48858,64129,0.5013927576601741,0
2023-07-28 11:11:40,2615.8,75751,1,2608.87,48898,64147,0.5013927576601741,0
2023-07-28 11:11:40,2615.8,75751,1,2608.87,48901,64167,0.5013927576601741,0
2023-07-28 11:11:40,2615.8,75751,1,2608.87,48901,64167,0.5013927576601741,0
2023-07-28 11:11:40,2615.8,75751,4,2608.87,48901,64167,0.5013927576601741,0
2023-07-28 11:11:52,2615.8,75766,1,2608.87,48900,64161,0.5013927576601741,0
2023-07-28 11:11:52,2615.8,75766,1,2608.87,48950,64161,0.5013927576601741,0
2023-07-28 11:11:52,2615.8,75766,1,2608.87,48950,64191,0.5013927576601741,0
2023-07-28 11:11:52,2615.8,75766,1,2608.87,48844,64208,0.5013927576601741,0
2023-07-28 11:11:52,2615.8,75766,1,2608.87,48844,64202,0.5013927576601741,0
2023-07-28 11:11:52,2615.5,75766,2,2608.87,48844,64194,0.4898664873691288,0
2023-07-28 11:11:58,2615.5,75768,2,2608.87,48865,64246,0.4898664873691288,0
2023-07-28 11:11:58,2615.5,75768,2,2608.87,48875,64244,0.4898664873691288,0
2023-07-28 11:11:58,2615.5,75768,2,2608.87,48875,64244,0.4898664873691288,0
2023-07-28 11:11:58,2615.5,75768,2,2608.87,48875,64249,0.4898664873691288,0
2023-07-28 11:11:58,2615.5,75768,2,2608.87,48856,64277,0.4898664873691288,0
2023-07-28 11:11:58,2615.5,75768,2,2608.87,48843,64266,0.4898664873691288,0
2023-07-28 11:11:58,2615.5,75768,2,2608.87,48840,64279,0.4898664873691288,0
2023-07-28 11:11:58,2615.5,75768,2,2608.87,48936,64280,0.4898664873691288,0
2023-07-28 11:11:58,2615.5,75768,2,2608.87,48918,64280,0.4898664873691288,0
2023-07-28 11:11:58,2615.5,75768,1,2608.87,48918,64280,0.4898664873691288,0
2023-07-28 11:12:07,2615.5,75770,1,2608.87,48895,64231,0.4898664873691288,0
2023-07-28 11:12:07,2615.5,75770,1,2608.87,48822,64186,0.4898664873691288,0
2023-07-28 11:12:07,2615.5,75770,1,2608.87,48822,64186,0.4898664873691288,0
2023-07-28 11:12:07,2615.5,75770,1,2608.87,48825,64186,0.4898664873691288,0
2023-07-28 11:12:07,2615.5,75770,1,2608.87,48825,64186,0.4898664873691288,0
2023-07-28 11:12:07,2615.5,75770,1,2608.87,48825,64186,0.4898664873691288,0
2023-07-28 11:12:07,2615.5,75770,1,2608.87,48825,64186,0.4898664873691288,0
2023-07-28 11:12:15,2615.35,75772,1,2608.87,48816,64185,0.4841033522236062,0
2023-07-28 11:12:15,2615.35,75772,1,2608.87,48816,64185,0.4841033522236062,0
2023-07-28 11:12:15,2615.35,75772,1,2608.87,48818,64218,0.4841033522236062,0
2023-07-28 11:12:15,2615.35,75772,1,2608.87,48818,64221,0.4841033522236062,0
2023-07-28 11:12:15,2615.35,75772,1,2608.87,48817,64221,0.4841033522236062,0
2023-07-28 11:12:15,2615.35,75772,1,2608.87,48817,64207,0.4841033522236062,0
2023-07-28 11:12:15,2615.35,75772,1,2608.87,48817,64207,0.4841033522236062,0
2023-07-28 11:12:15,2615.0,75772,348,2608.87,48817,64207,0.47065603688406493,0
2023-07-28 11:12:22,2615.0,76368,348,2608.92,48238,63639,0.47065603688406493,0
2023-07-28 11:12:22,2615.0,76368,348,2608.92,48275,63645,0.47065603688406493,0
2023-07-28 11:12:22,2615.35,76368,1,2608.92,48275,63645,0.4841033522236062,0
2023-07-28 11:12:27,2615.0,76370,1,2608.92,48281,63633,0.47065603688406493,0
2023-07-28 11:12:27,2615.0,76370,1,2608.92,48281,63633,0.47065603688406493,0
2023-07-28 11:12:27,2615.0,76370,1,2608.92,48278,63640,0.47065603688406493,0
2023-07-28 11:12:29,2615.35,76385,15,2608.92,48279,63654,0.4841033522236062,0
2023-07-28 11:12:29,2615.35,76385,15,2608.92,48281,63654,0.4841033522236062,0
2023-07-28 11:12:29,2615.35,76385,15,2608.92,48256,63660,0.4841033522236062,0
2023-07-28 11:12:32,2615.35,76386,1,2608.92,48256,63659,0.4841033522236062,0
2023-07-28 11:12:32,2615.35,76386,1,2608.92,48253,63661,0.4841033522236062,0
