2023-07-28 10:49:25,3567.5,67475,10,3559.08,33225,23855,0.28109627547434995,0
2023-07-28 10:49:25,3568.0,67475,40,3559.08,33225,23855,0.2951510892480675,0
2023-07-28 10:49:30,3567.5,67536,5,3559.09,33399,23801,0.28109627547434995,0
2023-07-28 10:49:35,3567.2,67560,10,3559.09,32093,23797,0.27266338721011435,0
2023-07-28 10:49:35,3567.5,67560,8,3559.09,32093,23797,0.28109627547434995,0
2023-07-28 10:49:35,3569.35,67574,2,3559.1,33255,23892,0.3330990864371022,0
2023-07-28 10:49:35,3567.1,67574,8,3559.1,33255,23892,0.2698524244553734,0
2023-07-28 10:49:40,3569.3,67588,2,3559.1,33319,23996,0.33169360505973805,0
2023-07-28 10:49:40,3567.5,67588,6,3559.1,33319,23996,0.28109627547434995,0
2023-07-28 10:49:45,3567.2,67598,7,3559.1,33341,23908,0.27266338721011435,0
2023-07-28 10:49:50,3569.2,67615,3,3559.1,33375,23878,0.3288826423049843,0
2023-07-28 10:49:50,3567.25,67615,5,3559.1,33375,23878,0.27406886858749124,0
2023-07-28 10:49:50,3567.25,67615,3,3559.1,33375,23878,0.27406886858749124,0
2023-07-28 10:49:50,3569.15,67615,2,3559.1,33375,23878,0.32747716092762025,0
2023-07-28 10:49:50,3567.25,67615,1,3559.1,33375,23878,0.27406886858749124,0
2023-07-28 10:50:00,3569.15,67642,2,3559.1,32094,23896,0.32747716092762025,0
2023-07-28 10:50:00,3567.25,67642,6,3559.1,32094,23896,0.27406886858749124,0
2023-07-28 10:50:05,3567.25,67654,7,3559.11,32081,23877,0.27406886858749124,0
2023-07-28 10:50:07,3569.1,67666,1,3559.11,32083,23880,0.3260716795502434,0
2023-07-28 10:50:07,3569.1,67666,1,3559.11,32083,23880,0.3260716795502434,0
2023-07-28 10:50:07,3567.4,67667,2,3559.11,33386,23803,0.27828531271960905,0
2023-07-28 10:50:08,3567.4,67669,2,3559.11,33366,23845,0.27828531271960905,0
2023-07-28 10:50:08,3567.4,67669,8,3559.11,33366,23845,0.27828531271960905,0
2023-07-28 10:50:10,3567.4,67677,1,3559.11,32033,23919,0.27828531271960905,0
2023-07-28 10:50:11,3569.05,67680,1,3559.11,33304,23865,0.32466619817287934,0
2023-07-28 10:50:11,3569.05,67681,1,3559.11,33378,23831,0.32466619817287934,0
2023-07-28 10:50:11,3569.05,67681,1,3559.11,33378,23831,0.32466619817287934,0
2023-07-28 10:50:11,3567.35,67681,5,3559.11,33378,23833,0.27687983134223215,0
2023-07-28 10:50:15,3568.95,67691,1,3559.11,33312,23929,0.3218552354181256,0
2023-07-28 10:50:16,3567.3,67692,1,3559.11,33372,23839,0.2754743499648681,0
2023-07-28 10:50:16,3568.9,67692,1,3559.11,33372,23839,0.32044975404076154,0
2023-07-28 10:50:17,3568.9,67694,1,3559.11,33383,23849,0.32044975404076154,0
2023-07-28 10:50:18,3568.9,67695,1,3559.11,33431,23849,0.32044975404076154,0
2023-07-28 10:50:18,3567.25,67695,8,3559.11,33469,23849,0.27406886858749124,0
2023-07-28 10:50:18,3567.25,67695,8,3559.11,33469,23849,0.27406886858749124,0
2023-07-28 10:50:20,3568.9,67703,1,3559.11,33409,23821,0.32044975404076154,0
2023-07-28 10:50:21,3568.9,67704,1,3559.11,33396,23844,0.32044975404076154,0
2023-07-28 10:50:21,3569.7,67704,10,3559.11,33396,23844,0.34293745607870185,0
2023-07-28 10:50:22,3569.7,67784,10,3559.12,33335,23878,0.34293745607870185,0
2023-07-28 10:50:23,3567.7,67813,7,3559.13,33384,23964,0.28671820098383183,0
2023-07-28 10:50:23,3567.7,67813,7,3559.13,33384,23964,0.28671820098383183,0
2023-07-28 10:50:24,3569.7,67818,5,3559.13,33384,24002,0.34293745607870185,0
2023-07-28 10:50:24,3569.7,67818,5,3559.13,33384,24002,0.34293745607870185,0
2023-07-28 10:50:24,3567.3,67818,6,3559.13,33384,24002,0.2754743499648681,0
2023-07-28 10:50:24,3570.0,67818,20,3559.13,33384,24002,0.35137034434293746,0
2023-07-28 10:50:26,3570.0,68075,20,3559.17,33492,23505,0.35137034434293746,0
2023-07-28 10:50:27,3568.35,68146,11,3559.18,33456,23612,0.30498945888966716,0
2023-07-28 10:50:27,3568.1,68146,9,3559.18,33456,23612,0.2979620520028084,0
2023-07-28 10:50:28,3568.1,68166,9,3559.18,33443,23630,0.2979620520028084,0
2023-07-28 10:50:28,3569.9,68166,3,3559.18,33443,23630,0.3485593815881965,0
2023-07-28 10:50:30,3567.9,68177,8,3559.18,33420,23642,0.2923401264933265,0
2023-07-28 10:50:30,3569.9,68177,1,3559.18,33420,23642,0.3485593815881965,0
2023-07-28 10:50:30,3569.9,68178,1,3559.18,33419,23641,0.3485593815881965,0
2023-07-28 10:50:30,3569.9,68178,1,3559.18,33419,23637,0.3485593815881965,0
2023-07-28 10:50:30,3568.0,68178,3,3559.18,33423,23636,0.2951510892480675,0
2023-07-28 10:50:35,3567.9,68191,5,3559.19,33329,23731,0.2923401264933265,0
2023-07-28 10:50:35,3569.85,68193,1,3559.19,33356,23729,0.34715390021081965,0
2023-07-28 10:50:35,3569.85,68194,1,3559.19,33383,23644,0.34715390021081965,0
2023-07-28 10:50:40,3567.9,68204,10,3559.19,33370,23634,0.2923401264933265,0
2023-07-28 10:50:40,3569.75,68204,1,3559.19,33370,23634,0.3443429374560787,0
2023-07-28 10:50:41,3569.75,68206,1,3559.19,33370,23632,0.3443429374560787,0
2023-07-28 10:50:41,3569.75,68207,1,3559.19,32134,23622,0.3443429374560787,0
2023-07-28 10:50:41,3569.75,68207,1,3559.19,33418,23618,0.3443429374560787,0
2023-07-28 10:50:41,3569.75,68207,1,3559.19,33416,23643,0.3443429374560787,0
2023-07-28 10:50:41,3569.75,68207,1,3559.19,33416,23644,0.3443429374560787,0
2023-07-28 10:50:41,3567.9,68207,10,3559.19,33416,23644,0.2923401264933265,0
2023-07-28 10:50:45,3567.9,68217,7,3559.19,33347,23789,0.2923401264933265,0
2023-07-28 10:50:46,3569.45,68225,1,3559.19,33464,23715,0.3359100491918431,0
2023-07-28 10:50:47,3569.45,68226,1,3559.19,33472,23714,0.3359100491918431,0
2023-07-28 10:50:48,3569.45,68227,1,3559.19,33522,23714,0.3359100491918431,0
2023-07-28 10:50:50,3569.45,68235,1,3559.19,33504,23706,0.3359100491918431,0
2023-07-28 10:50:50,3569.45,68236,1,3559.19,33504,23705,0.3359100491918431,0
2023-07-28 10:50:50,3569.45,68236,1,3559.19,33504,23711,0.3359100491918431,0
2023-07-28 10:50:50,3569.45,68236,1,3559.19,33509,23714,0.3359100491918431,0
2023-07-28 10:50:50,3569.45,68236,1,3559.19,32240,23701,0.3359100491918431,0
2023-07-28 10:50:50,3567.9,68236,11,3559.19,32240,23701,0.2923401264933265,0
2023-07-28 10:50:55,3567.9,68247,5,3559.19,33476,23694,0.2923401264933265,0
2023-07-28 10:50:56,3569.4,68254,1,3559.19,33454,23722,0.334504567814479,0
2023-07-28 10:50:57,3567.9,68256,1,3559.19,33471,23699,0.2923401264933265,0
2023-07-28 10:50:57,3567.9,68256,1,3559.19,32215,23770,0.2923401264933265,0
2023-07-28 10:50:57,3569.35,68256,5,3559.19,32215,23770,0.3330990864371022,0
2023-07-28 10:51:00,3567.65,68266,1,3559.2,33426,23740,0.28531271960646776,0
2023-07-28 10:51:00,3569.35,68266,2,3559.2,33426,23740,0.3330990864371022,0
2023-07-28 10:51:00,3569.35,68268,2,3559.2,33452,23741,0.3330990864371022,0
2023-07-28 10:51:00,3569.35,68268,2,3559.2,32208,23771,0.3330990864371022,0
2023-07-28 10:51:05,3569.3,68278,1,3559.2,33370,23723,0.33169360505973805,0
2023-07-28 10:51:05,3569.3,68284,1,3559.2,33406,23716,0.33169360505973805,0
2023-07-28 10:51:05,3567.65,68284,10,3559.2,33406,23716,0.28531271960646776,0
2023-07-28 10:51:10,3569.25,68295,8,3559.2,33410,23723,0.3302881236823612,0
2023-07-28 10:51:10,3567.7,68295,7,3559.2,33410,23723,0.28671820098383183,0
2023-07-28 10:51:15,3569.2,68312,10,3559.2,33448,23764,0.3288826423049843,0
2023-07-28 10:51:15,3569.25,68312,1,3559.2,33448,23764,0.3302881236823612,0
2023-07-28 10:51:15,3569.0,68312,1,3559.2,33448,23764,0.32326071679550245,0
2023-07-28 10:51:15,3569.5,68312,4,3559.2,33448,23764,0.33731553056922,0
2023-07-28 10:51:22,3568.3,68347,10,3559.21,33488,23677,0.3035839775123031,0
2023-07-28 10:51:23,3568.3,68448,10,3559.22,33330,23552,0.3035839775123031,0
2023-07-28 10:51:23,3570.0,68448,4,3559.22,33330,23552,0.35137034434293746,0
2023-07-28 10:51:23,3569.1,68448,6,3559.22,33330,23552,0.3260716795502434,0
2023-07-28 10:51:28,3568.2,68484,7,3559.23,33356,23467,0.30077301475754936,0
2023-07-28 10:51:28,3568.25,68484,10,3559.23,33356,23467,0.3021784961349262,0
2023-07-28 10:51:35,3570.8,68506,4,3559.23,33336,23511,0.37385804638089054,0
2023-07-28 10:51:40,3568.55,68520,10,3559.23,33366,23558,0.3106113843991618,0
2023-07-28 10:51:40,3568.6,68520,7,3559.23,33366,23558,0.31201686577652593,0
2023-07-28 10:51:45,3570.5,68544,1,3559.24,33392,23597,0.36542515811665494,0
2023-07-28 10:51:45,3570.5,68545,2,3559.24,33472,23652,0.36542515811665494,0
2023-07-28 10:51:45,3568.65,68545,10,3559.24,33472,23652,0.31342234715390277,0
2023-07-28 10:51:45,3570.65,68545,11,3559.24,33472,23652,0.36964160224877274,0
2023-07-28 10:51:52,3570.7,68571,4,3559.24,33446,23599,0.37104708362613686,0
2023-07-28 10:51:52,3570.5,68571,7,3559.24,33446,23599,0.36542515811665494,0
2023-07-28 10:51:58,3570.7,68592,1,3559.24,33439,23604,0.37104708362613686,0
2023-07-28 10:51:58,3571.0,68592,1,3559.24,33439,23604,0.37947997189037247,0
2023-07-28 10:52:00,3571.0,68596,1,3559.25,33527,23655,0.37947997189037247,0
2023-07-28 10:52:00,3570.5,68596,12,3559.25,33527,23655,0.36542515811665494,0
2023-07-28 10:52:00,3571.0,68596,10,3559.25,33527,23655,0.37947997189037247,0
2023-07-28 10:52:05,3571.0,68619,1,3559.25,33470,23658,0.37947997189037247,0
2023-07-28 10:52:06,3571.0,68624,1,3559.25,33379,23697,0.37947997189037247,0
2023-07-28 10:52:06,3571.0,68624,1,3559.25,33401,23703,0.37947997189037247,0
2023-07-28 10:52:10,3571.55,68634,2,3559.25,33406,23698,0.39494026704146684,0
2023-07-28 10:52:10,3571.55,68636,2,3559.25,33406,23682,0.39494026704146684,0
2023-07-28 10:52:11,3571.0,68652,16,3559.26,33412,23695,0.37947997189037247,0
2023-07-28 10:52:11,3572.9,68652,14,3559.26,33412,23695,0.43288826423050153,0
2023-07-28 10:52:13,3574.85,74643,4,3560.42,33034,22491,0.48770203794799466,0
2023-07-28 10:52:13,3572.7,75364,5,3560.56,33108,22651,0.42726633872100683,0
2023-07-28 10:52:14,3572.7,75530,5,3560.59,31974,22910,0.42726633872100683,0
2023-07-28 10:52:14,3574.6,75530,25,3560.59,31974,22910,0.4806746310611359,0
2023-07-28 10:52:14,3573.05,75530,27,3560.59,31974,22910,0.43710470836261933,0
2023-07-28 10:52:16,3574.75,75914,48,3560.66,33304,22581,0.4848910751932537,0
2023-07-28 10:52:18,3573.6,76121,30,3560.7,33283,22482,0.4525650035137009,0
2023-07-28 10:52:18,3574.95,76121,8,3560.7,33283,22482,0.49051300070273557,0
2023-07-28 10:52:18,3573.55,76121,84,3560.7,33283,22482,0.4511595221363368,0
2023-07-28 10:52:20,3573.55,76214,1,3560.71,33210,22585,0.4511595221363368,0
2023-07-28 10:52:20,3574.95,76214,13,3560.71,33210,22585,0.49051300070273557,0
2023-07-28 10:52:21,3574.85,76249,4,3560.72,33135,22498,0.48770203794799466,0
2023-07-28 10:52:21,3574.85,76249,1,3560.72,33135,22498,0.48770203794799466,0
2023-07-28 10:52:22,3574.75,76270,3,3560.72,33147,22501,0.4848910751932537,0
2023-07-28 10:52:22,3574.75,76273,1,3560.72,33153,22492,0.4848910751932537,0
2023-07-28 10:52:23,3574.75,76274,1,3560.72,33168,22497,0.4848910751932537,0
2023-07-28 10:52:25,3574.75,76286,1,3560.73,33180,22477,0.4848910751932537,0
2023-07-28 10:52:26,3574.85,76293,1,3560.73,33214,22527,0.48770203794799466,0
2023-07-28 10:52:26,3574.85,76294,1,3560.73,33186,22584,0.48770203794799466,0
2023-07-28 10:52:26,3574.85,76294,1,3560.73,33241,22507,0.48770203794799466,0
2023-07-28 10:52:26,3573.0,76294,10,3560.73,33259,22491,0.43569922698524244,0
2023-07-28 10:52:30,3574.75,76305,1,3560.73,33260,22456,0.4848910751932537,0
2023-07-28 10:52:31,3574.75,76306,1,3560.73,33315,22477,0.4848910751932537,0
2023-07-28 10:52:32,3574.75,76307,1,3560.73,33269,22487,0.4848910751932537,0
2023-07-28 10:52:32,3573.05,76307,11,3560.73,33269,22487,0.43710470836261933,0
2023-07-28 10:52:34,3573.05,76375,11,3560.74,33342,22526,0.43710470836261933,0
2023-07-28 10:52:35,3575.0,76378,3,3560.74,33360,22525,0.49191848208011246,0
2023-07-28 10:52:35,3575.0,76378,3,3560.74,33372,22530,0.49191848208011246,0
2023-07-28 10:52:35,3575.0,76378,3,3560.74,33358,22490,0.49191848208011246,0
2023-07-28 10:52:35,3575.0,76378,3,3560.74,33414,22557,0.49191848208011246,0
2023-07-28 10:52:35,3574.0,76378,10,3560.74,33400,22557,0.46380885453267745,0
2023-07-28 10:52:41,3575.0,76398,10,3560.75,32116,23040,0.49191848208011246,0
2023-07-28 10:52:41,3574.05,76403,2,3560.75,33105,23072,0.4652143359100543,0
2023-07-28 10:52:42,3574.05,76421,17,3560.75,33094,23084,0.4652143359100543,0
2023-07-28 10:52:42,3574.95,76421,3,3560.75,33094,23084,0.49051300070273557,0
2023-07-28 10:52:43,3574.95,76424,3,3560.75,33115,23059,0.49051300070273557,0
2023-07-28 10:52:43,3574.05,76424,7,3560.75,33115,23059,0.4652143359100543,0
2023-07-28 10:52:45,3574.95,76431,1,3560.75,33126,23046,0.49051300070273557,0
2023-07-28 10:52:46,3574.95,76432,1,3560.75,33169,23037,0.49051300070273557,0
2023-07-28 10:52:46,3574.95,76432,1,3560.75,33169,23059,0.49051300070273557,0
2023-07-28 10:52:46,3574.95,76432,1,3560.75,33169,23056,0.49051300070273557,0
2023-07-28 10:52:46,3574.05,76432,10,3560.75,33169,23060,0.4652143359100543,0
2023-07-28 10:52:50,3574.05,76442,10,3560.75,33143,23038,0.4652143359100543,0
2023-07-28 10:52:50,3574.9,76442,1,3560.75,33143,23038,0.4891075193253715,0
2023-07-28 10:52:51,3574.9,76444,1,3560.75,33156,23057,0.4891075193253715,0
2023-07-28 10:52:51,3574.9,76444,1,3560.75,33156,23055,0.4891075193253715,0
2023-07-28 10:52:51,3574.9,76444,1,3560.75,33164,23060,0.4891075193253715,0
2023-07-28 10:52:54,3574.85,76451,7,3560.76,33164,23050,0.48770203794799466,0
2023-07-28 10:52:54,3574.05,76451,3,3560.76,33164,23050,0.4652143359100543,0
2023-07-28 10:52:55,3574.05,76455,3,3560.76,33206,23024,0.4652143359100543,0
2023-07-28 10:52:56,3574.85,76456,1,3560.76,33220,23023,0.48770203794799466,0
2023-07-28 10:52:56,3575.0,76456,185,3560.76,33220,23023,0.49191848208011246,0
2023-07-28 10:52:57,3574.05,76653,6,3560.79,33219,22846,0.4652143359100543,0
2023-07-28 10:52:58,3575.0,76689,5,3560.8,33212,22810,0.49191848208011246,0
2023-07-28 10:53:00,3573.6,76733,23,3560.81,33192,22851,0.4525650035137009,0
2023-07-28 10:53:00,3574.9,76733,6,3560.81,33192,22851,0.4891075193253715,0
2023-07-28 10:53:00,3573.6,76739,8,3560.81,33204,22837,0.4525650035137009,0
2023-07-28 10:53:01,3574.85,76749,1,3560.81,33195,22901,0.48770203794799466,0
2023-07-28 10:53:03,3575.05,76750,1,3560.81,33279,22830,0.4933239634574893,0
2023-07-28 10:53:04,3575.05,78328,1,3561.1,33739,22200,0.4933239634574893,0
2023-07-28 10:53:05,3579.3,78584,1,3561.15,33920,22053,0.612789880534088,0
2023-07-28 10:53:05,3579.85,78584,1,3561.15,33920,22053,0.6282501756851696,0
2023-07-28 10:53:06,3579.7,78624,1,3561.16,33706,21968,0.6240337315530519,0
2023-07-28 10:53:07,3578.25,78706,16,3561.18,33676,21977,0.5832747716092762,0
2023-07-28 10:53:08,3578.25,78735,16,3561.19,33881,21977,0.5832747716092762,0
2023-07-28 10:53:09,3579.6,78739,4,3561.19,33819,21977,0.6212227687983108,0
2023-07-28 10:53:09,3579.55,78739,2,3561.19,33819,21977,0.6198172874209468,0
2023-07-28 10:53:11,3579.6,78937,153,3561.23,33613,21964,0.6212227687983108,0
2023-07-28 10:53:12,3579.6,78983,18,3561.24,33630,21947,0.6212227687983108,0
2023-07-28 10:53:13,3579.85,78990,7,3561.24,33638,21936,0.6282501756851696,0
2023-07-28 10:53:13,3579.9,78990,1,3561.24,33638,21936,0.6296556570625464,0
2023-07-28 10:53:14,3579.9,78992,1,3561.25,33637,21934,0.6296556570625464,0
2023-07-28 10:53:14,3579.6,78992,6,3561.25,33637,21934,0.6212227687983108,0
2023-07-28 10:53:15,3579.6,79000,6,3561.25,33600,21926,0.6212227687983108,0
2023-07-28 10:53:16,3579.9,79002,2,3561.25,33603,21930,0.6296556570625464,0
2023-07-28 10:53:16,3579.85,79002,10,3561.25,33603,21930,0.6282501756851696,0
2023-07-28 10:53:17,3579.85,79012,10,3561.25,33609,21929,0.6282501756851696,0
2023-07-28 10:53:17,3579.9,79012,1,3561.25,33609,21929,0.6296556570625464,0
2023-07-28 10:53:18,3579.9,79013,1,3561.25,33609,21928,0.6296556570625464,0
2023-07-28 10:53:19,3580.65,79076,1,3561.27,33592,21750,0.6507378777231227,0
2023-07-28 10:53:19,3580.65,79076,3,3561.27,33592,21750,0.6507378777231227,0
2023-07-28 10:53:21,3580.7,79080,1,3561.27,33457,21824,0.6521433591004868,0
2023-07-28 10:53:21,3580.65,79082,1,3561.27,33457,21828,0.6507378777231227,0
2023-07-28 10:53:21,3580.65,79082,1,3561.27,33457,21828,0.6507378777231227,0
2023-07-28 10:53:22,3580.7,79093,2,3561.27,33457,21828,0.6521433591004868,0
2023-07-28 10:53:22,3580.65,79093,2,3561.27,33457,21828,0.6507378777231227,0
2023-07-28 10:53:22,3580.65,79093,2,3561.27,33457,21828,0.6507378777231227,0
2023-07-28 10:53:23,3580.65,79097,1,3561.27,33457,21831,0.6507378777231227,0
2023-07-28 10:53:25,3580.0,79113,7,3561.27,33421,21859,0.6324666198172875,0
2023-07-28 10:53:25,3580.0,79123,7,3561.28,33447,21846,0.6324666198172875,0
2023-07-28 10:53:25,3580.7,79123,1,3561.28,33447,21846,0.6521433591004868,0
2023-07-28 10:53:26,3580.7,79124,1,3561.28,33465,21856,0.6521433591004868,0
2023-07-28 10:53:26,3580.7,79124,1,3561.28,33460,21855,0.6521433591004868,0
2023-07-28 10:53:26,3580.7,79124,1,3561.28,33464,21855,0.6521433591004868,0
2023-07-28 10:53:26,3580.0,79124,5,3561.28,33464,21855,0.6324666198172875,0
2023-07-28 10:53:30,3580.7,79136,2,3561.28,33451,21744,0.6521433591004868,0
2023-07-28 10:53:30,3580.7,79136,3,3561.28,33451,21744,0.6521433591004868,0
2023-07-28 10:53:31,3580.65,79139,1,3561.28,32200,21695,0.6507378777231227,0
2023-07-28 10:53:31,3580.65,79139,1,3561.28,32200,21695,0.6507378777231227,0
2023-07-28 10:53:33,3580.65,79141,1,3561.28,33444,21702,0.6507378777231227,0
2023-07-28 10:53:35,3580.0,79149,1,3561.28,33482,21670,0.6324666198172875,0
2023-07-28 10:53:35,3580.65,79149,1,3561.28,33482,21670,0.6507378777231227,0
2023-07-28 10:53:35,3580.65,79150,1,3561.28,33490,21669,0.6507378777231227,0
2023-07-28 10:53:35,3580.65,79150,1,3561.28,32233,21689,0.6507378777231227,0
2023-07-28 10:53:38,3580.0,79180,12,3561.29,33456,21716,0.6324666198172875,0
2023-07-28 10:53:38,3580.0,79180,9,3561.29,33456,21716,0.6324666198172875,0
2023-07-28 10:53:38,3580.0,79194,9,3561.29,33497,21759,0.6324666198172875,0
2023-07-28 10:53:38,3580.0,79194,16,3561.29,33497,21759,0.6324666198172875,0
2023-07-28 10:53:40,3580.6,79218,3,3561.3,33471,21749,0.6493323963457459,0
2023-07-28 10:53:40,3580.6,79221,3,3561.3,33485,21759,0.6493323963457459,0
2023-07-28 10:53:41,3580.0,79227,5,3561.3,33487,21746,0.6324666198172875,0
2023-07-28 10:53:41,3580.55,79227,1,3561.3,33487,21746,0.6479269149683817,0
2023-07-28 10:53:42,3580.55,79228,1,3561.3,33490,21720,0.6479269149683817,0
2023-07-28 10:53:44,3580.0,79233,5,3561.3,33486,21725,0.6324666198172875,0
2023-07-28 10:53:44,3580.55,79233,1,3561.3,33486,21725,0.6479269149683817,0
2023-07-28 10:53:44,3580.75,79233,1,3561.3,33486,21725,0.6535488404778637,0
2023-07-28 10:53:44,3580.75,79233,1,3561.3,33486,21725,0.6535488404778637,0
2023-07-28 10:53:46,3580.75,79245,1,3561.31,33488,21713,0.6535488404778637,0
2023-07-28 10:53:47,3579.95,79305,1,3561.32,33438,21804,0.6310611384399105,0
2023-07-28 10:53:48,3579.6,79329,15,3561.33,33354,22443,0.6212227687983108,0
2023-07-28 10:53:49,3577.85,79347,6,3561.33,33418,22370,0.5720309205902996,0
2023-07-28 10:53:50,3577.7,79360,9,3561.33,33459,22354,0.5678144764581818,0
2023-07-28 10:53:51,3577.8,79365,3,3561.33,32073,22348,0.5706254392129355,0
2023-07-28 10:53:51,3577.8,79365,21,3561.33,32073,22348,0.5706254392129355,0
2023-07-28 10:53:52,3577.8,79386,21,3561.34,33359,22354,0.5706254392129355,0
2023-07-28 10:53:52,3577.85,79386,7,3561.34,33359,22354,0.5720309205902996,0
2023-07-28 10:53:53,3577.85,79397,7,3561.34,33424,22369,0.5720309205902996,0
2023-07-28 10:53:53,3577.85,79397,11,3561.34,33424,22369,0.5720309205902996,0
2023-07-28 10:53:54,3577.9,79409,4,3561.34,32126,22380,0.5734364019676765,0
2023-07-28 10:53:55,3577.9,79415,4,3561.34,33372,22358,0.5734364019676765,0
2023-07-28 10:53:56,3579.8,79416,1,3561.34,33399,22360,0.6268446943078055,0
2023-07-28 10:53:56,3579.8,79416,1,3561.34,32134,22368,0.6268446943078055,0
2023-07-28 10:53:56,3579.8,79416,1,3561.34,33299,22464,0.6268446943078055,0
2023-07-28 10:54:00,3577.95,79426,10,3561.35,33396,22599,0.5748418833450406,0
2023-07-28 10:54:00,3578.0,79435,7,3561.35,33431,22455,0.5762473647224174,0
2023-07-28 10:54:00,3579.7,79435,1,3561.35,33431,22455,0.6240337315530519,0
2023-07-28 10:54:01,3579.7,79436,1,3561.35,33443,22370,0.6240337315530519,0
2023-07-28 10:54:01,3579.7,79436,1,3561.35,33408,22377,0.6240337315530519,0
2023-07-28 10:54:05,3578.05,79446,10,3561.35,32197,22608,0.5776528460997943,0
2023-07-28 10:54:05,3578.05,79446,1,3561.35,32197,22608,0.5776528460997943,0
2023-07-28 10:54:05,3578.05,79449,1,3561.35,33472,22519,0.5776528460997943,0
2023-07-28 10:54:05,3578.05,79449,2,3561.35,33351,22688,0.5776528460997943,0
2023-07-28 10:54:07,3578.05,79451,2,3561.35,33369,22545,0.5776528460997943,0
2023-07-28 10:54:10,3578.0,79461,2,3561.35,33300,22616,0.5762473647224174,0
2023-07-28 10:54:11,3577.8,79523,16,3561.37,33061,22776,0.5706254392129355,0
2023-07-28 10:54:11,3576.1,79542,10,3561.37,33030,22796,0.5228390723822883,0
2023-07-28 10:54:11,3578.3,79542,3,3561.37,33030,22796,0.584680252986653,0
2023-07-28 10:54:12,3578.3,79545,3,3561.37,32495,21923,0.584680252986653,0
2023-07-28 10:54:13,3575.65,79551,4,3561.37,32885,22927,0.5101897399859477,0
2023-07-28 10:54:13,3575.55,79551,1,3561.37,32885,22927,0.5073787772312068,0
2023-07-28 10:54:15,3575.55,79564,10,3561.37,33115,22783,0.5073787772312068,0
2023-07-28 10:54:15,3578.0,79564,2,3561.37,33115,22783,0.5762473647224174,0
2023-07-28 10:54:16,3578.0,79568,2,3561.38,33247,22647,0.5762473647224174,0
2023-07-28 10:54:16,3578.05,79568,3,3561.38,33247,22647,0.5776528460997943,0
2023-07-28 10:54:16,3578.05,79572,3,3561.38,33193,22767,0.5776528460997943,0
2023-07-28 10:54:17,3578.05,79573,1,3561.38,33321,22940,0.5776528460997943,0
2023-07-28 10:54:17,3578.95,79573,1,3561.38,33321,22940,0.6029515108924756,0
2023-07-28 10:54:18,3578.95,79574,1,3561.38,33255,22932,0.6029515108924756,0
2023-07-28 10:54:18,3576.7,79574,8,3561.38,33255,22932,0.5397048489107468,0
2023-07-28 10:54:20,3575.3,79615,2,3561.38,32919,23149,0.5003513703443481,0
2023-07-28 10:54:20,3577.75,79617,2,3561.39,33243,22908,0.5692199578355587,0
2023-07-28 10:54:22,3577.55,79620,1,3561.39,32875,22994,0.5635980323260767,0
2023-07-28 10:54:23,3575.0,79630,6,3561.39,32854,23002,0.49191848208011246,0
2023-07-28 10:54:24,3577.5,79631,1,3561.39,32863,23005,0.5621925509486999,0
2023-07-28 10:54:25,3575.05,79642,10,3561.39,32990,23000,0.4933239634574893,0
2023-07-28 10:54:26,3577.5,79644,1,3561.39,33132,22920,0.5621925509486999,0
2023-07-28 10:54:27,3575.5,79648,4,3561.39,31674,22985,0.5059732958538299,0
2023-07-28 10:54:27,3577.5,79648,1,3561.39,31674,22985,0.5621925509486999,0
2023-07-28 10:54:28,3577.5,79649,1,3561.39,32934,22968,0.5621925509486999,0
2023-07-28 10:54:30,3577.5,79658,1,3561.39,31683,22962,0.5621925509486999,0
2023-07-28 10:54:30,3575.25,79659,3,3561.39,32928,22952,0.4989458889669712,0
2023-07-28 10:54:31,3575.25,79663,3,3561.39,32915,22952,0.4989458889669712,0
2023-07-28 10:54:31,3575.2,79663,1,3561.39,32940,22922,0.49754040758959434,0
2023-07-28 10:54:33,3575.2,79664,1,3561.39,32853,22958,0.49754040758959434,0
2023-07-28 10:54:33,3575.05,79664,5,3561.39,32872,22965,0.4933239634574893,0
2023-07-28 10:54:35,3577.35,79688,1,3561.4,32991,22842,0.5579761068165822,0
2023-07-28 10:54:35,3577.35,79692,1,3561.4,33105,22883,0.5579761068165822,0
2023-07-28 10:54:35,3577.35,79692,1,3561.4,33092,22827,0.5579761068165822,0
2023-07-28 10:54:35,3577.35,79692,1,3561.4,33029,22953,0.5579761068165822,0
2023-07-28 10:54:40,3575.25,79706,10,3561.4,33001,22909,0.4989458889669712,0
2023-07-28 10:54:40,3574.7,79706,1,3561.4,33001,22909,0.4834855938158768,0
2023-07-28 10:54:40,3574.7,79710,1,3561.4,33008,22938,0.4834855938158768,0
2023-07-28 10:54:40,3574.7,79710,1,3561.4,33026,22920,0.4834855938158768,0
2023-07-28 10:54:42,3576.95,79714,1,3561.4,31769,22936,0.5467322557976055,0
2023-07-28 10:54:42,3576.95,79715,1,3561.4,33002,23022,0.5467322557976055,0
2023-07-28 10:54:42,3575.5,79715,9,3561.4,33002,23022,0.5059732958538299,0
2023-07-28 10:54:45,3576.95,79727,1,3561.4,32986,22941,0.5467322557976055,0
2023-07-28 10:54:45,3576.95,79728,1,3561.41,32988,23041,0.5467322557976055,0
2023-07-28 10:54:47,3575.5,79729,1,3561.41,31686,23115,0.5059732958538299,0
2023-07-28 10:54:50,3576.9,79739,2,3561.41,32928,23126,0.5453267744202415,0
2023-07-28 10:54:50,3576.9,79741,2,3561.41,32964,23097,0.5453267744202415,0
2023-07-28 10:54:50,3575.0,79741,3,3561.41,32964,23097,0.49191848208011246,0
2023-07-28 10:54:53,3575.0,79744,3,3561.41,32965,23162,0.49191848208011246,0
2023-07-28 10:54:55,3576.85,79755,1,3561.41,32955,23205,0.5439212930428646,0
2023-07-28 10:54:55,3576.85,79757,1,3561.41,32906,23232,0.5439212930428646,0
2023-07-28 10:54:55,3575.0,79757,1,3561.41,32906,23232,0.49191848208011246,0
2023-07-28 10:54:56,3575.0,79758,1,3561.41,32901,23275,0.49191848208011246,0
2023-07-28 10:54:57,3575.0,79759,1,3561.41,32876,23273,0.49191848208011246,0
2023-07-28 10:54:57,3576.65,79759,1,3561.41,32876,23273,0.5382993675333827,0
2023-07-28 10:54:58,3576.65,79760,1,3561.41,32876,23296,0.5382993675333827,0
2023-07-28 10:55:00,3575.0,79761,1,3561.41,32817,23260,0.49191848208011246,0
2023-07-28 10:55:00,3575.0,79761,1,3561.41,32883,23182,0.49191848208011246,0
2023-07-28 10:55:00,3575.0,79761,1,3561.41,32858,23205,0.49191848208011246,0
2023-07-28 10:55:03,3572.9,79780,4,3561.41,30704,23261,0.43288826423050153,0
2023-07-28 10:55:03,3572.5,79780,2,3561.41,30704,23261,0.42164441321152496,0
2023-07-28 10:55:03,3574.7,79787,1,3561.41,32720,23417,0.4834855938158768,0
2023-07-28 10:55:05,3574.7,79795,1,3561.42,32712,23420,0.4834855938158768,0
2023-07-28 10:55:05,3574.7,79795,1,3561.42,32714,23411,0.4834855938158768,0
2023-07-28 10:55:05,3574.7,79795,1,3561.42,32735,23425,0.4834855938158768,0
2023-07-28 10:55:05,3574.7,79795,1,3561.42,32738,23426,0.4834855938158768,0
2023-07-28 10:55:10,3572.5,79805,1,3561.42,32720,23433,0.42164441321152496,0
2023-07-28 10:55:11,3574.65,79810,1,3561.42,32724,23388,0.48208011243851273,0
2023-07-28 10:55:12,3574.6,79813,1,3561.42,32722,23401,0.4806746310611359,0
2023-07-28 10:55:12,3574.6,79814,1,3561.42,32639,23383,0.4806746310611359,0
2023-07-28 10:55:15,3572.5,79823,7,3561.42,32628,23389,0.42164441321152496,0
2023-07-28 10:55:15,3574.6,79823,1,3561.42,32628,23389,0.4806746310611359,0
2023-07-28 10:55:15,3574.6,79824,1,3561.42,32734,23370,0.4806746310611359,0
2023-07-28 10:55:15,3574.6,79824,1,3561.42,32784,23389,0.4806746310611359,0
2023-07-28 10:55:15,3574.6,79824,1,3561.42,32775,23386,0.4806746310611359,0
2023-07-28 10:55:15,3574.6,79824,1,3561.42,32775,23386,0.4806746310611359,0
2023-07-28 10:55:20,3572.5,79834,4,3561.42,32745,23401,0.42164441321152496,0
2023-07-28 10:55:20,3572.4,79840,2,3561.42,32717,23406,0.418833450456784,0
2023-07-28 10:55:21,3574.5,79841,1,3561.42,32730,23397,0.47786366830639493,0
2023-07-28 10:55:21,3574.5,79841,1,3561.42,32754,23400,0.47786366830639493,0
2023-07-28 10:55:21,3574.5,79841,1,3561.42,32754,23373,0.47786366830639493,0
2023-07-28 10:55:25,3572.4,79852,1,3561.42,32773,23398,0.418833450456784,0
2023-07-28 10:55:25,3574.45,79852,1,3561.42,32773,23398,0.4764581869290181,0
2023-07-28 10:55:25,3574.45,79853,1,3561.42,32775,23397,0.4764581869290181,0
2023-07-28 10:55:26,3574.45,79854,1,3561.42,32775,23404,0.4764581869290181,0
2023-07-28 10:55:26,3574.45,79854,1,3561.42,32787,23406,0.4764581869290181,0
2023-07-28 10:55:26,3572.4,79854,10,3561.42,32787,23406,0.418833450456784,0
2023-07-28 10:55:30,3574.4,79864,1,3561.43,32769,23396,0.475052705551654,0
2023-07-28 10:55:30,3574.4,79865,1,3561.43,32769,23395,0.475052705551654,0
2023-07-28 10:55:30,3574.4,79865,1,3561.43,32772,23421,0.475052705551654,0
2023-07-28 10:55:30,3574.4,79865,1,3561.43,32822,23421,0.475052705551654,0
2023-07-28 10:55:30,3574.4,79865,1,3561.43,32827,23416,0.475052705551654,0
2023-07-28 10:55:35,3574.35,79883,1,3561.43,32933,23399,0.4736472241742771,0
2023-07-28 10:55:35,3574.35,79884,1,3561.43,32949,23415,0.4736472241742771,0
2023-07-28 10:55:35,3574.35,79884,1,3561.43,32939,23412,0.4736472241742771,0
2023-07-28 10:55:40,3572.35,79894,3,3561.43,32928,23393,0.41742796907940716,0
2023-07-28 10:55:40,3572.35,79899,3,3561.43,32911,23392,0.41742796907940716,0
2023-07-28 10:55:41,3574.3,79900,1,3561.43,32913,23413,0.47224174279691306,0
2023-07-28 10:55:42,3572.35,79901,1,3561.43,32838,23416,0.41742796907940716,0
2023-07-28 10:55:42,3572.35,79901,1,3561.43,32857,23416,0.41742796907940716,0
2023-07-28 10:55:45,3572.2,79911,7,3561.43,32841,23447,0.41321152494728935,0
2023-07-28 10:55:45,3574.25,79911,1,3561.43,32841,23447,0.4708362614195362,0
2023-07-28 10:55:45,3574.25,79912,1,3561.43,32910,23418,0.4708362614195362,0
2023-07-28 10:55:45,3574.25,79912,1,3561.43,32913,23422,0.4708362614195362,0
2023-07-28 10:55:45,3574.25,79912,1,3561.43,32913,23424,0.4708362614195362,0
2023-07-28 10:55:45,3574.4,79912,33,3561.43,32913,23424,0.475052705551654,0
2023-07-28 10:55:50,3574.2,79972,1,3561.44,32998,23328,0.4694307800421593,0
2023-07-28 10:55:51,3573.05,79984,3,3561.44,31685,23418,0.43710470836261933,0
2023-07-28 10:55:51,3574.95,79984,2,3561.44,31685,23418,0.49051300070273557,0
2023-07-28 10:55:52,3572.55,79989,2,3561.44,32928,23369,0.4230498945889018,0
2023-07-28 10:55:52,3572.55,79989,2,3561.44,32934,23371,0.4230498945889018,0
2023-07-28 10:55:55,3572.55,80000,10,3561.45,32917,23348,0.4230498945889018,0
2023-07-28 10:55:55,3572.55,80000,1,3561.45,32917,23348,0.4230498945889018,0
2023-07-28 10:55:55,3572.55,80005,1,3561.45,31671,23403,0.4230498945889018,0
2023-07-28 10:55:57,3572.55,80006,1,3561.45,32919,23396,0.4230498945889018,0
2023-07-28 10:55:57,3574.65,80006,1,3561.45,32919,23396,0.48208011243851273,0
2023-07-28 10:55:57,3574.65,80007,1,3561.45,32920,23384,0.48208011243851273,0
2023-07-28 10:55:57,3574.65,80007,1,3561.45,32921,23384,0.48208011243851273,0
2023-07-28 10:56:00,3572.5,80017,7,3561.45,32919,23392,0.42164441321152496,0
2023-07-28 10:56:00,3574.6,80017,1,3561.45,32919,23392,0.4806746310611359,0
2023-07-28 10:56:00,3574.6,80018,1,3561.45,31680,23386,0.4806746310611359,0
2023-07-28 10:56:00,3572.55,80018,1,3561.45,32930,23386,0.4230498945889018,0
2023-07-28 10:56:02,3572.55,80019,1,3561.45,32938,23381,0.4230498945889018,0
2023-07-28 10:56:02,3574.5,80019,1,3561.45,32938,23381,0.47786366830639493,0
2023-07-28 10:56:03,3574.5,80020,1,3561.45,32935,23394,0.47786366830639493,0
2023-07-28 10:56:05,3572.55,80030,1,3561.45,31671,23384,0.4230498945889018,0
2023-07-28 10:56:05,3572.55,80032,1,3561.45,32936,23369,0.4230498945889018,0
2023-07-28 10:56:05,3572.55,80032,1,3561.45,32953,23373,0.4230498945889018,0
2023-07-28 10:56:05,3572.5,80032,7,3561.45,32953,23373,0.42164441321152496,0
2023-07-28 10:56:05,3572.25,80032,3,3561.45,32953,23373,0.4146170063246662,0
2023-07-28 10:56:10,3572.5,80042,5,3561.45,32781,23309,0.42164441321152496,0
2023-07-28 10:56:10,3572.5,80042,5,3561.45,32781,23309,0.42164441321152496,0
2023-07-28 10:56:16,3573.7,80059,2,3561.45,32900,23218,0.45537596626844185,0
2023-07-28 10:56:16,3572.5,80059,8,3561.45,32900,23218,0.42164441321152496,0
2023-07-28 10:56:20,3572.25,80070,1,3561.46,32886,23232,0.4146170063246662,0
2023-07-28 10:56:20,3572.2,80070,11,3561.46,32886,23232,0.41321152494728935,0
2023-07-28 10:56:20,3576.65,80070,7,3561.46,32886,23232,0.5382993675333827,0
2023-07-28 10:56:20,3576.65,80070,7,3561.46,32886,23232,0.5382993675333827,0
2023-07-28 10:56:20,3576.65,80070,7,3561.46,32886,23232,0.5382993675333827,0
2023-07-28 10:56:20,3576.65,80070,7,3561.46,32886,23232,0.5382993675333827,0
2023-07-28 10:56:23,3576.65,80487,7,3561.53,33608,23106,0.5382993675333827,0
2023-07-28 10:56:23,3576.1,80487,14,3561.53,33608,23106,0.5228390723822883,0
2023-07-28 10:56:23,3573.15,80487,10,3561.53,33608,23106,0.43991567111736024,0
2023-07-28 10:56:31,3573.15,80568,4,3561.54,33517,23105,0.43991567111736024,0
2023-07-28 10:56:31,3573.15,80568,10,3561.54,33517,23105,0.43991567111736024,0
2023-07-28 10:56:35,3573.2,80613,20,3561.55,33560,23108,0.4413211524947243,0
2023-07-28 10:56:35,3574.8,80613,10,3561.55,33560,23108,0.48629655657063053,0
2023-07-28 10:56:35,3573.0,80613,8,3561.55,33560,23108,0.43569922698524244,0
2023-07-28 10:56:40,3573.0,80660,72,3561.56,33528,23217,0.43569922698524244,0
2023-07-28 10:56:40,3573.0,80660,10,3561.56,33528,23217,0.43569922698524244,0
2023-07-28 10:56:40,3575.1,80660,10,3561.56,33528,23217,0.49472944483485337,0
2023-07-28 10:56:40,3573.05,80660,17,3561.56,33528,23217,0.43710470836261933,0
2023-07-28 10:56:40,3574.95,80660,6,3561.56,33528,23217,0.49051300070273557,0
2023-07-28 10:56:50,3573.0,80795,10,3561.57,33519,23191,0.43569922698524244,0
2023-07-28 10:56:50,3574.9,80795,2,3561.57,33519,23191,0.4891075193253715,0
2023-07-28 10:56:50,3573.0,80795,11,3561.57,33519,23191,0.43569922698524244,0
2023-07-28 10:56:50,3574.85,80795,7,3561.57,33519,23191,0.48770203794799466,0
2023-07-28 10:56:57,3573.1,80831,7,3561.58,34161,23789,0.4385101897399834,0
2023-07-28 10:56:57,3573.0,80831,1,3561.58,34161,23789,0.43569922698524244,0
2023-07-28 10:57:00,3573.0,80842,14,3561.58,34096,23858,0.43569922698524244,0
2023-07-28 10:57:00,3573.0,80842,10,3561.58,34096,23858,0.43569922698524244,0
2023-07-28 10:57:05,3574.5,80900,9,3561.59,34058,23869,0.47786366830639493,0
2023-07-28 10:57:05,3573.0,80900,1,3561.59,34058,23869,0.43569922698524244,0
2023-07-28 10:57:10,3573.0,80910,1,3561.59,34059,23851,0.43569922698524244,0
2023-07-28 10:57:10,3574.4,80910,1,3561.59,34059,23851,0.475052705551654,0
2023-07-28 10:57:10,3573.05,80910,9,3561.59,34059,23851,0.43710470836261933,0
2023-07-28 10:57:15,3573.05,80920,9,3561.59,34045,23850,0.43710470836261933,0
2023-07-28 10:57:15,3574.35,80920,2,3561.59,34045,23850,0.4736472241742771,0
2023-07-28 10:57:15,3573.05,80920,8,3561.59,34045,23850,0.43710470836261933,0
2023-07-28 10:57:15,3573.05,80920,4,3561.59,34045,23850,0.43710470836261933,0
2023-07-28 10:57:22,3574.3,80934,2,3561.6,34079,23901,0.47224174279691306,0
2023-07-28 10:57:22,3573.05,80934,9,3561.6,34079,23901,0.43710470836261933,0
2023-07-28 10:57:25,3574.25,80945,1,3561.6,34052,23881,0.4708362614195362,0
2023-07-28 10:57:25,3573.05,80945,9,3561.6,34052,23881,0.43710470836261933,0
2023-07-28 10:57:30,3574.25,80955,2,3561.6,34062,23873,0.4708362614195362,0
2023-07-28 10:57:30,3573.1,80955,5,3561.6,34062,23873,0.4385101897399834,0
2023-07-28 10:57:35,3574.25,80967,2,3561.6,34168,23861,0.4708362614195362,0
2023-07-28 10:57:35,3576.0,80967,12,3561.6,34168,23861,0.5200281096275474,0
2023-07-28 10:57:40,3576.0,81069,12,3561.62,34349,23944,0.5200281096275474,0
2023-07-28 10:57:40,3574.25,81069,3,3561.62,34349,23944,0.4708362614195362,0
2023-07-28 10:57:40,3575.55,81069,1,3561.62,34349,23944,0.5073787772312068,0
2023-07-28 10:57:45,3574.0,81085,2,3561.62,34310,23925,0.46380885453267745,0
2023-07-28 10:57:45,3573.1,81085,1,3561.62,34310,23925,0.4385101897399834,0
2023-07-28 10:57:48,3573.1,81088,1,3561.62,34320,23915,0.4385101897399834,0
2023-07-28 10:57:48,3573.95,81088,1,3561.62,34320,23915,0.46240337315530056,0
2023-07-28 10:57:50,3573.1,81098,6,3561.62,34327,23947,0.4385101897399834,0
2023-07-28 10:57:50,3573.9,81098,5,3561.62,34327,23947,0.4609978917779365,0
2023-07-28 10:57:50,3573.1,81098,5,3561.62,34327,23947,0.4385101897399834,0
2023-07-28 10:57:55,3573.1,81115,5,3561.62,34286,23985,0.4385101897399834,0
2023-07-28 10:57:55,3573.5,81115,10,3561.62,34286,23985,0.4497540407589599,0
2023-07-28 10:58:00,3573.8,81125,4,3561.63,34245,23964,0.4581869290231956,0
2023-07-28 10:58:00,3573.5,81125,6,3561.63,34245,23964,0.4497540407589599,0
2023-07-28 10:58:00,3573.5,81125,2,3561.63,34245,23964,0.4497540407589599,0
2023-07-28 10:58:00,3573.5,81125,30,3561.63,34245,23964,0.4497540407589599,0
2023-07-28 10:58:07,3573.5,81542,86,3561.69,32602,24053,0.4497540407589599,0
2023-07-28 10:58:07,3573.5,81691,11,3561.71,33914,23932,0.4497540407589599,0
2023-07-28 10:58:07,3573.5,81691,19,3561.71,33914,23932,0.4497540407589599,0
2023-07-28 10:58:15,3573.5,81753,12,3561.72,33915,23973,0.4497540407589599,0
2023-07-28 10:58:15,3574.95,81753,9,3561.72,33915,23973,0.49051300070273557,0
2023-07-28 10:58:15,3573.5,81753,10,3561.72,33915,23973,0.4497540407589599,0
2023-07-28 10:58:15,3574.75,81753,2,3561.72,33915,23973,0.4848910751932537,0
2023-07-28 10:58:15,3573.7,81753,9,3561.72,33915,23973,0.45537596626844185,0
2023-07-28 10:58:25,3575.55,81924,6,3561.74,33961,23842,0.5073787772312068,0
2023-07-28 10:58:25,3573.5,81924,8,3561.74,33961,23842,0.4497540407589599,0
2023-07-28 10:58:25,3573.5,81938,8,3561.75,33924,23814,0.4497540407589599,0
2023-07-28 10:58:25,3575.15,81938,2,3561.75,33924,23814,0.49613492621223027,0
2023-07-28 10:58:25,3573.5,81938,8,3561.75,33924,23814,0.4497540407589599,0
2023-07-28 10:58:30,3575.15,81948,2,3561.75,34061,23815,0.49613492621223027,0
2023-07-28 10:58:30,3574.0,81948,6,3561.75,34061,23815,0.46380885453267745,0
2023-07-28 10:58:30,3574.0,81948,10,3561.75,34061,23815,0.46380885453267745,0
2023-07-28 10:58:30,3575.1,81948,3,3561.75,34061,23815,0.49472944483485337,0
2023-07-28 10:58:30,3574.0,81948,7,3561.75,34061,23815,0.46380885453267745,0
2023-07-28 10:58:40,3575.05,81976,1,3561.75,34022,23803,0.4933239634574893,0
2023-07-28 10:58:40,3574.0,81976,8,3561.75,34022,23803,0.46380885453267745,0
2023-07-28 10:58:40,3574.0,81976,4,3561.75,34022,23803,0.46380885453267745,0
2023-07-28 10:58:45,3575.0,81996,3,3561.75,34050,23789,0.49191848208011246,0
2023-07-28 10:58:45,3574.0,81996,9,3561.75,34050,23789,0.46380885453267745,0
2023-07-28 10:58:45,3574.0,81996,7,3561.75,34050,23789,0.46380885453267745,0
2023-07-28 10:58:50,3575.0,82015,1,3561.76,34046,23812,0.49191848208011246,0
2023-07-28 10:58:55,3575.0,82030,1,3561.76,33983,23856,0.49191848208011246,0
2023-07-28 10:58:55,3574.15,82030,6,3561.76,33983,23856,0.46802529866479525,0
2023-07-28 10:58:55,3575.7,82030,1,3561.76,33983,23856,0.5115952213633118,0
2023-07-28 10:59:00,3575.75,82050,3,3561.76,33978,23844,0.5130007027406887,0
2023-07-28 10:59:00,3575.65,82050,2,3561.76,33978,23844,0.5101897399859477,0
2023-07-28 10:59:03,3575.65,82055,1,3561.76,34004,23836,0.5101897399859477,0
2023-07-28 10:59:03,3574.0,82055,2,3561.76,34004,23836,0.46380885453267745,0
2023-07-28 10:59:03,3574.0,82055,5,3561.76,34004,23836,0.46380885453267745,0
2023-07-28 10:59:10,3575.55,82083,2,3561.77,34042,23821,0.5073787772312068,0
2023-07-28 10:59:10,3574.0,82083,8,3561.77,34042,23821,0.46380885453267745,0
2023-07-28 10:59:15,3574.95,82093,2,3561.77,34061,23816,0.49051300070273557,0
2023-07-28 10:59:15,3574.0,82093,1,3561.77,34061,23816,0.46380885453267745,0
2023-07-28 10:59:20,3574.0,82104,1,3561.77,34081,23810,0.46380885453267745,0
2023-07-28 10:59:20,3574.0,82104,4,3561.77,34081,23810,0.46380885453267745,0
2023-07-28 10:59:20,3574.0,82104,4,3561.77,34081,23810,0.46380885453267745,0
2023-07-28 10:59:20,3574.0,82104,4,3561.77,34081,23810,0.46380885453267745,0
2023-07-28 10:59:20,3574.0,82104,4,3561.77,34081,23810,0.46380885453267745,0
2023-07-28 10:59:20,3574.0,82104,4,3561.77,34081,23810,0.46380885453267745,0
2023-07-28 10:59:20,3574.0,82104,11,3561.77,34081,23810,0.46380885453267745,0
2023-07-28 10:59:25,3574.95,82123,3,3561.77,34090,23816,0.49051300070273557,0
2023-07-28 10:59:25,3574.95,82123,3,3561.77,34090,23816,0.49051300070273557,0
2023-07-28 10:59:25,3574.95,82123,3,3561.77,34090,23816,0.49051300070273557,0
2023-07-28 10:59:30,3574.0,82136,10,3561.78,34103,23813,0.46380885453267745,0
2023-07-28 10:59:30,3574.0,82136,6,3561.78,34103,23813,0.46380885453267745,0
2023-07-28 10:59:30,3574.9,82144,1,3561.78,34100,23818,0.4891075193253715,0
2023-07-28 10:59:30,3574.0,82144,9,3561.78,34100,23818,0.46380885453267745,0
2023-07-28 10:59:35,3574.85,82154,2,3561.78,34073,23820,0.48770203794799466,0
2023-07-28 10:59:35,3574.0,82154,5,3561.78,34073,23820,0.46380885453267745,0
2023-07-28 10:59:40,3574.0,82164,6,3561.78,34082,23830,0.46380885453267745,0
2023-07-28 10:59:40,3574.0,82164,9,3561.78,34082,23830,0.46380885453267745,0
2023-07-28 10:59:40,3574.8,82164,5,3561.78,34082,23830,0.48629655657063053,0
2023-07-28 10:59:46,3574.75,82185,3,3561.78,34064,23832,0.4848910751932537,0
2023-07-28 10:59:50,3574.0,82195,2,3561.78,34085,23890,0.46380885453267745,0
2023-07-28 10:59:50,3574.0,82195,6,3561.78,34085,23890,0.46380885453267745,0
2023-07-28 10:59:50,3574.0,82195,8,3561.78,34085,23890,0.46380885453267745,0
2023-07-28 10:59:55,3574.0,82212,8,3561.79,34063,23882,0.46380885453267745,0
2023-07-28 10:59:55,3574.7,82212,2,3561.79,34063,23882,0.4834855938158768,0
2023-07-28 10:59:55,3574.0,82212,1,3561.79,34063,23882,0.46380885453267745,0
2023-07-28 11:00:01,3574.7,82225,1,3561.79,34084,24075,0.4834855938158768,0
2023-07-28 11:00:01,3574.05,82225,1,3561.79,34084,24075,0.4652143359100543,0
2023-07-28 11:00:01,3574.0,82225,10,3561.79,34084,24075,0.46380885453267745,0
2023-07-28 11:00:05,3574.0,82239,6,3561.79,34074,24155,0.46380885453267745,0
2023-07-28 11:00:05,3574.0,82239,10,3561.79,34074,24155,0.46380885453267745,0
2023-07-28 11:00:10,3574.7,82259,1,3561.79,34071,24164,0.4834855938158768,0
2023-07-28 11:00:10,3574.0,82259,1,3561.79,34071,24164,0.46380885453267745,0
2023-07-28 11:00:15,3574.0,82273,7,3561.8,34076,24161,0.46380885453267745,0
2023-07-28 11:00:20,3574.7,82293,3,3561.8,34073,24163,0.4834855938158768,0
2023-07-28 11:00:20,3574.7,82293,1,3561.8,34073,24163,0.4834855938158768,0
2023-07-28 11:00:21,3574.7,82297,1,3561.8,34061,24173,0.4834855938158768,0
2023-07-28 11:00:21,3574.0,82297,4,3561.8,34061,24173,0.46380885453267745,0
2023-07-28 11:00:25,3574.0,82308,2,3561.8,34083,24167,0.46380885453267745,0
2023-07-28 11:00:25,3574.0,82308,8,3561.8,34083,24167,0.46380885453267745,0
2023-07-28 11:00:30,3574.5,82339,5,3561.81,34069,24166,0.47786366830639493,0
2023-07-28 11:00:30,3574.0,82339,10,3561.81,34069,24166,0.46380885453267745,0
2023-07-28 11:00:30,3574.0,82339,1,3561.81,34069,24166,0.46380885453267745,0
2023-07-28 11:00:37,3574.55,82362,3,3561.81,34083,24148,0.4792691496837718,0
2023-07-28 11:00:37,3574.0,82362,7,3561.81,34083,24148,0.46380885453267745,0
2023-07-28 11:00:37,3574.7,82362,73,3561.81,34083,24148,0.4834855938158768,0
2023-07-28 11:00:41,3576.1,82464,5,3561.83,34139,24014,0.5228390723822883,0
2023-07-28 11:00:41,3574.3,82464,10,3561.83,34139,24014,0.47224174279691306,0
2023-07-28 11:00:42,3576.05,82495,5,3561.83,34138,24058,0.5214335910049243,0
2023-07-28 11:00:42,3574.2,82495,10,3561.83,34138,24058,0.4694307800421593,0
2023-07-28 11:00:50,3574.5,82510,7,3561.83,34133,24062,0.47786366830639493,0
2023-07-28 11:00:51,3575.9,82519,2,3561.83,34159,24065,0.5172171468728065,0
2023-07-28 11:00:51,3574.25,82519,1,3561.83,34159,24065,0.4708362614195362,0
2023-07-28 11:00:55,3575.85,82533,2,3561.84,34207,24054,0.5158116654954297,0
2023-07-28 11:00:55,3574.25,82533,6,3561.84,34207,24054,0.4708362614195362,0
2023-07-28 11:01:00,3574.25,82543,7,3561.84,34204,24046,0.4708362614195362,0
2023-07-28 11:01:00,3574.25,82543,1,3561.84,34204,24046,0.4708362614195362,0
2023-07-28 11:01:05,3575.75,82560,3,3561.84,33576,23481,0.5130007027406887,0
2023-07-28 11:01:05,3574.25,82560,4,3561.84,33576,23481,0.4708362614195362,0
2023-07-28 11:01:10,3575.7,82570,1,3561.84,33565,23481,0.5115952213633118,0
2023-07-28 11:01:10,3574.7,82570,100,3561.84,33565,23481,0.4834855938158768,0
2023-07-28 11:01:10,3574.3,82570,9,3561.84,33565,23481,0.47224174279691306,0
2023-07-28 11:01:15,3574.95,82680,25,3561.86,33594,23469,0.49051300070273557,0
2023-07-28 11:01:17,3575.65,82722,5,3561.87,32346,23415,0.5101897399859477,0
2023-07-28 11:01:25,3574.95,82739,11,3561.87,32895,23978,0.49051300070273557,0
2023-07-28 11:01:25,3576.2,82739,4,3561.87,32895,23978,0.5256500351370293,0
2023-07-28 11:01:25,3574.95,82739,10,3561.87,32895,23978,0.49051300070273557,0
2023-07-28 11:01:25,3575.0,82739,1,3561.87,32895,23978,0.49191848208011246,0
2023-07-28 11:01:27,3575.0,82766,1,3561.87,34085,24074,0.49191848208011246,0
2023-07-28 11:01:29,3574.55,82773,7,3561.87,34133,24026,0.4792691496837718,0
2023-07-28 11:01:29,3574.55,82773,2,3561.87,34133,24026,0.4792691496837718,0
2023-07-28 11:01:35,3574.9,82790,1,3561.88,34142,24066,0.4891075193253715,0
2023-07-28 11:01:35,3574.55,82790,7,3561.88,34142,24066,0.4792691496837718,0
2023-07-28 11:01:35,3574.55,82790,1,3561.88,34142,24066,0.4792691496837718,0
2023-07-28 11:01:40,3574.9,82801,2,3561.88,34133,24082,0.4891075193253715,0
2023-07-28 11:01:45,3574.55,82813,5,3561.88,34131,24086,0.4792691496837718,0
2023-07-28 11:01:45,3574.9,82813,1,3561.88,34131,24086,0.4891075193253715,0
2023-07-28 11:01:45,3574.85,82824,1,3561.88,34111,24112,0.48770203794799466,0
2023-07-28 11:01:45,3574.55,82824,8,3561.88,34111,24112,0.4792691496837718,0
2023-07-28 11:01:45,3574.0,82824,14,3561.88,34111,24112,0.46380885453267745,0
2023-07-28 11:01:52,3574.8,82864,6,3561.89,34071,24165,0.48629655657063053,0
2023-07-28 11:01:52,3574.0,82864,6,3561.89,34071,24165,0.46380885453267745,0
2023-07-28 11:01:52,3574.0,82864,5,3561.89,34071,24165,0.46380885453267745,0
2023-07-28 11:01:55,3574.75,82884,3,3561.89,34079,24182,0.4848910751932537,0
2023-07-28 11:01:55,3574.0,82884,7,3561.89,34079,24182,0.46380885453267745,0
2023-07-28 11:02:00,3574.1,82894,6,3561.89,34097,24314,0.46661981728741836,0
2023-07-28 11:02:03,3574.75,82918,5,3561.9,34124,24286,0.4848910751932537,0
2023-07-28 11:02:07,3574.95,82944,2,3561.9,34229,24228,0.49051300070273557,0
2023-07-28 11:02:07,3574.95,82944,10,3561.9,34229,24228,0.49051300070273557,0
2023-07-28 11:02:15,3575.0,82960,6,3561.9,34209,24104,0.49191848208011246,0
2023-07-28 11:02:15,3574.75,82960,7,3561.9,34209,24104,0.4848910751932537,0
2023-07-28 11:02:20,3576.8,82979,1,3561.91,34162,24285,0.5425158116655006,0
2023-07-28 11:02:20,3577.0,82979,2,3561.91,34162,24285,0.5481377371749825,0
2023-07-28 11:02:20,3577.0,82979,2,3561.91,34162,24285,0.5481377371749825,0
2023-07-28 11:02:20,3577.25,82979,11,3561.91,34162,24285,0.5551651440618411,0
2023-07-28 11:02:20,3577.35,82979,21,3561.91,34162,24285,0.5579761068165822,0
2023-07-28 11:02:20,3577.35,82979,21,3561.91,34162,24285,0.5579761068165822,0
2023-07-28 11:02:20,3577.35,82979,21,3561.91,34162,24285,0.5579761068165822,0
2023-07-28 11:02:20,3577.35,82979,21,3561.91,34162,24285,0.5579761068165822,0
2023-07-28 11:02:23,3579.0,83153,26,3561.94,34625,23699,0.6043569922698524,0
2023-07-28 11:02:23,3577.65,83153,4,3561.94,34625,23699,0.5664089950808178,0
2023-07-28 11:02:23,3577.65,83153,4,3561.94,34625,23699,0.5664089950808178,0
2023-07-28 11:02:23,3577.65,83153,4,3561.94,34625,23699,0.5664089950808178,0
2023-07-28 11:02:23,3578.95,83153,1,3561.94,34625,23699,0.6029515108924756,0
2023-07-28 11:02:30,3577.65,83241,9,3561.96,34472,23709,0.5664089950808178,0
2023-07-28 11:02:30,3577.65,83241,1,3561.96,34472,23709,0.5664089950808178,0
2023-07-28 11:02:30,3579.0,83241,6,3561.96,34472,23709,0.6043569922698524,0
2023-07-28 11:02:30,3578.95,83241,5,3561.96,34472,23709,0.6029515108924756,0
2023-07-28 11:02:30,3577.65,83241,1,3561.96,34472,23709,0.5664089950808178,0
2023-07-28 11:02:35,3578.9,83295,1,3561.97,34549,23715,0.6015460295151115,0
2023-07-28 11:02:35,3577.65,83295,6,3561.97,34549,23715,0.5664089950808178,0
2023-07-28 11:02:40,3578.85,83305,1,3561.97,34566,23746,0.6001405481377347,0
2023-07-28 11:02:40,3577.65,83305,8,3561.97,34566,23746,0.5664089950808178,0
2023-07-28 11:02:45,3577.65,83315,7,3561.97,34557,23733,0.5664089950808178,0
2023-07-28 11:02:45,3577.65,83315,2,3561.97,34557,23733,0.5664089950808178,0
2023-07-28 11:02:45,3578.8,83315,9,3561.97,34557,23733,0.5987350667603706,0
2023-07-28 11:02:51,3578.8,85348,9,3562.41,34684,23530,0.5987350667603706,0
2023-07-28 11:02:51,3581.05,85348,34,3562.41,34684,23530,0.6619817287420993,0
2023-07-28 11:02:51,3578.6,85348,9,3562.41,34684,23530,0.5931131412508759,0
2023-07-28 11:02:51,3578.55,85348,11,3562.41,34684,23530,0.5917076598735118,0
2023-07-28 11:02:55,3578.55,85771,11,3562.5,34514,23569,0.5917076598735118,0
2023-07-28 11:02:55,3578.65,85771,6,3562.5,34514,23569,0.5945186226282527,0
2023-07-28 11:02:59,3578.7,85915,14,3562.53,34406,23669,0.5959241040056168,0
2023-07-28 11:02:59,3578.7,85915,8,3562.53,34406,23669,0.5959241040056168,0
2023-07-28 11:03:00,3578.7,85974,8,3562.54,34460,23668,0.5959241040056168,0
2023-07-28 11:03:00,3579.0,85974,8,3562.54,34460,23668,0.6043569922698524,0
2023-07-28 11:03:00,3579.0,85974,1,3562.54,34460,23668,0.6043569922698524,0
2023-07-28 11:03:00,3578.8,85974,10,3562.54,34460,23668,0.5987350667603706,0
2023-07-28 11:03:05,3578.8,86022,10,3562.55,34582,23506,0.5987350667603706,0
2023-07-28 11:03:05,3578.85,86022,8,3562.55,34582,23506,0.6001405481377347,0
2023-07-28 11:03:06,3578.85,86037,8,3562.55,34581,23585,0.6001405481377347,0
2023-07-28 11:03:07,3581.45,86039,2,3562.55,34585,23582,0.673225579761063,0
2023-07-28 11:03:08,3581.35,86040,1,3562.55,34535,23604,0.6704146170063221,0
2023-07-28 11:03:09,3579.35,86069,12,3562.56,34452,23640,0.6141953619114521,0
2023-07-28 11:03:10,3579.35,86083,10,3562.56,34443,23515,0.6141953619114521,0
2023-07-28 11:03:10,3580.95,86083,2,3562.56,34443,23515,0.6591707659873456,0
2023-07-28 11:03:11,3580.95,86085,2,3562.56,34542,23482,0.6591707659873456,0
2023-07-28 11:03:11,3580.95,86085,2,3562.56,34783,23357,0.6591707659873456,0
2023-07-28 11:03:11,3579.65,86085,10,3562.56,34780,23338,0.6226282501756877,0
2023-07-28 11:03:15,3579.65,86095,10,3562.56,34787,23331,0.6226282501756877,0
2023-07-28 11:03:15,3580.9,86095,2,3562.56,34787,23331,0.6577652846099815,0
2023-07-28 11:03:16,3580.9,86097,2,3562.56,34758,23338,0.6577652846099815,0
2023-07-28 11:03:16,3580.9,86097,2,3562.56,34758,23337,0.6577652846099815,0
2023-07-28 11:03:16,3580.9,86097,2,3562.56,34762,23338,0.6577652846099815,0
2023-07-28 11:03:16,3580.15,86097,10,3562.56,34762,23338,0.6366830639494052,0
2023-07-28 11:03:21,3580.85,86109,2,3562.56,34717,23326,0.6563598032326046,0
2023-07-28 11:03:21,3580.85,86109,2,3562.56,34693,23419,0.6563598032326046,0
2023-07-28 11:03:21,3580.85,86109,2,3562.56,34686,23418,0.6563598032326046,0
2023-07-28 11:03:21,3580.85,86109,2,3562.56,34686,23414,0.6563598032326046,0
2023-07-28 11:03:21,3580.15,86109,11,3562.56,34686,23414,0.6366830639494052,0
2023-07-28 11:03:25,3580.8,86120,1,3562.57,34681,23403,0.6549543218552405,0
2023-07-28 11:03:26,3580.8,86122,1,3562.57,34691,23412,0.6549543218552405,0
2023-07-28 11:03:26,3580.15,86122,14,3562.57,34691,23422,0.6366830639494052,0
2023-07-28 11:03:26,3580.85,86122,411,3562.57,34691,23422,0.6563598032326046,0
2023-07-28 11:03:27,3580.85,86561,411,3562.66,34810,23379,0.6563598032326046,0
2023-07-28 11:03:28,3580.85,86648,21,3562.68,34756,23377,0.6563598032326046,0
2023-07-28 11:03:30,3581.35,86737,30,3562.7,34817,23409,0.6704146170063221,0
2023-07-28 11:03:30,3581.35,86768,18,3562.7,34715,23309,0.6704146170063221,0
2023-07-28 11:03:31,3582.0,86773,5,3562.7,34748,23392,0.6886858749121574,0
2023-07-28 11:03:32,3581.35,86780,6,3562.71,34742,23432,0.6704146170063221,0
2023-07-28 11:03:33,3581.85,86781,1,3562.71,34764,23434,0.6844694307800396,0
2023-07-28 11:03:33,3581.35,86781,9,3562.71,34764,23451,0.6704146170063221,0
2023-07-28 11:03:33,3582.0,86781,29,3562.71,34764,23451,0.6886858749121574,0
2023-07-28 11:03:35,3582.0,87022,110,3562.76,34974,23439,0.6886858749121574,0
2023-07-28 11:03:37,3582.5,87201,23,3562.8,34781,23545,0.7027406886858749,0
2023-07-28 11:03:37,3583.5,87201,2,3562.8,34781,23545,0.7308503162333099,0
2023-07-28 11:03:37,3583.8,87228,4,3562.81,34856,23077,0.7392832044975455,0
2023-07-28 11:03:38,3583.8,87232,4,3562.81,34889,23035,0.7392832044975455,0
2023-07-28 11:03:38,3583.8,87232,4,3562.81,34896,23035,0.7392832044975455,0
2023-07-28 11:03:38,3583.8,87232,4,3562.81,34885,23055,0.7392832044975455,0
2023-07-28 11:03:38,3583.8,87232,4,3562.81,34885,23069,0.7392832044975455,0
2023-07-28 11:03:38,3582.95,87232,5,3562.81,34855,23076,0.7153900210822155,0
2023-07-28 11:03:45,3582.95,87256,1,3562.81,34862,23032,0.7153900210822155,0
2023-07-28 11:03:45,3582.95,87257,1,3562.81,34862,23047,0.7153900210822155,0
2023-07-28 11:03:47,3582.0,87357,8,3562.84,34818,23100,0.6886858749121574,0
2023-07-28 11:03:47,3582.6,87380,5,3562.84,34811,23068,0.7055516514406158,0
2023-07-28 11:03:47,3582.9,87380,4,3562.84,34811,23068,0.7139845397048514,0
2023-07-28 11:03:48,3582.9,87384,4,3562.84,34822,23053,0.7139845397048514,0
2023-07-28 11:03:49,3583.0,87386,2,3562.84,34819,23041,0.7167955024595924,0
2023-07-28 11:03:50,3584.3,87387,1,3562.84,34819,23037,0.753338018271263,0
2023-07-28 11:03:50,3584.3,87387,1,3562.84,35206,22785,0.753338018271263,0
2023-07-28 11:03:50,3585.85,87387,16,3562.84,35210,22914,0.7969079409697796,0
2023-07-28 11:03:54,3585.85,87476,16,3562.86,35433,22411,0.7969079409697796,0
2023-07-28 11:03:54,3587.95,87476,2,3562.86,35433,22411,0.8559381588193905,0
2023-07-28 11:03:55,3588.0,87486,1,3562.87,35483,22368,0.8573436401967673,0
2023-07-28 11:03:57,3587.95,87550,16,3562.89,35598,22299,0.8559381588193905,0
2023-07-28 11:03:57,3587.95,87576,16,3562.89,35581,22330,0.8559381588193905,0
2023-07-28 11:03:57,3588.75,87576,3,3562.89,35581,22330,0.8784258608573436,0
2023-07-28 11:04:00,3589.0,87588,1,3562.9,35751,22152,0.8854532677442024,0
2023-07-28 11:04:00,3589.0,87591,1,3562.9,35684,22264,0.8854532677442024,0
2023-07-28 11:04:00,3589.0,87591,1,3562.9,35700,22294,0.8854532677442024,0
2023-07-28 11:04:02,3588.35,87608,15,3562.9,35641,22353,0.8671820098383671,0
2023-07-28 11:04:03,3589.0,87611,3,3562.9,35639,22339,0.8854532677442024,0
2023-07-28 11:04:03,3589.0,87611,3,3562.9,35643,22355,0.8854532677442024,0
2023-07-28 11:04:03,3589.0,87611,7,3562.9,35643,22355,0.8854532677442024,0
2023-07-28 11:04:05,3590.0,87628,1,3562.91,35719,22301,0.9135628952916374,0
2023-07-28 11:04:05,3588.45,87631,49,3562.91,35852,22297,0.869992972593108,0
2023-07-28 11:04:05,3588.45,87631,5,3562.91,35852,22297,0.869992972593108,0
2023-07-28 11:04:08,3589.35,88071,5,3563.04,35443,22131,0.8952916373858021,0
2023-07-28 11:04:08,3590.0,88071,11,3563.04,35443,22131,0.9135628952916374,0
2023-07-28 11:04:09,3589.4,88307,2,3563.11,34172,22235,0.8966971187631789,0
2023-07-28 11:04:09,3589.4,88307,2,3563.11,35481,22222,0.8966971187631789,0
2023-07-28 11:04:09,3589.2,88307,14,3563.11,35481,22222,0.8910751932536842,0
2023-07-28 11:04:10,3589.2,88357,14,3563.13,35449,22121,0.8910751932536842,0
2023-07-28 11:04:12,3588.75,88395,13,3563.14,35410,22174,0.8784258608573436,0
2023-07-28 11:04:14,3588.75,88439,7,3563.15,35398,22182,0.8784258608573436,0
2023-07-28 11:04:14,3590.0,88439,1,3563.15,35398,22182,0.9135628952916374,0
2023-07-28 11:04:15,3588.75,88452,1,3563.16,35338,22280,0.8784258608573436,0
2023-07-28 11:04:15,3589.2,88453,1,3563.16,35458,22236,0.8910751932536842,0
2023-07-28 11:04:16,3588.1,88490,11,3563.17,35442,22262,0.8601546029515084,0
2023-07-28 11:04:17,3587.75,88502,7,3563.17,35442,22229,0.8503162333099087,0
2023-07-28 11:04:17,3590.0,88502,1,3563.17,35442,22229,0.9135628952916374,0
2023-07-28 11:04:18,3590.0,88504,1,3563.17,35483,22194,0.9135628952916374,0
2023-07-28 11:04:20,3588.05,88514,7,3563.17,35437,22194,0.8587491215741443,0
2023-07-28 11:04:20,3591.6,88514,107,3563.17,35437,22194,0.9585382993675309,0
2023-07-28 11:04:20,3591.6,89016,107,3563.33,35433,22246,0.9585382993675309,0
2023-07-28 11:04:21,3588.5,89080,64,3563.35,35395,22243,0.8713984539704849,0
2023-07-28 11:04:21,3590.0,89080,1,3563.35,35395,22243,0.9135628952916374,0
2023-07-28 11:04:23,3588.55,89134,2,3563.37,35382,22237,0.8728039353478617,0
2023-07-28 11:04:23,3588.55,89134,2,3563.37,35434,22230,0.8728039353478617,0
2023-07-28 11:04:23,3588.75,89134,10,3563.37,35434,22230,0.8784258608573436,0
2023-07-28 11:04:25,3588.6,89234,7,3563.4,35466,22203,0.8742094167252258,0
2023-07-28 11:04:26,3590.0,89258,2,3563.4,35462,22226,0.9135628952916374,0
2023-07-28 11:04:26,3590.0,89258,2,3563.4,35484,22215,0.9135628952916374,0
2023-07-28 11:04:26,3589.6,89258,13,3563.4,35484,22215,0.9023190442726609,0
2023-07-28 11:04:28,3590.0,89291,1,3563.41,35334,22931,0.9135628952916374,0
2023-07-28 11:04:29,3590.0,89308,3,3563.42,35392,22891,0.9135628952916374,0
2023-07-28 11:04:30,3587.65,89321,6,3563.42,35405,22906,0.8475052705551677,0
2023-07-28 11:04:32,3587.05,89355,10,3563.43,34843,23303,0.8306394940267092,0
2023-07-28 11:04:32,3587.05,89363,6,3563.43,34906,23320,0.8306394940267092,0
2023-07-28 11:04:32,3587.05,89363,2,3563.43,34906,23320,0.8306394940267092,0
2023-07-28 11:04:33,3587.05,89366,10,3563.43,34895,23178,0.8306394940267092,0
2023-07-28 11:04:35,3588.75,89376,2,3563.44,34908,23144,0.8784258608573436,0
2023-07-28 11:04:35,3588.75,89378,2,3563.44,35015,22980,0.8784258608573436,0
2023-07-28 11:04:35,3588.75,89378,2,3563.44,35040,23011,0.8784258608573436,0
2023-07-28 11:04:38,3588.7,89381,3,3563.44,35023,23008,0.8770203794799668,0
2023-07-28 11:04:38,3588.7,89381,1,3563.44,35023,23008,0.8770203794799668,0
2023-07-28 11:04:39,3589.55,89493,11,3563.47,35130,22924,0.9009135628952968,0
2023-07-28 11:04:39,3587.15,89493,14,3563.47,35130,22924,0.8334504567814502,0
2023-07-28 11:04:39,3587.15,89523,14,3563.48,35003,23046,0.8334504567814502,0
2023-07-28 11:04:39,3588.95,89523,5,3563.48,35003,23046,0.8840477863668256,0
2023-07-28 11:04:39,3587.65,89523,2,3563.48,35003,23046,0.8475052705551677,0
2023-07-28 11:04:41,3587.65,89541,2,3563.48,35011,23069,0.8475052705551677,0
2023-07-28 11:04:43,3587.05,89566,6,3563.49,35065,23014,0.8306394940267092,0
2023-07-28 11:04:43,3588.9,89566,3,3563.49,35065,23014,0.8826423049894615,0
2023-07-28 11:04:44,3588.9,89569,1,3563.49,35048,23016,0.8826423049894615,0
2023-07-28 11:04:45,3588.85,89576,1,3563.49,35052,23106,0.8812368236120846,0
2023-07-28 11:04:46,3588.9,89677,31,3563.52,35090,23074,0.8826423049894615,0
2023-07-28 11:04:46,3588.8,89677,2,3563.52,35090,23074,0.8798313422347205,0
2023-07-28 11:04:47,3586.45,89718,3,3563.53,34437,23172,0.813773717498238,0
2023-07-28 11:04:48,3588.8,89724,1,3563.53,34370,23192,0.8798313422347205,0
2023-07-28 11:04:48,3588.85,89725,1,3563.53,34445,23069,0.8812368236120846,0
2023-07-28 11:04:50,3585.65,89742,10,3563.54,34493,23036,0.7912860154602978,0
2023-07-28 11:04:50,3588.75,89742,3,3563.54,34493,23036,0.8784258608573436,0
2023-07-28 11:04:50,3588.75,89745,3,3563.54,34532,23065,0.8784258608573436,0
2023-07-28 11:04:50,3589.15,89745,6,3563.54,34532,23065,0.8896697118763202,0
2023-07-28 11:04:52,3585.7,89882,22,3563.58,34466,23157,0.7926914968376618,0
2023-07-28 11:04:52,3588.75,89882,6,3563.58,34466,23157,0.8784258608573436,0
2023-07-28 11:04:54,3588.65,89895,2,3563.58,34527,23112,0.8756148981026027,0
2023-07-28 11:04:55,3588.65,89897,2,3563.58,34367,23184,0.8756148981026027,0
2023-07-28 11:04:55,3588.65,89897,2,3563.58,34363,23186,0.8756148981026027,0
2023-07-28 11:04:55,3588.65,89897,2,3563.58,34363,23172,0.8756148981026027,0
2023-07-28 11:05:00,3586.15,89907,10,3563.58,34367,23159,0.8053408292340152,0
2023-07-28 11:05:01,3588.75,89909,1,3563.58,34386,23111,0.8784258608573436,0
2023-07-28 11:05:01,3588.45,89909,1,3563.58,34386,23111,0.869992972593108,0
2023-07-28 11:05:01,3588.45,89910,1,3563.58,34434,23116,0.869992972593108,0
2023-07-28 11:05:01,3588.45,89910,1,3563.58,34434,23162,0.869992972593108,0
2023-07-28 11:05:01,3588.45,89910,1,3563.58,34503,23138,0.869992972593108,0
2023-07-28 11:05:01,3586.2,89910,7,3563.58,34503,23138,0.8067463106113792,0
2023-07-28 11:05:05,3588.6,89991,3,3563.6,34478,23151,0.8742094167252258,0
2023-07-28 11:05:06,3588.6,90003,3,3563.61,34500,23231,0.8742094167252258,0
2023-07-28 11:05:06,3588.65,90003,2,3563.61,34500,23231,0.8756148981026027,0
2023-07-28 11:05:06,3588.65,90005,2,3563.61,34508,23244,0.8756148981026027,0
2023-07-28 11:05:06,3588.65,90005,2,3563.61,34391,23136,0.8756148981026027,0
2023-07-28 11:05:06,3588.65,90005,2,3563.61,34444,23136,0.8756148981026027,0
2023-07-28 11:05:10,3586.35,90015,10,3563.61,34462,23128,0.8109627547434971,0
2023-07-28 11:05:10,3588.55,90015,2,3563.61,34462,23128,0.8728039353478617,0
2023-07-28 11:05:10,3588.55,90017,2,3563.61,34462,23127,0.8728039353478617,0
2023-07-28 11:05:10,3588.55,90017,2,3563.61,34462,23140,0.8728039353478617,0
2023-07-28 11:05:13,3588.5,90018,1,3563.61,34573,23163,0.8713984539704849,0
2023-07-28 11:05:15,3586.45,90027,9,3563.61,34521,23158,0.813773717498238,0
2023-07-28 11:05:15,3589.0,90027,1,3563.61,34521,23158,0.8854532677442024,0
2023-07-28 11:05:16,3586.55,90031,3,3563.61,34454,23146,0.8165846802529918,0
2023-07-28 11:05:16,3589.0,90031,1,3563.61,34454,23146,0.8854532677442024,0
2023-07-28 11:05:16,3589.0,90032,1,3563.61,34532,23160,0.8854532677442024,0
2023-07-28 11:05:16,3589.0,90032,1,3563.61,33256,23135,0.8854532677442024,0
2023-07-28 11:05:16,3589.0,90032,1,3563.61,34506,23135,0.8854532677442024,0
2023-07-28 11:05:20,3586.55,90042,6,3563.62,34506,23126,0.8165846802529918,0
2023-07-28 11:05:20,3588.95,90042,2,3563.62,34506,23126,0.8840477863668256,0
2023-07-28 11:05:20,3588.95,90044,2,3563.62,34506,23125,0.8840477863668256,0
2023-07-28 11:05:20,3588.95,90044,2,3563.62,34494,23136,0.8840477863668256,0
2023-07-28 11:05:20,3588.95,90044,2,3563.62,34494,23136,0.8840477863668256,0
2023-07-28 11:05:20,3588.95,90044,2,3563.62,34494,23136,0.8840477863668256,0
2023-07-28 11:05:20,3588.95,90044,2,3563.62,34483,23136,0.8840477863668256,0
2023-07-28 11:05:25,3586.55,90056,12,3563.62,34469,23145,0.8165846802529918,0
2023-07-28 11:05:25,3588.9,90056,2,3563.62,34469,23145,0.8826423049894615,0
2023-07-28 11:05:25,3588.9,90058,2,3563.62,34469,23157,0.8826423049894615,0
2023-07-28 11:05:25,3588.9,90058,2,3563.62,34406,23180,0.8826423049894615,0
2023-07-28 11:05:25,3588.9,90058,2,3563.62,34406,23180,0.8826423049894615,0
2023-07-28 11:05:25,3588.9,90058,2,3563.62,34406,23180,0.8826423049894615,0
2023-07-28 11:05:25,3586.55,90058,10,3563.62,34406,23180,0.8165846802529918,0
2023-07-28 11:05:30,3588.65,90068,2,3563.62,34399,23202,0.8756148981026027,0
2023-07-28 11:05:31,3588.65,90070,2,3563.62,34399,23189,0.8756148981026027,0
2023-07-28 11:05:32,3588.45,90097,4,3563.63,34383,23237,0.869992972593108,0
2023-07-28 11:05:33,3588.5,90101,1,3563.63,34380,23238,0.8713984539704849,0
2023-07-28 11:05:35,3586.35,90236,10,3563.67,34144,23248,0.8109627547434971,0
2023-07-28 11:05:35,3588.45,90241,1,3563.67,34144,23250,0.869992972593108,0
2023-07-28 11:05:36,3586.35,90250,8,3563.67,34308,23193,0.8109627547434971,0
2023-07-28 11:05:36,3588.4,90250,1,3563.67,34308,23193,0.868587491215744,0
2023-07-28 11:05:36,3586.35,90250,3,3563.67,34308,23193,0.8109627547434971,0
2023-07-28 11:05:39,3586.35,90254,3,3563.67,34315,23186,0.8109627547434971,0
2023-07-28 11:05:40,3586.35,90263,5,3563.67,34311,23210,0.8109627547434971,0
2023-07-28 11:05:40,3586.35,90263,4,3563.67,34311,23210,0.8109627547434971,0
2023-07-28 11:05:40,3588.4,90269,1,3563.68,34254,23263,0.868587491215744,0
2023-07-28 11:05:42,3588.4,90270,1,3563.68,34254,23298,0.868587491215744,0
2023-07-28 11:05:42,3588.4,90270,1,3563.68,34254,23297,0.868587491215744,0
2023-07-28 11:05:42,3588.4,90270,1,3563.68,34254,23298,0.868587491215744,0
2023-07-28 11:05:42,3586.3,90270,5,3563.68,34254,23298,0.809557273366133,0
2023-07-28 11:05:45,3586.3,90280,5,3563.68,34264,23288,0.809557273366133,0
2023-07-28 11:05:45,3588.35,90281,1,3563.68,34264,23287,0.8671820098383671,0
2023-07-28 11:05:45,3588.35,90281,1,3563.68,34264,23287,0.8671820098383671,0
2023-07-28 11:05:46,3588.35,90282,1,3563.68,34264,23301,0.8671820098383671,0
2023-07-28 11:05:46,3586.3,90282,24,3563.68,34217,23278,0.809557273366133,0
2023-07-28 11:05:49,3588.0,90306,3,3563.68,34148,23300,0.8573436401967673,0
2023-07-28 11:05:50,3587.95,90319,2,3563.69,34119,23288,0.8559381588193905,0
2023-07-28 11:05:51,3587.95,90321,1,3563.69,34182,23244,0.8559381588193905,0
2023-07-28 11:05:51,3587.95,90322,1,3563.69,34182,23253,0.8559381588193905,0
2023-07-28 11:05:51,3586.3,90322,5,3563.69,34189,23249,0.809557273366133,0
2023-07-28 11:05:54,3587.9,90328,1,3563.69,34148,23266,0.8545326774420264,0
2023-07-28 11:05:54,3586.3,90328,1,3563.69,34148,23266,0.809557273366133,0
2023-07-28 11:05:55,3585.65,90339,9,3563.69,34161,23264,0.7912860154602978,0
2023-07-28 11:05:55,3587.4,90339,1,3563.69,34161,23264,0.8404778636683089,0
2023-07-28 11:05:55,3587.4,90340,1,3563.69,34166,23264,0.8404778636683089,0
2023-07-28 11:05:55,3587.4,90340,1,3563.69,34211,23222,0.8404778636683089,0
2023-07-28 11:05:55,3587.4,90340,1,3563.69,34208,23222,0.8404778636683089,0
2023-07-28 11:05:55,3587.4,90340,1,3563.69,32943,23268,0.8404778636683089,0
2023-07-28 11:06:00,3585.0,90350,7,3563.7,33840,23416,0.7730147575544624,0
2023-07-28 11:06:00,3585.4,90350,2,3563.7,33840,23416,0.784258608573439,0
2023-07-28 11:06:00,3585.4,90352,2,3563.7,33767,23349,0.784258608573439,0
2023-07-28 11:06:00,3587.35,90352,3,3563.7,33896,23275,0.8390723822909321,0
2023-07-28 11:06:03,3585.05,90852,20,3563.82,32636,23457,0.7744202389318393,0
2023-07-28 11:06:03,3585.05,90947,20,3563.85,33957,23514,0.7744202389318393,0
2023-07-28 11:06:03,3587.15,90947,14,3563.85,33957,23514,0.8334504567814502,0
2023-07-28 11:06:04,3584.1,90961,18,3563.85,33973,23360,0.7477160927617683,0
2023-07-28 11:06:06,3584.55,90982,7,3563.86,33982,23337,0.7603654251581218,0
2023-07-28 11:06:06,3584.55,90982,10,3563.86,33982,23337,0.7603654251581218,0
2023-07-28 11:06:10,3586.8,91002,3,3563.86,34031,23371,0.8236120871398505,0
2023-07-28 11:06:10,3584.5,91002,6,3563.86,34031,23371,0.7589599437807449,0
2023-07-28 11:06:10,3584.5,91002,12,3563.86,34031,23371,0.7589599437807449,0
2023-07-28 11:06:15,3584.5,91029,12,3563.87,34029,23317,0.7589599437807449,0
2023-07-28 11:06:15,3584.55,91029,9,3563.87,34029,23317,0.7603654251581218,0
2023-07-28 11:06:15,3584.35,91029,1,3563.87,34029,23317,0.7547434996486271,0
2023-07-28 11:06:20,3586.35,91053,3,3563.87,33977,23442,0.8109627547434971,0
2023-07-28 11:06:20,3584.1,91053,11,3563.87,33977,23442,0.7477160927617683,0
2023-07-28 11:06:20,3584.1,91053,4,3563.87,33977,23442,0.7477160927617683,0
2023-07-28 11:06:26,3583.6,91071,8,3563.88,33942,23390,0.7336612789880509,0
2023-07-28 11:06:26,3583.6,91071,10,3563.88,33942,23390,0.7336612789880509,0
2023-07-28 11:06:30,3586.25,91097,5,3563.88,33922,23435,0.8081517919887562,0
2023-07-28 11:06:30,3586.25,91097,1,3563.88,33922,23435,0.8081517919887562,0
2023-07-28 11:06:35,3584.05,91111,9,3563.88,33945,23379,0.7463106113844042,0
2023-07-28 11:06:35,3584.05,91111,6,3563.88,33945,23379,0.7463106113844042,0
2023-07-28 11:06:35,3586.3,91111,1,3563.88,33945,23379,0.809557273366133,0
2023-07-28 11:06:39,3586.25,91121,2,3563.89,33931,23402,0.8081517919887562,0
2023-07-28 11:06:39,3584.05,91121,7,3563.89,33931,23402,0.7463106113844042,0
2023-07-28 11:06:44,3586.1,91132,2,3563.89,33975,23428,0.8039353478566383,0
2023-07-28 11:06:44,3584.05,91132,40,3563.89,33975,23428,0.7463106113844042,0
2023-07-28 11:06:44,3583.85,91132,9,3563.89,33975,23428,0.7406886858749095,0
2023-07-28 11:06:44,3586.05,91132,20,3563.89,33975,23428,0.8025298664792743,0
2023-07-28 11:06:46,3584.0,91203,13,3563.91,34062,23397,0.7449051300070274,0
2023-07-28 11:06:46,3583.9,91203,10,3563.91,34062,23397,0.7420941672522865,0
2023-07-28 11:06:50,3583.9,91237,10,3563.91,33985,23436,0.7420941672522865,0
2023-07-28 11:06:50,3584.05,91237,11,3563.91,33985,23436,0.7463106113844042,0
2023-07-28 11:06:50,3583.7,91237,6,3563.91,33985,23436,0.7364722417427918,0
2023-07-28 11:06:50,3585.9,91237,3,3563.91,33985,23436,0.7983134223471564,0
2023-07-28 11:06:56,3583.7,91267,6,3563.92,33957,23290,0.7364722417427918,0
2023-07-28 11:06:56,3583.7,91267,6,3563.92,33957,23290,0.7364722417427918,0
2023-07-28 11:07:00,3585.85,91283,3,3563.92,33922,23303,0.7969079409697796,0
2023-07-28 11:07:00,3583.7,91283,10,3563.92,33922,23303,0.7364722417427918,0
2023-07-28 11:07:05,3585.8,91296,2,3563.93,33936,23430,0.7955024595924155,0
2023-07-28 11:07:05,3583.7,91296,10,3563.93,33936,23430,0.7364722417427918,0
2023-07-28 11:07:11,3583.7,91318,10,3563.93,33933,23309,0.7364722417427918,0
2023-07-28 11:07:11,3583.7,91318,9,3563.93,33933,23309,0.7364722417427918,0
2023-07-28 11:07:11,3583.65,91318,10,3563.93,33933,23309,0.7350667603654277,0
2023-07-28 11:07:15,3583.65,91340,10,3563.94,33872,23356,0.7350667603654277,0
2023-07-28 11:07:15,3583.65,91340,4,3563.94,33872,23356,0.7350667603654277,0
2023-07-28 11:07:16,3583.1,91347,9,3563.94,33872,23408,0.7196064652143334,0
2023-07-28 11:07:16,3585.65,91347,1,3563.94,33872,23408,0.7912860154602978,0
2023-07-28 11:07:21,3585.6,91358,2,3563.94,33823,23311,0.7898805340829208,0
2023-07-28 11:07:21,3583.1,91358,9,3563.94,33823,23311,0.7196064652143334,0
2023-07-28 11:07:21,3585.6,91358,1,3563.94,33823,23311,0.7898805340829208,0
2023-07-28 11:07:21,3585.55,91358,2,3563.94,33823,23311,0.7884750527055567,0
2023-07-28 11:07:21,3583.1,91358,4,3563.94,33823,23311,0.7196064652143334,0
2023-07-28 11:07:30,3583.1,91381,5,3563.95,32610,23375,0.7196064652143334,0
2023-07-28 11:07:30,3582.75,91381,6,3563.95,32610,23375,0.7097680955727337,0
2023-07-28 11:07:35,3585.5,91396,2,3563.95,33760,23348,0.7870695713281799,0
2023-07-28 11:07:35,3583.0,91396,2,3563.95,33760,23348,0.7167955024595924,0
2023-07-28 11:07:35,3583.0,91396,10,3563.95,33760,23348,0.7167955024595924,0
2023-07-28 11:07:40,3583.05,91410,3,3563.95,33770,23419,0.7182009838369693,0
2023-07-28 11:07:40,3585.4,91410,2,3563.95,33770,23419,0.784258608573439,0
2023-07-28 11:07:40,3583.05,91410,8,3563.95,33770,23419,0.7182009838369693,0
2023-07-28 11:07:45,3585.3,91427,2,3563.95,33727,23392,0.781447645818698,0
2023-07-28 11:07:45,3583.15,91427,4,3563.95,33727,23392,0.7210119465917102,0
2023-07-28 11:07:45,3583.15,91427,3,3563.95,33727,23392,0.7210119465917102,0
2023-07-28 11:07:50,3582.9,91450,4,3563.96,33748,23366,0.7139845397048514,0
2023-07-28 11:07:50,3585.25,91450,4,3563.96,33748,23366,0.7800421644413211,0
2023-07-28 11:07:50,3585.25,91450,5,3563.96,33748,23366,0.7800421644413211,0
2023-07-28 11:07:53,3586.45,91479,4,3563.97,33863,23306,0.813773717498238,0
2023-07-28 11:07:53,3585.25,91479,1,3563.97,33863,23306,0.7800421644413211,0
2023-07-28 11:07:53,3583.55,91479,9,3563.97,33863,23306,0.7322557976106868,0
2023-07-28 11:08:00,3585.05,91493,1,3563.97,33668,23478,0.7744202389318393,0
2023-07-28 11:08:00,3583.0,91493,7,3563.97,33668,23478,0.7167955024595924,0
2023-07-28 11:08:00,3582.75,91493,10,3563.97,33668,23478,0.7097680955727337,0
2023-07-28 11:08:05,3583.0,91511,4,3563.97,33811,23453,0.7167955024595924,0
2023-07-28 11:08:05,3583.0,91511,7,3563.97,33811,23453,0.7167955024595924,0
2023-07-28 11:08:10,3583.0,91525,7,3563.98,33770,23454,0.7167955024595924,0
2023-07-28 11:08:10,3583.05,91525,3,3563.98,33770,23454,0.7182009838369693,0
2023-07-28 11:08:10,3585.3,91525,1,3563.98,33770,23454,0.781447645818698,0
2023-07-28 11:08:15,3585.3,91550,4,3563.98,33784,23435,0.781447645818698,0
2023-07-28 11:08:15,3582.65,91550,10,3563.98,33784,23435,0.7069571328179928,0
2023-07-28 11:08:20,3584.2,91564,2,3563.99,33496,23629,0.7505270555165093,0
2023-07-28 11:08:20,3584.1,91564,1,3563.99,33496,23629,0.7477160927617683,0
2023-07-28 11:08:20,3584.1,91564,1,3563.99,33496,23629,0.7477160927617683,0
2023-07-28 11:08:20,3584.1,91564,1,3563.99,33496,23629,0.7477160927617683,0
2023-07-28 11:08:20,3582.0,91564,11,3563.99,33496,23629,0.6886858749121574,0
2023-07-28 11:08:20,3582.0,91564,11,3563.99,33496,23629,0.6886858749121574,0
2023-07-28 11:08:25,3582.0,91578,11,3563.99,33507,23493,0.6886858749121574,0
2023-07-28 11:08:25,3582.05,91578,3,3563.99,33507,23493,0.6900913562895343,0
2023-07-28 11:08:25,3582.05,91578,3,3563.99,33507,23493,0.6900913562895343,0
2023-07-28 11:08:25,3582.05,91578,3,3563.99,33507,23493,0.6900913562895343,0
2023-07-28 11:08:25,3582.05,91578,3,3563.99,33507,23493,0.6900913562895343,0
2023-07-28 11:08:25,3584.05,91578,14,3563.99,33507,23493,0.7463106113844042,0
2023-07-28 11:08:25,3582.0,91578,6,3563.99,33507,23493,0.6886858749121574,0
2023-07-28 11:08:30,3582.05,91607,8,3563.99,32306,23449,0.6900913562895343,0
2023-07-28 11:08:35,3581.8,91629,2,3564.0,33592,23501,0.6830639494026756,0
2023-07-28 11:08:35,3582.05,91629,3,3564.0,33592,23501,0.6900913562895343,0
2023-07-28 11:08:35,3582.0,91636,1,3564.0,33583,23488,0.6886858749121574,0
2023-07-28 11:08:40,3582.05,91648,4,3564.0,33584,23498,0.6900913562895343,0
2023-07-28 11:08:40,3581.85,91648,1,3564.0,33584,23498,0.6844694307800396,0
2023-07-28 11:08:45,3582.05,91664,3,3564.01,33553,23507,0.6900913562895343,0
2023-07-28 11:08:45,3581.8,91664,8,3564.01,33553,23507,0.6830639494026756,0
2023-07-28 11:08:50,3582.05,91679,2,3564.01,33458,23494,0.6900913562895343,0
2023-07-28 11:08:50,3582.0,91679,9,3564.01,33458,23494,0.6886858749121574,0
2023-07-28 11:08:50,3583.7,91679,7,3564.01,33458,23494,0.7364722417427918,0
2023-07-28 11:08:55,3583.7,91699,7,3564.01,33434,23543,0.7364722417427918,0
2023-07-28 11:08:55,3582.05,91699,6,3564.01,33434,23543,0.6900913562895343,0
2023-07-28 11:09:00,3583.7,91718,3,3564.02,33463,23542,0.7364722417427918,0
2023-07-28 11:09:00,3583.65,91718,15,3564.02,33463,23542,0.7350667603654277,0
2023-07-28 11:09:00,3581.65,91718,2,3564.02,33463,23542,0.6788475052705577,0
2023-07-28 11:09:02,3581.65,91738,8,3564.02,33465,23551,0.6788475052705577,0
2023-07-28 11:09:02,3581.65,91738,2,3564.02,33465,23551,0.6788475052705577,0
2023-07-28 11:09:05,3581.65,91756,2,3564.02,33462,23472,0.6788475052705577,0
2023-07-28 11:09:05,3581.7,91756,3,3564.02,33462,23472,0.6802529866479218,0
2023-07-28 11:09:05,3581.65,91756,10,3564.02,33462,23472,0.6788475052705577,0
2023-07-28 11:09:10,3581.65,91772,2,3564.03,33403,23541,0.6788475052705577,0
2023-07-28 11:09:10,3583.35,91772,1,3564.03,33403,23541,0.7266338721011921,0
2023-07-28 11:09:10,3581.65,91772,10,3564.03,33403,23541,0.6788475052705577,0
2023-07-28 11:09:15,3583.3,91789,3,3564.03,33368,23512,0.725228390723828,0
2023-07-28 11:09:15,3581.7,91789,3,3564.03,33368,23512,0.6802529866479218,0
2023-07-28 11:09:20,3581.65,91796,1,3564.03,33496,23574,0.6788475052705577,0
2023-07-28 11:09:20,3581.4,91796,1,3564.03,33496,23574,0.6718200983836989,0
2023-07-28 11:09:20,3580.0,91796,3,3564.03,33496,23574,0.6324666198172875,0
2023-07-28 11:09:23,3579.55,91832,8,3564.04,33461,23593,0.6198172874209468,0
2023-07-28 11:09:23,3579.55,91832,6,3564.04,33461,23593,0.6198172874209468,0
2023-07-28 11:09:25,3581.3,91851,3,3564.04,32209,23576,0.669009135628958,0
2023-07-28 11:09:25,3579.35,91851,1,3564.04,32209,23576,0.6141953619114521,0
2023-07-28 11:09:30,3579.35,91861,7,3564.04,33477,23535,0.6141953619114521,0
2023-07-28 11:09:30,3579.3,91861,4,3564.04,33477,23535,0.612789880534088,0
2023-07-28 11:09:35,3580.0,91878,2,3564.05,33040,23938,0.6324666198172875,0
2023-07-28 11:09:35,3578.1,91878,10,3564.05,33040,23938,0.5790583274771584,0
2023-07-28 11:09:40,3578.1,91890,3,3564.05,33170,23911,0.5790583274771584,0
2023-07-28 11:09:41,3579.95,91895,1,3564.05,33180,23907,0.6310611384399105,0
2023-07-28 11:09:41,3578.05,91895,4,3564.05,33180,23907,0.5776528460997943,0
2023-07-28 11:09:41,3579.95,91895,1,3564.05,33180,23907,0.6310611384399105,0
2023-07-28 11:09:48,3578.55,91930,8,3564.05,33180,23835,0.5917076598735118,0
2023-07-28 11:09:49,3579.95,91943,2,3564.06,33140,23820,0.6310611384399105,0
2023-07-28 11:09:49,3578.05,91943,4,3564.06,33140,23820,0.5776528460997943,0
2023-07-28 11:09:49,3578.0,91943,7,3564.06,33140,23820,0.5762473647224174,0
2023-07-28 11:09:55,3579.9,91958,2,3564.06,33129,23858,0.6296556570625464,0
2023-07-28 11:09:55,3579.9,91958,1,3564.06,33129,23858,0.6296556570625464,0
2023-07-28 11:09:55,3578.0,91958,10,3564.06,33129,23858,0.5762473647224174,0
2023-07-28 11:10:05,3579.85,91980,1,3564.06,33068,23843,0.6282501756851696,0
2023-07-28 11:10:05,3578.0,91980,7,3564.06,33068,23843,0.5762473647224174,0
2023-07-28 11:10:05,3578.0,91980,10,3564.06,33068,23843,0.5762473647224174,0
2023-07-28 11:10:10,3579.8,91998,3,3564.07,33077,23849,0.6268446943078055,0
2023-07-28 11:10:10,3578.0,91998,8,3564.07,33077,23849,0.5762473647224174,0
2023-07-28 11:10:10,3577.7,91998,10,3564.07,33077,23849,0.5678144764581818,0
2023-07-28 11:10:15,3577.7,92019,10,3564.07,32747,23769,0.5678144764581818,0
2023-07-28 11:10:15,3577.7,92019,3,3564.07,32747,23769,0.5678144764581818,0
2023-07-28 11:10:15,3577.95,92019,1,3564.07,32747,23769,0.5748418833450406,0
2023-07-28 11:10:15,3577.05,92019,6,3564.07,32747,23769,0.5495432185523593,0
2023-07-28 11:10:15,3577.4,92019,1,3564.07,32747,23769,0.559381588193959,0
2023-07-28 11:10:15,3577.05,92019,1,3564.07,32747,23769,0.5495432185523593,0
2023-07-28 11:10:23,3577.05,92038,1,3564.07,32793,23834,0.5495432185523593,0
2023-07-28 11:10:23,3576.8,92038,1,3564.07,32793,23834,0.5425158116655006,0
2023-07-28 11:10:23,3578.0,92038,250,3564.07,32793,23834,0.5762473647224174,0
2023-07-28 11:10:25,3577.85,92310,41,3564.11,32908,23439,0.5720309205902996,0
2023-07-28 11:10:25,3576.15,92310,10,3564.11,32908,23439,0.5242445537596653,0
2023-07-28 11:10:25,3577.85,92310,3,3564.11,32908,23439,0.5720309205902996,0
2023-07-28 11:10:31,3577.85,92422,2,3564.13,33110,23403,0.5720309205902996,0
2023-07-28 11:10:31,3577.55,92422,54,3564.13,33110,23403,0.5635980323260767,0
2023-07-28 11:10:32,3577.3,92718,14,3564.17,33276,23154,0.5565706254392181,0
2023-07-28 11:10:32,3579.8,92718,2,3564.17,33276,23154,0.6268446943078055,0
2023-07-28 11:10:32,3577.3,92718,8,3564.17,33276,23154,0.5565706254392181,0
2023-07-28 11:10:40,3577.3,92792,8,3564.18,33308,23127,0.5565706254392181,0
2023-07-28 11:10:40,3579.75,92792,11,3564.18,33308,23127,0.6254392129304287,0
2023-07-28 11:10:45,3577.3,92813,10,3564.19,33340,23241,0.5565706254392181,0
2023-07-28 11:10:45,3579.7,92816,1,3564.19,33256,23201,0.6240337315530519,0
2023-07-28 11:10:45,3577.5,92816,9,3564.19,33256,23201,0.5621925509486999,0
2023-07-28 11:10:50,3577.5,92826,9,3564.19,33306,23177,0.5621925509486999,0
2023-07-28 11:10:50,3579.65,92826,1,3564.19,33306,23177,0.6226282501756877,0
2023-07-28 11:10:50,3577.5,92826,10,3564.19,33306,23177,0.5621925509486999,0
2023-07-28 11:10:50,3580.0,92826,173,3564.19,33306,23177,0.6324666198172875,0
2023-07-28 11:10:57,3577.55,93139,2,3564.24,33337,23008,0.5635980323260767,0
2023-07-28 11:10:57,3577.55,93139,15,3564.24,33337,23008,0.5635980323260767,0
2023-07-28 11:10:57,3577.5,93139,1,3564.24,33337,23008,0.5621925509486999,0
2023-07-28 11:11:00,3579.3,93217,12,3564.25,33245,22965,0.612789880534088,0
2023-07-28 11:11:00,3577.5,93217,15,3564.25,33245,22965,0.5621925509486999,0
2023-07-28 11:11:00,3577.5,93217,5,3564.25,33245,22965,0.5621925509486999,0
2023-07-28 11:11:05,3577.5,93254,5,3564.26,33262,23010,0.5621925509486999,0
2023-07-28 11:11:05,3579.35,93254,6,3564.26,33262,23010,0.6141953619114521,0
2023-07-28 11:11:07,3577.45,93295,8,3564.27,33243,22936,0.5607870695713231,0
2023-07-28 11:11:07,3579.3,93295,2,3564.27,33243,22936,0.612789880534088,0
2023-07-28 11:11:07,3579.3,93297,2,3564.27,31993,22983,0.612789880534088,0
2023-07-28 11:11:07,3577.45,93297,10,3564.27,33243,22983,0.5607870695713231,0
2023-07-28 11:11:10,3579.3,93307,1,3564.27,33233,22970,0.612789880534088,0
2023-07-28 11:11:11,3579.3,93308,1,3564.27,33247,22952,0.612789880534088,0
2023-07-28 11:11:12,3579.3,93309,1,3564.27,33259,22935,0.612789880534088,0
2023-07-28 11:11:12,3579.3,93309,1,3564.27,33256,22940,0.612789880534088,0
2023-07-28 11:11:12,3577.45,93309,10,3564.27,33257,22940,0.5607870695713231,0
2023-07-28 11:11:12,3577.45,93309,6,3564.27,33257,22940,0.5607870695713231,0
2023-07-28 11:11:16,3579.2,93326,1,3564.27,33205,22984,0.6099789177793343,0
2023-07-28 11:11:17,3577.45,93327,1,3564.27,33249,22935,0.5607870695713231,0
2023-07-28 11:11:18,3577.45,93328,1,3564.27,32974,23080,0.5607870695713231,0
2023-07-28 11:11:18,3579.15,93328,1,3564.27,32974,23080,0.6085734364019703,0
2023-07-28 11:11:19,3577.4,93329,8,3564.27,33071,23005,0.559381588193959,0
2023-07-28 11:11:20,3579.15,93338,1,3564.27,33082,22942,0.6085734364019703,0
2023-07-28 11:11:21,3579.15,93339,1,3564.27,33057,22951,0.6085734364019703,0
2023-07-28 11:11:21,3579.15,93339,1,3564.27,33108,22954,0.6085734364019703,0
2023-07-28 11:11:21,3579.15,93339,1,3564.27,33108,22959,0.6085734364019703,0
2023-07-28 11:11:21,3579.15,93339,1,3564.27,33108,22959,0.6085734364019703,0
2023-07-28 11:11:21,3579.15,93339,1,3564.27,33108,22959,0.6085734364019703,0
2023-07-28 11:11:21,3577.4,93339,11,3564.27,33082,22927,0.559381588193959,0
2023-07-28 11:11:21,3579.1,93339,1,3564.27,33082,22927,0.6071679550245934,0
2023-07-28 11:11:26,3579.1,93352,1,3564.27,33053,23000,0.6071679550245934,0
2023-07-28 11:11:26,3579.1,93352,1,3564.27,33038,22933,0.6071679550245934,0
2023-07-28 11:11:26,3579.1,93352,1,3564.27,31821,22936,0.6071679550245934,0
2023-07-28 11:11:26,3579.1,93352,1,3564.27,31821,22936,0.6071679550245934,0
2023-07-28 11:11:26,3579.1,93352,1,3564.27,33058,22950,0.6071679550245934,0
2023-07-28 11:11:26,3577.4,93352,10,3564.27,33058,22950,0.559381588193959,0
2023-07-28 11:11:30,3577.4,93362,4,3564.28,33042,22957,0.559381588193959,0
2023-07-28 11:11:30,3579.05,93368,1,3564.28,32951,23000,0.6057624736472292,0
2023-07-28 11:11:32,3577.4,93370,1,3564.28,33018,23022,0.559381588193959,0
2023-07-28 11:11:33,3579.1,93386,2,3564.28,32849,23041,0.6071679550245934,0
2023-07-28 11:11:33,3579.1,93388,1,3564.28,32889,23136,0.6071679550245934,0
2023-07-28 11:11:35,3577.4,93390,1,3564.28,32937,23130,0.559381588193959,0
2023-07-28 11:11:35,3577.4,93390,1,3564.28,32937,23130,0.559381588193959,0
2023-07-28 11:11:35,3577.4,93390,1,3564.28,32973,23122,0.559381588193959,0
2023-07-28 11:11:35,3577.4,93390,1,3564.28,32893,22991,0.559381588193959,0
2023-07-28 11:11:35,3577.4,93390,1,3564.28,32868,22958,0.559381588193959,0
2023-07-28 11:11:39,3579.0,93394,4,3564.28,32953,22910,0.6043569922698524,0
2023-07-28 11:11:40,3577.45,93400,6,3564.28,32902,23000,0.5607870695713231,0
2023-07-28 11:11:40,3579.0,93400,1,3564.28,32902,23000,0.6043569922698524,0
2023-07-28 11:11:40,3579.0,93400,1,3564.28,32902,23000,0.6043569922698524,0
2023-07-28 11:11:41,3579.0,93402,1,3564.28,33364,22931,0.6043569922698524,0
2023-07-28 11:11:41,3579.0,93402,1,3564.28,33241,23019,0.6043569922698524,0
2023-07-28 11:11:41,3579.0,93402,1,3564.28,33242,23039,0.6043569922698524,0
2023-07-28 11:11:41,3577.5,93402,10,3564.28,33242,23039,0.5621925509486999,0
2023-07-28 11:11:45,3579.6,93412,1,3564.28,33237,23065,0.6212227687983108,0
2023-07-28 11:11:45,3579.6,93413,1,3564.28,33237,23058,0.6212227687983108,0
2023-07-28 11:11:45,3577.5,93413,5,3564.28,33237,23058,0.5621925509486999,0
2023-07-28 11:11:47,3577.5,93438,1,3564.29,33255,23085,0.5621925509486999,0
2023-07-28 11:11:48,3579.5,93452,1,3564.29,33218,23095,0.6184118060435699,0
2023-07-28 11:11:48,3577.5,93454,10,3564.29,33251,22983,0.5621925509486999,0
2023-07-28 11:11:50,3579.5,93464,2,3564.29,33227,22957,0.6184118060435699,0
2023-07-28 11:11:50,3579.5,93466,2,3564.29,33223,22947,0.6184118060435699,0
2023-07-28 11:11:50,3579.7,93466,11,3564.29,33223,22947,0.6240337315530519,0
2023-07-28 11:11:52,3577.5,93481,6,3564.29,33277,22838,0.5621925509486999,0
2023-07-28 11:11:53,3577.5,93490,6,3564.29,33022,23001,0.5621925509486999,0
2023-07-28 11:11:53,3579.55,93490,1,3564.29,33022,23001,0.6198172874209468,0
2023-07-28 11:11:54,3579.55,93491,1,3564.29,33126,22943,0.6198172874209468,0
2023-07-28 11:11:55,3577.5,93500,9,3564.3,33137,22903,0.5621925509486999,0
2023-07-28 11:11:55,3577.5,93500,2,3564.3,33137,22903,0.5621925509486999,0
2023-07-28 11:11:56,3579.55,93503,1,3564.3,33162,22901,0.6198172874209468,0
2023-07-28 11:11:57,3577.5,93506,2,3564.3,33280,23013,0.5621925509486999,0
2023-07-28 11:11:57,3577.5,93506,2,3564.3,33371,22948,0.5621925509486999,0
2023-07-28 11:12:00,3577.5,93516,3,3564.3,33275,23060,0.5621925509486999,0
2023-07-28 11:12:00,3579.6,93521,1,3564.3,33310,23045,0.6212227687983108,0
2023-07-28 11:12:01,3579.6,93524,2,3564.3,33359,22965,0.6212227687983108,0
2023-07-28 11:12:01,3579.6,93524,2,3564.3,33349,22986,0.6212227687983108,0
2023-07-28 11:12:01,3579.6,93524,2,3564.3,33333,23001,0.6212227687983108,0
2023-07-28 11:12:01,3579.6,93524,2,3564.3,33322,22913,0.6212227687983108,0
2023-07-28 11:12:05,3577.55,93534,10,3564.3,33327,22906,0.5635980323260767,0
2023-07-28 11:12:05,3579.5,93534,1,3564.3,33327,22906,0.6184118060435699,0
2023-07-28 11:12:05,3579.5,93535,1,3564.3,33338,23003,0.6184118060435699,0
2023-07-28 11:12:06,3579.5,93536,1,3564.3,33344,23009,0.6184118060435699,0
2023-07-28 11:12:06,3579.5,93536,1,3564.3,33329,22880,0.6184118060435699,0
2023-07-28 11:12:06,3579.5,93536,1,3564.3,33317,22875,0.6184118060435699,0
2023-07-28 11:12:06,3577.6,93536,10,3564.3,33317,22875,0.5650035137034408,0
2023-07-28 11:12:10,3577.7,93546,6,3564.3,33302,22889,0.5678144764581818,0
2023-07-28 11:12:11,3579.25,93553,1,3564.3,33365,22940,0.6113843991567112,0
2023-07-28 11:12:12,3579.25,93554,1,3564.3,33326,22931,0.6113843991567112,0
2023-07-28 11:12:12,3579.25,93554,1,3564.3,33309,22860,0.6113843991567112,0
2023-07-28 11:12:12,3577.75,93554,10,3564.3,33309,22860,0.5692199578355587,0
2023-07-28 11:12:15,3577.6,93568,2,3564.31,33155,23091,0.5650035137034408,0
2023-07-28 11:12:15,3579.2,93569,1,3564.31,33226,22936,0.6099789177793343,0
2023-07-28 11:12:15,3579.2,93569,1,3564.31,33187,22969,0.6099789177793343,0
2023-07-28 11:12:15,3579.2,93569,1,3564.31,33187,23009,0.6099789177793343,0
2023-07-28 11:12:15,3579.2,93569,1,3564.31,33122,22986,0.6099789177793343,0
2023-07-28 11:12:15,3577.5,93569,2,3564.31,33122,22986,0.5621925509486999,0
2023-07-28 11:12:20,3577.5,93579,1,3564.31,33184,22997,0.5621925509486999,0
2023-07-28 11:12:21,3577.5,93581,1,3564.31,33084,23110,0.5621925509486999,0
2023-07-28 11:12:21,3578.8,93581,1,3564.31,33084,23110,0.5987350667603706,0
2023-07-28 11:12:22,3578.8,93582,1,3564.31,33064,23095,0.5987350667603706,0
2023-07-28 11:12:22,3578.8,93582,1,3564.31,33078,23100,0.5987350667603706,0
2023-07-28 11:12:25,3578.75,93593,1,3564.31,33077,23104,0.5973295853829936,0
2023-07-28 11:12:25,3578.75,93594,1,3564.31,33074,23114,0.5973295853829936,0
2023-07-28 11:12:25,3578.75,93594,1,3564.31,33056,23086,0.5973295853829936,0
2023-07-28 11:12:25,3578.75,93594,1,3564.31,33069,23122,0.5973295853829936,0
2023-07-28 11:12:25,3578.75,93594,1,3564.31,33057,23113,0.5973295853829936,0
2023-07-28 11:12:25,3575.75,93594,10,3564.31,33057,23113,0.5130007027406887,0
2023-07-28 11:12:30,3575.75,93604,7,3564.31,33071,23082,0.5130007027406887,0
2023-07-28 11:12:31,3578.4,93617,4,3564.31,33139,23191,0.587491215741394,0
2023-07-28 11:12:32,3578.4,93619,2,3564.31,33086,23189,0.587491215741394,0
2023-07-28 11:12:32,3578.4,93619,2,3564.31,33086,23202,0.587491215741394,0
2023-07-28 11:12:35,3577.0,93629,10,3564.31,33060,23235,0.5481377371749825,0
2023-07-28 11:12:35,3577.35,93629,2,3564.31,33060,23235,0.5579761068165822,0
2023-07-28 11:12:35,3577.35,93631,2,3564.31,32967,23106,0.5579761068165822,0
2023-07-28 11:12:35,3577.35,93631,2,3564.31,32884,23166,0.5579761068165822,0
2023-07-28 11:12:35,3575.0,93631,5,3564.31,32884,23166,0.49191848208011246,0
2023-07-28 11:12:38,3574.1,93636,11,3564.31,32922,23179,0.46661981728741836,0
2023-07-28 11:12:40,3576.65,93658,3,3564.32,32923,23102,0.5382993675333827,0
2023-07-28 11:12:41,3576.6,93667,1,3564.32,32926,23177,0.5368938861560059,0
2023-07-28 11:12:42,3576.6,93668,1,3564.32,32928,23200,0.5368938861560059,0
2023-07-28 11:12:43,3576.6,93669,1,3564.32,32939,23235,0.5368938861560059,0
2023-07-28 11:12:45,3576.6,93679,1,3564.32,31685,23240,0.5368938861560059,0
2023-07-28 11:12:45,3576.6,93680,1,3564.32,32949,23256,0.5368938861560059,0
2023-07-28 11:12:45,3576.6,93680,1,3564.32,33162,23227,0.5368938861560059,0
2023-07-28 11:12:45,3577.35,93680,30,3564.32,33162,23227,0.5579761068165822,0
2023-07-28 11:12:48,3575.3,93820,9,3564.34,33240,23171,0.5003513703443481,0
2023-07-28 11:12:48,3575.3,93850,9,3564.34,31814,23243,0.5003513703443481,0
2023-07-28 11:12:48,3577.8,93850,5,3564.34,31814,23243,0.5706254392129355,0
2023-07-28 11:12:50,3574.6,93872,17,3564.35,33072,23163,0.4806746310611359,0
2023-07-28 11:12:50,3574.65,93872,1,3564.35,33072,23163,0.48208011243851273,0
2023-07-28 11:12:51,3577.5,93876,1,3564.35,33163,23172,0.5621925509486999,0
2023-07-28 11:12:52,3577.3,93883,1,3564.35,33193,23131,0.5565706254392181,0
2023-07-28 11:12:52,3577.3,93884,1,3564.35,32029,23103,0.5565706254392181,0
2023-07-28 11:12:55,3577.25,93895,1,3564.35,33297,23190,0.5551651440618411,0
2023-07-28 11:12:56,3577.25,93899,2,3564.35,33293,23194,0.5551651440618411,0
2023-07-28 11:12:56,3577.25,93899,2,3564.35,33196,23166,0.5551651440618411,0
2023-07-28 11:12:56,3577.25,93899,2,3564.35,33213,23096,0.5551651440618411,0
2023-07-28 11:12:56,3577.25,93899,2,3564.35,33197,23086,0.5551651440618411,0
2023-07-28 11:13:00,3577.05,93909,2,3564.35,31907,23167,0.5495432185523593,0
2023-07-28 11:13:00,3577.05,93911,2,3564.35,31911,23137,0.5495432185523593,0
2023-07-28 11:13:00,3577.05,93911,2,3564.35,33245,23138,0.5495432185523593,0
2023-07-28 11:13:00,3577.05,93911,2,3564.35,33233,23123,0.5495432185523593,0
2023-07-28 11:13:00,3577.05,93911,2,3564.35,33289,23086,0.5495432185523593,0
2023-07-28 11:13:05,3575.15,93921,10,3564.35,33274,23190,0.49613492621223027,0
2023-07-28 11:13:05,3576.95,93921,2,3564.35,33274,23190,0.5467322557976055,0
2023-07-28 11:13:06,3576.95,93930,1,3564.35,33258,23187,0.5467322557976055,0
2023-07-28 11:13:07,3576.95,93931,1,3564.35,33258,23182,0.5467322557976055,0
2023-07-28 11:13:07,3576.95,93931,1,3564.35,33258,23198,0.5467322557976055,0
2023-07-28 11:13:10,3576.9,93941,2,3564.35,33276,23183,0.5453267744202415,0
2023-07-28 11:13:10,3576.9,93943,2,3564.35,33332,23082,0.5453267744202415,0
2023-07-28 11:13:10,3576.9,93943,2,3564.35,33328,23082,0.5453267744202415,0
2023-07-28 11:13:10,3576.9,93943,2,3564.35,33364,23099,0.5453267744202415,0
2023-07-28 11:13:10,3576.85,93943,1,3564.35,33364,23099,0.5439212930428646,0
2023-07-28 11:13:15,3576.85,93956,1,3564.36,33273,23167,0.5439212930428646,0
2023-07-28 11:13:15,3576.85,93956,1,3564.36,33273,23167,0.5439212930428646,0
2023-07-28 11:13:16,3576.85,93957,1,3564.36,33398,23299,0.5439212930428646,0
2023-07-28 11:13:17,3576.85,93958,1,3564.36,32125,23316,0.5439212930428646,0
2023-07-28 11:13:17,3576.85,93958,1,3564.36,33291,23305,0.5439212930428646,0
2023-07-28 11:13:17,3576.45,93958,10,3564.36,33250,23207,0.5326774420238881,0
2023-07-28 11:13:20,3576.45,93968,3,3564.36,33149,23198,0.5326774420238881,0
2023-07-28 11:13:21,3576.95,93977,1,3564.36,33125,23163,0.5467322557976055,0
2023-07-28 11:13:22,3576.95,93978,1,3564.36,33134,23116,0.5467322557976055,0
2023-07-28 11:13:22,3576.95,93978,1,3564.36,33169,23087,0.5467322557976055,0
2023-07-28 11:13:22,3575.1,93978,6,3564.36,33169,23087,0.49472944483485337,0
2023-07-28 11:13:25,3575.05,94017,11,3564.36,33201,22892,0.4933239634574893,0
2023-07-28 11:13:25,3576.9,94017,2,3564.36,33201,22892,0.5453267744202415,0
2023-07-28 11:13:25,3576.9,94029,2,3564.36,33277,22868,0.5453267744202415,0
2023-07-28 11:13:27,3576.9,94032,1,3564.36,33262,22945,0.5453267744202415,0
2023-07-28 11:13:27,3576.9,94032,1,3564.36,33280,22910,0.5453267744202415,0
2023-07-28 11:13:27,3576.9,94032,1,3564.36,33240,22921,0.5453267744202415,0
2023-07-28 11:13:27,3576.9,94032,9,3564.36,33250,22910,0.5453267744202415,0
2023-07-28 11:13:30,3576.95,94042,1,3564.37,33228,22922,0.5467322557976055,0
2023-07-28 11:13:30,3576.95,94046,1,3564.37,33277,22850,0.5467322557976055,0
2023-07-28 11:13:30,3576.9,94046,1,3564.37,33320,22884,0.5453267744202415,0
2023-07-28 11:13:33,3576.9,94047,1,3564.37,33457,22675,0.5453267744202415,0
2023-07-28 11:13:35,3576.7,94057,2,3564.37,33437,22759,0.5397048489107468,0
2023-07-28 11:13:35,3578.8,94061,1,3564.37,33389,22719,0.5987350667603706,0
2023-07-28 11:13:36,3578.8,94062,1,3564.37,33438,22816,0.5987350667603706,0
2023-07-28 11:13:36,3578.8,94062,1,3564.37,33441,22799,0.5987350667603706,0
2023-07-28 11:13:36,3578.8,94062,1,3564.37,33441,22796,0.5987350667603706,0
2023-07-28 11:13:36,3576.1,94062,10,3564.37,33441,22796,0.5228390723822883,0
2023-07-28 11:13:40,3578.6,94072,1,3564.37,33447,22768,0.5931131412508759,0
2023-07-28 11:13:41,3578.6,94073,1,3564.37,33475,22740,0.5931131412508759,0
2023-07-28 11:13:41,3578.6,94073,1,3564.37,33474,22764,0.5931131412508759,0
2023-07-28 11:13:41,3578.6,94073,1,3564.37,33432,22917,0.5931131412508759,0
2023-07-28 11:13:45,3576.1,94083,10,3564.37,33456,22802,0.5228390723822883,0
2023-07-28 11:13:45,3576.1,94085,6,3564.37,33491,22761,0.5228390723822883,0
2023-07-28 11:13:45,3578.45,94091,1,3564.37,33423,22819,0.588896697118758,0
2023-07-28 11:13:47,3578.45,94092,1,3564.37,33431,22789,0.588896697118758,0
2023-07-28 11:13:47,3578.45,94092,1,3564.37,33400,22788,0.588896697118758,0
2023-07-28 11:13:47,3576.1,94092,10,3564.37,33392,22791,0.5228390723822883,0
2023-07-28 11:13:50,3576.05,94102,4,3564.37,33385,23021,0.5214335910049243,0
2023-07-28 11:13:51,3576.05,94144,10,3564.38,33367,23154,0.5214335910049243,0
2023-07-28 11:13:52,3578.1,94160,2,3564.38,33334,23125,0.5790583274771584,0
2023-07-28 11:13:53,3578.1,94162,2,3564.38,33352,23118,0.5790583274771584,0
2023-07-28 11:13:55,3578.05,94174,1,3564.38,33343,23103,0.5776528460997943,0
2023-07-28 11:13:55,3575.85,94181,6,3564.38,33320,23103,0.5158116654954297,0
2023-07-28 11:13:56,3578.0,94183,2,3564.38,33343,23105,0.5762473647224174,0
2023-07-28 11:13:56,3578.0,94183,2,3564.38,33336,23141,0.5762473647224174,0
2023-07-28 11:13:56,3578.0,94183,2,3564.38,33337,23144,0.5762473647224174,0
2023-07-28 11:14:00,3577.8,94193,1,3564.39,33336,23054,0.5706254392129355,0
2023-07-28 11:14:00,3577.8,94194,1,3564.39,33276,22978,0.5706254392129355,0
2023-07-28 11:14:00,3577.8,94194,1,3564.39,33307,23045,0.5706254392129355,0
2023-07-28 11:14:00,3577.8,94194,1,3564.39,33265,23054,0.5706254392129355,0
2023-07-28 11:14:00,3575.2,94194,10,3564.39,33272,23040,0.49754040758959434,0
2023-07-28 11:14:05,3575.15,94204,4,3564.39,31950,23039,0.49613492621223027,0
2023-07-28 11:14:06,3577.5,94213,1,3564.39,31941,23096,0.5621925509486999,0
2023-07-28 11:14:06,3577.5,94214,1,3564.39,33180,23093,0.5621925509486999,0
2023-07-28 11:14:06,3577.5,94214,1,3564.39,31919,23077,0.5621925509486999,0
2023-07-28 11:14:06,3577.5,94214,1,3564.39,33210,23081,0.5621925509486999,0
2023-07-28 11:14:06,3575.05,94214,9,3564.39,33210,23081,0.4933239634574893,0
2023-07-28 11:14:10,3575.05,94224,9,3564.39,33195,23037,0.4933239634574893,0
2023-07-28 11:14:11,3577.3,94238,10,3564.39,33275,23086,0.5565706254392181,0
2023-07-28 11:14:11,3577.3,94238,2,3564.39,33275,23086,0.5565706254392181,0
2023-07-28 11:14:12,3577.25,94245,1,3564.39,32023,23056,0.5551651440618411,0
2023-07-28 11:14:13,3577.25,94246,1,3564.39,33212,23068,0.5551651440618411,0
2023-07-28 11:14:13,3577.3,94246,10,3564.39,33340,23037,0.5565706254392181,0
2023-07-28 11:14:15,3579.45,94283,6,3564.4,33646,22844,0.6170063246661931,0
2023-07-28 11:14:16,3578.85,94289,2,3564.4,33700,22840,0.6001405481377347,0
2023-07-28 11:14:17,3578.85,94292,2,3564.4,33792,22932,0.6001405481377347,0
2023-07-28 11:14:17,3578.85,94292,2,3564.4,33708,22968,0.6001405481377347,0
2023-07-28 11:14:17,3577.3,94292,2,3564.4,33680,22977,0.5565706254392181,0
2023-07-28 11:14:20,3576.7,94302,4,3564.4,33371,23077,0.5397048489107468,0
2023-07-28 11:14:21,3578.6,94308,1,3564.4,33441,22993,0.5931131412508759,0
2023-07-28 11:14:22,3578.6,94309,1,3564.4,33336,22912,0.5931131412508759,0
2023-07-28 11:14:22,3578.6,94309,1,3564.4,33336,22912,0.5931131412508759,0
2023-07-28 11:14:22,3578.6,94309,1,3564.4,33370,22881,0.5931131412508759,0
2023-07-28 11:14:22,3578.6,94309,1,3564.4,33370,22881,0.5931131412508759,0
2023-07-28 11:14:25,3578.15,94320,1,3564.4,33242,23059,0.5804638088545352,0
2023-07-28 11:14:25,3576.7,94323,2,3564.4,33189,23049,0.5397048489107468,0
2023-07-28 11:14:26,3578.1,94324,1,3564.4,33308,22985,0.5790583274771584,0
2023-07-28 11:14:26,3576.05,94324,1,3564.4,33308,22985,0.5214335910049243,0
2023-07-28 11:14:28,3578.05,94327,2,3564.4,33175,23045,0.5776528460997943,0
2023-07-28 11:14:28,3578.05,94327,2,3564.4,33161,23079,0.5776528460997943,0
2023-07-28 11:14:30,3575.85,94335,8,3564.4,33360,23062,0.5158116654954297,0
2023-07-28 11:14:30,3576.0,94335,2,3564.4,33360,23062,0.5200281096275474,0
2023-07-28 11:14:30,3576.0,94339,2,3564.4,33411,23041,0.5200281096275474,0
2023-07-28 11:14:31,3575.9,94340,1,3564.4,33348,23086,0.5172171468728065,0
2023-07-28 11:14:32,3577.9,94341,1,3564.4,33327,23103,0.5734364019676765,0
2023-07-28 11:14:33,3577.9,94342,1,3564.4,33320,23118,0.5734364019676765,0
2023-07-28 11:14:33,3575.85,94342,2,3564.4,33320,23118,0.5158116654954297,0
2023-07-28 11:14:34,3575.8,94344,7,3564.41,33327,23107,0.5144061841180656,0
2023-07-28 11:14:35,3576.0,94353,2,3564.41,33164,23102,0.5200281096275474,0
2023-07-28 11:14:36,3577.8,94356,1,3564.41,33221,23090,0.5706254392129355,0
2023-07-28 11:14:37,3576.05,94358,1,3564.41,33179,23057,0.5214335910049243,0
2023-07-28 11:14:38,3577.75,94367,1,3564.41,33183,23077,0.5692199578355587,0
2023-07-28 11:14:39,3577.75,94368,1,3564.41,33188,23055,0.5692199578355587,0
2023-07-28 11:14:39,3576.0,94368,2,3564.41,33188,23055,0.5200281096275474,0
2023-07-28 11:14:40,3576.0,94371,2,3564.41,31889,23122,0.5200281096275474,0
2023-07-28 11:14:40,3576.0,94371,2,3564.41,33175,23101,0.5200281096275474,0
2023-07-28 11:14:40,3576.0,94371,2,3564.41,33175,23116,0.5200281096275474,0
2023-07-28 11:14:44,3577.9,94388,7,3564.41,33875,22828,0.5734364019676765,0
2023-07-28 11:14:44,3577.9,94529,138,3564.43,33824,23013,0.5734364019676765,0
2023-07-28 11:14:45,3577.9,94576,8,3564.44,33897,23008,0.5734364019676765,0
2023-07-28 11:14:46,3579.45,94583,1,3564.44,33928,22994,0.6170063246661931,0
2023-07-28 11:14:47,3579.45,94584,1,3564.44,33928,23014,0.6170063246661931,0
2023-07-28 11:14:47,3579.45,94584,1,3564.44,33928,23026,0.6170063246661931,0
2023-07-28 11:14:50,3577.9,94594,10,3564.44,33917,23030,0.5734364019676765,0
2023-07-28 11:14:50,3579.5,94595,1,3564.44,33917,23015,0.6184118060435699,0
2023-07-28 11:14:50,3579.5,94595,1,3564.44,33917,23015,0.6184118060435699,0
2023-07-28 11:14:51,3579.5,94596,1,3564.44,33917,22954,0.6184118060435699,0
2023-07-28 11:14:51,3579.5,94596,1,3564.44,33917,22954,0.6184118060435699,0
2023-07-28 11:14:55,3579.5,94623,2,3564.45,33897,22939,0.6184118060435699,0
2023-07-28 11:14:55,3579.5,94623,1,3564.45,33897,22939,0.6184118060435699,0
2023-07-28 11:14:55,3579.5,94624,1,3564.45,33897,22938,0.6184118060435699,0
2023-07-28 11:14:55,3579.5,94624,1,3564.45,33897,22958,0.6184118060435699,0
2023-07-28 11:14:55,3579.5,94624,1,3564.45,33897,22959,0.6184118060435699,0
2023-07-28 11:14:55,3579.5,94624,1,3564.45,33897,22963,0.6184118060435699,0
2023-07-28 11:14:55,3577.9,94624,10,3564.45,33897,22963,0.5734364019676765,0
2023-07-28 11:15:00,3579.4,94634,1,3564.45,33885,22985,0.615600843288829,0
2023-07-28 11:15:01,3579.4,94635,1,3564.45,33874,23012,0.615600843288829,0
2023-07-28 11:15:02,3579.4,94636,1,3564.45,33874,23021,0.615600843288829,0
2023-07-28 11:15:02,3577.9,94636,7,3564.45,33874,23021,0.5734364019676765,0
2023-07-28 11:15:03,3579.35,94643,1,3564.45,33868,23021,0.6141953619114521,0
2023-07-28 11:15:04,3577.9,94644,9,3564.45,33868,23023,0.5734364019676765,0
2023-07-28 11:15:05,3577.9,94653,9,3564.45,33854,23014,0.5734364019676765,0
2023-07-28 11:15:05,3579.35,94653,1,3564.45,33854,23014,0.6141953619114521,0
2023-07-28 11:15:06,3579.35,94654,1,3564.45,33854,23013,0.6141953619114521,0
