2023-07-28 10:49:27,257.05,4299771,25,253.38,986953,868043,2.532907857997616,0
2023-07-28 10:49:30,257.1,4299845,3,253.38,986850,869150,2.5528520143598064,0
2023-07-28 10:49:30,257.1,4299845,997,253.38,986850,869150,2.5528520143598064,0
2023-07-28 10:49:31,257.15,4301043,1,253.38,987252,870981,2.572796170721974,0
2023-07-28 10:49:31,257.15,4301072,25,253.38,988116,872724,2.572796170721974,0
2023-07-28 10:49:31,257.15,4301072,49,253.38,988116,872724,2.572796170721974,0
2023-07-28 10:49:33,257.05,4301251,120,253.38,987174,871818,2.532907857997616,0
2023-07-28 10:49:33,257.05,4301251,120,253.38,987174,871818,2.532907857997616,0
2023-07-28 10:49:33,257.05,4301251,2,253.38,989147,872867,2.532907857997616,0
2023-07-28 10:49:34,257.2,4301263,143,253.38,988510,872994,2.5927403270841642,0
2023-07-28 10:49:36,257.2,4307109,10,253.39,990302,868696,2.5927403270841642,0
2023-07-28 10:49:36,257.2,4307109,10,253.39,990302,868696,2.5927403270841642,0
2023-07-28 10:49:37,257.2,4307488,113,253.39,989696,868330,2.5927403270841642,0
2023-07-28 10:49:37,257.2,4307488,113,253.39,989646,868860,2.5927403270841642,0
2023-07-28 10:49:37,257.1,4307488,6,253.39,989646,868860,2.5528520143598064,0
2023-07-28 10:49:38,257.1,4309864,6,253.39,988873,873381,2.5528520143598064,0
2023-07-28 10:49:38,257.15,4309864,25,253.39,988873,873381,2.572796170721974,0
2023-07-28 10:49:40,257.15,4310646,3,253.39,985729,870990,2.572796170721974,0
2023-07-28 10:49:41,257.15,4311569,168,253.39,986933,871869,2.572796170721974,0
2023-07-28 10:49:41,257.15,4311569,168,253.39,986933,871869,2.572796170721974,0
2023-07-28 10:49:42,257.15,4311588,1,253.39,987665,871000,2.572796170721974,0
2023-07-28 10:49:42,257.15,4311588,20,253.39,987665,871000,2.572796170721974,0
2023-07-28 10:49:43,257.2,4311678,70,253.39,990034,870255,2.5927403270841642,0
2023-07-28 10:49:43,257.25,4311678,1,253.39,990034,870255,2.6126844834463547,0
2023-07-28 10:49:45,257.2,4313250,730,253.39,993919,865518,2.5927403270841642,0
2023-07-28 10:49:45,257.25,4313250,58,253.39,993919,865518,2.6126844834463547,0
2023-07-28 10:49:46,257.25,4313760,3,253.39,995901,870071,2.6126844834463547,0
2023-07-28 10:49:47,257.25,4314156,5,253.39,995901,869415,2.6126844834463547,0
2023-07-28 10:49:47,257.25,4314156,64,253.39,995901,869415,2.6126844834463547,0
2023-07-28 10:49:48,257.25,4314760,1,253.39,996300,869123,2.6126844834463547,0
2023-07-28 10:49:48,257.25,4314760,1,253.39,996300,869123,2.6126844834463547,0
2023-07-28 10:49:49,257.2,4314770,10,253.39,996291,869795,2.5927403270841642,0
2023-07-28 10:49:49,257.2,4314770,1,253.39,996291,869795,2.5927403270841642,0
2023-07-28 10:49:49,257.15,4314771,4,253.39,996293,869853,2.572796170721974,0
2023-07-28 10:49:51,257.15,4315560,4,253.39,995581,870737,2.572796170721974,0
2023-07-28 10:49:51,257.15,4315560,550,253.39,995581,870737,2.572796170721974,0
2023-07-28 10:49:52,257.25,4316328,291,253.39,993424,872956,2.6126844834463547,0
2023-07-28 10:49:52,257.25,4316328,5,253.39,993424,872956,2.6126844834463547,0
2023-07-28 10:49:53,257.25,4317118,5,253.39,993088,871982,2.6126844834463547,0
2023-07-28 10:49:53,257.25,4317118,5,253.39,993069,872092,2.6126844834463547,0
2023-07-28 10:49:53,257.25,4317118,5,253.39,993095,873661,2.6126844834463547,0
2023-07-28 10:49:53,257.15,4317118,1,253.39,993095,873661,2.572796170721974,0
2023-07-28 10:49:57,257.2,4317267,47,253.4,994377,874776,2.5927403270841642,0
2023-07-28 10:49:57,257.2,4317267,47,253.4,994377,874776,2.5927403270841642,0
2023-07-28 10:49:57,257.2,4317267,47,253.4,979194,874116,2.5927403270841642,0
2023-07-28 10:49:57,257.2,4317267,47,253.4,979279,874905,2.5927403270841642,0
2023-07-28 10:50:00,257.15,4317788,80,253.4,991971,875749,2.572796170721974,0
2023-07-28 10:50:01,257.1,4317916,1,253.4,993833,875439,2.5528520143598064,0
2023-07-28 10:50:01,257.1,4317916,1,253.4,993833,875439,2.5528520143598064,0
2023-07-28 10:50:01,257.1,4318028,1,253.4,991156,874703,2.5528520143598064,0
2023-07-28 10:50:01,257.2,4318028,10,253.4,993967,875925,2.5927403270841642,0
2023-07-28 10:50:03,257.2,4318038,10,253.4,994314,876583,2.5927403270841642,0
2023-07-28 10:50:03,257.2,4318038,10,253.4,993464,876796,2.5927403270841642,0
2023-07-28 10:50:05,257.2,4318238,15,253.4,993552,877992,2.5927403270841642,0
2023-07-28 10:50:06,257.15,4321152,40,253.4,989455,884889,2.572796170721974,0
2023-07-28 10:50:06,257.15,4321152,11,253.4,989455,884889,2.572796170721974,0
2023-07-28 10:50:07,257.15,4321904,11,253.4,988858,884645,2.572796170721974,0
2023-07-28 10:50:07,257.15,4321904,156,253.4,988858,884645,2.572796170721974,0
2023-07-28 10:50:08,257.15,4322204,156,253.4,970679,883800,2.572796170721974,0
2023-07-28 10:50:10,257.05,4322354,147,253.4,982583,883647,2.532907857997616,0
2023-07-28 10:50:10,257.05,4322354,18,253.4,982583,883647,2.532907857997616,0
2023-07-28 10:50:11,257.05,4322372,18,253.4,983411,888785,2.532907857997616,0
2023-07-28 10:50:11,257.05,4322372,18,253.4,985179,884912,2.532907857997616,0
2023-07-28 10:50:11,257.1,4322372,3,253.4,985179,884912,2.5528520143598064,0
2023-07-28 10:50:13,257.1,4322882,1,253.4,985468,886541,2.5528520143598064,0
2023-07-28 10:50:14,257.2,4324122,176,253.4,984799,882813,2.5927403270841642,0
2023-07-28 10:50:15,257.2,4324161,29,253.4,984895,882921,2.5927403270841642,0
2023-07-28 10:50:15,257.05,4324361,15,253.4,985841,888014,2.532907857997616,0
2023-07-28 10:50:17,257.1,4324381,15,253.4,988269,887616,2.5528520143598064,0
2023-07-28 10:50:17,257.15,4324381,138,253.4,995015,892811,2.572796170721974,0
2023-07-28 10:50:20,257.15,4324862,1,253.4,996603,890078,2.572796170721974,0
2023-07-28 10:50:20,257.15,4324862,1,253.4,996603,890078,2.572796170721974,0
2023-07-28 10:50:20,257.15,4324862,1,253.4,996860,890422,2.572796170721974,0
2023-07-28 10:50:20,257.15,4324862,1,253.4,996860,890422,2.572796170721974,0
2023-07-28 10:50:22,257.05,4325102,64,253.4,997155,891664,2.532907857997616,0
2023-07-28 10:50:23,257.15,4325108,6,253.4,997155,891658,2.572796170721974,0
2023-07-28 10:50:23,257.15,4325108,6,253.4,997155,891658,2.572796170721974,0
2023-07-28 10:50:25,257.15,4325176,9,253.4,998173,889608,2.572796170721974,0
2023-07-28 10:50:25,257.05,4325176,100,253.4,998173,889608,2.532907857997616,0
2023-07-28 10:50:25,257.05,4325276,100,253.4,998364,889096,2.532907857997616,0
2023-07-28 10:50:26,257.15,4325280,4,253.4,998374,890461,2.572796170721974,0
2023-07-28 10:50:26,257.05,4325280,66,253.4,998893,889777,2.532907857997616,0
2023-07-28 10:50:28,257.05,4325681,66,253.4,999047,889069,2.532907857997616,0
2023-07-28 10:50:28,257.05,4325681,66,253.4,995474,890188,2.532907857997616,0
2023-07-28 10:50:30,257.05,4325706,12,253.4,995560,890959,2.532907857997616,0
2023-07-28 10:50:30,257.05,4325706,12,253.4,995685,890959,2.532907857997616,0
2023-07-28 10:50:30,257.05,4325706,4,253.4,995685,890959,2.532907857997616,0
2023-07-28 10:50:32,257.05,4325710,4,253.4,994552,890323,2.532907857997616,0
2023-07-28 10:50:33,257.15,4326785,91,253.4,994749,890351,2.572796170721974,0
2023-07-28 10:50:33,257.05,4326785,120,253.4,994749,890351,2.532907857997616,0
2023-07-28 10:50:34,257.05,4328785,120,253.4,1002249,890796,2.532907857997616,0
2023-07-28 10:50:34,257.1,4328785,100,253.4,1002249,890796,2.5528520143598064,0
2023-07-28 10:50:36,257.1,4329040,100,253.41,1002251,890598,2.5528520143598064,0
2023-07-28 10:50:37,257.1,4329096,1,253.41,999220,890303,2.5528520143598064,0
2023-07-28 10:50:37,257.1,4329096,1,253.41,999220,890303,2.5528520143598064,0
2023-07-28 10:50:37,257.1,4329096,1,253.41,1001452,889727,2.5528520143598064,0
2023-07-28 10:50:37,257.1,4329096,100,253.41,1001452,889727,2.5528520143598064,0
2023-07-28 10:50:39,257.15,4329746,200,253.41,999773,889824,2.572796170721974,0
2023-07-28 10:50:39,257.2,4329746,100,253.41,999773,889824,2.5927403270841642,0
2023-07-28 10:50:39,257.1,4329746,400,253.41,999773,889824,2.5528520143598064,0
2023-07-28 10:50:41,257.2,4331332,50,253.41,999094,890183,2.5927403270841642,0
2023-07-28 10:50:41,257.1,4331332,51,253.41,999094,890183,2.5528520143598064,0
2023-07-28 10:50:42,257.2,4331458,13,253.41,998722,888967,2.5927403270841642,0
2023-07-28 10:50:42,257.1,4331458,5,253.41,998722,888967,2.5528520143598064,0
2023-07-28 10:50:43,257.2,4331500,32,253.41,998965,888937,2.5927403270841642,0
2023-07-28 10:50:43,257.2,4331535,32,253.41,998962,888905,2.5927403270841642,0
2023-07-28 10:50:44,257.1,4331886,200,253.41,998957,889280,2.5528520143598064,0
2023-07-28 10:50:44,257.1,4331886,200,253.41,998242,886069,2.5528520143598064,0
2023-07-28 10:50:44,257.05,4331886,51,253.41,998242,886069,2.532907857997616,0
2023-07-28 10:50:46,257.1,4332933,18,253.41,1001971,892799,2.5528520143598064,0
2023-07-28 10:50:47,257.1,4336349,50,253.41,997088,887307,2.5528520143598064,0
2023-07-28 10:50:47,257.1,4336349,50,253.41,1000848,887573,2.5528520143598064,0
2023-07-28 10:50:47,257.15,4336349,153,253.41,1000848,887573,2.572796170721974,0
2023-07-28 10:50:49,257.1,4336503,1,253.41,998326,887930,2.5528520143598064,0
2023-07-28 10:50:49,257.1,4336503,12,253.41,998326,887930,2.5528520143598064,0
2023-07-28 10:50:50,257.1,4336803,12,253.41,998315,887042,2.5528520143598064,0
2023-07-28 10:50:52,257.2,4336997,83,253.41,998130,888197,2.5927403270841642,0
2023-07-28 10:50:52,257.15,4336997,6,253.41,998130,888197,2.572796170721974,0
2023-07-28 10:50:52,257.15,4337003,6,253.41,998123,888202,2.572796170721974,0
2023-07-28 10:50:54,257.15,4337073,17,253.41,999016,888553,2.572796170721974,0
2023-07-28 10:50:54,257.1,4337234,11,253.41,998991,888719,2.5528520143598064,0
2023-07-28 10:50:55,257.15,4337244,10,253.41,999044,888759,2.572796170721974,0
2023-07-28 10:50:56,257.1,4337256,11,253.41,999033,889761,2.5528520143598064,0
2023-07-28 10:50:57,257.1,4337372,15,253.41,1006193,889870,2.5528520143598064,0
2023-07-28 10:50:57,257.15,4337372,10,253.41,1006193,889870,2.572796170721974,0
2023-07-28 10:50:58,257.15,4337392,10,253.41,1003062,889181,2.572796170721974,0
2023-07-28 10:51:00,257.2,4337434,30,253.41,1003085,888049,2.5927403270841642,0
2023-07-28 10:51:00,257.2,4337479,45,253.41,1006528,885410,2.5927403270841642,0
2023-07-28 10:51:00,257.15,4337479,25,253.41,1006528,885410,2.572796170721974,0
2023-07-28 10:51:02,257.2,4337704,15,253.41,1002991,894053,2.5927403270841642,0
2023-07-28 10:51:03,257.15,4337737,18,253.41,987137,892362,2.572796170721974,0
2023-07-28 10:51:04,257.2,4338086,100,253.41,999245,892327,2.5927403270841642,0
2023-07-28 10:51:04,257.2,4338086,100,253.41,999245,892327,2.5927403270841642,0
2023-07-28 10:51:04,257.2,4338086,100,253.41,1000237,893346,2.5927403270841642,0
2023-07-28 10:51:04,257.15,4338086,149,253.41,1000237,893346,2.572796170721974,0
2023-07-28 10:51:04,257.15,4338086,10,253.41,1000237,893346,2.572796170721974,0
2023-07-28 10:51:08,257.2,4338789,20,253.41,999592,895202,2.5927403270841642,0
2023-07-28 10:51:08,257.2,4338789,20,253.41,999592,895202,2.5927403270841642,0
2023-07-28 10:51:08,257.6,4338789,69,253.41,999592,895202,2.752293577981665,0
2023-07-28 10:51:08,257.5,4338789,75,253.41,999592,895202,2.712405265257284,0
2023-07-28 10:51:08,257.5,4338789,50,253.41,999592,895202,2.712405265257284,0
2023-07-28 10:51:08,257.6,4338789,2,253.41,999592,895202,2.752293577981665,0
2023-07-28 10:51:08,257.6,4338789,15,253.41,999592,895202,2.752293577981665,0
2023-07-28 10:51:08,257.6,4338789,1,253.41,999592,895202,2.752293577981665,0
2023-07-28 10:51:17,257.6,4423795,1,253.49,1013945,837557,2.752293577981665,0
2023-07-28 10:51:17,257.5,4423795,1,253.49,1013945,837557,2.712405265257284,0
2023-07-28 10:51:17,257.6,4423795,100,253.49,1013945,837557,2.752293577981665,0
2023-07-28 10:51:17,257.6,4423795,1,253.49,1013945,837557,2.752293577981665,0
2023-07-28 10:51:22,257.5,4424359,150,253.49,1013663,838764,2.712405265257284,0
2023-07-28 10:51:22,257.55,4424359,35,253.49,1013663,838764,2.7323494216194746,0
2023-07-28 10:51:22,257.6,4424359,6,253.49,1013663,838764,2.752293577981665,0
2023-07-28 10:51:26,257.6,4428667,6,253.5,1020777,839120,2.752293577981665,0
2023-07-28 10:51:26,257.5,4428667,45,253.5,1020777,839120,2.712405265257284,0
2023-07-28 10:51:26,257.55,4428667,100,253.5,1020777,839120,2.7323494216194746,0
2023-07-28 10:51:26,257.6,4428667,437,253.5,1020777,839120,2.752293577981665,0
2023-07-28 10:51:30,257.6,4430372,437,253.5,1019442,836691,2.752293577981665,0
2023-07-28 10:51:30,257.5,4430372,83,253.5,1019442,836691,2.712405265257284,0
2023-07-28 10:51:30,257.65,4430372,125,253.5,1019442,836691,2.772237734343833,0
2023-07-28 10:51:30,257.5,4430372,20,253.5,1019442,836691,2.712405265257284,0
2023-07-28 10:51:30,257.65,4430372,72,253.5,1019442,836691,2.772237734343833,0
2023-07-28 10:51:30,257.65,4430372,10,253.5,1019442,836691,2.772237734343833,0
2023-07-28 10:51:30,257.6,4430372,14,253.5,1019442,836691,2.752293577981665,0
2023-07-28 10:51:39,257.6,4436428,8,253.5,1023173,842213,2.752293577981665,0
2023-07-28 10:51:39,257.6,4436428,15,253.5,1023173,842213,2.752293577981665,0
2023-07-28 10:51:39,257.55,4436428,10,253.5,1023173,842213,2.7323494216194746,0
2023-07-28 10:51:39,257.6,4436428,9,253.5,1023173,842213,2.752293577981665,0
2023-07-28 10:51:39,257.55,4436428,2000,253.5,1023173,842213,2.7323494216194746,0
2023-07-28 10:51:44,257.6,4439197,3,253.5,1029363,842178,2.752293577981665,0
2023-07-28 10:51:44,257.6,4439197,3,253.5,1029363,842178,2.752293577981665,0
2023-07-28 10:51:44,257.6,4439197,1,253.5,1029363,842178,2.752293577981665,0
2023-07-28 10:51:44,257.6,4439197,250,253.5,1029363,842178,2.752293577981665,0
2023-07-28 10:51:44,257.6,4439197,6,253.5,1029363,842178,2.752293577981665,0
2023-07-28 10:51:48,257.6,4440316,10,253.51,1024267,844408,2.752293577981665,0
2023-07-28 10:51:48,257.55,4440316,100,253.51,1024267,844408,2.7323494216194746,0
2023-07-28 10:51:48,257.5,4440316,10,253.51,1024267,844408,2.712405265257284,0
2023-07-28 10:51:48,257.6,4440316,50,253.51,1024267,844408,2.752293577981665,0
2023-07-28 10:51:48,257.6,4440316,294,253.51,1024267,844408,2.752293577981665,0
2023-07-28 10:51:48,257.5,4440316,10,253.51,1024267,844408,2.712405265257284,0
2023-07-28 10:51:48,257.6,4440316,55,253.51,1024267,844408,2.752293577981665,0
2023-07-28 10:51:48,257.65,4440316,20,253.51,1024267,844408,2.772237734343833,0
2023-07-28 10:51:57,257.7,4450436,9,253.51,1007221,840436,2.7921818907060234,0
2023-07-28 10:51:57,257.7,4450436,9,253.51,1007221,840436,2.7921818907060234,0
2023-07-28 10:51:57,257.5,4450436,35,253.51,1007221,840436,2.712405265257284,0
2023-07-28 10:51:57,257.5,4450436,6,253.51,1007221,840436,2.712405265257284,0
2023-07-28 10:51:57,257.65,4450436,100,253.51,1007221,840436,2.772237734343833,0
2023-07-28 10:52:00,257.65,4451480,100,253.52,1006885,842712,2.772237734343833,0
2023-07-28 10:52:00,257.65,4451480,20,253.52,1006885,842712,2.772237734343833,0
2023-07-28 10:52:07,257.75,4460056,50,253.52,1020836,833436,2.812126047068214,0
2023-07-28 10:52:09,257.85,4465538,150,253.53,1017436,830501,2.8520143597925944,0
2023-07-28 10:52:09,257.9,4465538,585,253.53,1017436,830501,2.8719585161547623,0
2023-07-28 10:52:09,257.85,4467171,600,253.53,1015827,829876,2.8520143597925944,0
2023-07-28 10:52:10,257.9,4468478,125,253.53,1020090,829903,2.8719585161547623,0
2023-07-28 10:52:11,257.8,4469858,49,253.53,1018015,828382,2.832070203430404,0
2023-07-28 10:52:11,257.9,4469858,18,253.53,1018015,828382,2.8719585161547623,0
2023-07-28 10:52:13,257.85,4470829,10,253.53,1024629,829008,2.8520143597925944,0
2023-07-28 10:52:14,257.9,4470848,3,253.53,1023019,833282,2.8719585161547623,0
2023-07-28 10:52:14,257.9,4470848,12,253.53,1023019,833282,2.8719585161547623,0
2023-07-28 10:52:15,257.9,4471416,50,253.54,1020878,831550,2.8719585161547623,0
2023-07-28 10:52:15,257.9,4471416,40,253.54,1020878,831550,2.8719585161547623,0
2023-07-28 10:52:16,257.8,4471856,150,253.54,1022675,831728,2.832070203430404,0
2023-07-28 10:52:16,257.85,4471876,10,253.54,1023000,830272,2.8520143597925944,0
2023-07-28 10:52:18,257.85,4473114,813,253.54,1019362,831181,2.8520143597925944,0
2023-07-28 10:52:19,257.8,4473158,1,253.54,1019572,828010,2.832070203430404,0
2023-07-28 10:52:19,257.8,4473158,1,253.54,1019572,828010,2.832070203430404,0
2023-07-28 10:52:19,257.8,4473158,1,253.54,1019452,828365,2.832070203430404,0
2023-07-28 10:52:19,257.75,4473158,30,253.54,1019452,828365,2.812126047068214,0
2023-07-28 10:52:20,257.75,4473206,30,253.54,1020031,827533,2.812126047068214,0
2023-07-28 10:52:20,257.85,4473206,2,253.54,1020031,827533,2.8520143597925944,0
2023-07-28 10:52:22,257.8,4473662,2,253.54,1021693,827667,2.832070203430404,0
2023-07-28 10:52:22,257.8,4473662,1,253.54,1021693,827667,2.832070203430404,0
2023-07-28 10:52:23,257.8,4473789,1,253.54,1022268,832868,2.832070203430404,0
2023-07-28 10:52:23,257.8,4473825,1,253.54,1022455,832567,2.832070203430404,0
2023-07-28 10:52:24,257.8,4473899,50,253.54,1026714,833605,2.832070203430404,0
2023-07-28 10:52:26,257.75,4474131,18,253.54,1025888,836520,2.812126047068214,0
2023-07-28 10:52:26,257.75,4474131,18,253.54,1025888,836520,2.812126047068214,0
2023-07-28 10:52:27,257.85,4482928,179,253.55,1025466,829427,2.8520143597925944,0
2023-07-28 10:52:27,257.95,4492628,35,253.56,1024620,821442,2.8919026725169528,0
2023-07-28 10:52:27,257.9,4492628,450,253.56,1024620,821442,2.8719585161547623,0
2023-07-28 10:52:28,257.9,4493622,450,253.56,1024142,822146,2.8719585161547623,0
2023-07-28 10:52:29,257.9,4493912,40,253.56,1024313,823725,2.8719585161547623,0
2023-07-28 10:52:30,257.75,4494427,15,253.56,1023918,823006,2.812126047068214,0
2023-07-28 10:52:30,257.75,4494427,15,253.56,1024414,826828,2.812126047068214,0
2023-07-28 10:52:30,257.95,4494427,124,253.56,1024414,826828,2.8919026725169528,0
2023-07-28 10:52:32,257.95,4495204,30,253.56,1023732,828375,2.8919026725169528,0
2023-07-28 10:52:32,257.9,4495204,79,253.56,1023732,828375,2.8719585161547623,0
2023-07-28 10:52:34,257.85,4507226,105,253.57,1025619,820384,2.8520143597925944,0
2023-07-28 10:52:35,257.9,4507978,100,253.57,1028323,819503,2.8719585161547623,0
2023-07-28 10:52:36,257.85,4508158,100,253.57,1028175,820276,2.8520143597925944,0
2023-07-28 10:52:37,257.85,4509707,25,253.57,1028043,819545,2.8520143597925944,0
2023-07-28 10:52:38,257.9,4509953,1,253.57,1012935,821489,2.8719585161547623,0
2023-07-28 10:52:39,257.85,4509970,17,253.57,1020649,822618,2.8520143597925944,0
2023-07-28 10:52:40,257.9,4510975,1000,253.57,1020854,820879,2.8719585161547623,0
2023-07-28 10:52:41,257.8,4511525,304,253.57,1019742,821426,2.832070203430404,0
2023-07-28 10:52:42,257.8,4513990,2,253.58,1012396,823683,2.832070203430404,0
2023-07-28 10:52:43,257.85,4514377,18,253.58,1017265,820831,2.8520143597925944,0
2023-07-28 10:52:44,257.95,4524231,379,253.59,1033062,797351,2.8919026725169528,0
2023-07-28 10:52:45,258.1,4545090,149,253.61,1032567,795994,2.951735141603524,0
2023-07-28 10:52:46,258.25,4546604,38,253.61,1030468,796824,3.0115676106900726,0
2023-07-28 10:52:47,258.3,4549759,60,253.61,1045861,791419,3.031511767052263,0
2023-07-28 10:52:48,258.25,4549989,200,253.61,1045532,795979,3.0115676106900726,0
2023-07-28 10:52:49,258.2,4562018,30,253.62,1032643,796850,2.991623454327882,0
2023-07-28 10:52:50,258.2,4563337,41,253.62,1035628,797215,2.991623454327882,0
2023-07-28 10:52:51,258.35,4563352,5,253.62,1040908,801110,3.051455923414453,0
2023-07-28 10:52:52,258.2,4563695,9,253.63,1045344,803052,2.991623454327882,0
2023-07-28 10:52:53,258.25,4563863,68,253.63,1043089,799027,3.0115676106900726,0
2023-07-28 10:52:54,258.3,4564293,5,253.63,1044502,795169,3.031511767052263,0
2023-07-28 10:52:55,258.3,4564416,61,253.63,1044648,796182,3.031511767052263,0
2023-07-28 10:52:56,258.45,4568763,340,253.63,1052397,792956,3.0913442361388115,0
2023-07-28 10:52:57,258.5,4569483,1,253.63,1049656,793242,3.111288392501002,0
2023-07-28 10:52:57,258.5,4569483,11,253.63,1049656,793242,3.111288392501002,0
2023-07-28 10:52:58,258.5,4571336,11,253.63,1050801,790972,3.111288392501002,0
2023-07-28 10:53:00,258.5,4572044,5,253.63,1049135,792019,3.111288392501002,0
2023-07-28 10:53:00,258.5,4572044,20,253.63,1049135,792019,3.111288392501002,0
2023-07-28 10:53:01,258.5,4573167,25,253.64,1048689,794695,3.111288392501002,0
2023-07-28 10:53:02,258.5,4573241,10,253.64,1055341,795836,3.111288392501002,0
2023-07-28 10:53:03,258.4,4581353,172,253.64,1030198,799136,3.071400079776621,0
2023-07-28 10:53:04,258.2,4588860,8,253.65,1028985,801358,2.991623454327882,0
2023-07-28 10:53:05,258.35,4589285,16,253.65,1025005,800499,3.051455923414453,0
2023-07-28 10:53:06,258.35,4589298,13,253.65,1034692,800146,3.051455923414453,0
2023-07-28 10:53:06,258.3,4589298,61,253.65,1034692,800146,3.031511767052263,0
2023-07-28 10:53:07,258.4,4589673,2,253.65,1035692,800092,3.071400079776621,0
2023-07-28 10:53:08,258.3,4590568,127,253.65,1036820,798915,3.031511767052263,0
2023-07-28 10:53:09,258.45,4590573,65,253.65,1032065,801321,3.0913442361388115,0
2023-07-28 10:53:10,258.3,4592073,492,253.65,1038491,801600,3.031511767052263,0
2023-07-28 10:53:11,258.3,4594275,51,253.66,1039251,803719,3.031511767052263,0
2023-07-28 10:53:12,258.4,4595090,1,253.66,1039435,804570,3.071400079776621,0
2023-07-28 10:53:12,258.35,4595090,27,253.66,1039435,804570,3.051455923414453,0
2023-07-28 10:53:13,258.35,4595117,27,253.66,1040325,803568,3.051455923414453,0
2023-07-28 10:53:14,258.4,4595623,50,253.66,1040341,802925,3.071400079776621,0
2023-07-28 10:53:15,258.35,4595833,10,253.66,1040183,803939,3.051455923414453,0
2023-07-28 10:53:16,258.35,4595845,1,253.66,1040121,804039,3.051455923414453,0
2023-07-28 10:53:18,258.4,4595908,3,253.66,1040160,805797,3.071400079776621,0
2023-07-28 10:53:19,258.35,4598251,45,253.66,1036006,807399,3.051455923414453,0
2023-07-28 10:53:19,258.25,4602416,5,253.67,1037380,808015,3.0115676106900726,0
2023-07-28 10:53:20,258.25,4604153,3,253.67,1033158,810865,3.0115676106900726,0
2023-07-28 10:53:20,258.2,4604153,27,253.67,1033158,810865,2.991623454327882,0
2023-07-28 10:53:22,258.2,4604754,236,253.67,1030801,815405,2.991623454327882,0
2023-07-28 10:53:22,258.3,4611995,6000,253.67,1034277,813751,3.031511767052263,0
2023-07-28 10:53:24,258.2,4613027,100,253.68,1031064,814154,2.991623454327882,0
2023-07-28 10:53:24,258.2,4613027,100,253.68,1031064,814154,2.991623454327882,0
2023-07-28 10:53:25,258.2,4613549,20,253.68,1033647,815163,2.991623454327882,0
2023-07-28 10:53:25,258.2,4613549,50,253.68,1033647,815163,2.991623454327882,0
2023-07-28 10:53:25,258.2,4614130,50,253.68,1034209,815815,2.991623454327882,0
2023-07-28 10:53:26,258.25,4614172,27,253.68,1034350,816409,3.0115676106900726,0
2023-07-28 10:53:28,258.2,4614672,400,253.68,1034517,820311,2.991623454327882,0
2023-07-28 10:53:28,258.2,4614672,12,253.68,1034517,820311,2.991623454327882,0
2023-07-28 10:53:28,258.2,4614784,12,253.68,1014071,818491,2.991623454327882,0
2023-07-28 10:53:30,258.35,4614924,9,253.68,1006924,818892,3.051455923414453,0
2023-07-28 10:53:30,258.35,4614924,25,253.68,1006924,818892,3.051455923414453,0
2023-07-28 10:53:31,258.3,4615159,28,253.68,1006724,818789,3.031511767052263,0
2023-07-28 10:53:32,258.35,4615487,100,253.68,1007879,817481,3.051455923414453,0
2023-07-28 10:53:32,258.35,4615802,200,253.68,1007391,818269,3.051455923414453,0
2023-07-28 10:53:34,258.25,4616314,144,253.68,1012686,815453,3.0115676106900726,0
2023-07-28 10:53:34,258.35,4616314,34,253.68,1012686,815453,3.051455923414453,0
2023-07-28 10:53:35,258.3,4617932,75,253.68,1010956,813346,3.031511767052263,0
2023-07-28 10:53:35,258.35,4620916,20,253.68,1010909,811380,3.051455923414453,0
2023-07-28 10:53:37,258.3,4621037,1,253.68,1013243,812410,3.031511767052263,0
2023-07-28 10:53:38,258.4,4630991,2,253.69,1011616,807444,3.071400079776621,0
2023-07-28 10:53:38,258.4,4631344,3,253.69,1017814,808230,3.071400079776621,0
2023-07-28 10:53:39,258.45,4631365,20,253.69,1017734,807008,3.0913442361388115,0
2023-07-28 10:53:40,258.45,4631371,2,253.69,1017765,808912,3.0913442361388115,0
2023-07-28 10:53:41,258.55,4650345,52,253.71,1023183,791383,3.1312325488631925,0
2023-07-28 10:53:41,258.6,4650345,100,253.71,1023183,791383,3.1511767052253825,0
2023-07-28 10:53:42,258.6,4651450,100,253.72,1023526,792864,3.1511767052253825,0
2023-07-28 10:53:42,258.6,4651450,100,253.72,1020699,795142,3.1511767052253825,0
2023-07-28 10:53:42,258.6,4651450,500,253.72,1020699,795142,3.1511767052253825,0
2023-07-28 10:53:44,258.6,4652001,500,253.72,1017645,795138,3.1511767052253825,0
2023-07-28 10:53:44,258.6,4652001,100,253.72,1017645,795138,3.1511767052253825,0
2023-07-28 10:53:44,258.6,4652001,736,253.72,1017645,795138,3.1511767052253825,0
2023-07-28 10:53:47,258.6,4661439,5,253.73,1022341,793622,3.1511767052253825,0
2023-07-28 10:53:48,258.8,4674685,1214,253.74,1032189,779711,3.230953330674122,0
2023-07-28 10:53:48,258.8,4674685,1214,253.74,1032189,779711,3.230953330674122,0
2023-07-28 10:53:49,258.75,4676295,99,253.74,1032743,780550,3.2110091743119313,0
2023-07-28 10:53:49,258.8,4676295,70,253.74,1032743,780550,3.230953330674122,0
2023-07-28 10:53:51,258.85,4679447,15,253.75,1027329,780557,3.2508974870363123,0
2023-07-28 10:53:51,258.75,4679848,122,253.75,1027966,779686,3.2110091743119313,0
2023-07-28 10:53:52,258.75,4679885,14,253.75,1030471,781835,3.2110091743119313,0
2023-07-28 10:53:53,258.75,4679895,10,253.75,1032294,783200,3.2110091743119313,0
2023-07-28 10:53:53,258.75,4679895,10,253.75,1024145,783488,3.2110091743119313,0
2023-07-28 10:53:56,258.65,4681159,200,253.75,1032434,785934,3.1711208615875504,0
2023-07-28 10:53:56,258.75,4681220,40,253.75,1031623,786177,3.2110091743119313,0
2023-07-28 10:53:57,258.75,4682093,3,253.75,1035152,787159,3.2110091743119313,0
2023-07-28 10:53:57,258.75,4682093,25,253.75,1039262,789266,3.2110091743119313,0
2023-07-28 10:53:59,258.7,4682518,295,253.75,1039346,787703,3.191065017949741,0
2023-07-28 10:54:00,258.85,4685301,1,253.75,1033466,784432,3.2508974870363123,0
2023-07-28 10:54:00,258.75,4685301,2,253.75,1033466,784432,3.2110091743119313,0
2023-07-28 10:54:02,258.75,4685321,5,253.75,1016217,787212,3.2110091743119313,0
2023-07-28 10:54:02,258.7,4685499,10,253.75,1034286,786481,3.191065017949741,0
2023-07-28 10:54:04,258.7,4685528,19,253.75,1034175,786627,3.191065017949741,0
2023-07-28 10:54:04,258.75,4685528,3,253.75,1034175,786627,3.2110091743119313,0
2023-07-28 10:54:04,258.75,4685546,3,253.75,1030628,786939,3.2110091743119313,0
2023-07-28 10:54:04,258.75,4685546,3,253.75,1030684,788922,3.2110091743119313,0
2023-07-28 10:54:06,258.75,4685547,1,253.75,1030702,788626,3.2110091743119313,0
2023-07-28 10:54:08,258.75,4686003,250,253.75,1031002,787867,3.2110091743119313,0
2023-07-28 10:54:08,258.8,4686103,2,253.75,1028265,787866,3.230953330674122,0
2023-07-28 10:54:09,258.75,4686215,90,253.75,1033827,790411,3.2110091743119313,0
2023-07-28 10:54:09,258.8,4686215,61,253.75,1033827,789691,3.230953330674122,0
2023-07-28 10:54:11,258.8,4686759,28,253.75,1035523,788970,3.230953330674122,0
2023-07-28 10:54:12,258.7,4686956,20,253.75,1035434,791061,3.191065017949741,0
2023-07-28 10:54:12,258.75,4686956,2,253.75,1035434,791061,3.2110091743119313,0
2023-07-28 10:54:13,258.75,4686998,2,253.75,1025325,791636,3.2110091743119313,0
2023-07-28 10:54:14,258.7,4687118,1,253.75,1038790,792818,3.191065017949741,0
2023-07-28 10:54:16,258.75,4687530,400,253.75,1038658,792426,3.2110091743119313,0
2023-07-28 10:54:16,258.7,4687530,1,253.75,1038658,792426,3.191065017949741,0
2023-07-28 10:54:17,258.7,4687832,260,253.75,1038079,792564,3.191065017949741,0
2023-07-28 10:54:17,258.75,4689267,300,253.76,1038391,792631,3.2110091743119313,0
2023-07-28 10:54:17,258.75,4689267,50,253.76,1038391,792631,3.2110091743119313,0
2023-07-28 10:54:18,258.75,4689617,500,253.76,1039379,792881,3.2110091743119313,0
2023-07-28 10:54:20,258.75,4690473,2,253.76,1038578,792737,3.2110091743119313,0
2023-07-28 10:54:20,258.75,4690602,20,253.76,1039071,793297,3.2110091743119313,0
2023-07-28 10:54:20,258.75,4690602,236,253.76,1039071,793297,3.2110091743119313,0
2023-07-28 10:54:23,258.75,4691553,576,253.76,1040429,793951,3.2110091743119313,0
2023-07-28 10:54:23,258.75,4691553,5,253.76,1040429,793951,3.2110091743119313,0
2023-07-28 10:54:23,258.75,4691558,5,253.76,1041196,793888,3.2110091743119313,0
2023-07-28 10:54:23,258.8,4691558,10,253.76,1041196,793888,3.230953330674122,0
2023-07-28 10:54:25,258.8,4692544,20,253.76,1041564,793400,3.230953330674122,0
2023-07-28 10:54:26,258.75,4692594,15,253.76,1041543,795471,3.2110091743119313,0
2023-07-28 10:54:27,258.8,4692617,8,253.76,1041330,795463,3.230953330674122,0
2023-07-28 10:54:28,258.75,4694837,25,253.76,1039196,796586,3.2110091743119313,0
2023-07-28 10:54:30,258.8,4694944,4,253.76,1041811,796811,3.230953330674122,0
2023-07-28 10:54:30,258.75,4694978,25,253.76,1044277,797725,3.2110091743119313,0
2023-07-28 10:54:30,258.75,4694978,180,253.76,1044277,797725,3.2110091743119313,0
2023-07-28 10:54:31,258.75,4695463,4,253.76,1041382,797385,3.2110091743119313,0
2023-07-28 10:54:31,258.85,4695463,7,253.76,1041382,797385,3.2508974870363123,0
2023-07-28 10:54:32,258.85,4695470,7,253.76,1041382,797478,3.2508974870363123,0
2023-07-28 10:54:33,258.7,4702531,10,253.77,1034684,797887,3.191065017949741,0
2023-07-28 10:54:33,258.75,4702531,73,253.77,1034684,797887,3.2110091743119313,0
2023-07-28 10:54:35,258.75,4705388,17,253.77,1033237,803053,3.2110091743119313,0
2023-07-28 10:54:35,258.75,4705388,35,253.77,1033237,803053,3.2110091743119313,0
2023-07-28 10:54:35,258.75,4706091,36,253.77,1028643,804361,3.2110091743119313,0
2023-07-28 10:54:35,258.8,4706091,200,253.77,1028643,804361,3.230953330674122,0
2023-07-28 10:54:37,258.8,4706902,540,253.77,1027037,804529,3.230953330674122,0
2023-07-28 10:54:38,258.75,4707764,72,253.78,1029744,805283,3.2110091743119313,0
2023-07-28 10:54:39,258.7,4707940,1,253.78,1028482,809699,3.191065017949741,0
2023-07-28 10:54:40,258.65,4707942,2,253.78,1029371,811226,3.1711208615875504,0
2023-07-28 10:54:40,258.75,4707942,100,253.78,1029371,811226,3.2110091743119313,0
2023-07-28 10:54:42,258.75,4710212,11,253.78,1029189,809612,3.2110091743119313,0
2023-07-28 10:54:42,258.8,4710212,1296,253.78,1029189,809612,3.230953330674122,0
2023-07-28 10:54:43,258.7,4712412,25,253.78,1033224,810587,3.191065017949741,0
2023-07-28 10:54:44,258.75,4712423,1,253.78,1029613,813847,3.2110091743119313,0
2023-07-28 10:54:44,258.75,4712423,22,253.78,1029613,813847,3.2110091743119313,0
2023-07-28 10:54:45,258.7,4713465,141,253.78,1034543,813641,3.191065017949741,0
2023-07-28 10:54:45,258.75,4713465,30,253.78,1034543,813641,3.2110091743119313,0
2023-07-28 10:54:46,258.7,4713862,162,253.78,1034777,812810,3.191065017949741,0
2023-07-28 10:54:47,258.65,4713863,1,253.78,1031215,819413,3.1711208615875504,0
2023-07-28 10:54:47,258.65,4713863,30,253.78,1031215,819413,3.1711208615875504,0
2023-07-28 10:54:47,258.65,4713993,30,253.78,1031251,824495,3.1711208615875504,0
2023-07-28 10:54:47,258.75,4713993,1,253.78,1031251,824495,3.2110091743119313,0
2023-07-28 10:54:49,258.7,4714299,100,253.78,1034314,829512,3.191065017949741,0
2023-07-28 10:54:49,258.7,4714299,100,253.78,1034301,829522,3.191065017949741,0
2023-07-28 10:54:49,258.7,4714299,61,253.78,1034301,829522,3.191065017949741,0
2023-07-28 10:54:51,258.65,4714555,100,253.78,1034691,829117,3.1711208615875504,0
2023-07-28 10:54:51,258.65,4714555,1,253.78,1034691,829117,3.1711208615875504,0
2023-07-28 10:54:52,258.65,4714885,1,253.78,1035177,833657,3.1711208615875504,0
2023-07-28 10:54:53,258.7,4717586,1,253.79,1033689,831168,3.191065017949741,0
2023-07-28 10:54:55,258.55,4718906,62,253.79,1036345,833638,3.1312325488631925,0
2023-07-28 10:54:55,258.6,4718906,2,253.79,1036345,833638,3.1511767052253825,0
2023-07-28 10:54:55,258.6,4719066,2,253.79,1035625,835089,3.1511767052253825,0
2023-07-28 10:54:56,258.7,4722577,1,253.79,1034647,835493,3.191065017949741,0
2023-07-28 10:54:57,258.7,4722905,25,253.79,1034910,839513,3.191065017949741,0
2023-07-28 10:54:57,258.55,4722905,6,253.79,1034910,839513,3.1312325488631925,0
2023-07-28 10:54:59,258.55,4723998,3,253.79,1030967,834111,3.1312325488631925,0
2023-07-28 10:54:59,258.7,4724045,1,253.79,1028974,841324,3.191065017949741,0
2023-07-28 10:55:00,258.65,4726898,145,253.79,1029352,842214,3.1711208615875504,0
2023-07-28 10:55:00,258.65,4726898,145,253.79,1033450,843133,3.1711208615875504,0
2023-07-28 10:55:03,258.7,4727044,43,253.8,1033172,845155,3.191065017949741,0
2023-07-28 10:55:04,258.65,4727607,40,253.8,1036706,847711,3.1711208615875504,0
2023-07-28 10:55:04,258.65,4727607,1,253.8,1036706,847711,3.1711208615875504,0
2023-07-28 10:55:05,258.7,4727929,100,253.8,1036899,847533,3.191065017949741,0
2023-07-28 10:55:05,258.65,4727929,1,253.8,1036899,847533,3.1711208615875504,0
2023-07-28 10:55:07,258.7,4729287,10,253.8,1036972,857681,3.191065017949741,0
2023-07-28 10:55:07,258.7,4729287,10,253.8,1036972,857681,3.191065017949741,0
2023-07-28 10:55:07,258.7,4729287,10,253.8,1036775,858602,3.191065017949741,0
2023-07-28 10:55:09,258.65,4729307,12,253.8,1024052,860309,3.1711208615875504,0
2023-07-28 10:55:09,258.65,4729307,12,253.8,1022336,870152,3.1711208615875504,0
2023-07-28 10:55:09,258.7,4729307,1,253.8,1022336,870152,3.191065017949741,0
2023-07-28 10:55:11,258.7,4729518,21,253.8,1024714,874614,3.191065017949741,0
2023-07-28 10:55:12,258.7,4729603,50,253.8,1010703,875113,3.191065017949741,0
2023-07-28 10:55:12,258.55,4729603,141,253.8,1010703,875113,3.1312325488631925,0
2023-07-28 10:55:13,258.55,4734051,141,253.8,1027253,881204,3.1312325488631925,0
2023-07-28 10:55:14,258.65,4734141,44,253.8,1024267,886824,3.1711208615875504,0
2023-07-28 10:55:14,258.65,4734141,5,253.8,1024267,886824,3.1711208615875504,0
2023-07-28 10:55:16,258.65,4734167,20,253.8,1026200,886936,3.1711208615875504,0
2023-07-28 10:55:17,258.55,4734467,170,253.8,1031820,885581,3.1312325488631925,0
2023-07-28 10:55:18,258.55,4736763,1869,253.81,1021481,885860,3.1312325488631925,0
2023-07-28 10:55:18,258.7,4736763,2,253.81,1021481,885860,3.191065017949741,0
2023-07-28 10:55:18,258.6,4737264,100,253.81,1024570,883970,3.1511767052253825,0
2023-07-28 10:55:20,258.7,4737599,25,253.81,1024282,889738,3.191065017949741,0
2023-07-28 10:55:20,258.7,4737599,84,253.81,1024282,889738,3.191065017949741,0
2023-07-28 10:55:20,258.7,4738102,84,253.81,1027260,894673,3.191065017949741,0
2023-07-28 10:55:22,258.55,4740458,1,253.81,1022765,901318,3.1312325488631925,0
2023-07-28 10:55:22,258.55,4740458,174,253.81,1022765,901318,3.1312325488631925,0
2023-07-28 10:55:23,258.55,4740727,3,253.81,1022558,902816,3.1312325488631925,0
2023-07-28 10:55:24,258.65,4740827,100,253.81,1020941,904703,3.1711208615875504,0
2023-07-28 10:55:24,258.65,4740827,100,253.81,1020941,904703,3.1711208615875504,0
2023-07-28 10:55:24,258.7,4740827,15,253.81,1020641,908095,3.191065017949741,0
2023-07-28 10:55:26,258.55,4741157,34,253.81,1021473,907741,3.1312325488631925,0
2023-07-28 10:55:26,258.55,4741157,5,253.81,1021473,907741,3.1312325488631925,0
2023-07-28 10:55:27,258.7,4741543,6,253.81,1013738,908077,3.191065017949741,0
2023-07-28 10:55:27,258.7,4741554,6,253.81,1022725,908092,3.191065017949741,0
2023-07-28 10:55:29,258.7,4741639,36,253.81,1014384,907915,3.191065017949741,0
2023-07-28 10:55:29,258.65,4743086,114,253.81,1014666,909197,3.1711208615875504,0
2023-07-28 10:55:31,258.65,4743275,207,253.81,1014823,909317,3.1711208615875504,0
2023-07-28 10:55:32,258.7,4743518,28,253.81,1011753,912175,3.191065017949741,0
2023-07-28 10:55:32,258.7,4743518,28,253.81,1011028,914525,3.191065017949741,0
2023-07-28 10:55:32,258.65,4743518,2,253.81,1011028,914525,3.1711208615875504,0
2023-07-28 10:55:34,258.65,4743570,50,253.81,1012842,914625,3.1711208615875504,0
2023-07-28 10:55:34,258.65,4743570,50,253.81,1012842,914625,3.1711208615875504,0
2023-07-28 10:55:35,258.55,4743854,15,253.81,1022257,915062,3.1312325488631925,0
2023-07-28 10:55:37,258.7,4744021,140,253.81,1022001,915460,3.191065017949741,0
2023-07-28 10:55:37,258.65,4744033,5,253.81,1021700,915453,3.1711208615875504,0
2023-07-28 10:55:38,258.7,4745243,229,253.81,1017396,914219,3.191065017949741,0
2023-07-28 10:55:39,258.55,4745373,22,253.81,1024216,915351,3.1312325488631925,0
2023-07-28 10:55:39,258.65,4745373,2,253.81,1024216,915351,3.1711208615875504,0
2023-07-28 10:55:40,258.65,4745385,2,253.81,1015260,914907,3.1711208615875504,0
2023-07-28 10:55:40,258.7,4745385,912,253.81,1015260,914907,3.191065017949741,0
2023-07-28 10:55:43,258.7,4747367,73,253.82,1023971,912350,3.191065017949741,0
2023-07-28 10:55:43,258.65,4747367,40,253.82,1023971,912350,3.1711208615875504,0
2023-07-28 10:55:43,258.65,4747532,40,253.82,1030610,914653,3.1711208615875504,0
2023-07-28 10:55:43,258.55,4747532,108,253.82,1030610,914653,3.1312325488631925,0
2023-07-28 10:55:44,258.55,4748390,108,253.82,1029591,915629,3.1312325488631925,0
2023-07-28 10:55:46,258.65,4748495,100,253.82,1028339,915860,3.1711208615875504,0
2023-07-28 10:55:47,258.55,4748531,2700,253.82,1021185,916258,3.1312325488631925,0
2023-07-28 10:55:48,258.55,4756179,117,253.82,1022706,914543,3.1312325488631925,0
2023-07-28 10:55:49,258.65,4756431,63,253.82,1027687,915065,3.1711208615875504,0
2023-07-28 10:55:50,258.55,4758141,1500,253.83,1026055,914905,3.1312325488631925,0
2023-07-28 10:55:52,258.65,4758211,30,253.83,1026310,914835,3.1711208615875504,0
2023-07-28 10:55:52,258.65,4758412,1,253.83,1026199,915797,3.1711208615875504,0
2023-07-28 10:55:53,258.55,4758660,200,253.83,1022971,914569,3.1312325488631925,0
2023-07-28 10:55:55,258.65,4758728,67,253.83,1024310,916123,3.1711208615875504,0
2023-07-28 10:55:55,258.6,4758728,1,253.83,1024310,916123,3.1511767052253825,0
2023-07-28 10:55:56,258.7,4760569,275,253.83,1031727,914505,3.191065017949741,0
2023-07-28 10:55:56,258.7,4760569,275,253.83,1031727,914505,3.191065017949741,0
2023-07-28 10:55:57,258.6,4761661,150,253.83,1013978,912617,3.1511767052253825,0
2023-07-28 10:55:57,258.6,4761661,150,253.83,1013978,912617,3.1511767052253825,0
2023-07-28 10:55:58,258.65,4761784,123,253.83,1018302,915693,3.1711208615875504,0
2023-07-28 10:55:59,258.5,4763167,112,253.83,1019996,917500,3.111288392501002,0
2023-07-28 10:55:59,258.5,4763167,30,253.83,1019996,917500,3.111288392501002,0
2023-07-28 10:56:00,258.5,4763237,40,253.83,1022789,919215,3.111288392501002,0
2023-07-28 10:56:00,258.5,4763237,40,253.83,1022055,918923,3.111288392501002,0
2023-07-28 10:56:02,258.55,4763238,1,253.83,1022208,918281,3.1312325488631925,0
2023-07-28 10:56:02,258.5,4765631,3,253.83,1014725,918976,3.111288392501002,0
2023-07-28 10:56:04,258.45,4766033,2,253.83,1014751,917821,3.0913442361388115,0
2023-07-28 10:56:04,258.4,4766033,86,253.83,1014751,917821,3.071400079776621,0
2023-07-28 10:56:04,258.4,4773403,86,253.84,1012175,916692,3.071400079776621,0
2023-07-28 10:56:06,258.55,4774658,1,253.84,1010236,916684,3.1312325488631925,0
2023-07-28 10:56:06,258.55,4774764,5,253.84,1012227,916389,3.1312325488631925,0
2023-07-28 10:56:06,258.45,4774764,125,253.84,1012227,916389,3.0913442361388115,0
2023-07-28 10:56:08,258.45,4778267,3,253.85,1014709,915876,3.0913442361388115,0
2023-07-28 10:56:09,258.4,4778422,1,253.85,1016954,916533,3.071400079776621,0
2023-07-28 10:56:09,258.35,4780622,142,253.85,1017008,917297,3.051455923414453,0
2023-07-28 10:56:09,258.5,4780622,123,253.85,1017008,917297,3.111288392501002,0
2023-07-28 10:56:11,258.45,4781225,13,253.85,1018862,913254,3.0913442361388115,0
2023-07-28 10:56:12,258.55,4781472,10,253.85,1015867,910057,3.1312325488631925,0
2023-07-28 10:56:12,258.45,4782652,143,253.85,1025284,915940,3.0913442361388115,0
2023-07-28 10:56:12,258.6,4782652,107,253.85,1025284,915940,3.1511767052253825,0
2023-07-28 10:56:13,258.6,4783308,107,253.85,1028513,915715,3.1511767052253825,0
2023-07-28 10:56:13,258.6,4783308,93,253.85,1028513,915715,3.1511767052253825,0
2023-07-28 10:56:15,258.55,4783402,1,253.85,1032402,912614,3.1312325488631925,0
2023-07-28 10:56:15,258.55,4783402,95,253.85,1032402,912614,3.1312325488631925,0
2023-07-28 10:56:16,258.65,4788216,250,253.86,1031981,910704,3.1711208615875504,0
2023-07-28 10:56:17,258.6,4789829,6,253.86,1028922,910918,3.1511767052253825,0
2023-07-28 10:56:17,258.6,4789829,52,253.86,1028922,910918,3.1511767052253825,0
2023-07-28 10:56:19,258.65,4790180,20,253.86,1021602,911070,3.1711208615875504,0
2023-07-28 10:56:19,258.65,4790200,20,253.86,1026814,911096,3.1711208615875504,0
2023-07-28 10:56:19,258.55,4790200,105,253.86,1026814,911096,3.1312325488631925,0
2023-07-28 10:56:21,258.55,4791030,80,253.86,1026706,910376,3.1312325488631925,0
2023-07-28 10:56:21,258.6,4791030,154,253.86,1026706,910376,3.1511767052253825,0
2023-07-28 10:56:21,258.65,4791184,236,253.86,1026706,910764,3.1711208615875504,0
2023-07-28 10:56:22,258.65,4792982,236,253.86,1031808,911892,3.1711208615875504,0
2023-07-28 10:56:22,258.7,4792982,158,253.86,1031808,911892,3.191065017949741,0
2023-07-28 10:56:24,258.7,4794048,4,253.86,1027483,910712,3.191065017949741,0
2023-07-28 10:56:24,258.7,4794048,4,253.86,1027483,910712,3.191065017949741,0
2023-07-28 10:56:25,258.65,4795877,10,253.86,1028337,913456,3.1711208615875504,0
2023-07-28 10:56:25,258.65,4795877,10,253.86,1028337,913456,3.1711208615875504,0
2023-07-28 10:56:27,258.5,4797514,5,253.87,1027715,912479,3.111288392501002,0
2023-07-28 10:56:27,258.6,4797514,450,253.87,1027715,912479,3.1511767052253825,0
2023-07-28 10:56:27,258.65,4797514,31,253.87,1027715,912479,3.1711208615875504,0
2023-07-28 10:56:28,258.65,4801321,31,253.87,1030754,911802,3.1711208615875504,0
2023-07-28 10:56:30,258.6,4805351,10,253.87,995704,913449,3.1511767052253825,0
2023-07-28 10:56:30,258.6,4805352,1,253.87,996489,914429,3.1511767052253825,0
2023-07-28 10:56:30,258.55,4805352,86,253.87,996489,914429,3.1312325488631925,0
2023-07-28 10:56:32,258.55,4806878,20,253.87,993044,914324,3.1312325488631925,0
2023-07-28 10:56:32,258.55,4806878,20,253.87,993044,914324,3.1312325488631925,0
2023-07-28 10:56:32,258.55,4806878,49,253.87,993467,913826,3.1312325488631925,0
2023-07-28 10:56:34,258.55,4807041,300,253.87,994699,913296,3.1312325488631925,0
2023-07-28 10:56:34,258.55,4807566,300,253.87,994675,913510,3.1312325488631925,0
2023-07-28 10:56:34,258.65,4807566,228,253.87,994675,913510,3.1711208615875504,0
2023-07-28 10:56:36,258.55,4809972,43,253.88,994056,911971,3.1312325488631925,0
2023-07-28 10:56:37,258.45,4811574,74,253.88,992053,916791,3.0913442361388115,0
2023-07-28 10:56:38,258.6,4811605,1,253.88,986842,921184,3.1511767052253825,0
2023-07-28 10:56:38,258.6,4811605,36,253.88,986842,921184,3.1511767052253825,0
2023-07-28 10:56:39,258.55,4811774,176,253.88,993644,921646,3.1312325488631925,0
2023-07-28 10:56:39,258.45,4811774,1,253.88,993644,921646,3.0913442361388115,0
2023-07-28 10:56:41,258.45,4811951,1,253.88,989112,920317,3.0913442361388115,0
2023-07-28 10:56:41,258.55,4811951,190,253.88,989112,920317,3.1312325488631925,0
2023-07-28 10:56:43,258.45,4812243,6,253.88,988388,919698,3.0913442361388115,0
2023-07-28 10:56:44,258.4,4812680,13,253.88,987383,920597,3.071400079776621,0
2023-07-28 10:56:45,258.4,4812699,5,253.88,990157,920821,3.071400079776621,0
2023-07-28 10:56:45,258.45,4812699,2,253.88,989131,920285,3.0913442361388115,0
2023-07-28 10:56:48,258.45,4814703,2,253.88,988118,921398,3.0913442361388115,0
2023-07-28 10:56:48,258.35,4814703,1,253.88,988118,921398,3.051455923414453,0
2023-07-28 10:56:48,258.35,4814704,1,253.88,979933,920901,3.051455923414453,0
2023-07-28 10:56:48,258.25,4814704,34,253.88,979933,920901,3.0115676106900726,0
2023-07-28 10:56:50,258.35,4816018,1,253.88,980605,918437,3.051455923414453,0
2023-07-28 10:56:50,258.25,4816090,4,253.88,981505,918767,3.0115676106900726,0
2023-07-28 10:56:51,258.25,4816100,1,253.88,984646,919570,3.0115676106900726,0
2023-07-28 10:56:51,258.25,4816100,1,253.88,984646,919570,3.0115676106900726,0
2023-07-28 10:56:53,258.2,4816741,10,253.88,976303,922919,2.991623454327882,0
2023-07-28 10:56:54,258.2,4816751,10,253.88,982974,922912,2.991623454327882,0
2023-07-28 10:56:54,258.2,4816751,10,253.88,979849,922480,2.991623454327882,0
2023-07-28 10:56:54,258.2,4816751,31,253.88,979849,922480,2.991623454327882,0
2023-07-28 10:56:56,258.35,4817139,1,253.88,987826,926770,3.051455923414453,0
2023-07-28 10:56:56,258.35,4817139,42,253.88,987826,926770,3.051455923414453,0
2023-07-28 10:56:58,258.2,4820889,10,253.89,985778,925372,2.991623454327882,0
2023-07-28 10:56:58,258.2,4820889,2,253.89,985778,925372,2.991623454327882,0
2023-07-28 10:56:59,258.2,4821591,2,253.89,985680,929481,2.991623454327882,0
2023-07-28 10:57:01,258.2,4821805,14,253.89,984689,932426,2.991623454327882,0
2023-07-28 10:57:03,258.25,4822631,40,253.89,985674,932337,3.0115676106900726,0
2023-07-28 10:57:03,258.25,4823782,1,253.89,985361,932270,3.0115676106900726,0
2023-07-28 10:57:05,258.35,4825767,68,253.89,991525,930740,3.051455923414453,0
2023-07-28 10:57:05,258.2,4825767,50,253.89,991525,930740,2.991623454327882,0
2023-07-28 10:57:06,258.25,4825917,100,253.89,991677,931109,3.0115676106900726,0
2023-07-28 10:57:07,258.2,4827059,108,253.89,986973,933548,2.991623454327882,0
2023-07-28 10:57:08,258.2,4827305,100,253.89,987031,933755,2.991623454327882,0
2023-07-28 10:57:08,258.3,4827305,1,253.89,987031,933755,3.031511767052263,0
2023-07-28 10:57:09,258.2,4828476,500,253.89,991766,938702,2.991623454327882,0
2023-07-28 10:57:09,258.2,4828476,50,253.89,991766,938702,2.991623454327882,0
2023-07-28 10:57:10,258.25,4828628,1,253.89,991769,939163,3.0115676106900726,0
2023-07-28 10:57:11,258.2,4829053,68,253.89,994089,939014,2.991623454327882,0
2023-07-28 10:57:11,258.2,4829053,68,253.89,994089,939014,2.991623454327882,0
2023-07-28 10:57:12,258.25,4829054,1,253.89,993097,939486,3.0115676106900726,0
2023-07-28 10:57:12,258.2,4829054,6,253.89,993097,939486,2.991623454327882,0
2023-07-28 10:57:13,258.2,4832560,1990,253.9,988298,941803,2.991623454327882,0
2023-07-28 10:57:14,258.2,4832910,50,253.9,987765,941149,2.991623454327882,0
2023-07-28 10:57:15,258.2,4833210,139,253.9,988324,941424,2.991623454327882,0
2023-07-28 10:57:15,258.1,4833210,8,253.9,988324,941424,2.951735141603524,0
2023-07-28 10:57:16,258.2,4834406,99,253.9,990841,936046,2.991623454327882,0
2023-07-28 10:57:17,258.15,4834906,100,253.9,990340,936801,2.9716792979656916,0
2023-07-28 10:57:17,258.15,4834906,100,253.9,992770,937293,2.9716792979656916,0
2023-07-28 10:57:17,258.15,4834906,3,253.9,992770,937293,2.9716792979656916,0
2023-07-28 10:57:20,258.15,4836110,1000,253.9,992273,937667,2.9716792979656916,0
2023-07-28 10:57:20,258.1,4836110,914,253.9,992273,937667,2.951735141603524,0
2023-07-28 10:57:21,258.1,4838651,154,253.9,967279,950421,2.951735141603524,0
2023-07-28 10:57:22,258.0,4840574,236,253.9,968523,947910,2.9118468288791433,0
2023-07-28 10:57:22,258.0,4840574,75,253.9,968523,947910,2.9118468288791433,0
2023-07-28 10:57:24,258.0,4840982,5,253.91,967014,948325,2.9118468288791433,0
2023-07-28 10:57:25,258.0,4841092,100,253.91,952219,946983,2.9118468288791433,0
2023-07-28 10:57:26,258.05,4841387,10,253.91,951770,948713,2.9317909852413333,0
2023-07-28 10:57:26,258.1,4841387,820,253.91,951770,948713,2.951735141603524,0
2023-07-28 10:57:28,258.0,4844537,290,253.91,975231,947130,2.9118468288791433,0
2023-07-28 10:57:29,257.9,4847463,80,253.91,973804,947007,2.8719585161547623,0
2023-07-28 10:57:29,257.9,4847463,80,253.91,973804,947007,2.8719585161547623,0
2023-07-28 10:57:29,257.9,4847463,80,253.91,975415,947668,2.8719585161547623,0
2023-07-28 10:57:29,257.9,4847463,1,253.91,975415,947668,2.8719585161547623,0
2023-07-28 10:57:30,257.9,4847466,1,253.91,976380,949911,2.8719585161547623,0
2023-07-28 10:57:32,257.95,4850733,169,253.91,955162,948129,2.8919026725169528,0
2023-07-28 10:57:32,257.85,4850733,91,253.91,955162,948129,2.8520143597925944,0
2023-07-28 10:57:32,257.85,4851013,91,253.91,967431,951202,2.8520143597925944,0
2023-07-28 10:57:32,257.85,4851013,40,253.91,967431,951202,2.8520143597925944,0
2023-07-28 10:57:34,258.0,4852016,3,253.91,967264,947233,2.9118468288791433,0
2023-07-28 10:57:34,258.0,4852016,3,253.91,967264,947233,2.9118468288791433,0
2023-07-28 10:57:35,257.9,4852341,2,253.91,960983,937816,2.8719585161547623,0
2023-07-28 10:57:36,258.0,4852344,1,253.91,963027,938667,2.9118468288791433,0
2023-07-28 10:57:36,257.85,4852344,40,253.91,963027,938667,2.8520143597925944,0
2023-07-28 10:57:37,257.9,4852452,40,253.91,963407,939262,2.8719585161547623,0
2023-07-28 10:57:37,257.9,4852452,40,253.91,963407,939262,2.8719585161547623,0
2023-07-28 10:57:39,257.95,4854427,30,253.92,967170,937277,2.8919026725169528,0
2023-07-28 10:57:39,258.0,4854427,250,253.92,967170,937277,2.9118468288791433,0
2023-07-28 10:57:40,257.95,4854722,10,253.92,967821,935961,2.8919026725169528,0
2023-07-28 10:57:41,258.05,4855949,82,253.92,963193,938540,2.9317909852413333,0
2023-07-28 10:57:41,258.05,4855949,70,253.92,963193,938540,2.9317909852413333,0
2023-07-28 10:57:42,258.0,4856393,7,253.92,980737,942812,2.9118468288791433,0
2023-07-28 10:57:42,258.0,4856393,135,253.92,980737,942812,2.9118468288791433,0
2023-07-28 10:57:43,258.0,4859694,20,253.92,968186,942465,2.9118468288791433,0
2023-07-28 10:57:43,258.0,4859694,100,253.92,968186,942465,2.9118468288791433,0
2023-07-28 10:57:44,258.05,4861159,30,253.92,980982,944286,2.9317909852413333,0
2023-07-28 10:57:45,257.95,4861291,1,253.92,979676,940646,2.8919026725169528,0
2023-07-28 10:57:45,257.95,4861291,1,253.92,979676,940646,2.8919026725169528,0
2023-07-28 10:57:46,258.05,4861391,100,253.92,980090,940476,2.9317909852413333,0
2023-07-28 10:57:46,258.05,4861391,100,253.92,980090,940476,2.9317909852413333,0
2023-07-28 10:57:46,258.0,4861391,10,253.92,983736,943067,2.9118468288791433,0
2023-07-28 10:57:48,258.0,4870215,75,253.93,969866,935930,2.9118468288791433,0
2023-07-28 10:57:49,258.0,4872131,1000,253.93,964910,938624,2.9118468288791433,0
2023-07-28 10:57:51,257.9,4872925,45,253.93,967796,937651,2.8719585161547623,0
2023-07-28 10:57:52,257.9,4873032,5,253.93,968867,938112,2.8719585161547623,0
2023-07-28 10:57:53,257.95,4873310,153,253.93,966567,944140,2.8919026725169528,0
2023-07-28 10:57:53,257.9,4873310,2,253.93,966567,944140,2.8719585161547623,0
2023-07-28 10:57:55,258.0,4873952,65,253.93,976839,939546,2.9118468288791433,0
2023-07-28 10:57:55,258.0,4873952,165,253.93,976839,939546,2.9118468288791433,0
2023-07-28 10:57:56,257.9,4874398,141,253.93,976850,943776,2.8719585161547623,0
2023-07-28 10:57:57,258.05,4878098,69,253.94,1072199,938303,2.9317909852413333,0
2023-07-28 10:57:58,258.0,4878235,107,253.94,1075464,938137,2.9118468288791433,0
2023-07-28 10:57:58,258.0,4878235,350,253.94,1075464,938137,2.9118468288791433,0
2023-07-28 10:58:00,258.1,4879534,5,253.94,1078678,938240,2.951735141603524,0
2023-07-28 10:58:00,258.1,4879534,281,253.94,1078678,938240,2.951735141603524,0
2023-07-28 10:58:00,258.1,4883535,281,253.94,1081399,935658,2.951735141603524,0
2023-07-28 10:58:01,258.05,4883856,35,253.94,1080127,935724,2.9317909852413333,0
2023-07-28 10:58:01,258.05,4883856,59,253.94,1080127,935724,2.9317909852413333,0
2023-07-28 10:58:02,258.05,4884115,59,253.94,1084405,936213,2.9317909852413333,0
2023-07-28 10:58:02,258.0,4884115,1,253.94,1084405,936213,2.9118468288791433,0
2023-07-28 10:58:03,258.0,4885216,1,253.94,1080642,937421,2.9118468288791433,0
2023-07-28 10:58:03,258.15,4885216,5,253.94,1080642,937421,2.9716792979656916,0
2023-07-28 10:58:03,258.05,4885216,500,253.94,1080642,937421,2.9317909852413333,0
2023-07-28 10:58:06,258.1,4887041,5,253.94,1089771,939805,2.951735141603524,0
2023-07-28 10:58:06,258.1,4887041,5,253.94,1089771,939805,2.951735141603524,0
2023-07-28 10:58:06,258.1,4887041,25,253.94,1089771,939805,2.951735141603524,0
2023-07-28 10:58:08,258.1,4887066,25,253.94,1089007,939945,2.951735141603524,0
2023-07-28 10:58:08,258.05,4887066,25,253.94,1085762,939537,2.9317909852413333,0
2023-07-28 10:58:08,258.05,4887066,10,253.94,1085762,939537,2.9317909852413333,0
2023-07-28 10:58:10,258.05,4887163,10,253.94,1082231,939576,2.9317909852413333,0
2023-07-28 10:58:12,258.05,4887164,1,253.94,1080901,942175,2.9317909852413333,0
2023-07-28 10:58:13,258.05,4887189,25,253.94,1080132,942097,2.9317909852413333,0
2023-07-28 10:58:14,258.1,4888938,105,253.95,1079644,936893,2.951735141603524,0
2023-07-28 10:58:15,258.05,4889588,150,253.95,1087028,936489,2.9317909852413333,0
2023-07-28 10:58:16,258.1,4889658,20,253.95,1087056,941097,2.951735141603524,0
2023-07-28 10:58:18,258.05,4889924,200,253.95,1087459,941306,2.9317909852413333,0
2023-07-28 10:58:18,258.0,4890990,1,253.95,1086465,942954,2.9118468288791433,0
2023-07-28 10:58:20,258.0,4891549,1,253.95,1082635,944808,2.9118468288791433,0
2023-07-28 10:58:20,258.0,4891549,5,253.95,1082635,944808,2.9118468288791433,0
2023-07-28 10:58:21,258.0,4891885,20,253.95,1084720,946165,2.9118468288791433,0
2023-07-28 10:58:21,258.0,4891885,20,253.95,1084720,946165,2.9118468288791433,0
2023-07-28 10:58:22,258.0,4891975,32,253.95,1085348,946950,2.9118468288791433,0
2023-07-28 10:58:23,258.1,4892450,83,253.95,1084130,946235,2.951735141603524,0
2023-07-28 10:58:24,258.0,4892934,300,253.95,1072674,949794,2.9118468288791433,0
2023-07-28 10:58:24,258.05,4892934,2,253.95,1072674,949794,2.9317909852413333,0
2023-07-28 10:58:25,257.85,4993235,5,254.03,964009,954852,2.8520143597925944,0
2023-07-28 10:58:25,257.9,4993235,10,254.03,964009,954852,2.8719585161547623,0
2023-07-28 10:58:26,257.7,4997448,255,254.03,970568,951362,2.7921818907060234,0
2023-07-28 10:58:26,257.7,4997448,255,254.03,970568,951362,2.7921818907060234,0
2023-07-28 10:58:27,257.7,4997899,8,254.03,965938,955736,2.7921818907060234,0
2023-07-28 10:58:27,257.7,4997899,218,254.03,965872,956040,2.7921818907060234,0
2023-07-28 10:58:29,257.7,4998380,114,254.03,968828,947547,2.7921818907060234,0
2023-07-28 10:58:29,257.6,4998380,500,254.03,968828,947547,2.752293577981665,0
2023-07-28 10:58:31,257.7,4999381,1,254.03,969979,948343,2.7921818907060234,0
2023-07-28 10:58:32,257.5,5010400,700,254.04,963128,951301,2.712405265257284,0
2023-07-28 10:58:32,257.75,5010400,141,254.04,963128,951301,2.812126047068214,0
2023-07-28 10:58:32,257.75,5013463,141,254.04,964776,949425,2.812126047068214,0
2023-07-28 10:58:32,257.6,5013463,165,254.04,964776,949425,2.752293577981665,0
2023-07-28 10:58:34,257.7,5014628,711,254.04,963635,952071,2.7921818907060234,0
2023-07-28 10:58:34,257.7,5014628,1,254.04,963635,952071,2.7921818907060234,0
2023-07-28 10:58:34,257.7,5014628,50,254.04,963635,952071,2.7921818907060234,0
2023-07-28 10:58:34,257.7,5014628,10,254.04,963635,952071,2.7921818907060234,0
2023-07-28 10:58:37,257.6,5016750,10,254.05,964824,956597,2.752293577981665,0
2023-07-28 10:58:37,257.65,5016750,25,254.05,964824,956597,2.772237734343833,0
2023-07-28 10:58:38,257.65,5017241,1,254.05,968050,952393,2.772237734343833,0
2023-07-28 10:58:39,257.55,5019754,50,254.05,968844,954825,2.7323494216194746,0
2023-07-28 10:58:39,257.55,5019754,50,254.05,968844,954825,2.7323494216194746,0
2023-07-28 10:58:41,257.7,5020209,50,254.05,962383,952319,2.7921818907060234,0
2023-07-28 10:58:42,257.6,5020409,160,254.05,973402,952913,2.752293577981665,0
2023-07-28 10:58:43,257.5,5021755,42,254.05,983733,956738,2.712405265257284,0
2023-07-28 10:58:43,257.5,5021770,15,254.05,983918,955269,2.712405265257284,0
2023-07-28 10:58:43,257.5,5021770,1,254.05,983918,955269,2.712405265257284,0
2023-07-28 10:58:45,257.5,5022926,100,254.05,988939,954801,2.712405265257284,0
2023-07-28 10:58:45,257.5,5022926,10,254.05,988939,954801,2.712405265257284,0
2023-07-28 10:58:46,257.45,5025312,50,254.05,984434,953696,2.692461108895094,0
2023-07-28 10:58:47,257.5,5025422,30,254.05,985252,951669,2.712405265257284,0
2023-07-28 10:58:47,257.45,5025422,38,254.05,985252,951669,2.692461108895094,0
2023-07-28 10:58:49,257.45,5025909,48,254.05,989168,954233,2.692461108895094,0
2023-07-28 10:58:49,257.6,5026596,9,254.05,984897,952422,2.752293577981665,0
2023-07-28 10:58:51,257.5,5027701,30,254.05,989966,953354,2.712405265257284,0
2023-07-28 10:58:51,257.5,5027701,10,254.05,989966,953354,2.712405265257284,0
2023-07-28 10:58:52,257.5,5027745,200,254.05,990231,955460,2.712405265257284,0
2023-07-28 10:58:54,257.45,5031095,50,254.06,988277,955609,2.692461108895094,0
2023-07-28 10:58:54,257.5,5031125,6,254.06,992216,956970,2.712405265257284,0
2023-07-28 10:58:56,257.5,5031683,25,254.06,987296,956855,2.712405265257284,0
2023-07-28 10:58:56,257.4,5031683,67,254.06,987296,956855,2.6725169525329036,0
2023-07-28 10:58:57,257.4,5033853,55,254.06,976350,958484,2.6725169525329036,0
2023-07-28 10:58:57,257.4,5033853,4,254.06,976350,958484,2.6725169525329036,0
2023-07-28 10:58:58,257.3,5035390,100,254.06,983619,957599,2.6326286398085452,0
2023-07-28 10:58:58,257.3,5035390,100,254.06,983840,956909,2.6326286398085452,0
2023-07-28 10:58:58,257.35,5035390,50,254.06,983840,956909,2.6525727961707357,0
2023-07-28 10:58:58,257.45,5035390,134,254.06,983840,956909,2.692461108895094,0
2023-07-28 10:59:01,257.3,5036075,1,254.06,980344,956476,2.6326286398085452,0
2023-07-28 10:59:02,257.3,5036645,5,254.06,980289,958374,2.6326286398085452,0
2023-07-28 10:59:03,257.4,5036936,5,254.06,980750,955925,2.6725169525329036,0
2023-07-28 10:59:03,257.4,5036936,1,254.06,980750,955925,2.6725169525329036,0
2023-07-28 10:59:04,257.5,5037637,105,254.06,975733,951960,2.712405265257284,0
2023-07-28 10:59:05,257.5,5037831,2,254.06,991149,954093,2.712405265257284,0
2023-07-28 10:59:05,257.55,5037831,48,254.06,991149,954093,2.7323494216194746,0
2023-07-28 10:59:05,257.45,5037831,752,254.06,991149,954093,2.692461108895094,0
2023-07-28 10:59:08,257.35,5048068,20,254.07,977308,955656,2.6525727961707357,0
2023-07-28 10:59:09,257.55,5048088,100,254.07,985183,952660,2.7323494216194746,0
2023-07-28 10:59:10,257.45,5050122,89,254.07,982923,949401,2.692461108895094,0
2023-07-28 10:59:11,257.4,5050366,36,254.07,986585,950503,2.6725169525329036,0
2023-07-28 10:59:11,257.55,5050366,1,254.07,986585,950503,2.7323494216194746,0
2023-07-28 10:59:13,257.5,5050881,20,254.07,984983,949313,2.712405265257284,0
2023-07-28 10:59:13,257.5,5050906,20,254.07,983856,949481,2.712405265257284,0
2023-07-28 10:59:13,257.5,5050906,100,254.07,983856,949481,2.712405265257284,0
2023-07-28 10:59:15,257.5,5051056,100,254.07,984717,949551,2.712405265257284,0
2023-07-28 10:59:15,257.55,5051056,78,254.07,984717,949551,2.7323494216194746,0
2023-07-28 10:59:17,257.55,5051268,50,254.07,984528,949009,2.7323494216194746,0
2023-07-28 10:59:17,257.55,5051268,179,254.07,984528,949009,2.7323494216194746,0
2023-07-28 10:59:17,257.55,5051897,179,254.07,984949,949504,2.7323494216194746,0
2023-07-28 10:59:17,257.6,5051897,100,254.07,984949,949504,2.752293577981665,0
2023-07-28 10:59:19,257.6,5052442,100,254.07,995022,936675,2.752293577981665,0
2023-07-28 10:59:20,257.65,5052477,30,254.07,994694,946175,2.772237734343833,0
2023-07-28 10:59:20,257.65,5052477,30,254.07,994694,946175,2.772237734343833,0
2023-07-28 10:59:20,257.65,5052477,30,254.07,997560,946170,2.772237734343833,0
2023-07-28 10:59:20,257.6,5052477,67,254.07,997560,946170,2.752293577981665,0
2023-07-28 10:59:21,257.6,5052777,67,254.07,998325,945156,2.752293577981665,0
2023-07-28 10:59:23,257.75,5053665,100,254.07,996285,945589,2.812126047068214,0
2023-07-28 10:59:23,257.75,5053665,100,254.07,996285,945589,2.812126047068214,0
2023-07-28 10:59:23,257.65,5053691,25,254.07,996298,946116,2.772237734343833,0
2023-07-28 10:59:23,257.65,5053691,29,254.07,996298,946116,2.772237734343833,0
2023-07-28 10:59:23,257.7,5053691,2,254.07,996298,946116,2.7921818907060234,0
2023-07-28 10:59:26,257.9,5054051,165,254.07,1016249,932755,2.8719585161547623,0
2023-07-28 10:59:26,257.9,5054051,75,254.07,1016249,932755,2.8719585161547623,0
2023-07-28 10:59:28,257.7,5054269,8,254.07,1017833,937861,2.7921818907060234,0
2023-07-28 10:59:28,257.8,5054275,6,254.07,1017935,937755,2.832070203430404,0
2023-07-28 10:59:29,257.8,5054276,1,254.07,1018099,937621,2.832070203430404,0
2023-07-28 10:59:29,257.7,5054276,20,254.07,1018099,937621,2.7921818907060234,0
2023-07-28 10:59:31,257.85,5054596,207,254.07,1018124,936748,2.8520143597925944,0
2023-07-28 10:59:31,257.7,5054619,23,254.07,1018157,937488,2.7921818907060234,0
2023-07-28 10:59:31,257.7,5054619,23,254.07,1019166,938804,2.7921818907060234,0
2023-07-28 10:59:31,257.85,5054619,95,254.07,1019166,938804,2.8520143597925944,0
2023-07-28 10:59:34,257.8,5056646,80,254.07,1013707,940366,2.832070203430404,0
2023-07-28 10:59:34,257.8,5056646,5,254.07,1013707,940366,2.832070203430404,0
2023-07-28 10:59:35,257.8,5056910,134,254.07,1013152,939436,2.832070203430404,0
2023-07-28 10:59:35,257.8,5056910,134,254.07,1013152,939436,2.832070203430404,0
2023-07-28 10:59:35,257.8,5056910,2,254.07,1012844,937523,2.832070203430404,0
2023-07-28 10:59:37,257.7,5057120,49,254.07,1014554,939790,2.7921818907060234,0
2023-07-28 10:59:38,257.8,5057659,141,254.07,1014162,940508,2.832070203430404,0
2023-07-28 10:59:38,257.85,5057659,66,254.07,1014162,940508,2.8520143597925944,0
2023-07-28 10:59:39,257.7,5057777,40,254.07,1014564,940609,2.7921818907060234,0
2023-07-28 10:59:39,257.85,5057777,29,254.07,1014564,940609,2.8520143597925944,0
2023-07-28 10:59:39,257.65,5058000,147,254.07,1014431,940686,2.772237734343833,0
2023-07-28 10:59:40,257.6,5059671,35,254.08,1016813,938959,2.752293577981665,0
2023-07-28 10:59:42,257.65,5060124,3,254.08,1020833,938901,2.772237734343833,0
2023-07-28 10:59:43,257.7,5060137,13,254.08,1020468,939459,2.7921818907060234,0
2023-07-28 10:59:44,257.75,5063877,124,254.08,1017935,941327,2.812126047068214,0
2023-07-28 10:59:45,257.85,5064020,40,254.08,1016155,937775,2.8520143597925944,0
2023-07-28 10:59:45,257.75,5064020,1,254.08,1016155,937775,2.812126047068214,0
2023-07-28 10:59:47,257.75,5064065,42,254.08,1019271,942130,2.812126047068214,0
2023-07-28 10:59:48,257.85,5064980,401,254.08,1018906,941859,2.8520143597925944,0
2023-07-28 10:59:49,257.7,5065030,40,254.08,1018130,942275,2.7921818907060234,0
2023-07-28 10:59:50,257.75,5065040,10,254.08,1003811,943341,2.812126047068214,0
2023-07-28 10:59:52,257.75,5065143,98,254.08,1018886,942721,2.812126047068214,0
2023-07-28 10:59:52,257.75,5065193,50,254.08,1009721,942888,2.812126047068214,0
2023-07-28 10:59:52,257.85,5065193,100,254.08,1009721,942888,2.8520143597925944,0
2023-07-28 10:59:54,257.85,5065827,100,254.08,1017303,942715,2.8520143597925944,0
2023-07-28 10:59:56,257.75,5065877,15,254.08,1018718,944750,2.812126047068214,0
2023-07-28 10:59:57,257.9,5067827,3,254.08,1018472,944173,2.8719585161547623,0
2023-07-28 10:59:58,257.85,5067833,6,254.08,1018399,944367,2.8520143597925944,0
2023-07-28 10:59:59,257.9,5069033,423,254.08,1018074,944165,2.8719585161547623,0
2023-07-28 10:59:59,257.85,5069033,13,254.08,1018074,944165,2.8520143597925944,0
2023-07-28 11:00:01,257.75,5069244,50,254.08,1022922,946189,2.812126047068214,0
2023-07-28 11:00:02,257.7,5069559,1,254.08,1022583,946224,2.7921818907060234,0
2023-07-28 11:00:03,257.75,5069635,22,254.08,1020903,947051,2.812126047068214,0
2023-07-28 11:00:03,257.8,5069635,4,254.08,1020903,947051,2.832070203430404,0
2023-07-28 11:00:03,257.8,5069639,4,254.08,1020903,947047,2.832070203430404,0
2023-07-28 11:00:03,257.8,5069639,4,254.08,1020246,946951,2.832070203430404,0
2023-07-28 11:00:03,257.8,5069639,4,254.08,1020998,947509,2.832070203430404,0
2023-07-28 11:00:03,257.8,5069639,69,254.08,1020998,947509,2.832070203430404,0
2023-07-28 11:00:07,257.7,5069721,1,254.08,1020882,948540,2.7921818907060234,0
2023-07-28 11:00:07,257.85,5069721,4,254.08,1020882,948540,2.8520143597925944,0
2023-07-28 11:00:09,257.85,5070425,74,254.08,1020912,946936,2.8520143597925944,0
2023-07-28 11:00:09,257.85,5070461,36,254.08,1021184,945602,2.8520143597925944,0
2023-07-28 11:00:10,257.85,5070462,1,254.08,1021941,946489,2.8520143597925944,0
2023-07-28 11:00:11,257.8,5070775,6,254.08,1022693,946276,2.832070203430404,0
2023-07-28 11:00:11,257.65,5070775,3,254.08,1022693,946276,2.772237734343833,0
2023-07-28 11:00:12,257.65,5071165,3,254.08,1025236,947347,2.772237734343833,0
2023-07-28 11:00:12,257.65,5071165,12,254.08,1025236,947347,2.772237734343833,0
2023-07-28 11:00:14,257.7,5071367,1,254.08,1025103,946711,2.7921818907060234,0
2023-07-28 11:00:15,257.8,5072262,44,254.09,1023941,947400,2.832070203430404,0
2023-07-28 11:00:16,257.7,5072456,25,254.09,1027115,948331,2.7921818907060234,0
2023-07-28 11:00:16,257.8,5072466,2,254.09,1027284,948451,2.832070203430404,0
2023-07-28 11:00:18,257.8,5072472,3,254.09,1025973,948297,2.832070203430404,0
2023-07-28 11:00:20,257.75,5072680,83,254.09,1026010,948987,2.812126047068214,0
2023-07-28 11:00:20,257.8,5072680,72,254.09,1026010,948987,2.832070203430404,0
2023-07-28 11:00:21,257.8,5072769,5,254.09,1027028,948437,2.832070203430404,0
2023-07-28 11:00:22,257.75,5073012,69,254.09,1027236,948392,2.812126047068214,0
2023-07-28 11:00:23,257.8,5073014,1,254.09,1027320,949526,2.832070203430404,0
2023-07-28 11:00:24,257.9,5077297,120,254.09,1031415,943957,2.8719585161547623,0
2023-07-28 11:00:24,257.95,5077297,1,254.09,1031415,943957,2.8919026725169528,0
2023-07-28 11:00:26,258.0,5077936,1,254.09,1031347,945998,2.9118468288791433,0
2023-07-28 11:00:26,257.9,5077936,30,254.09,1031347,945998,2.8719585161547623,0
2023-07-28 11:00:28,258.0,5078033,5,254.09,1031872,945249,2.9118468288791433,0
2023-07-28 11:00:29,257.9,5078099,50,254.09,1031069,944302,2.8719585161547623,0
2023-07-28 11:00:29,257.85,5078112,10,254.09,1037165,941051,2.8520143597925944,0
2023-07-28 11:00:30,257.9,5078113,1,254.09,1038042,943254,2.8719585161547623,0
2023-07-28 11:00:31,257.9,5078116,1,254.09,1044766,941826,2.8719585161547623,0
2023-07-28 11:00:32,258.05,5094803,128,254.1,1035190,926420,2.9317909852413333,0
2023-07-28 11:00:33,258.1,5095887,92,254.1,1043018,925938,2.951735141603524,0
2023-07-28 11:00:33,258.15,5095887,1,254.1,1043018,925938,2.9716792979656916,0
2023-07-28 11:00:33,258.15,5095887,68,254.1,1043018,925938,2.9716792979656916,0
2023-07-28 11:00:35,258.15,5096901,68,254.1,1042064,922674,2.9716792979656916,0
2023-07-28 11:00:36,258.15,5097551,62,254.1,1028450,923695,2.9716792979656916,0
2023-07-28 11:00:37,258.15,5100281,83,254.11,1041833,919039,2.9716792979656916,0
2023-07-28 11:00:38,258.15,5100328,10,254.11,1041829,919286,2.9716792979656916,0
2023-07-28 11:00:40,258.15,5100887,300,254.11,1040199,925919,2.9716792979656916,0
2023-07-28 11:00:40,258.15,5100939,52,254.11,1039099,925557,2.9716792979656916,0
2023-07-28 11:00:40,258.15,5100939,7,254.11,1039099,925557,2.9716792979656916,0
2023-07-28 11:00:40,258.05,5100939,224,254.11,1039099,925557,2.9317909852413333,0
2023-07-28 11:00:43,258.0,5101876,50,254.11,1047569,925241,2.9118468288791433,0
2023-07-28 11:00:43,258.2,5101876,26,254.11,1047569,925241,2.991623454327882,0
2023-07-28 11:00:43,258.2,5101935,1,254.11,1047192,921787,2.991623454327882,0
2023-07-28 11:00:44,258.2,5101943,1,254.11,1046364,924167,2.991623454327882,0
2023-07-28 11:00:44,258.2,5101943,2,254.11,1046364,924167,2.991623454327882,0
2023-07-28 11:00:46,258.25,5102470,131,254.11,1048798,923013,3.0115676106900726,0
2023-07-28 11:00:46,258.25,5102519,24,254.11,1046973,925279,3.0115676106900726,0
2023-07-28 11:00:46,258.1,5102519,5,254.11,1046973,925279,2.951735141603524,0
2023-07-28 11:00:48,258.2,5102760,25,254.11,1047509,924089,2.991623454327882,0
2023-07-28 11:00:49,258.05,5104185,17,254.11,1047577,925175,2.9317909852413333,0
2023-07-28 11:00:50,258.2,5104291,104,254.11,1046136,926629,2.991623454327882,0
2023-07-28 11:00:50,258.1,5104313,12,254.11,1048483,924062,2.951735141603524,0
2023-07-28 11:00:52,258.25,5104458,2,254.11,1037240,929604,3.0115676106900726,0
2023-07-28 11:00:52,258.25,5104458,2,254.11,1038350,928914,3.0115676106900726,0
2023-07-28 11:00:53,258.25,5104468,1,254.11,1038540,928546,3.0115676106900726,0
2023-07-28 11:00:54,258.2,5104489,21,254.11,1038822,928797,2.991623454327882,0
2023-07-28 11:00:54,258.2,5104489,1,254.11,1038822,928797,2.991623454327882,0
2023-07-28 11:00:56,258.25,5104547,4,254.11,1038784,929112,3.0115676106900726,0
2023-07-28 11:00:56,258.25,5104547,4,254.11,1038784,929112,3.0115676106900726,0
2023-07-28 11:00:57,258.25,5104807,1,254.11,1046362,944802,3.0115676106900726,0
2023-07-28 11:00:58,258.3,5104859,23,254.11,1046394,944337,3.031511767052263,0
2023-07-28 11:00:58,258.2,5104859,1,254.11,1046394,944337,2.991623454327882,0
2023-07-28 11:00:59,258.2,5104861,1,254.11,1046115,945456,2.991623454327882,0
2023-07-28 11:01:00,258.3,5106287,153,254.11,1048285,944283,3.031511767052263,0
2023-07-28 11:01:00,258.2,5106287,61,254.11,1048285,944283,2.991623454327882,0
2023-07-28 11:01:01,258.3,5106486,1,254.11,1047690,943600,3.031511767052263,0
2023-07-28 11:01:02,258.3,5106602,69,254.11,1047690,944018,3.031511767052263,0
2023-07-28 11:01:02,258.3,5106602,3,254.11,1047690,944018,3.031511767052263,0
2023-07-28 11:01:02,258.3,5106664,3,254.11,1047691,944582,3.031511767052263,0
2023-07-28 11:01:02,258.2,5106664,100,254.11,1047691,944582,2.991623454327882,0
2023-07-28 11:01:04,258.3,5107768,6,254.11,1047716,943994,3.031511767052263,0
2023-07-28 11:01:04,258.3,5107768,6,254.11,1047716,943994,3.031511767052263,0
2023-07-28 11:01:05,258.3,5107897,99,254.11,1050934,944538,3.031511767052263,0
2023-07-28 11:01:06,258.3,5108010,10,254.11,1050904,945721,3.031511767052263,0
2023-07-28 11:01:07,258.3,5109020,68,254.11,1045179,938829,3.031511767052263,0
2023-07-28 11:01:08,258.3,5109182,14,254.11,1046295,938203,3.031511767052263,0
2023-07-28 11:01:09,258.3,5109447,1,254.11,1048807,941905,3.031511767052263,0
2023-07-28 11:01:11,258.2,5109579,8,254.11,1048807,942343,2.991623454327882,0
2023-07-28 11:01:12,258.25,5110220,16,254.11,1047118,942666,3.0115676106900726,0
2023-07-28 11:01:12,258.2,5110220,5,254.11,1047118,942666,2.991623454327882,0
2023-07-28 11:01:13,258.3,5110876,108,254.12,1047872,945825,3.031511767052263,0
2023-07-28 11:01:13,258.3,5110876,200,254.12,1047872,945825,3.031511767052263,0
2023-07-28 11:01:15,258.25,5111276,200,254.12,1047705,947661,3.0115676106900726,0
2023-07-28 11:01:15,258.25,5111276,200,254.12,1047705,947661,3.0115676106900726,0
2023-07-28 11:01:15,258.25,5111276,2,254.12,1047705,947661,3.0115676106900726,0
2023-07-28 11:01:17,258.25,5111434,10,254.12,1047692,946775,3.0115676106900726,0
2023-07-28 11:01:18,258.2,5111436,2,254.12,1047698,946296,2.991623454327882,0
2023-07-28 11:01:19,258.2,5111586,149,254.12,1045543,947131,2.991623454327882,0
2023-07-28 11:01:19,258.25,5111586,50,254.12,1045543,947131,3.0115676106900726,0
2023-07-28 11:01:21,258.3,5112636,142,254.12,1044835,944782,3.031511767052263,0
2023-07-28 11:01:22,258.3,5112637,1,254.12,1045040,944140,3.031511767052263,0
2023-07-28 11:01:22,258.2,5112637,136,254.12,1045040,944140,2.991623454327882,0
2023-07-28 11:01:24,258.25,5113873,2,254.12,1047330,946797,3.0115676106900726,0
2023-07-28 11:01:25,258.25,5113880,2,254.12,1053340,952800,3.0115676106900726,0
2023-07-28 11:01:25,258.2,5114979,1,254.12,1055392,957779,2.991623454327882,0
2023-07-28 11:01:27,258.1,5115084,95,254.12,1054457,957439,2.951735141603524,0
2023-07-28 11:01:27,258.1,5115084,14,254.12,1054457,957439,2.951735141603524,0
2023-07-28 11:01:28,258.2,5115185,1,254.12,1052299,957327,2.991623454327882,0
2023-07-28 11:01:28,258.1,5115185,7,254.12,1052299,957327,2.951735141603524,0
2023-07-28 11:01:29,258.1,5115402,160,254.12,1051243,957990,2.951735141603524,0
2023-07-28 11:01:30,258.2,5119467,1197,254.12,1049579,952522,2.991623454327882,0
2023-07-28 11:01:30,258.25,5119467,108,254.12,1049579,952522,3.0115676106900726,0
2023-07-28 11:01:31,258.2,5119586,1,254.12,1055757,956397,2.991623454327882,0
2023-07-28 11:01:31,258.2,5119586,1,254.12,1055757,956397,2.991623454327882,0
2023-07-28 11:01:32,258.25,5119589,10,254.12,1055129,956280,3.0115676106900726,0
2023-07-28 11:01:33,258.3,5121601,1502,254.12,1053613,955058,3.031511767052263,0
2023-07-28 11:01:33,258.25,5121601,84,254.12,1053613,955058,3.0115676106900726,0
2023-07-28 11:01:34,258.3,5121840,27,254.12,1045602,956414,3.031511767052263,0
2023-07-28 11:01:34,258.3,5121840,27,254.12,1045602,956414,3.031511767052263,0
2023-07-28 11:01:34,258.3,5121840,27,254.12,1053986,956822,3.031511767052263,0
2023-07-28 11:01:34,258.25,5121840,500,254.12,1053986,956822,3.0115676106900726,0
2023-07-28 11:01:36,258.2,5122630,92,254.12,1049649,956444,2.991623454327882,0
2023-07-28 11:01:37,258.2,5122631,1,254.12,1049673,956613,2.991623454327882,0
2023-07-28 11:01:38,258.3,5122956,1,254.12,1053777,958058,3.031511767052263,0
2023-07-28 11:01:40,258.35,5124843,201,254.13,1049816,956596,3.051455923414453,0
2023-07-28 11:01:40,258.25,5124893,50,254.13,1050266,955945,3.0115676106900726,0
2023-07-28 11:01:42,258.3,5125010,10,254.13,1054262,956113,3.031511767052263,0
2023-07-28 11:01:43,258.3,5125061,1,254.13,1054462,957747,3.031511767052263,0
2023-07-28 11:01:43,258.3,5125061,1,254.13,1054381,957470,3.031511767052263,0
2023-07-28 11:01:45,258.35,5125761,581,254.13,1051767,955829,3.051455923414453,0
2023-07-28 11:01:45,258.35,5125761,5,254.13,1051767,955829,3.051455923414453,0
2023-07-28 11:01:46,258.3,5125768,2,254.13,1054108,957104,3.031511767052263,0
2023-07-28 11:01:46,258.3,5125768,2,254.13,1054108,957104,3.031511767052263,0
2023-07-28 11:01:48,258.3,5125769,1,254.13,1054110,958573,3.031511767052263,0
2023-07-28 11:01:48,258.35,5125769,4,254.13,1054110,958573,3.051455923414453,0
2023-07-28 11:01:49,258.35,5126324,50,254.13,1051703,956910,3.051455923414453,0
2023-07-28 11:01:49,258.35,5126324,50,254.13,1051703,956910,3.051455923414453,0
2023-07-28 11:01:50,258.2,5126574,10,254.13,1055311,957527,2.991623454327882,0
2023-07-28 11:01:51,258.25,5126591,2,254.13,1057605,959446,3.0115676106900726,0
2023-07-28 11:01:51,258.25,5126591,2,254.13,1057605,959446,3.0115676106900726,0
2023-07-28 11:01:51,258.25,5126591,2,254.13,1057613,959159,3.0115676106900726,0
2023-07-28 11:01:51,258.25,5126591,5,254.13,1057613,959159,3.0115676106900726,0
2023-07-28 11:01:53,258.3,5130096,2454,254.13,1051579,959158,3.031511767052263,0
2023-07-28 11:01:53,258.3,5130096,2454,254.13,1051579,959211,3.031511767052263,0
2023-07-28 11:01:55,258.35,5130184,80,254.13,1049061,959444,3.051455923414453,0
2023-07-28 11:01:55,258.2,5130184,8,254.13,1049061,959444,2.991623454327882,0
2023-07-28 11:01:56,258.2,5131197,8,254.13,1047976,960263,2.991623454327882,0
2023-07-28 11:01:58,258.25,5131220,19,254.13,1049280,960670,3.0115676106900726,0
2023-07-28 11:01:59,258.35,5131244,14,254.13,1049277,960850,3.051455923414453,0
2023-07-28 11:01:59,258.35,5131244,175,254.13,1049277,960850,3.051455923414453,0
2023-07-28 11:02:00,258.35,5132441,175,254.13,1035467,959979,3.051455923414453,0
2023-07-28 11:02:00,258.2,5132441,20,254.13,1049491,959861,2.991623454327882,0
2023-07-28 11:02:02,258.2,5132512,1,254.13,1050413,960128,2.991623454327882,0
2023-07-28 11:02:03,258.2,5132542,23,254.13,1048767,960093,2.991623454327882,0
2023-07-28 11:02:03,258.35,5132542,1,254.13,1048767,960093,3.051455923414453,0
2023-07-28 11:02:03,258.35,5132542,400,254.13,1048767,960093,3.051455923414453,0
2023-07-28 11:02:04,258.35,5134043,400,254.13,1057327,957963,3.051455923414453,0
2023-07-28 11:02:06,258.35,5134137,94,254.13,1057589,959528,3.051455923414453,0
2023-07-28 11:02:06,258.35,5134137,30,254.13,1057589,959528,3.051455923414453,0
2023-07-28 11:02:06,258.3,5134137,50,254.13,1057589,959528,3.031511767052263,0
2023-07-28 11:02:06,258.35,5134137,12,254.13,1057589,959528,3.051455923414453,0
2023-07-28 11:02:06,258.35,5134137,50,254.13,1057589,959528,3.051455923414453,0
2023-07-28 11:02:10,258.35,5134332,2,254.13,1057030,959845,3.051455923414453,0
2023-07-28 11:02:10,258.4,5134332,25,254.13,1057030,959845,3.071400079776621,0
2023-07-28 11:02:10,258.4,5134332,2,254.13,1057030,959845,3.071400079776621,0
2023-07-28 11:02:10,258.35,5134332,16,254.13,1057030,959845,3.051455923414453,0
2023-07-28 11:02:10,258.65,5134332,336,254.13,1057030,959845,3.1711208615875504,0
2023-07-28 11:02:15,258.65,5177395,1,254.17,1071669,951151,3.1711208615875504,0
2023-07-28 11:02:15,258.65,5177395,1,254.17,1071669,951151,3.1711208615875504,0
2023-07-28 11:02:15,258.7,5177395,1573,254.17,1071669,951151,3.191065017949741,0
2023-07-28 11:02:15,258.7,5177395,100,254.17,1071669,951151,3.191065017949741,0
2023-07-28 11:02:15,258.95,5177395,10,254.17,1071669,951151,3.29078579976067,0
2023-07-28 11:02:20,258.95,5205233,1,254.2,1084357,926141,3.29078579976067,0
2023-07-28 11:02:20,258.9,5205233,350,254.2,1084357,926141,3.2708416433984797,0
2023-07-28 11:02:20,258.8,5205233,16,254.2,1084357,926141,3.230953330674122,0
2023-07-28 11:02:20,258.8,5205233,16,254.2,1084357,926141,3.230953330674122,0
2023-07-28 11:02:20,258.9,5205233,236,254.2,1084357,926141,3.2708416433984797,0
2023-07-28 11:02:20,258.95,5205233,27,254.2,1084357,926141,3.29078579976067,0
2023-07-28 11:02:24,258.9,5213104,290,254.2,1089560,934989,3.2708416433984797,0
2023-07-28 11:02:24,258.9,5213104,290,254.2,1089560,934989,3.2708416433984797,0
2023-07-28 11:02:24,259.0,5213104,1,254.2,1089560,934989,3.3107299561228607,0
2023-07-28 11:02:24,258.95,5213104,11,254.2,1089560,934989,3.29078579976067,0
2023-07-28 11:02:24,258.95,5213104,11,254.2,1089560,934989,3.29078579976067,0
2023-07-28 11:02:24,258.9,5213104,362,254.2,1089560,934989,3.2708416433984797,0
2023-07-28 11:02:24,258.95,5213104,98,254.2,1089560,934989,3.29078579976067,0
2023-07-28 11:02:29,258.95,5220689,1,254.21,1073256,921499,3.29078579976067,0
2023-07-28 11:02:29,258.95,5220689,320,254.21,1073256,921499,3.29078579976067,0
2023-07-28 11:02:29,258.9,5220689,71,254.21,1073256,921499,3.2708416433984797,0
2023-07-28 11:02:29,258.95,5220689,1,254.21,1073256,921499,3.29078579976067,0
2023-07-28 11:02:34,258.95,5222521,50,254.21,1075253,922619,3.29078579976067,0
2023-07-28 11:02:34,258.9,5222521,1000,254.21,1075253,922619,3.2708416433984797,0
2023-07-28 11:02:34,259.0,5222521,10,254.21,1075253,922619,3.3107299561228607,0
2023-07-28 11:02:34,259.0,5222521,10,254.21,1075253,922619,3.3107299561228607,0
2023-07-28 11:02:37,258.95,5226782,45,254.21,1075904,925141,3.29078579976067,0
2023-07-28 11:02:37,258.95,5226782,40,254.21,1075904,925141,3.29078579976067,0
2023-07-28 11:02:37,258.95,5226782,20,254.21,1075904,925141,3.29078579976067,0
2023-07-28 11:02:37,259.0,5226782,462,254.21,1075904,925141,3.3107299561228607,0
2023-07-28 11:02:37,259.0,5226782,115,254.21,1075904,925141,3.3107299561228607,0
2023-07-28 11:02:42,259.0,5229464,100,254.22,1092672,921563,3.3107299561228607,0
2023-07-28 11:02:42,258.95,5229464,150,254.22,1092672,921563,3.29078579976067,0
2023-07-28 11:02:42,258.95,5229464,400,254.22,1092672,921563,3.29078579976067,0
2023-07-28 11:02:42,259.0,5229464,15,254.22,1092672,921563,3.3107299561228607,0
2023-07-28 11:02:42,258.95,5229464,7,254.22,1092672,921563,3.29078579976067,0
2023-07-28 11:02:46,259.0,5238070,4,254.23,1090091,916535,3.3107299561228607,0
2023-07-28 11:02:46,259.0,5238070,4,254.23,1090091,916535,3.3107299561228607,0
2023-07-28 11:02:46,258.95,5238070,1,254.23,1090091,916535,3.29078579976067,0
2023-07-28 11:02:46,259.05,5238070,51,254.23,1090091,916535,3.330674112485051,0
2023-07-28 11:02:46,258.95,5238070,50,254.23,1090091,916535,3.29078579976067,0
2023-07-28 11:02:50,258.9,5245911,200,254.23,1079884,924047,3.2708416433984797,0
2023-07-28 11:02:50,258.9,5245911,78,254.23,1079884,924047,3.2708416433984797,0
2023-07-28 11:02:50,258.9,5245911,500,254.23,1079884,924047,3.2708416433984797,0
2023-07-28 11:02:53,258.9,5246863,500,254.23,1094719,921170,3.2708416433984797,0
2023-07-28 11:02:53,259.0,5246863,2,254.23,1094719,921170,3.3107299561228607,0
2023-07-28 11:02:53,259.05,5246863,138,254.23,1094719,921170,3.330674112485051,0
2023-07-28 11:02:53,258.9,5246863,217,254.23,1094719,921170,3.2708416433984797,0
2023-07-28 11:02:56,258.9,5250267,217,254.24,1098182,929219,3.2708416433984797,0
2023-07-28 11:02:56,258.9,5250267,1225,254.24,1098182,929219,3.2708416433984797,0
2023-07-28 11:02:56,258.9,5250267,30,254.24,1098182,929219,3.2708416433984797,0
2023-07-28 11:02:56,258.9,5250267,25,254.24,1098182,929219,3.2708416433984797,0
2023-07-28 11:03:02,258.9,5253349,1000,254.24,1085896,934016,3.2708416433984797,0
2023-07-28 11:03:02,258.95,5253349,1,254.24,1085896,934016,3.29078579976067,0
2023-07-28 11:03:02,258.9,5253349,59,254.24,1085896,934016,3.2708416433984797,0
2023-07-28 11:03:02,258.9,5253349,34,254.24,1085896,934016,3.2708416433984797,0
2023-07-28 11:03:06,258.9,5259738,55,254.24,1087022,933123,3.2708416433984797,0
2023-07-28 11:03:06,259.0,5259738,20,254.24,1087022,933123,3.3107299561228607,0
2023-07-28 11:03:06,259.0,5260558,20,254.25,1097278,932198,3.3107299561228607,0
2023-07-28 11:03:06,259.0,5260558,236,254.25,1097278,932198,3.3107299561228607,0
2023-07-28 11:03:08,258.9,5260937,13,254.25,1097585,931733,3.2708416433984797,0
2023-07-28 11:03:09,258.9,5261710,10,254.25,1096654,932470,3.2708416433984797,0
2023-07-28 11:03:10,259.0,5261725,15,254.25,1096654,932966,3.3107299561228607,0
2023-07-28 11:03:10,258.95,5261725,7,254.25,1096654,932966,3.29078579976067,0
2023-07-28 11:03:11,259.05,5262959,75,254.25,1100058,934349,3.330674112485051,0
2023-07-28 11:03:11,259.05,5270352,75,254.25,1094584,931564,3.330674112485051,0
2023-07-28 11:03:11,259.15,5270352,6,254.25,1094584,931564,3.370562425209409,0
2023-07-28 11:03:13,259.15,5272996,24,254.26,1097360,904426,3.370562425209409,0
2023-07-28 11:03:14,259.2,5275623,40,254.26,1098882,904951,3.3905065815715996,0
2023-07-28 11:03:15,259.2,5275824,1,254.26,1100549,909451,3.3905065815715996,0
2023-07-28 11:03:15,259.2,5275824,250,254.26,1100549,909451,3.3905065815715996,0
2023-07-28 11:03:16,259.2,5276807,25,254.26,1100355,911437,3.3905065815715996,0
2023-07-28 11:03:16,259.2,5277269,435,254.26,1100126,912525,3.3905065815715996,0
2023-07-28 11:03:16,259.2,5277269,23,254.26,1100126,912525,3.3905065815715996,0
2023-07-28 11:03:18,259.35,5281759,3,254.26,1089972,909386,3.450339050658171,0
2023-07-28 11:03:18,259.35,5281759,3,254.26,1089972,909386,3.450339050658171,0
2023-07-28 11:03:18,259.3,5281759,25,254.26,1089972,909386,3.4303948942959805,0
2023-07-28 11:03:20,259.15,5283460,2,254.27,1091351,915107,3.370562425209409,0
2023-07-28 11:03:21,259.3,5286136,63,254.27,1093379,911943,3.4303948942959805,0
2023-07-28 11:03:21,259.3,5286136,15,254.27,1093379,911943,3.4303948942959805,0
2023-07-28 11:03:22,259.35,5286224,23,254.27,1090012,911675,3.450339050658171,0
2023-07-28 11:03:23,259.4,5289016,360,254.27,1086648,908653,3.470283207020339,0
2023-07-28 11:03:24,259.3,5289041,181,254.27,1099297,908017,3.4303948942959805,0
2023-07-28 11:03:25,259.3,5289273,10,254.27,1098414,907821,3.4303948942959805,0
2023-07-28 11:03:25,259.3,5289273,10,254.27,1098414,907821,3.4303948942959805,0
2023-07-28 11:03:25,259.3,5289273,10,254.27,1099225,910364,3.4303948942959805,0
2023-07-28 11:03:26,259.4,5289353,20,254.27,1098885,911983,3.470283207020339,0
2023-07-28 11:03:26,259.45,5289353,103,254.27,1098885,911983,3.490227363382529,0
2023-07-28 11:03:28,259.4,5292476,5,254.28,1099459,879529,3.470283207020339,0
2023-07-28 11:03:28,259.45,5292476,1,254.28,1099459,879529,3.490227363382529,0
2023-07-28 11:03:29,259.4,5296496,14,254.28,1077569,900591,3.470283207020339,0
2023-07-28 11:03:30,259.4,5296594,83,254.28,1075000,898728,3.470283207020339,0
2023-07-28 11:03:31,259.5,5303549,100,254.29,1077584,891553,3.5101715197447194,0
2023-07-28 11:03:32,259.6,5316305,646,254.3,1076575,842425,3.5500598324691004,0
2023-07-28 11:03:32,259.6,5316305,199,254.3,1076575,842425,3.5500598324691004,0
2023-07-28 11:03:33,259.65,5316754,200,254.3,1069858,874355,3.5700039888312682,0
2023-07-28 11:03:33,259.5,5316754,1,254.3,1069858,874355,3.5101715197447194,0
2023-07-28 11:03:35,259.6,5319549,15,254.3,1072671,874736,3.5500598324691004,0
2023-07-28 11:03:36,259.5,5319738,9,254.3,1074969,877466,3.5101715197447194,0
2023-07-28 11:03:37,259.45,5323373,1,254.31,1070838,880313,3.490227363382529,0
2023-07-28 11:03:38,259.4,5324467,24,254.31,1057959,875434,3.470283207020339,0
2023-07-28 11:03:38,259.55,5324467,80,254.31,1057959,875434,3.53011567610691,0
2023-07-28 11:03:39,259.4,5326313,48,254.31,1055314,876751,3.470283207020339,0
2023-07-28 11:03:40,259.45,5327698,1,254.31,1073097,874868,3.490227363382529,0
2023-07-28 11:03:41,259.3,5330293,8,254.31,1064221,881245,3.4303948942959805,0
2023-07-28 11:03:41,259.3,5330293,1,254.31,1064221,881245,3.4303948942959805,0
2023-07-28 11:03:41,259.5,5330808,300,254.31,1067985,879906,3.5101715197447194,0
2023-07-28 11:03:43,259.5,5334323,300,254.32,1075778,872663,3.5101715197447194,0
2023-07-28 11:03:44,259.55,5334564,16,254.32,1085011,871684,3.53011567610691,0
2023-07-28 11:03:44,259.45,5334564,25,254.32,1085011,871684,3.490227363382529,0
2023-07-28 11:03:45,259.55,5335274,1,254.32,1085879,874723,3.53011567610691,0
2023-07-28 11:03:45,259.55,5335575,1,254.32,1087709,875433,3.53011567610691,0
2023-07-28 11:03:47,259.55,5335585,10,254.32,1106709,875423,3.53011567610691,0
2023-07-28 11:03:47,259.55,5335585,35,254.32,1106709,875423,3.53011567610691,0
2023-07-28 11:03:48,259.4,5336078,7,254.32,1099864,878738,3.470283207020339,0
2023-07-28 11:03:48,259.4,5336078,7,254.32,1099864,878738,3.470283207020339,0
2023-07-28 11:03:49,259.4,5336189,67,254.32,1118380,880343,3.470283207020339,0
2023-07-28 11:03:49,259.35,5336189,31,254.32,1118380,880343,3.450339050658171,0
2023-07-28 11:03:51,259.45,5336530,10,254.32,1123040,884182,3.490227363382529,0
2023-07-28 11:03:52,259.45,5336702,1,254.32,1122812,888156,3.490227363382529,0
2023-07-28 11:03:54,259.35,5336715,10,254.32,1124731,889288,3.450339050658171,0
2023-07-28 11:03:55,259.45,5337716,500,254.32,1124186,888532,3.490227363382529,0
2023-07-28 11:03:56,259.4,5338591,850,254.32,1125676,889137,3.470283207020339,0
2023-07-28 11:03:56,259.4,5338591,400,254.32,1125676,889137,3.470283207020339,0
2023-07-28 11:03:57,259.4,5339801,135,254.32,1128266,887363,3.470283207020339,0
2023-07-28 11:03:58,259.45,5340425,9,254.32,1128443,887504,3.490227363382529,0
2023-07-28 11:03:58,259.4,5340425,20,254.32,1128443,887504,3.470283207020339,0
2023-07-28 11:03:58,259.6,5340845,227,254.32,1128661,887109,3.5500598324691004,0
2023-07-28 11:04:00,259.55,5343692,1,254.33,1125027,883230,3.53011567610691,0
2023-07-28 11:04:00,259.4,5346440,2000,254.33,1129062,885743,3.470283207020339,0
2023-07-28 11:04:02,259.5,5346723,6,254.33,1125113,885862,3.5101715197447194,0
2023-07-28 11:04:03,259.5,5347868,2,254.33,1123247,885966,3.5101715197447194,0
2023-07-28 11:04:04,259.5,5348711,43,254.33,1124456,885575,3.5101715197447194,0
2023-07-28 11:04:04,259.5,5348711,43,254.33,1124456,885575,3.5101715197447194,0
2023-07-28 11:04:05,259.4,5348736,100,254.33,1117400,886342,3.470283207020339,0
2023-07-28 11:04:06,259.5,5348988,132,254.33,1113107,887795,3.5101715197447194,0
2023-07-28 11:04:07,259.4,5350304,30,254.33,1114941,890025,3.470283207020339,0
2023-07-28 11:04:07,259.45,5350304,100,254.33,1114941,890025,3.490227363382529,0
2023-07-28 11:04:08,259.45,5350413,3,254.33,1115624,889286,3.490227363382529,0
2023-07-28 11:04:09,259.5,5352414,2,254.33,1115406,886065,3.5101715197447194,0
2023-07-28 11:04:09,259.5,5352414,50,254.33,1115406,886065,3.5101715197447194,0
2023-07-28 11:04:10,259.5,5353118,50,254.33,1116683,891086,3.5101715197447194,0
2023-07-28 11:04:10,259.5,5353193,75,254.33,1116706,893037,3.5101715197447194,0
2023-07-28 11:04:10,259.4,5353193,1,254.33,1116706,893037,3.470283207020339,0
2023-07-28 11:04:12,259.4,5353494,30,254.33,1115984,893540,3.470283207020339,0
2023-07-28 11:04:12,259.4,5353596,30,254.33,1116437,893581,3.470283207020339,0
2023-07-28 11:04:13,259.35,5355210,49,254.34,1114989,895002,3.450339050658171,0
2023-07-28 11:04:13,259.4,5355210,50,254.34,1114989,895002,3.470283207020339,0
2023-07-28 11:04:15,259.4,5355492,2,254.34,1111827,894889,3.470283207020339,0
2023-07-28 11:04:15,259.35,5355492,10,254.34,1111827,894889,3.450339050658171,0
2023-07-28 11:04:16,259.3,5358968,53,254.34,1109772,892685,3.4303948942959805,0
2023-07-28 11:04:17,259.4,5359033,12,254.34,1112989,891912,3.470283207020339,0
2023-07-28 11:04:18,259.4,5359191,1,254.34,1112881,892634,3.470283207020339,0
2023-07-28 11:04:19,259.3,5359902,99,254.34,1113848,893201,3.4303948942959805,0
2023-07-28 11:04:20,259.25,5360002,131,254.34,1109159,891924,3.41045073793379,0
2023-07-28 11:04:21,259.4,5360656,154,254.34,1111657,891637,3.470283207020339,0
2023-07-28 11:04:22,259.3,5361185,25,254.34,1111447,895180,3.4303948942959805,0
2023-07-28 11:04:24,259.25,5361389,6,254.34,1111399,894444,3.41045073793379,0
2023-07-28 11:04:25,259.25,5361507,86,254.34,1115141,893146,3.41045073793379,0
2023-07-28 11:04:26,259.25,5362683,1,254.34,1115665,891493,3.41045073793379,0
2023-07-28 11:04:26,259.25,5362683,1,254.34,1115665,891493,3.41045073793379,0
2023-07-28 11:04:27,259.4,5362853,10,254.34,1117126,895075,3.470283207020339,0
2023-07-28 11:04:27,259.4,5362853,10,254.34,1117126,895075,3.470283207020339,0
2023-07-28 11:04:28,259.4,5362865,2,254.34,1116769,895046,3.470283207020339,0
2023-07-28 11:04:29,259.3,5365946,70,254.35,1114386,898067,3.4303948942959805,0
2023-07-28 11:04:29,259.25,5365946,10,254.35,1114386,898067,3.41045073793379,0
2023-07-28 11:04:29,259.25,5366246,10,254.35,1118180,897383,3.41045073793379,0
2023-07-28 11:04:29,259.4,5366246,7,254.35,1118180,897383,3.470283207020339,0
2023-07-28 11:04:30,259.4,5366453,7,254.35,1119142,897768,3.470283207020339,0
2023-07-28 11:04:30,259.3,5366453,80,254.35,1119142,897768,3.4303948942959805,0
2023-07-28 11:04:32,259.3,5366733,80,254.35,1110655,898881,3.4303948942959805,0
2023-07-28 11:04:33,259.35,5366792,1,254.35,1112572,901876,3.450339050658171,0
2023-07-28 11:04:34,259.35,5366795,3,254.35,1112665,900648,3.450339050658171,0
2023-07-28 11:04:35,259.4,5367325,5,254.35,1115627,899052,3.470283207020339,0
2023-07-28 11:04:36,259.25,5367825,194,254.35,1115026,904426,3.41045073793379,0
2023-07-28 11:04:37,259.35,5372995,55,254.35,1115495,909782,3.450339050658171,0
2023-07-28 11:04:37,259.35,5372995,55,254.35,1115495,909782,3.450339050658171,0
2023-07-28 11:04:37,259.4,5372995,100,254.35,1115495,909782,3.470283207020339,0
2023-07-28 11:04:38,259.4,5373532,100,254.35,1114513,908654,3.470283207020339,0
2023-07-28 11:04:38,259.4,5373532,5,254.35,1114513,908654,3.470283207020339,0
2023-07-28 11:04:41,259.4,5373745,4,254.35,1117804,905393,3.470283207020339,0
2023-07-28 11:04:41,259.4,5373745,5,254.35,1117804,905393,3.470283207020339,0
2023-07-28 11:04:41,259.4,5373750,5,254.35,1119245,906570,3.470283207020339,0
2023-07-28 11:04:41,259.35,5373750,250,254.35,1118785,906923,3.450339050658171,0
2023-07-28 11:04:43,259.3,5374002,2,254.35,1119114,906005,3.4303948942959805,0
2023-07-28 11:04:45,259.35,5374152,150,254.35,1120797,905623,3.450339050658171,0
2023-07-28 11:04:45,259.3,5374152,118,254.35,1120797,905623,3.4303948942959805,0
2023-07-28 11:04:46,259.3,5374677,25,254.35,1121458,905643,3.4303948942959805,0
2023-07-28 11:04:47,259.4,5375166,2,254.35,1120469,907736,3.470283207020339,0
2023-07-28 11:04:47,259.4,5375166,2,254.35,1120469,907736,3.470283207020339,0
2023-07-28 11:04:47,259.4,5375166,15,254.35,1121967,909652,3.470283207020339,0
2023-07-28 11:04:49,259.35,5375471,80,254.35,1122976,907551,3.450339050658171,0
2023-07-28 11:04:49,259.35,5375471,55,254.35,1122976,907551,3.450339050658171,0
2023-07-28 11:04:50,259.4,5377157,122,254.36,1117295,901754,3.470283207020339,0
2023-07-28 11:04:50,259.35,5377167,10,254.36,1119239,901244,3.450339050658171,0
2023-07-28 11:04:50,259.45,5377167,1,254.36,1119239,901244,3.490227363382529,0
2023-07-28 11:04:53,259.45,5378850,117,254.36,1113698,897886,3.490227363382529,0
2023-07-28 11:04:54,259.45,5385576,11,254.36,1114934,898825,3.490227363382529,0
2023-07-28 11:04:55,259.6,5388057,425,254.37,1128058,899264,3.5500598324691004,0
2023-07-28 11:04:55,259.6,5388057,311,254.37,1128058,899264,3.5500598324691004,0
2023-07-28 11:04:56,259.6,5396302,3,254.37,1137853,891638,3.5500598324691004,0
2023-07-28 11:04:57,259.65,5402465,50,254.38,1140807,885640,3.5700039888312682,0
2023-07-28 11:04:57,259.7,5402465,5,254.38,1140807,885640,3.5899481451934583,0
2023-07-28 11:04:59,259.8,5406448,10,254.38,1138124,886263,3.6298364579178393,0
2023-07-28 11:05:00,259.75,5407413,10,254.39,1144472,879540,3.6098923015556488,0
2023-07-28 11:05:00,259.8,5407413,10,254.39,1144472,879540,3.6298364579178393,0
2023-07-28 11:05:01,259.8,5410138,2127,254.39,1145322,880056,3.6298364579178393,0
2023-07-28 11:05:02,259.8,5410153,5,254.39,1145322,877463,3.6298364579178393,0
2023-07-28 11:05:03,259.8,5414646,1,254.39,1151047,876315,3.6298364579178393,0
2023-07-28 11:05:03,259.8,5414646,115,254.39,1151047,876315,3.6298364579178393,0
2023-07-28 11:05:04,259.8,5416261,49,254.39,1152921,875320,3.6298364579178393,0
2023-07-28 11:05:04,259.7,5420286,31,254.4,1154361,872866,3.5899481451934583,0
2023-07-28 11:05:04,259.8,5420286,4,254.4,1154361,872866,3.6298364579178393,0
2023-07-28 11:05:06,259.8,5420301,10,254.4,1153879,873348,3.6298364579178393,0
2023-07-28 11:05:07,259.75,5426252,10,254.4,1120732,872078,3.6098923015556488,0
2023-07-28 11:05:07,259.75,5426252,10,254.4,1138828,871202,3.6098923015556488,0
2023-07-28 11:05:09,259.8,5430176,150,254.41,1104525,874991,3.6298364579178393,0
2023-07-28 11:05:09,259.75,5430176,17,254.41,1104525,874991,3.6098923015556488,0
2023-07-28 11:05:10,259.6,5435815,8,254.41,1119506,872029,3.5500598324691004,0
2023-07-28 11:05:11,259.75,5439929,763,254.42,1117737,872815,3.6098923015556488,0
2023-07-28 11:05:12,259.75,5439930,1,254.42,1116644,873927,3.6098923015556488,0
2023-07-28 11:05:13,259.8,5445182,212,254.42,1120200,870579,3.6298364579178393,0
2023-07-28 11:05:14,259.8,5448401,1,254.43,1117605,870003,3.6298364579178393,0
2023-07-28 11:05:16,259.8,5448411,10,254.43,1119914,871196,3.6298364579178393,0
2023-07-28 11:05:16,259.85,5451731,98,254.43,1114772,871572,3.6497806142800298,0
2023-07-28 11:05:17,259.75,5452021,40,254.43,1113683,870770,3.6098923015556488,0
2023-07-28 11:05:17,259.75,5452076,30,254.43,1122503,871820,3.6098923015556488,0
2023-07-28 11:05:18,259.75,5452576,30,254.43,1122562,869853,3.6098923015556488,0
2023-07-28 11:05:18,259.8,5452576,40,254.43,1122562,869853,3.6298364579178393,0
2023-07-28 11:05:20,259.8,5453998,88,254.43,1118958,868021,3.6298364579178393,0
2023-07-28 11:05:21,259.75,5454138,10,254.43,1121520,870585,3.6098923015556488,0
2023-07-28 11:05:22,259.65,5454264,105,254.43,1121981,870592,3.5700039888312682,0
2023-07-28 11:05:22,259.65,5454264,105,254.43,1121981,870592,3.5700039888312682,0
2023-07-28 11:05:22,259.6,5454264,347,254.43,1121981,870592,3.5500598324691004,0
2023-07-28 11:05:23,259.6,5457108,347,254.43,1124816,875306,3.5500598324691004,0
2023-07-28 11:05:25,259.7,5457332,59,254.43,1091821,879342,3.5899481451934583,0
2023-07-28 11:05:26,259.65,5457558,100,254.44,1125874,879987,3.5700039888312682,0
2023-07-28 11:05:26,259.6,5457558,100,254.44,1125874,879987,3.5500598324691004,0
2023-07-28 11:05:26,259.6,5457558,100,254.44,1125874,879987,3.5500598324691004,0
2023-07-28 11:05:27,259.65,5457698,15,254.44,1126868,879143,3.5700039888312682,0
2023-07-28 11:05:28,259.6,5458551,3,254.44,1133785,881331,3.5500598324691004,0
2023-07-28 11:05:28,259.7,5458551,6,254.44,1133785,881331,3.5899481451934583,0
2023-07-28 11:05:29,259.65,5459001,205,254.44,1130460,880838,3.5700039888312682,0
2023-07-28 11:05:29,259.65,5459001,205,254.44,1116466,879148,3.5700039888312682,0
2023-07-28 11:05:29,259.65,5459001,20,254.44,1134058,878781,3.5700039888312682,0
2023-07-28 11:05:32,259.65,5459371,215,254.44,1132793,881270,3.5700039888312682,0
2023-07-28 11:05:33,259.65,5459596,27,254.44,1133108,881639,3.5700039888312682,0
2023-07-28 11:05:35,259.65,5464325,39,254.44,1131059,877325,3.5700039888312682,0
2023-07-28 11:05:36,259.65,5465022,147,254.44,1130577,879862,3.5700039888312682,0
2023-07-28 11:05:37,259.6,5465254,7,254.44,1133827,879576,3.5500598324691004,0
2023-07-28 11:05:38,259.75,5465639,122,254.44,1132349,882814,3.6098923015556488,0
2023-07-28 11:05:39,259.6,5465649,4,254.44,1134237,884772,3.5500598324691004,0
2023-07-28 11:05:39,259.6,5465649,5,254.44,1134237,884772,3.5500598324691004,0
2023-07-28 11:05:40,259.6,5466754,1000,254.44,1119347,883606,3.5500598324691004,0
2023-07-28 11:05:40,259.6,5466754,40,254.44,1119347,883606,3.5500598324691004,0
2023-07-28 11:05:41,259.7,5466857,1,254.44,1128548,886950,3.5899481451934583,0
2023-07-28 11:05:42,259.6,5466947,90,254.44,1128582,886881,3.5500598324691004,0
2023-07-28 11:05:42,259.6,5466947,30,254.44,1128582,886881,3.5500598324691004,0
2023-07-28 11:05:43,259.7,5466978,1,254.44,1128251,889049,3.5899481451934583,0
2023-07-28 11:05:43,259.6,5466978,220,254.44,1128251,889049,3.5500598324691004,0
2023-07-28 11:05:43,259.6,5469278,1,254.45,1129748,886961,3.5500598324691004,0
2023-07-28 11:05:45,259.65,5469449,20,254.45,1129573,885867,3.5700039888312682,0
2023-07-28 11:05:46,259.65,5469651,200,254.45,1124871,885867,3.5700039888312682,0
2023-07-28 11:05:46,259.7,5469651,787,254.45,1124871,885867,3.5899481451934583,0
2023-07-28 11:05:47,259.6,5471859,58,254.45,1121545,887849,3.5500598324691004,0
2023-07-28 11:05:48,259.6,5473459,1220,254.45,1124824,884970,3.5500598324691004,0
2023-07-28 11:05:49,259.6,5473460,1,254.45,1123126,885195,3.5500598324691004,0
2023-07-28 11:05:49,259.75,5473460,49,254.45,1123126,885195,3.6098923015556488,0
2023-07-28 11:05:50,259.75,5475622,536,254.45,1118288,883281,3.6098923015556488,0
2023-07-28 11:05:50,259.65,5475622,23,254.45,1118288,883281,3.5700039888312682,0
2023-07-28 11:05:51,259.65,5476708,4,254.45,1114917,889066,3.5700039888312682,0
2023-07-28 11:05:53,259.65,5476812,1,254.45,1121824,889062,3.5700039888312682,0
2023-07-28 11:05:54,259.65,5476913,53,254.45,1121035,888541,3.5700039888312682,0
2023-07-28 11:05:54,259.65,5476913,53,254.45,1120536,887798,3.5700039888312682,0
2023-07-28 11:05:54,259.7,5476913,50,254.45,1120536,887798,3.5899481451934583,0
2023-07-28 11:05:56,259.6,5477249,2,254.45,1116904,887366,3.5500598324691004,0
2023-07-28 11:05:57,259.6,5477251,2,254.45,1116802,888590,3.5500598324691004,0
2023-07-28 11:05:58,259.7,5478115,7,254.45,1119781,891083,3.5899481451934583,0
2023-07-28 11:05:58,259.55,5478115,19,254.45,1119781,891083,3.53011567610691,0
2023-07-28 11:05:59,259.55,5478199,15,254.45,1119611,890146,3.53011567610691,0
2023-07-28 11:05:59,259.55,5478199,60,254.45,1119611,890146,3.53011567610691,0
2023-07-28 11:06:00,259.65,5478869,403,254.46,1119973,897687,3.5700039888312682,0
2023-07-28 11:06:01,259.6,5478919,48,254.46,1119315,897966,3.5500598324691004,0
2023-07-28 11:06:01,259.65,5478919,10,254.46,1119315,897966,3.5700039888312682,0
2023-07-28 11:06:02,259.5,5484929,5,254.46,1110915,898908,3.5101715197447194,0
2023-07-28 11:06:03,259.45,5485778,98,254.46,1106750,896700,3.490227363382529,0
2023-07-28 11:06:03,259.45,5485778,98,254.46,1106750,896700,3.490227363382529,0
2023-07-28 11:06:04,259.45,5485815,37,254.46,1105794,897067,3.490227363382529,0
2023-07-28 11:06:04,259.45,5485815,100,254.46,1105794,897067,3.490227363382529,0
2023-07-28 11:06:05,259.35,5487242,69,254.46,1100824,899949,3.450339050658171,0
