2023-07-28 10:47:09,2519.85,2179345,3,2520.21,227594,404319,0.6852599192871736,0
2023-07-28 10:47:10,2519.55,2179439,30,2520.21,229626,404082,0.6732728653054847,0
2023-07-28 10:47:11,2519.2,2179501,1,2520.21,228341,404319,0.6592879689934871,0
2023-07-28 10:47:13,2519.2,2179549,40,2520.21,230016,405528,0.6592879689934871,0
2023-07-28 10:47:13,2519.15,2179549,2,2520.21,230016,405528,0.6572901266632147,0
2023-07-28 10:47:14,2519.1,2179843,41,2520.21,230490,405897,0.6552922843329241,0
2023-07-28 10:47:15,2518.75,2180365,1,2520.21,230462,405217,0.6413073880209447,0
2023-07-28 10:47:15,2519.0,2180365,30,2520.21,230462,405217,0.6512965996723612,0
2023-07-28 10:47:15,2518.75,2180416,1,2520.21,230441,405235,0.6413073880209447,0
2023-07-28 10:47:17,2518.75,2180423,1,2520.21,230505,404912,0.6413073880209447,0
2023-07-28 10:47:18,2518.3,2181832,16,2520.21,229364,406003,0.6233268070484024,0
2023-07-28 10:47:19,2518.0,2182797,4,2520.21,228302,405337,0.6113397530666953,0
2023-07-28 10:47:19,2518.0,2182797,4,2520.21,228302,405337,0.6113397530666953,0
2023-07-28 10:47:20,2518.0,2183070,57,2520.21,228460,404982,0.6113397530666953,0
2023-07-28 10:47:20,2518.0,2183070,57,2520.21,228460,404982,0.6113397530666953,0
2023-07-28 10:47:21,2517.95,2183082,1,2520.21,228130,405041,0.6093419107364048,0
2023-07-28 10:47:22,2517.55,2183240,2,2520.21,228846,404772,0.5933591720941529,0
2023-07-28 10:47:22,2517.55,2183240,2,2520.21,228846,404772,0.5933591720941529,0
2023-07-28 10:47:23,2518.0,2183382,8,2520.2,226258,404911,0.6113397530666953,0
2023-07-28 10:47:23,2518.0,2183382,8,2520.2,226258,404911,0.6113397530666953,0
2023-07-28 10:47:24,2517.25,2183845,1,2520.2,228901,405218,0.5813721181124458,0
2023-07-28 10:47:25,2517.2,2183894,6,2520.2,229187,404939,0.5793742757821553,0
2023-07-28 10:47:26,2517.1,2184047,1,2520.2,227714,404482,0.5753785911215924,0
2023-07-28 10:47:26,2517.5,2184047,1,2520.2,227714,404482,0.5913613297638624,0
2023-07-28 10:47:27,2517.5,2184387,1,2520.2,227779,404186,0.5913613297638624,0
2023-07-28 10:47:28,2517.6,2184427,1,2520.2,228598,404285,0.5953570144244253,0
2023-07-28 10:47:28,2517.6,2184427,12,2520.2,228598,404285,0.5953570144244253,0
2023-07-28 10:47:30,2517.55,2184529,3,2520.2,228488,404197,0.5933591720941529,0
2023-07-28 10:47:30,2517.6,2184529,2,2520.2,228488,404197,0.5953570144244253,0
2023-07-28 10:47:30,2517.55,2184553,6,2520.2,226908,404001,0.5933591720941529,0
2023-07-28 10:47:32,2517.5,2184567,1,2520.2,229375,403968,0.5913613297638624,0
2023-07-28 10:47:33,2517.6,2184580,2,2520.2,227979,404464,0.5953570144244253,0
2023-07-28 10:47:34,2517.25,2184592,1,2520.2,228964,404127,0.5813721181124458,0
2023-07-28 10:47:34,2518.5,2184592,16,2520.2,228964,404127,0.6313181763695283,0
2023-07-28 10:47:36,2519.2,2189661,11,2520.2,229175,402905,0.6592879689934871,0
2023-07-28 10:47:36,2519.2,2189661,11,2520.2,229175,402905,0.6592879689934871,0
2023-07-28 10:47:37,2518.3,2189708,47,2520.2,227200,403315,0.6233268070484024,0
2023-07-28 10:47:37,2518.3,2189708,5,2520.2,227200,403315,0.6233268070484024,0
2023-07-28 10:47:38,2518.3,2189715,1,2520.2,229193,402992,0.6233268070484024,0
2023-07-28 10:47:39,2518.3,2189716,1,2520.2,229905,402901,0.6233268070484024,0
2023-07-28 10:47:40,2518.3,2189719,1,2520.2,229987,403098,0.6233268070484024,0
2023-07-28 10:47:40,2518.25,2189719,1,2520.2,229987,403098,0.6213289647181117,0
2023-07-28 10:47:41,2518.15,2190251,14,2520.2,229410,403323,0.6173332800575488,0
2023-07-28 10:47:41,2518.25,2190251,4,2520.2,229410,403323,0.6213289647181117,0
2023-07-28 10:47:42,2518.25,2190483,6,2520.2,229576,403077,0.6213289647181117,0
2023-07-28 10:47:43,2518.25,2190495,6,2520.2,229737,403179,0.6213289647181117,0
2023-07-28 10:47:43,2518.25,2190495,8,2520.2,229737,403179,0.6213289647181117,0
2023-07-28 10:47:45,2518.25,2190661,53,2520.2,229838,403333,0.6213289647181117,0
2023-07-28 10:47:45,2518.25,2190661,53,2520.2,229838,403333,0.6213289647181117,0
2023-07-28 10:47:46,2518.15,2190929,38,2520.2,227917,402988,0.6173332800575488,0
2023-07-28 10:47:46,2518.0,2190929,28,2520.2,227917,402988,0.6113397530666953,0
2023-07-28 10:47:47,2518.0,2191022,3,2520.2,227852,403027,0.6113397530666953,0
2023-07-28 10:47:48,2518.0,2191104,3,2520.2,229772,403281,0.6113397530666953,0
2023-07-28 10:47:48,2518.25,2191104,1,2520.2,229772,403281,0.6213289647181117,0
2023-07-28 10:47:50,2518.0,2191133,2,2520.2,230227,403577,0.6113397530666953,0
2023-07-28 10:47:52,2518.0,2191140,1,2520.2,229982,403572,0.6113397530666953,0
2023-07-28 10:47:53,2518.25,2191143,1,2520.2,230606,403559,0.6213289647181117,0
2023-07-28 10:47:54,2518.25,2191146,1,2520.2,231018,403675,0.6213289647181117,0
2023-07-28 10:47:55,2518.25,2191174,1,2520.2,228109,403439,0.6213289647181117,0
2023-07-28 10:47:55,2518.25,2191174,1,2520.2,228109,403439,0.6213289647181117,0
2023-07-28 10:47:55,2518.25,2191175,1,2520.2,230523,403177,0.6213289647181117,0
2023-07-28 10:47:55,2518.25,2191175,1,2520.2,230523,403177,0.6213289647181117,0
2023-07-28 10:47:57,2519.0,2191191,1,2520.2,230804,403716,0.6512965996723612,0
2023-07-28 10:47:57,2519.0,2191191,1,2520.2,230804,403716,0.6512965996723612,0
2023-07-28 10:47:59,2519.25,2191201,4,2520.2,230869,403938,0.6612858113237776,0
2023-07-28 10:48:00,2519.3,2191223,100,2520.2,230255,404419,0.6632836536540682,0
2023-07-28 10:48:01,2518.3,2191417,11,2520.2,229459,403746,0.6233268070484024,0
2023-07-28 10:48:02,2519.2,2191509,1,2520.2,231231,403660,0.6592879689934871,0
2023-07-28 10:48:04,2519.3,2191585,20,2520.2,230902,403667,0.6632836536540682,0
2023-07-28 10:48:05,2518.35,2191587,1,2520.2,231916,403680,0.6253246493786747,0
2023-07-28 10:48:05,2519.25,2191587,1,2520.2,231916,403680,0.6612858113237776,0
2023-07-28 10:48:06,2518.35,2191743,1,2520.2,229780,403842,0.6253246493786747,0
2023-07-28 10:48:06,2518.35,2191743,23,2520.2,229780,403842,0.6253246493786747,0
2023-07-28 10:48:07,2519.3,2191778,2,2520.2,231834,404278,0.6632836536540682,0
2023-07-28 10:48:07,2519.3,2191778,2,2520.2,231834,404278,0.6632836536540682,0
2023-07-28 10:48:08,2518.4,2191799,1,2520.2,231751,403570,0.6273224917089653,0
2023-07-28 10:48:09,2518.4,2191801,20,2520.2,229525,403862,0.6273224917089653,0
2023-07-28 10:48:09,2518.4,2191801,1,2520.2,229525,403862,0.6273224917089653,0
2023-07-28 10:48:10,2518.4,2191822,1,2520.2,232080,403458,0.6273224917089653,0
2023-07-28 10:48:11,2518.5,2193823,1,2520.2,230332,402853,0.6313181763695283,0
2023-07-28 10:48:13,2518.45,2193966,10,2520.2,232513,402980,0.6293203340392377,0
2023-07-28 10:48:13,2518.55,2193966,1,2520.2,232513,402980,0.6333160186998188,0
2023-07-28 10:48:13,2518.45,2193967,4,2520.2,231712,403319,0.6293203340392377,0
2023-07-28 10:48:14,2518.45,2193972,4,2520.2,231707,403289,0.6293203340392377,0
2023-07-28 10:48:16,2518.55,2193973,1,2520.2,231748,403243,0.6333160186998188,0
2023-07-28 10:48:17,2519.4,2193980,4,2520.2,231654,403579,0.6672793383146312,0
2023-07-28 10:48:17,2518.45,2193980,1,2520.2,231654,403579,0.6293203340392377,0
2023-07-28 10:48:18,2518.5,2193982,1,2520.2,228960,403453,0.6313181763695283,0
2023-07-28 10:48:18,2518.5,2193982,1,2520.2,228960,403453,0.6313181763695283,0
2023-07-28 10:48:19,2519.3,2193983,1,2520.2,232036,404123,0.6632836536540682,0
2023-07-28 10:48:20,2519.3,2193984,1,2520.2,231987,404152,0.6632836536540682,0
2023-07-28 10:48:21,2519.95,2195036,1,2520.2,232180,403679,0.6892556039477364,0
2023-07-28 10:48:21,2519.35,2195036,1,2520.2,232180,403679,0.6652814959843406,0
2023-07-28 10:48:23,2519.3,2195540,497,2520.2,231419,403771,0.6632836536540682,0
2023-07-28 10:48:23,2518.6,2195565,25,2520.2,232180,404325,0.6353138610300911,0
2023-07-28 10:48:25,2519.15,2195569,2,2520.2,230243,404340,0.6572901266632147,0
2023-07-28 10:48:25,2519.25,2195569,1,2520.2,230243,404340,0.6612858113237776,0
2023-07-28 10:48:25,2519.25,2195620,49,2520.2,228021,403330,0.6612858113237776,0
2023-07-28 10:48:25,2518.25,2195620,128,2520.2,228021,403330,0.6213289647181117,0
2023-07-28 10:48:27,2519.2,2196090,82,2520.2,229210,404942,0.6592879689934871,0
2023-07-28 10:48:27,2518.5,2196091,1,2520.2,230686,404967,0.6313181763695283,0
2023-07-28 10:48:27,2518.25,2196091,29,2520.2,230686,404967,0.6213289647181117,0
2023-07-28 10:48:29,2518.5,2196123,1,2520.2,230902,404172,0.6313181763695283,0
2023-07-28 10:48:29,2519.25,2196123,21,2520.2,230902,404172,0.6612858113237776,0
2023-07-28 10:48:29,2518.5,2196163,1,2520.2,231672,403429,0.6313181763695283,0
2023-07-28 10:48:31,2519.1,2196170,1,2520.2,231672,403173,0.6552922843329241,0
2023-07-28 10:48:31,2518.25,2196171,1,2520.2,231669,403175,0.6213289647181117,0
2023-07-28 10:48:32,2518.4,2196172,1,2520.2,231679,403206,0.6273224917089653,0
2023-07-28 10:48:33,2519.1,2196184,1,2520.2,231688,403195,0.6552922843329241,0
2023-07-28 10:48:35,2518.25,2196287,1,2520.2,231696,402903,0.6213289647181117,0
2023-07-28 10:48:35,2518.25,2196287,1,2520.2,231696,402903,0.6213289647181117,0
2023-07-28 10:48:35,2518.25,2196292,1,2520.2,231691,402904,0.6213289647181117,0
2023-07-28 10:48:36,2518.25,2196293,1,2520.2,231754,402864,0.6213289647181117,0
2023-07-28 10:48:36,2518.25,2196293,1,2520.2,231754,402864,0.6213289647181117,0
2023-07-28 10:48:37,2518.25,2196294,1,2520.2,231753,402925,0.6213289647181117,0
2023-07-28 10:48:37,2518.25,2196294,1,2520.2,231753,402925,0.6213289647181117,0
2023-07-28 10:48:38,2518.25,2196295,1,2520.2,231757,402926,0.6213289647181117,0
2023-07-28 10:48:39,2518.25,2196296,1,2520.2,231271,402981,0.6213289647181117,0
2023-07-28 10:48:39,2518.25,2196296,1,2520.2,231271,402981,0.6213289647181117,0
2023-07-28 10:48:41,2518.25,2196299,1,2520.2,231269,402943,0.6213289647181117,0
2023-07-28 10:48:41,2518.25,2196299,1,2520.2,231269,402943,0.6213289647181117,0
2023-07-28 10:48:42,2518.25,2196300,1,2520.2,231280,402918,0.6213289647181117,0
2023-07-28 10:48:42,2518.25,2196300,1,2520.2,231280,402918,0.6213289647181117,0
2023-07-28 10:48:43,2518.2,2196640,74,2520.2,230871,403226,0.6193311223878212,0
2023-07-28 10:48:44,2518.25,2196641,1,2520.2,231560,403130,0.6213289647181117,0
2023-07-28 10:48:45,2518.25,2196642,1,2520.2,230794,403002,0.6213289647181117,0
2023-07-28 10:48:46,2518.3,2196658,1,2520.2,230803,403407,0.6233268070484024,0
2023-07-28 10:48:46,2519.05,2196659,38,2520.2,230861,403492,0.6532944420026517,0
2023-07-28 10:48:48,2518.25,2196701,1,2520.2,231128,403887,0.6213289647181117,0
2023-07-28 10:48:48,2518.1,2196751,1,2520.2,231362,403509,0.6153354377272583,0
2023-07-28 10:48:48,2518.25,2196751,1,2520.2,231362,403509,0.6213289647181117,0
2023-07-28 10:48:51,2518.95,2196760,3,2520.2,231263,403849,0.6492987573420707,0
2023-07-28 10:48:52,2518.95,2196762,1,2520.2,231275,403840,0.6492987573420707,0
2023-07-28 10:48:53,2518.1,2196777,8,2520.2,231278,403839,0.6153354377272583,0
2023-07-28 10:48:54,2518.1,2196782,1,2520.2,231274,403823,0.6153354377272583,0
2023-07-28 10:48:55,2518.1,2196788,1,2520.2,231318,403621,0.6153354377272583,0
2023-07-28 10:48:56,2518.1,2196789,1,2520.2,231317,403623,0.6153354377272583,0
2023-07-28 10:48:58,2518.95,2197052,10,2520.2,231098,403683,0.6492987573420707,0
2023-07-28 10:48:58,2518.1,2197056,4,2520.2,229829,403516,0.6153354377272583,0
2023-07-28 10:48:59,2518.1,2197063,1,2520.2,231154,403578,0.6153354377272583,0
2023-07-28 10:49:00,2518.25,2197065,1,2520.2,229885,403306,0.6213289647181117,0
2023-07-28 10:49:01,2518.1,2197267,1,2520.2,232134,403211,0.6153354377272583,0
2023-07-28 10:49:02,2518.25,2197409,20,2520.2,232109,403286,0.6213289647181117,0
2023-07-28 10:49:03,2518.1,2197447,1,2520.2,231841,403269,0.6153354377272583,0
2023-07-28 10:49:04,2518.1,2197451,1,2520.2,232087,403271,0.6153354377272583,0
2023-07-28 10:49:05,2518.25,2197696,1,2520.2,231156,403169,0.6213289647181117,0
2023-07-28 10:49:07,2518.25,2197775,1,2520.2,231228,403450,0.6213289647181117,0
2023-07-28 10:49:07,2518.1,2197962,31,2520.2,231322,403749,0.6153354377272583,0
2023-07-28 10:49:08,2518.25,2198072,7,2520.2,230379,403476,0.6213289647181117,0
2023-07-28 10:49:09,2518.25,2198095,22,2520.2,231537,403214,0.6213289647181117,0
2023-07-28 10:49:10,2518.25,2198356,2,2520.2,231744,403644,0.6213289647181117,0
2023-07-28 10:49:11,2518.1,2198371,207,2520.2,231753,403598,0.6153354377272583,0
2023-07-28 10:49:12,2518.0,2200758,1,2520.19,229210,404294,0.6113397530666953,0
2023-07-28 10:49:12,2517.5,2200758,71,2520.19,229210,404294,0.5913613297638624,0
2023-07-28 10:49:14,2517.5,2202172,1,2520.19,228360,404353,0.5913613297638624,0
2023-07-28 10:49:14,2517.9,2202172,2,2520.19,228360,404353,0.6073440684061323,0
2023-07-28 10:49:15,2518.0,2202991,19,2520.19,229033,404347,0.6113397530666953,0
2023-07-28 10:49:15,2518.0,2202991,19,2520.19,229033,404347,0.6113397530666953,0
2023-07-28 10:49:16,2517.9,2203243,1,2520.19,228912,404014,0.6073440684061323,0
2023-07-28 10:49:16,2517.5,2203243,10,2520.19,228912,404014,0.5913613297638624,0
2023-07-28 10:49:17,2517.5,2203298,210,2520.19,228925,404287,0.5913613297638624,0
2023-07-28 10:49:29,2516.2,2206990,14,2520.19,228768,405667,0.5394174291764894,0
2023-07-28 10:49:29,2516.15,2206990,50,2520.19,228768,405667,0.537419586846217,0
2023-07-28 10:49:32,2517.05,2207210,11,2520.19,228502,405024,0.57338074879132,0
2023-07-28 10:49:32,2517.0,2207210,1,2520.19,228502,405024,0.5713829064610294,0
2023-07-28 10:49:33,2516.25,2207255,35,2520.19,228920,405288,0.54141527150678,0
2023-07-28 10:49:33,2516.2,2207274,4,2520.19,229611,405383,0.5394174291764894,0
2023-07-28 10:49:34,2517.0,2207276,1,2520.19,228866,405261,0.5713829064610294,0
2023-07-28 10:49:35,2516.2,2207295,1,2520.19,226423,405913,0.5394174291764894,0
2023-07-28 10:49:36,2516.2,2207335,7,2520.19,228904,406281,0.5394174291764894,0
2023-07-28 10:49:37,2516.2,2207363,3,2520.19,228780,405407,0.5394174291764894,0
2023-07-28 10:49:37,2516.2,2207363,3,2520.19,228780,405407,0.5394174291764894,0
2023-07-28 10:49:38,2516.2,2207396,10,2520.19,228830,405665,0.5394174291764894,0
2023-07-28 10:49:39,2516.2,2207454,1,2520.19,228096,405741,0.5394174291764894,0
2023-07-28 10:49:40,2516.2,2207470,2,2520.19,228101,405780,0.5394174291764894,0
2023-07-28 10:49:40,2516.2,2207470,2,2520.19,228101,405780,0.5394174291764894,0
2023-07-28 10:49:40,2516.2,2207470,2,2520.19,228218,406010,0.5394174291764894,0
2023-07-28 10:49:42,2516.55,2207480,10,2520.19,228202,405770,0.553402325488487,0
2023-07-28 10:49:42,2516.2,2207480,1,2520.19,228202,405770,0.5394174291764894,0
2023-07-28 10:49:43,2516.55,2207484,1,2520.19,228016,405927,0.553402325488487,0
2023-07-28 10:49:43,2516.55,2207484,1,2520.19,228016,405927,0.553402325488487,0
2023-07-28 10:49:44,2516.25,2207519,3,2520.19,228094,405930,0.54141527150678,0
2023-07-28 10:49:45,2516.25,2207907,12,2520.18,228131,405811,0.54141527150678,0
2023-07-28 10:49:46,2516.55,2207993,2,2520.18,227775,406019,0.553402325488487,0
2023-07-28 10:49:47,2516.0,2208640,18,2520.18,228096,405433,0.5314260598553635,0
2023-07-28 10:49:48,2516.0,2208669,1,2520.18,227678,405315,0.5314260598553635,0
2023-07-28 10:49:49,2516.75,2208674,1,2520.18,227639,405077,0.561393694809613,0
2023-07-28 10:49:50,2516.0,2208675,1,2520.18,227656,405058,0.5314260598553635,0
2023-07-28 10:49:51,2516.0,2208765,3,2520.18,227553,405042,0.5314260598553635,0
2023-07-28 10:49:52,2516.05,2209798,2,2520.18,228107,405221,0.533423902185654,0
2023-07-28 10:49:53,2516.05,2210041,20,2520.18,227980,404997,0.533423902185654,0
2023-07-28 10:49:54,2516.05,2210133,1,2520.18,227905,405016,0.533423902185654,0
2023-07-28 10:49:55,2516.0,2210134,1,2520.18,227974,405269,0.5314260598553635,0
2023-07-28 10:49:56,2516.7,2210314,1,2520.18,227365,406214,0.5593958524793223,0
2023-07-28 10:49:58,2516.0,2210559,20,2520.18,227350,405830,0.5314260598553635,0
2023-07-28 10:49:58,2516.0,2210559,3,2520.18,227350,405830,0.5314260598553635,0
2023-07-28 10:49:58,2516.6,2210595,15,2520.18,227130,405612,0.5554001678187594,0
2023-07-28 10:49:59,2516.0,2210677,1,2520.18,227103,406117,0.5314260598553635,0
2023-07-28 10:50:00,2516.05,2210703,5,2520.18,227151,406204,0.533423902185654,0
2023-07-28 10:50:00,2516.0,2210703,1,2520.18,227151,406204,0.5314260598553635,0
2023-07-28 10:50:01,2516.0,2210748,17,2520.18,227636,405793,0.5314260598553635,0
2023-07-28 10:50:02,2516.1,2210854,1,2520.18,227149,406041,0.5354217445159265,0
2023-07-28 10:50:03,2516.1,2210856,1,2520.18,227131,405977,0.5354217445159265,0
2023-07-28 10:50:03,2516.1,2210856,1,2520.18,227131,405977,0.5354217445159265,0
2023-07-28 10:50:04,2515.6,2211409,45,2520.18,226875,406385,0.5154433212130936,0
2023-07-28 10:50:05,2515.6,2211430,7,2520.18,226855,406082,0.5154433212130936,0
2023-07-28 10:50:06,2515.3,2211541,11,2520.18,226571,406267,0.5034562672314047,0
2023-07-28 10:50:07,2515.35,2211936,1,2520.18,227784,405370,0.505454109561677,0
2023-07-28 10:50:08,2515.25,2212160,25,2520.18,227784,405745,0.5014584249011141,0
2023-07-28 10:50:09,2515.3,2212341,15,2520.18,227402,405724,0.5034562672314047,0
2023-07-28 10:50:10,2515.3,2212425,1,2520.18,227341,405719,0.5034562672314047,0
2023-07-28 10:50:11,2515.25,2212456,1,2520.18,228052,405836,0.5014584249011141,0
2023-07-28 10:50:12,2515.55,2212575,10,2520.18,227802,405761,0.5134454788828211,0
2023-07-28 10:50:12,2515.5,2212575,1,2520.18,227802,405761,0.5114476365525306,0
2023-07-28 10:50:14,2515.25,2212599,3,2520.18,227920,405769,0.5014584249011141,0
2023-07-28 10:50:14,2515.25,2212610,1,2520.18,228164,405638,0.5014584249011141,0
2023-07-28 10:50:14,2515.55,2212610,1,2520.18,228164,405638,0.5134454788828211,0
2023-07-28 10:50:16,2515.55,2212670,1,2520.18,228834,405698,0.5134454788828211,0
2023-07-28 10:50:17,2515.1,2214341,3,2520.17,228015,404497,0.4954648979102606,0
2023-07-28 10:50:18,2515.0,2217407,2,2520.16,224658,404763,0.4914692132496976,0
2023-07-28 10:50:19,2514.6,2218269,10,2520.16,225279,405105,0.47548647460742766,0
2023-07-28 10:50:20,2514.8,2218542,19,2520.16,222539,405150,0.48347784392857174,0
2023-07-28 10:50:20,2514.8,2218542,19,2520.16,222539,405150,0.48347784392857174,0
2023-07-28 10:50:22,2514.2,2218831,6,2520.16,226276,406115,0.45950373596515764,0
2023-07-28 10:50:22,2514.8,2218831,2,2520.16,226276,406115,0.48347784392857174,0
2023-07-28 10:50:22,2514.8,2218831,2,2520.16,226276,406115,0.48347784392857174,0
2023-07-28 10:50:22,2514.2,2218831,51,2520.16,226276,406115,0.45950373596515764,0
2023-07-28 10:50:24,2514.8,2220039,3,2520.16,226580,406134,0.48347784392857174,0
2023-07-28 10:50:24,2514.8,2220039,3,2520.16,226580,406134,0.48347784392857174,0
2023-07-28 10:50:25,2514.8,2220709,8,2520.16,226193,406252,0.48347784392857174,0
2023-07-28 10:50:26,2514.8,2220779,1,2520.16,225955,406073,0.48347784392857174,0
2023-07-28 10:50:27,2515.05,2221035,5,2520.16,227437,407349,0.4934670555799882,0
2023-07-28 10:50:27,2515.05,2221035,1,2520.16,227437,407349,0.4934670555799882,0
2023-07-28 10:50:28,2515.05,2221059,1,2520.16,226803,406260,0.4934670555799882,0
2023-07-28 10:50:28,2515.25,2221059,1,2520.16,226803,406260,0.5014584249011141,0
2023-07-28 10:50:30,2515.95,2221183,15,2520.16,225698,405755,0.529428217525073,0
2023-07-28 10:50:30,2517.0,2221183,16,2520.16,225698,405755,0.5713829064610294,0
2023-07-28 10:50:32,2517.0,2221800,1,2520.15,226302,405388,0.5713829064610294,0
2023-07-28 10:50:32,2517.15,2221811,9,2520.15,226376,405560,0.5773764334518829,0
2023-07-28 10:50:34,2517.15,2221829,1,2520.15,226824,406182,0.5773764334518829,0
2023-07-28 10:50:34,2517.45,2221829,26,2520.15,226824,406182,0.5893634874335718,0
2023-07-28 10:50:35,2517.3,2221889,4,2520.15,226477,406311,0.5833699604427365,0
2023-07-28 10:50:35,2517.3,2221889,4,2520.15,226477,406311,0.5833699604427365,0
2023-07-28 10:50:36,2517.5,2221922,2,2520.15,226595,406515,0.5913613297638624,0
2023-07-28 10:50:36,2517.5,2221922,1,2520.15,226595,406515,0.5913613297638624,0
2023-07-28 10:50:37,2517.5,2222186,34,2520.15,226754,406524,0.5913613297638624,0
2023-07-28 10:50:38,2517.3,2222320,2,2520.15,226859,407105,0.5833699604427365,0
2023-07-28 10:50:39,2517.65,2222984,9,2520.15,226796,405022,0.5973548567547159,0
2023-07-28 10:50:39,2517.65,2222984,36,2520.15,226796,405022,0.5973548567547159,0
2023-07-28 10:50:40,2517.65,2223087,36,2520.15,227548,405354,0.5973548567547159,0
2023-07-28 10:50:41,2518.0,2223144,1,2520.15,227608,406990,0.6113397530666953,0
2023-07-28 10:50:42,2518.05,2223146,1,2520.15,227629,405423,0.6133375953969858,0
2023-07-28 10:50:42,2518.1,2223146,1,2520.15,227629,405423,0.6153354377272583,0
2023-07-28 10:50:44,2518.1,2223176,5,2520.15,225147,405516,0.6153354377272583,0
2023-07-28 10:50:44,2518.75,2223197,14,2520.15,226981,405746,0.6413073880209447,0
2023-07-28 10:50:44,2518.75,2223197,14,2520.15,228134,407529,0.6413073880209447,0
2023-07-28 10:50:44,2518.75,2223197,1,2520.15,228134,407529,0.6413073880209447,0
2023-07-28 10:50:46,2518.75,2223311,1,2520.15,228207,407301,0.6413073880209447,0
2023-07-28 10:50:46,2518.75,2223311,1,2520.15,228207,407301,0.6413073880209447,0
2023-07-28 10:50:46,2518.8,2223311,6,2520.15,228207,407301,0.6433052303512352,0
2023-07-28 10:50:49,2519.15,2223667,1,2520.15,228361,405488,0.6572901266632147,0
2023-07-28 10:50:50,2519.25,2223671,1,2520.15,229656,405797,0.6612858113237776,0
2023-07-28 10:50:51,2519.25,2223684,2,2520.15,229409,407557,0.6612858113237776,0
2023-07-28 10:50:51,2519.25,2223684,2,2520.15,229409,407557,0.6612858113237776,0
2023-07-28 10:50:52,2519.1,2223739,1,2520.15,226439,407158,0.6552922843329241,0
2023-07-28 10:50:52,2519.4,2223739,16,2520.15,226439,407158,0.6672793383146312,0
2023-07-28 10:50:54,2519.35,2224536,63,2520.15,230256,405305,0.6652814959843406,0
2023-07-28 10:50:55,2518.2,2225572,8,2520.15,230069,407037,0.6193311223878212,0
2023-07-28 10:50:56,2519.25,2226149,10,2520.15,230068,406224,0.6612858113237776,0
2023-07-28 10:50:57,2519.25,2226303,14,2520.15,229674,406190,0.6612858113237776,0
2023-07-28 10:50:57,2519.4,2226303,1,2520.15,229674,406190,0.6672793383146312,0
2023-07-28 10:50:59,2519.4,2226320,3,2520.15,230057,407912,0.6672793383146312,0
2023-07-28 10:50:59,2519.4,2226471,24,2520.15,229525,407870,0.6672793383146312,0
2023-07-28 10:50:59,2519.4,2226471,1,2520.15,229525,407870,0.6672793383146312,0
2023-07-28 10:51:01,2519.45,2226654,4,2520.15,227232,408104,0.6692771806449036,0
2023-07-28 10:51:01,2519.45,2226682,3,2520.15,229973,407792,0.6692771806449036,0
2023-07-28 10:51:03,2519.45,2227407,1,2520.15,229237,408614,0.6692771806449036,0
2023-07-28 10:51:04,2519.45,2227420,1,2520.15,227563,407383,0.6692771806449036,0
2023-07-28 10:51:05,2519.45,2227445,12,2520.15,227564,408722,0.6692771806449036,0
2023-07-28 10:51:05,2519.45,2227445,37,2520.15,227564,408722,0.6692771806449036,0
2023-07-28 10:51:06,2519.45,2228176,70,2520.15,229982,406629,0.6692771806449036,0
2023-07-28 10:51:06,2519.45,2228176,1,2520.15,229982,406629,0.6692771806449036,0
2023-07-28 10:51:06,2519.55,2228176,180,2520.15,229982,406629,0.6732728653054847,0
2023-07-28 10:51:08,2519.75,2228487,3,2520.15,231138,408569,0.6812642346266106,0
2023-07-28 10:51:09,2519.75,2228528,1,2520.15,230803,407836,0.6812642346266106,0
2023-07-28 10:51:10,2520.0,2228581,12,2520.15,230206,407636,0.6912534462780271,0
2023-07-28 10:51:11,2520.5,2229004,152,2520.15,230841,406261,0.71123186958086,0
2023-07-28 10:51:12,2520.5,2229423,17,2520.15,230791,406011,0.71123186958086,0
2023-07-28 10:51:12,2520.5,2229423,3,2520.15,230791,406011,0.71123186958086,0
2023-07-28 10:51:13,2520.5,2229592,44,2520.15,230743,405739,0.71123186958086,0
2023-07-28 10:51:13,2520.5,2229592,14,2520.15,230743,405739,0.71123186958086,0
2023-07-28 10:51:15,2520.15,2229640,1,2520.15,230650,406024,0.6972469732688805,0
2023-07-28 10:51:15,2520.5,2229640,1,2520.15,230650,406024,0.71123186958086,0
2023-07-28 10:51:16,2520.15,2229731,7,2520.15,231592,408056,0.6972469732688805,0
2023-07-28 10:51:17,2520.25,2229834,65,2520.15,231493,408828,0.7012426579294435,0
2023-07-28 10:51:18,2520.25,2229835,1,2520.15,227419,409762,0.7012426579294435,0
2023-07-28 10:51:19,2520.5,2229944,1,2520.15,230312,409200,0.71123186958086,0
2023-07-28 10:51:21,2520.15,2229983,2,2520.15,231111,408520,0.6972469732688805,0
2023-07-28 10:51:22,2520.45,2230302,1,2520.15,230300,408225,0.7092340272505694,0
2023-07-28 10:51:23,2520.7,2230598,40,2520.15,230971,407676,0.7192232389019859,0
2023-07-28 10:51:23,2520.75,2230598,26,2520.15,230971,407676,0.7212210812322765,0
2023-07-28 10:51:24,2520.75,2230665,5,2520.15,228325,407321,0.7212210812322765,0
2023-07-28 10:51:24,2520.75,2230665,5,2520.15,228325,407321,0.7212210812322765,0
2023-07-28 10:51:25,2520.7,2231057,200,2520.15,230504,407483,0.7192232389019859,0
2023-07-28 10:51:26,2520.7,2231262,53,2520.15,228065,407263,0.7192232389019859,0
2023-07-28 10:51:27,2520.7,2231461,1,2520.15,229295,407731,0.7192232389019859,0
2023-07-28 10:51:27,2520.7,2231461,2,2520.15,229295,407731,0.7192232389019859,0
2023-07-28 10:51:29,2520.7,2231588,1,2520.15,230670,406279,0.7192232389019859,0
2023-07-28 10:51:29,2520.7,2231745,3,2520.15,230792,405617,0.7192232389019859,0
2023-07-28 10:51:30,2520.7,2231756,2,2520.15,228240,407837,0.7192232389019859,0
2023-07-28 10:51:32,2520.1,2231764,2,2520.15,230741,407871,0.69524913093859,0
2023-07-28 10:51:32,2520.1,2231764,38,2520.15,230741,407871,0.69524913093859,0
2023-07-28 10:51:33,2520.15,2231819,14,2520.15,230737,407874,0.6972469732688805,0
2023-07-28 10:51:33,2520.15,2231819,5,2520.15,230737,407874,0.6972469732688805,0
2023-07-28 10:51:34,2520.15,2231852,26,2520.15,229259,407889,0.6972469732688805,0
2023-07-28 10:51:34,2520.7,2231852,123,2520.15,231540,408063,0.7192232389019859,0
2023-07-28 10:51:36,2520.7,2232328,25,2520.15,230552,407601,0.7192232389019859,0
2023-07-28 10:51:37,2520.7,2232428,13,2520.15,231088,407626,0.7192232389019859,0
2023-07-28 10:51:37,2520.7,2232428,8,2520.15,231088,407626,0.7192232389019859,0
2023-07-28 10:51:39,2520.7,2232566,4,2520.15,231989,406983,0.7192232389019859,0
2023-07-28 10:51:39,2520.7,2232566,2,2520.15,231989,406983,0.7192232389019859,0
2023-07-28 10:51:42,2520.7,2232720,3,2520.15,231707,404892,0.7192232389019859,0
2023-07-28 10:51:42,2520.7,2232744,1,2520.15,230830,406009,0.7192232389019859,0
2023-07-28 10:51:43,2520.7,2232755,3,2520.15,231845,407069,0.7192232389019859,0
2023-07-28 10:51:45,2520.7,2232772,1,2520.15,230919,406391,0.7192232389019859,0
2023-07-28 10:51:46,2520.7,2232795,5,2520.15,231680,405857,0.7192232389019859,0
2023-07-28 10:51:47,2520.85,2233196,3,2520.15,229872,408208,0.7252167658928395,0
2023-07-28 10:51:47,2521.25,2233196,1,2520.15,229872,408208,0.7411995045351094,0
2023-07-28 10:51:48,2521.2,2233207,1,2520.15,231802,407522,0.7392016622048189,0
2023-07-28 10:51:49,2520.85,2233277,1,2520.15,231830,407853,0.7252167658928395,0
2023-07-28 10:51:50,2520.85,2233294,13,2520.15,231786,407849,0.7252167658928395,0
2023-07-28 10:51:52,2521.25,2233309,1,2520.15,231910,406777,0.7411995045351094,0
2023-07-28 10:51:52,2521.25,2233309,1,2520.15,231910,406777,0.7411995045351094,0
2023-07-28 10:51:52,2521.25,2233313,1,2520.15,230321,407965,0.7411995045351094,0
2023-07-28 10:51:53,2521.0,2233314,1,2520.15,232604,408216,0.731210292883693,0
2023-07-28 10:51:55,2521.25,2233375,58,2520.15,232079,408105,0.7411995045351094,0
2023-07-28 10:51:56,2521.3,2233384,2,2520.15,232590,409049,0.7431973468654,0
2023-07-28 10:51:56,2521.3,2233390,1,2520.15,232462,409628,0.7431973468654,0
2023-07-28 10:51:57,2521.3,2233402,3,2520.15,231263,408669,0.7431973468654,0
2023-07-28 10:51:57,2521.4,2233402,1,2520.15,231263,408669,0.747193031525963,0
2023-07-28 10:51:58,2521.4,2233408,1,2520.15,231217,408647,0.747193031525963,0
2023-07-28 10:52:00,2521.55,2233987,139,2520.15,230741,406536,0.7531865585168165,0
2023-07-28 10:52:00,2521.7,2233987,50,2520.15,230741,406536,0.7591800855076518,0
2023-07-28 10:52:01,2521.7,2234241,30,2520.15,228177,408015,0.7591800855076518,0
2023-07-28 10:52:02,2521.75,2234242,5,2520.15,230763,406812,0.7611779278379424,0
2023-07-28 10:52:03,2521.75,2234299,14,2520.15,230765,407065,0.7611779278379424,0
2023-07-28 10:52:04,2521.75,2234318,5,2520.15,230772,406113,0.7611779278379424,0
2023-07-28 10:52:05,2522.0,2234342,6,2520.15,230332,407295,0.7711671394893588,0
2023-07-28 10:52:06,2521.45,2234915,8,2520.15,231025,407226,0.7491908738562353,0
2023-07-28 10:52:06,2521.6,2234915,3,2520.15,231025,407226,0.7551844008470888,0
2023-07-28 10:52:08,2521.45,2234946,1,2520.15,230202,408565,0.7491908738562353,0
2023-07-28 10:52:08,2521.6,2234946,17,2520.15,230202,408565,0.7551844008470888,0
2023-07-28 10:52:08,2521.6,2235013,17,2520.15,230209,407231,0.7551844008470888,0
2023-07-28 10:52:10,2521.55,2235129,68,2520.15,230228,408106,0.7531865585168165,0
2023-07-28 10:52:10,2521.75,2235129,3,2520.15,230228,408106,0.7611779278379424,0
2023-07-28 10:52:10,2521.85,2235129,75,2520.15,230228,408106,0.7651736124985054,0
2023-07-28 10:52:12,2521.85,2235445,6,2520.15,230703,407618,0.7651736124985054,0
2023-07-28 10:52:13,2521.85,2235462,4,2520.15,230668,409121,0.7651736124985054,0
2023-07-28 10:52:13,2521.75,2235462,40,2520.15,230668,409121,0.7611779278379424,0
2023-07-28 10:52:14,2521.75,2236239,3,2520.15,230795,406538,0.7611779278379424,0
2023-07-28 10:52:15,2521.6,2236285,1,2520.15,230776,406480,0.7551844008470888,0
2023-07-28 10:52:15,2521.6,2236285,1,2520.15,228525,406491,0.7551844008470888,0
2023-07-28 10:52:17,2521.7,2236500,10,2520.15,230634,407386,0.7591800855076518,0
2023-07-28 10:52:18,2521.7,2236503,3,2520.15,230768,407233,0.7591800855076518,0
2023-07-28 10:52:20,2521.0,2236541,30,2520.15,230557,407818,0.731210292883693,0
2023-07-28 10:52:20,2521.75,2236546,2,2520.15,230630,407638,0.7611779278379424,0
2023-07-28 10:52:21,2521.75,2237099,1,2520.15,230428,406257,0.7611779278379424,0
2023-07-28 10:52:21,2521.75,2237099,14,2520.15,230428,406257,0.7611779278379424,0
2023-07-28 10:52:22,2521.6,2237118,3,2520.15,231250,408870,0.7551844008470888,0
2023-07-28 10:52:23,2521.6,2237143,11,2520.15,230609,408878,0.7551844008470888,0
2023-07-28 10:52:25,2521.6,2237161,1,2520.15,230795,406163,0.7551844008470888,0
2023-07-28 10:52:25,2521.0,2237161,8,2520.15,230795,406163,0.731210292883693,0
2023-07-28 10:52:25,2521.0,2237179,8,2520.15,230568,406796,0.731210292883693,0
2023-07-28 10:52:25,2521.6,2237179,3,2520.15,230568,406796,0.7551844008470888,0
2023-07-28 10:52:27,2521.6,2237229,7,2520.15,230601,407269,0.7551844008470888,0
2023-07-28 10:52:27,2521.6,2237229,4,2520.15,230601,407269,0.7551844008470888,0
2023-07-28 10:52:28,2521.7,2237292,6,2520.15,230324,408228,0.7591800855076518,0
2023-07-28 10:52:29,2521.7,2237317,5,2520.15,230760,407733,0.7591800855076518,0
2023-07-28 10:52:29,2521.7,2237324,7,2520.15,230722,407970,0.7591800855076518,0
2023-07-28 10:52:29,2521.7,2237324,2,2520.15,230722,407970,0.7591800855076518,0
2023-07-28 10:52:30,2521.7,2237437,9,2520.15,230799,407220,0.7591800855076518,0
2023-07-28 10:52:31,2520.85,2238180,5,2520.15,230279,408555,0.7252167658928395,0
2023-07-28 10:52:32,2521.7,2238524,59,2520.15,229898,407873,0.7591800855076518,0
2023-07-28 10:52:33,2521.7,2238637,3,2520.15,229702,408909,0.7591800855076518,0
2023-07-28 10:52:33,2521.55,2238637,25,2520.15,229702,408909,0.7531865585168165,0
2023-07-28 10:52:34,2521.55,2238765,25,2520.15,229674,409649,0.7531865585168165,0
2023-07-28 10:52:34,2521.5,2238765,1,2520.15,229674,409649,0.7511887161865258,0
2023-07-28 10:52:36,2521.5,2238986,36,2520.15,229725,409310,0.7511887161865258,0
2023-07-28 10:52:36,2521.55,2238986,15,2520.15,229725,409310,0.7531865585168165,0
2023-07-28 10:52:36,2521.55,2239251,103,2520.15,230040,409206,0.7531865585168165,0
2023-07-28 10:52:38,2521.75,2239667,1,2520.15,230071,408863,0.7611779278379424,0
2023-07-28 10:52:38,2521.75,2239667,1,2520.15,230095,407863,0.7611779278379424,0
2023-07-28 10:52:39,2521.85,2240167,250,2520.16,227321,408277,0.7651736124985054,0
2023-07-28 10:52:39,2521.85,2240167,18,2520.16,227321,408277,0.7651736124985054,0
2023-07-28 10:52:41,2521.95,2240394,59,2520.16,229410,408126,0.7691692971590682,0
2023-07-28 10:52:41,2522.0,2240394,36,2520.16,229410,408126,0.7711671394893588,0
2023-07-28 10:52:41,2522.0,2240394,10,2520.16,229410,408126,0.7711671394893588,0
2023-07-28 10:52:43,2522.05,2242440,25,2520.16,229538,407501,0.7731649818196494,0
2023-07-28 10:52:43,2522.05,2242440,1,2520.16,230724,406008,0.7731649818196494,0
2023-07-28 10:52:45,2522.05,2242510,3,2520.16,229175,405705,0.7731649818196494,0
2023-07-28 10:52:45,2522.05,2242510,1,2520.16,229175,405705,0.7731649818196494,0
2023-07-28 10:52:46,2522.05,2242521,1,2520.16,230840,407246,0.7731649818196494,0
2023-07-28 10:52:46,2522.0,2242521,1,2520.16,230881,405506,0.7711671394893588,0
2023-07-28 10:52:49,2522.05,2242694,3,2520.16,230338,405912,0.7731649818196494,0
2023-07-28 10:52:49,2522.05,2242694,1,2520.16,230338,405912,0.7731649818196494,0
2023-07-28 10:52:50,2522.15,2242757,8,2520.16,230318,405913,0.7771606664802123,0
2023-07-28 10:52:50,2522.15,2242757,8,2520.16,230318,405913,0.7771606664802123,0
2023-07-28 10:52:51,2522.3,2242760,1,2520.16,230254,406892,0.7831541934710659,0
2023-07-28 10:52:51,2522.15,2242760,1,2520.16,230254,406892,0.7771606664802123,0
2023-07-28 10:52:51,2522.3,2242761,1,2520.16,230301,406249,0.7831541934710659,0
2023-07-28 10:52:53,2522.4,2242764,6,2520.16,230196,407696,0.7871498781316288,0
2023-07-28 10:52:54,2522.4,2242917,24,2520.16,230231,407926,0.7871498781316288,0
2023-07-28 10:52:55,2522.25,2243796,1,2520.16,230297,407091,0.7811563511407753,0
2023-07-28 10:52:56,2522.25,2243901,4,2520.16,230585,405746,0.7811563511407753,0
2023-07-28 10:52:58,2522.25,2245438,48,2520.16,227169,406471,0.7811563511407753,0
2023-07-28 10:52:58,2522.25,2245438,8,2520.16,227169,406471,0.7811563511407753,0
2023-07-28 10:52:58,2522.25,2245447,8,2520.16,229855,406411,0.7811563511407753,0
2023-07-28 10:52:58,2522.25,2245447,10,2520.16,229855,406411,0.7811563511407753,0
2023-07-28 10:53:00,2521.35,2245510,1,2520.16,229178,406362,0.7451951891956724,0
2023-07-28 10:53:00,2521.35,2245620,1,2520.16,229246,405137,0.7451951891956724,0
2023-07-28 10:53:00,2521.4,2245620,1,2520.16,229246,405137,0.747193031525963,0
2023-07-28 10:53:01,2521.4,2245682,1,2520.16,229284,405261,0.747193031525963,0
2023-07-28 10:53:03,2521.45,2245937,2,2520.16,229538,406258,0.7491908738562353,0
2023-07-28 10:53:03,2521.45,2245937,2,2520.16,229538,406258,0.7491908738562353,0
2023-07-28 10:53:04,2521.45,2245940,1,2520.16,229187,407102,0.7491908738562353,0
2023-07-28 10:53:05,2521.0,2246206,18,2520.16,229338,408296,0.731210292883693,0
2023-07-28 10:53:06,2520.7,2246328,1,2520.16,228394,407258,0.7192232389019859,0
2023-07-28 10:53:07,2519.65,2247025,5,2520.16,228483,407406,0.6772685499660477,0
2023-07-28 10:53:08,2519.65,2247074,43,2520.16,228656,406939,0.6772685499660477,0
2023-07-28 10:53:08,2519.65,2247074,43,2520.16,226854,407750,0.6772685499660477,0
2023-07-28 10:53:08,2519.65,2247074,43,2520.16,228543,407778,0.6772685499660477,0
2023-07-28 10:53:08,2519.65,2247074,43,2520.16,228793,407811,0.6772685499660477,0
2023-07-28 10:53:08,2520.25,2247074,40,2520.16,228793,407811,0.7012426579294435,0
2023-07-28 10:53:12,2520.25,2247128,14,2520.16,228557,408274,0.7012426579294435,0
2023-07-28 10:53:13,2520.25,2247336,2,2520.16,226531,407486,0.7012426579294435,0
2023-07-28 10:53:14,2519.65,2247337,1,2520.16,226777,406778,0.6772685499660477,0
2023-07-28 10:53:16,2519.6,2247858,1,2520.16,229543,407065,0.675270707635757,0
2023-07-28 10:53:16,2520.0,2247858,1,2520.16,229543,407065,0.6912534462780271,0
2023-07-28 10:53:17,2519.45,2247881,1,2520.16,229736,407048,0.6692771806449036,0
2023-07-28 10:53:17,2519.5,2247900,12,2520.16,229718,407049,0.6712750229751941,0
2023-07-28 10:53:18,2520.25,2247919,10,2520.16,230122,406957,0.7012426579294435,0
2023-07-28 10:53:19,2519.5,2248019,1,2520.16,229875,406923,0.6712750229751941,0
2023-07-28 10:53:21,2520.35,2248202,174,2520.16,230364,407963,0.7052383425900065,0
2023-07-28 10:53:21,2520.25,2248202,22,2520.16,230364,407963,0.7012426579294435,0
2023-07-28 10:53:22,2520.35,2248294,2,2520.16,230307,407920,0.7052383425900065,0
2023-07-28 10:53:23,2520.25,2248477,1,2520.16,230191,407592,0.7012426579294435,0
2023-07-28 10:53:23,2520.25,2248477,3,2520.16,230191,407592,0.7012426579294435,0
2023-07-28 10:53:23,2520.25,2248477,3,2520.16,230191,407592,0.7012426579294435,0
2023-07-28 10:53:24,2520.25,2248558,1,2520.16,230303,407296,0.7012426579294435,0
2023-07-28 10:53:25,2520.25,2248591,1,2520.16,230490,407972,0.7012426579294435,0
2023-07-28 10:53:25,2520.25,2248591,1,2520.16,230490,407972,0.7012426579294435,0
2023-07-28 10:53:26,2520.25,2248700,1,2520.16,230482,408252,0.7012426579294435,0
2023-07-28 10:53:28,2520.35,2248770,5,2520.16,230178,408446,0.7052383425900065,0
2023-07-28 10:53:28,2520.7,2248770,1,2520.16,230178,408446,0.7192232389019859,0
2023-07-28 10:53:29,2520.65,2248796,1,2520.16,230207,408433,0.7172253965717135,0
2023-07-28 10:53:29,2520.35,2248796,7,2520.16,230207,408433,0.7052383425900065,0
2023-07-28 10:53:30,2520.35,2248907,1,2520.16,230319,407333,0.7052383425900065,0
2023-07-28 10:53:30,2520.35,2248907,1,2520.16,230319,407333,0.7052383425900065,0
2023-07-28 10:53:31,2520.35,2248908,1,2520.16,229258,407557,0.7052383425900065,0
2023-07-28 10:53:32,2521.1,2248926,2,2520.16,229254,407996,0.7352059775442559,0
2023-07-28 10:53:33,2519.6,2249113,4,2520.16,228673,407457,0.675270707635757,0
2023-07-28 10:53:34,2519.75,2249136,1,2520.16,229799,407228,0.6812642346266106,0
2023-07-28 10:53:35,2520.35,2249161,13,2520.16,229779,406892,0.7052383425900065,0
2023-07-28 10:53:36,2520.0,2249171,1,2520.16,230273,407631,0.6912534462780271,0
2023-07-28 10:53:36,2520.0,2249171,2,2520.16,230273,407631,0.6912534462780271,0
2023-07-28 10:53:37,2520.0,2249185,2,2520.16,229181,407635,0.6912534462780271,0
2023-07-28 10:53:39,2520.65,2249221,5,2520.16,230285,408229,0.7172253965717135,0
2023-07-28 10:53:39,2520.35,2249221,1,2520.16,230285,408229,0.7052383425900065,0
2023-07-28 10:53:40,2520.35,2249314,1,2520.16,230008,408046,0.7052383425900065,0
2023-07-28 10:53:41,2520.35,2249383,1,2520.16,230111,408012,0.7052383425900065,0
2023-07-28 10:53:42,2520.7,2249397,3,2520.16,230343,408982,0.7192232389019859,0
2023-07-28 10:53:43,2520.35,2249410,1,2520.16,229939,407728,0.7052383425900065,0
2023-07-28 10:53:44,2520.35,2249422,1,2520.16,229734,407901,0.7052383425900065,0
2023-07-28 10:53:45,2520.35,2249427,1,2520.16,229767,407811,0.7052383425900065,0
2023-07-28 10:53:45,2520.35,2249427,1,2520.16,229767,407811,0.7052383425900065,0
2023-07-28 10:53:46,2520.35,2249429,1,2520.16,230017,407581,0.7052383425900065,0
2023-07-28 10:53:48,2520.65,2249431,1,2520.16,229456,408469,0.7172253965717135,0
2023-07-28 10:53:48,2520.35,2249431,1,2520.16,229456,408469,0.7052383425900065,0
2023-07-28 10:53:48,2520.35,2249432,1,2520.16,229953,408911,0.7052383425900065,0
2023-07-28 10:53:50,2520.7,2249501,1,2520.16,229031,407060,0.7192232389019859,0
2023-07-28 10:53:51,2520.8,2249520,2,2520.16,228877,408098,0.723218923562567,0
2023-07-28 10:53:51,2520.8,2249520,2,2520.16,228877,408098,0.723218923562567,0
2023-07-28 10:53:52,2520.85,2249543,1,2520.16,227641,407630,0.7252167658928395,0
2023-07-28 10:53:54,2521.0,2249735,50,2520.16,227599,408165,0.731210292883693,0
2023-07-28 10:53:55,2521.1,2249765,7,2520.16,230120,408639,0.7352059775442559,0
2023-07-28 10:53:55,2521.1,2249765,1,2520.16,230120,408639,0.7352059775442559,0
2023-07-28 10:53:56,2521.0,2249801,1,2520.16,230450,408142,0.731210292883693,0
2023-07-28 10:53:56,2521.0,2249801,1,2520.16,230450,408142,0.731210292883693,0
2023-07-28 10:53:57,2521.1,2249820,3,2520.16,230416,408784,0.7352059775442559,0
2023-07-28 10:53:57,2521.1,2249820,1,2520.16,230416,408784,0.7352059775442559,0
2023-07-28 10:53:57,2521.1,2249825,1,2520.16,230489,408764,0.7352059775442559,0
2023-07-28 10:53:57,2521.25,2249825,244,2520.16,230489,408764,0.7411995045351094,0
2023-07-28 10:53:59,2521.25,2250189,50,2520.16,230454,409648,0.7411995045351094,0
2023-07-28 10:54:00,2521.15,2250790,118,2520.16,230617,407486,0.7372038198745464,0
2023-07-28 10:54:00,2521.2,2250790,1,2520.16,230617,407486,0.7392016622048189,0
2023-07-28 10:54:02,2521.15,2251334,1,2520.16,230017,409043,0.7372038198745464,0
2023-07-28 10:54:02,2521.2,2251334,141,2520.16,230017,409043,0.7392016622048189,0
2023-07-28 10:54:03,2521.2,2252017,50,2520.16,230749,407616,0.7392016622048189,0
2023-07-28 10:54:04,2521.25,2252030,1,2520.16,230246,407917,0.7411995045351094,0
2023-07-28 10:54:05,2521.5,2252210,4,2520.16,230811,408315,0.7511887161865258,0
2023-07-28 10:54:06,2520.85,2252722,1,2520.16,230503,408098,0.7252167658928395,0
2023-07-28 10:54:06,2521.0,2252722,1,2520.16,230752,407661,0.731210292883693,0
2023-07-28 10:54:08,2521.0,2252723,1,2520.16,230594,408147,0.731210292883693,0
2023-07-28 10:54:10,2521.0,2253773,2,2520.16,231013,408122,0.731210292883693,0
2023-07-28 10:54:11,2520.85,2253796,7,2520.16,230901,408076,0.7252167658928395,0
2023-07-28 10:54:12,2520.85,2253867,1,2520.16,226887,406812,0.7252167658928395,0
2023-07-28 10:54:13,2520.85,2253872,1,2520.16,230796,408433,0.7252167658928395,0
2023-07-28 10:54:14,2520.4,2253877,3,2520.16,227972,407683,0.707236184920297,0
2023-07-28 10:54:16,2520.0,2253902,4,2520.16,230306,407475,0.6912534462780271,0
2023-07-28 10:54:17,2520.4,2253919,1,2520.16,230573,407564,0.707236184920297,0
2023-07-28 10:54:18,2520.75,2254089,59,2520.16,230297,407655,0.7212210812322765,0
2023-07-28 10:54:18,2520.0,2254089,1,2520.16,230297,407655,0.6912534462780271,0
2023-07-28 10:54:19,2520.25,2254148,1,2520.16,230240,407881,0.7012426579294435,0
2023-07-28 10:54:19,2520.25,2254148,1,2520.16,230240,407881,0.7012426579294435,0
2023-07-28 10:54:19,2520.7,2254148,5,2520.16,230240,407881,0.7192232389019859,0
2023-07-28 10:54:22,2520.7,2254184,1,2520.16,230391,408466,0.7192232389019859,0
2023-07-28 10:54:23,2520.4,2254193,1,2520.16,230430,408458,0.707236184920297,0
2023-07-28 10:54:24,2520.4,2254273,1,2520.16,227802,408769,0.707236184920297,0
2023-07-28 10:54:25,2520.4,2254317,1,2520.16,230032,410180,0.707236184920297,0
2023-07-28 10:54:25,2520.55,2254317,57,2520.16,230032,410180,0.7132297119111506,0
2023-07-28 10:54:25,2520.55,2254317,1,2520.16,230032,410180,0.7132297119111506,0
2023-07-28 10:54:27,2520.55,2254572,1,2520.16,230022,408651,0.7132297119111506,0
2023-07-28 10:54:28,2520.55,2254583,1,2520.16,230066,410942,0.7132297119111506,0
2023-07-28 10:54:29,2520.65,2254639,1,2520.16,230333,409667,0.7172253965717135,0
2023-07-28 10:54:29,2520.7,2254639,7,2520.16,230333,409667,0.7192232389019859,0
2023-07-28 10:54:30,2520.7,2254739,1,2520.16,230239,409401,0.7192232389019859,0
2023-07-28 10:54:30,2520.75,2254739,19,2520.16,230239,409401,0.7212210812322765,0
2023-07-28 10:54:31,2520.75,2254774,1,2520.16,230234,409845,0.7212210812322765,0
2023-07-28 10:54:32,2520.7,2254808,9,2520.16,230255,410903,0.7192232389019859,0
2023-07-28 10:54:33,2520.75,2254817,4,2520.16,230507,410206,0.7212210812322765,0
2023-07-28 10:54:33,2521.0,2254817,37,2520.16,230507,410206,0.731210292883693,0
2023-07-28 10:54:35,2521.0,2254964,4,2520.16,230320,409385,0.731210292883693,0
2023-07-28 10:54:35,2520.4,2254964,5,2520.16,230320,409385,0.707236184920297,0
2023-07-28 10:54:35,2520.4,2254984,5,2520.16,230315,409605,0.707236184920297,0
2023-07-28 10:54:35,2520.4,2254984,1,2520.16,230315,409605,0.707236184920297,0
2023-07-28 10:54:37,2520.9,2254993,2,2520.16,230208,411179,0.72721460822313,0
2023-07-28 10:54:38,2520.95,2254996,50,2520.16,230200,410764,0.7292124505534023,0
2023-07-28 10:54:39,2520.9,2255065,1,2520.16,230324,411659,0.72721460822313,0
2023-07-28 10:54:40,2520.75,2255076,4,2520.16,230819,411372,0.7212210812322765,0
2023-07-28 10:54:41,2520.8,2255259,1,2520.16,230715,411401,0.723218923562567,0
2023-07-28 10:54:42,2520.0,2256677,89,2520.16,230327,409932,0.6912534462780271,0
2023-07-28 10:54:44,2520.0,2260787,389,2520.16,230627,409777,0.6912534462780271,0
2023-07-28 10:54:45,2519.85,2261929,128,2520.16,230705,409684,0.6852599192871736,0
2023-07-28 10:54:45,2520.0,2261929,1,2520.16,230705,409684,0.6912534462780271,0
2023-07-28 10:54:46,2520.0,2261997,3,2520.16,230542,410676,0.6912534462780271,0
2023-07-28 10:54:47,2520.0,2262028,1,2520.16,230330,410012,0.6912534462780271,0
2023-07-28 10:54:48,2520.0,2263380,316,2520.16,230562,410099,0.6912534462780271,0
2023-07-28 10:54:48,2519.85,2263380,1,2520.16,230562,410099,0.6852599192871736,0
2023-07-28 10:54:49,2519.85,2264113,1,2520.16,230650,411258,0.6852599192871736,0
2023-07-28 10:54:49,2519.85,2264113,1,2520.16,230650,411258,0.6852599192871736,0
2023-07-28 10:54:49,2519.85,2264113,1,2520.16,230650,411258,0.6852599192871736,0
2023-07-28 10:54:52,2519.85,2264123,17,2520.16,230317,410945,0.6852599192871736,0
2023-07-28 10:54:53,2519.85,2264155,1,2520.16,230755,411932,0.6852599192871736,0
2023-07-28 10:54:54,2519.85,2265772,1,2520.16,231231,412005,0.6852599192871736,0
2023-07-28 10:54:55,2519.85,2265796,1,2520.16,231263,412012,0.6852599192871736,0
2023-07-28 10:54:55,2519.85,2265796,1,2520.16,231263,412012,0.6852599192871736,0
2023-07-28 10:54:55,2519.5,2265796,3,2520.16,231263,412012,0.6712750229751941,0
2023-07-28 10:54:55,2519.85,2265796,1,2520.16,231263,412012,0.6852599192871736,0
2023-07-28 10:54:58,2519.85,2267770,1,2520.16,231048,412441,0.6852599192871736,0
2023-07-28 10:54:58,2519.85,2267770,1,2520.16,231048,412441,0.6852599192871736,0
2023-07-28 10:55:00,2519.85,2267772,1,2520.16,231072,411798,0.6852599192871736,0
2023-07-28 10:55:01,2519.5,2267823,1,2520.16,231321,412582,0.6712750229751941,0
2023-07-28 10:55:02,2519.5,2267825,1,2520.16,231394,411030,0.6712750229751941,0
2023-07-28 10:55:03,2519.25,2268036,3,2520.16,231410,411704,0.6612858113237776,0
2023-07-28 10:55:03,2519.95,2268036,9,2520.16,231410,411704,0.6892556039477364,0
2023-07-28 10:55:04,2519.95,2268052,9,2520.16,230768,412247,0.6892556039477364,0
2023-07-28 10:55:04,2519.95,2268052,1,2520.16,230768,412247,0.6892556039477364,0
2023-07-28 10:55:06,2519.95,2268055,2,2520.16,231080,413360,0.6892556039477364,0
2023-07-28 10:55:07,2519.5,2268062,17,2520.16,230906,411505,0.6712750229751941,0
2023-07-28 10:55:07,2519.5,2268062,1,2520.16,230906,411505,0.6712750229751941,0
2023-07-28 10:55:09,2519.5,2268086,1,2520.16,231157,413228,0.6712750229751941,0
2023-07-28 10:55:10,2519.5,2268088,1,2520.16,231137,412312,0.6712750229751941,0
2023-07-28 10:55:11,2519.5,2268089,1,2520.16,231413,413753,0.6712750229751941,0
2023-07-28 10:55:12,2519.2,2268114,6,2520.16,230874,412946,0.6592879689934871,0
2023-07-28 10:55:14,2519.5,2268145,2,2520.16,230806,412822,0.6712750229751941,0
2023-07-28 10:55:14,2519.2,2268157,1,2520.16,231055,413772,0.6592879689934871,0
2023-07-28 10:55:15,2519.2,2268158,1,2520.16,230505,413022,0.6592879689934871,0
2023-07-28 10:55:15,2519.5,2268158,1,2520.16,230505,413022,0.6712750229751941,0
2023-07-28 10:55:16,2519.2,2268160,1,2520.16,230455,413021,0.6592879689934871,0
2023-07-28 10:55:17,2519.2,2268167,1,2520.16,230902,412850,0.6592879689934871,0
2023-07-28 10:55:17,2519.2,2268167,1,2520.16,230902,412850,0.6592879689934871,0
2023-07-28 10:55:19,2519.2,2268260,1,2520.16,231053,412737,0.6592879689934871,0
2023-07-28 10:55:19,2519.2,2268260,4,2520.16,231053,412737,0.6592879689934871,0
2023-07-28 10:55:21,2519.2,2268275,1,2520.16,231538,412690,0.6592879689934871,0
2023-07-28 10:55:21,2519.05,2268275,1,2520.16,231538,412690,0.6532944420026517,0
2023-07-28 10:55:22,2518.9,2268397,2,2520.16,231039,414693,0.6473009150117982,0
2023-07-28 10:55:23,2518.5,2268405,1,2520.16,231002,414476,0.6313181763695283,0
2023-07-28 10:55:24,2518.05,2268973,2,2520.16,230193,414165,0.6133375953969858,0
2023-07-28 10:55:25,2518.05,2269086,1,2520.16,229670,414953,0.6133375953969858,0
2023-07-28 10:55:27,2518.05,2269321,1,2520.16,227872,415451,0.6133375953969858,0
2023-07-28 10:55:27,2518.45,2269519,18,2520.16,231224,412546,0.6293203340392377,0
2023-07-28 10:55:27,2518.45,2269519,1,2520.16,231224,412546,0.6293203340392377,0
2023-07-28 10:55:29,2518.45,2269521,1,2520.16,230856,413537,0.6293203340392377,0
2023-07-28 10:55:30,2518.45,2269522,1,2520.16,230560,413402,0.6293203340392377,0
2023-07-28 10:55:31,2518.5,2269523,1,2520.16,230978,413699,0.6313181763695283,0
2023-07-28 10:55:31,2518.5,2269523,1,2520.16,230978,413699,0.6313181763695283,0
2023-07-28 10:55:32,2518.5,2269546,1,2520.16,230998,413197,0.6313181763695283,0
2023-07-28 10:55:32,2519.0,2269546,16,2520.16,230998,413197,0.6512965996723612,0
2023-07-28 10:55:33,2518.5,2269595,1,2520.16,231117,413469,0.6313181763695283,0
2023-07-28 10:55:33,2518.5,2269595,1,2520.16,231117,413469,0.6313181763695283,0
2023-07-28 10:55:34,2518.5,2269712,13,2520.16,229053,413278,0.6313181763695283,0
2023-07-28 10:55:34,2518.5,2269712,13,2520.16,229053,413278,0.6313181763695283,0
2023-07-28 10:55:35,2519.0,2269747,12,2520.16,231015,413752,0.6512965996723612,0
2023-07-28 10:55:36,2519.2,2269760,2,2520.16,231512,414550,0.6592879689934871,0
2023-07-28 10:55:38,2519.2,2269778,3,2520.16,231662,414256,0.6592879689934871,0
2023-07-28 10:55:38,2519.0,2269795,1,2520.16,231699,414243,0.6512965996723612,0
2023-07-28 10:55:38,2519.0,2269795,1,2520.16,231699,414243,0.6512965996723612,0
2023-07-28 10:55:40,2519.0,2269887,1,2520.16,231673,414115,0.6512965996723612,0
2023-07-28 10:55:40,2519.0,2269897,1,2520.16,231673,414108,0.6512965996723612,0
2023-07-28 10:55:41,2519.0,2269899,1,2520.16,231923,414109,0.6512965996723612,0
2023-07-28 10:55:42,2519.0,2269901,1,2520.16,231673,414150,0.6512965996723612,0
2023-07-28 10:55:43,2518.5,2270905,3,2520.16,231384,413777,0.6313181763695283,0
2023-07-28 10:55:44,2518.35,2270907,1,2520.16,231444,413849,0.6253246493786747,0
2023-07-28 10:55:45,2518.35,2270931,1,2520.16,231766,412830,0.6253246493786747,0
2023-07-28 10:55:47,2518.3,2270935,1,2520.16,231720,413096,0.6233268070484024,0
2023-07-28 10:55:47,2519.0,2270935,1,2520.16,231720,413096,0.6512965996723612,0
2023-07-28 10:55:48,2518.35,2270958,1,2520.16,231205,413307,0.6253246493786747,0
2023-07-28 10:55:48,2519.0,2270958,1,2520.16,231205,413307,0.6512965996723612,0
2023-07-28 10:55:48,2519.0,2271011,2,2520.16,231712,414304,0.6512965996723612,0
2023-07-28 10:55:50,2519.0,2271022,1,2520.16,231386,414153,0.6512965996723612,0
2023-07-28 10:55:51,2519.0,2271023,1,2520.16,231203,413707,0.6512965996723612,0
2023-07-28 10:55:51,2519.25,2271023,2,2520.16,231203,413707,0.6612858113237776,0
2023-07-28 10:55:53,2519.25,2271129,90,2520.16,231604,414654,0.6612858113237776,0
2023-07-28 10:55:53,2519.0,2271129,31,2520.16,231604,414654,0.6512965996723612,0
2023-07-28 10:55:55,2519.0,2271183,5,2520.16,231061,413749,0.6512965996723612,0
2023-07-28 10:55:56,2519.0,2271241,44,2520.16,231039,413439,0.6512965996723612,0
2023-07-28 10:55:56,2519.0,2271241,44,2520.16,231039,413439,0.6512965996723612,0
2023-07-28 10:55:58,2518.5,2271470,1,2520.16,230947,414205,0.6313181763695283,0
2023-07-28 10:55:58,2518.5,2271470,3,2520.16,230947,414205,0.6313181763695283,0
2023-07-28 10:55:59,2518.5,2271533,1,2520.16,230987,413703,0.6313181763695283,0
2023-07-28 10:56:00,2518.5,2271536,1,2520.16,230741,414715,0.6313181763695283,0
2023-07-28 10:56:00,2518.95,2271536,8,2520.16,230741,414715,0.6492987573420707,0
2023-07-28 10:56:01,2518.5,2271552,1,2520.16,230921,414250,0.6313181763695283,0
2023-07-28 10:56:02,2518.5,2271568,1,2520.16,231408,414240,0.6313181763695283,0
2023-07-28 10:56:02,2518.5,2271568,1,2520.16,231408,414240,0.6313181763695283,0
2023-07-28 10:56:03,2518.7,2271571,3,2520.16,231360,414495,0.6393095456906541,0
2023-07-28 10:56:03,2518.5,2271571,1,2520.16,231360,414495,0.6313181763695283,0
2023-07-28 10:56:04,2518.5,2271576,1,2520.16,231187,414986,0.6313181763695283,0
2023-07-28 10:56:04,2518.7,2271576,9,2520.16,231187,414986,0.6393095456906541,0
2023-07-28 10:56:07,2518.0,2273923,50,2520.16,231306,414517,0.6113397530666953,0
2023-07-28 10:56:07,2517.95,2273923,1,2520.16,231306,414517,0.6093419107364048,0
2023-07-28 10:56:07,2517.95,2274236,1,2520.16,231183,414369,0.6093419107364048,0
2023-07-28 10:56:08,2517.95,2274238,1,2520.16,231170,415119,0.6093419107364048,0
2023-07-28 10:56:08,2518.0,2274238,1,2520.16,231170,415119,0.6113397530666953,0
2023-07-28 10:56:10,2517.95,2274241,1,2520.16,231174,414862,0.6093419107364048,0
2023-07-28 10:56:11,2517.95,2274473,2,2520.16,231188,414654,0.6093419107364048,0
2023-07-28 10:56:11,2517.95,2274473,1,2520.16,231188,414654,0.6093419107364048,0
2023-07-28 10:56:12,2517.95,2274524,1,2520.16,231254,414824,0.6093419107364048,0
2023-07-28 10:56:12,2517.95,2274524,1,2520.16,231254,414824,0.6093419107364048,0
2023-07-28 10:56:13,2517.95,2274600,1,2520.16,231249,414762,0.6093419107364048,0
2023-07-28 10:56:14,2517.95,2274601,1,2520.16,231275,414762,0.6093419107364048,0
2023-07-28 10:56:15,2517.95,2274602,1,2520.16,231374,414474,0.6093419107364048,0
2023-07-28 10:56:17,2518.0,2274711,18,2520.16,231433,413882,0.6113397530666953,0
2023-07-28 10:56:17,2518.0,2274711,1,2520.16,231433,413882,0.6113397530666953,0
2023-07-28 10:56:18,2517.95,2274754,1,2520.16,231338,415318,0.6093419107364048,0
2023-07-28 10:56:18,2517.95,2274754,5,2520.16,231338,415318,0.6093419107364048,0
2023-07-28 10:56:19,2518.0,2274779,3,2520.16,231318,414830,0.6113397530666953,0
2023-07-28 10:56:19,2517.95,2274779,1,2520.16,231318,414830,0.6093419107364048,0
2023-07-28 10:56:19,2517.95,2274787,1,2520.16,231031,414841,0.6093419107364048,0
2023-07-28 10:56:19,2517.95,2274787,1,2520.16,231031,414841,0.6093419107364048,0
2023-07-28 10:56:21,2517.95,2274789,1,2520.16,231318,414841,0.6093419107364048,0
2023-07-28 10:56:22,2518.0,2275093,2,2520.16,231476,412983,0.6113397530666953,0
2023-07-28 10:56:22,2518.0,2275093,2,2520.16,231476,412983,0.6113397530666953,0
2023-07-28 10:56:23,2517.6,2275142,1,2520.16,231580,413110,0.5953570144244253,0
2023-07-28 10:56:23,2517.6,2275142,1,2520.16,231580,413110,0.5953570144244253,0
2023-07-28 10:56:25,2518.0,2275144,1,2520.16,231579,413109,0.6113397530666953,0
2023-07-28 10:56:25,2518.0,2275144,1,2520.16,231579,413109,0.6113397530666953,0
2023-07-28 10:56:26,2517.6,2275160,1,2520.16,231396,414599,0.5953570144244253,0
2023-07-28 10:56:27,2518.0,2275353,181,2520.16,231434,414123,0.6113397530666953,0
2023-07-28 10:56:27,2518.0,2275504,10,2520.16,231222,414181,0.6113397530666953,0
2023-07-28 10:56:28,2518.0,2275529,7,2520.16,231255,414145,0.6113397530666953,0
2023-07-28 10:56:29,2518.0,2275644,30,2520.16,231006,413960,0.6113397530666953,0
2023-07-28 10:56:31,2517.6,2275656,1,2520.16,231011,413954,0.5953570144244253,0
2023-07-28 10:56:32,2517.6,2275658,1,2520.16,231019,413991,0.5953570144244253,0
2023-07-28 10:56:32,2517.6,2275659,1,2520.16,231100,413998,0.5953570144244253,0
2023-07-28 10:56:34,2517.5,2275778,62,2520.15,230957,413985,0.5913613297638624,0
2023-07-28 10:56:35,2517.5,2275784,6,2520.15,231259,413943,0.5913613297638624,0
2023-07-28 10:56:35,2517.5,2275785,1,2520.15,231275,413963,0.5913613297638624,0
2023-07-28 10:56:35,2517.5,2275785,1,2520.15,231275,413963,0.5913613297638624,0
2023-07-28 10:56:36,2517.5,2275788,1,2520.15,230042,414747,0.5913613297638624,0
2023-07-28 10:56:37,2517.5,2275948,58,2520.15,229831,414530,0.5913613297638624,0
2023-07-28 10:56:37,2517.5,2275948,55,2520.15,229831,414530,0.5913613297638624,0
2023-07-28 10:56:39,2517.5,2276006,1,2520.15,229826,414843,0.5913613297638624,0
2023-07-28 10:56:39,2517.5,2276006,7,2520.15,229826,414843,0.5913613297638624,0
2023-07-28 10:56:40,2517.5,2276025,1,2520.15,229857,414798,0.5913613297638624,0
2023-07-28 10:56:40,2517.55,2276029,1,2520.15,229857,414794,0.5933591720941529,0
2023-07-28 10:56:41,2517.55,2276052,20,2520.15,229906,414772,0.5933591720941529,0
2023-07-28 10:56:42,2517.5,2276060,1,2520.15,229906,415211,0.5913613297638624,0
2023-07-28 10:56:43,2517.5,2276091,8,2520.15,229893,414972,0.5913613297638624,0
2023-07-28 10:56:44,2517.5,2276095,1,2520.15,229893,414683,0.5913613297638624,0
2023-07-28 10:56:45,2517.35,2276097,1,2520.15,229894,414845,0.5853678027730088,0
2023-07-28 10:56:46,2517.3,2276100,1,2520.15,229728,415080,0.5833699604427365,0
2023-07-28 10:56:46,2517.3,2276100,1,2520.15,230230,414980,0.5833699604427365,0
2023-07-28 10:56:48,2517.2,2276115,14,2520.15,230296,414907,0.5793742757821553,0
2023-07-28 10:56:48,2517.2,2276115,14,2520.15,230280,414955,0.5793742757821553,0
2023-07-28 10:56:48,2517.2,2276115,1,2520.15,230280,414955,0.5793742757821553,0
2023-07-28 10:56:50,2517.2,2276116,2,2520.15,230379,414960,0.5793742757821553,0
2023-07-28 10:56:50,2517.2,2276116,1,2520.15,230379,414960,0.5793742757821553,0
2023-07-28 10:56:53,2517.25,2276204,21,2520.15,230405,414730,0.5813721181124458,0
2023-07-28 10:56:53,2517.2,2276204,1,2520.15,230405,414730,0.5793742757821553,0
2023-07-28 10:56:54,2517.2,2276214,1,2520.15,230443,414474,0.5793742757821553,0
2023-07-28 10:56:54,2517.25,2276214,2,2520.15,230443,414474,0.5813721181124458,0
2023-07-28 10:56:55,2517.25,2276238,10,2520.15,230403,414250,0.5813721181124458,0
2023-07-28 10:56:55,2517.25,2276247,2,2520.15,231622,415249,0.5813721181124458,0
2023-07-28 10:56:55,2517.2,2276247,1,2520.15,231622,415249,0.5793742757821553,0
2023-07-28 10:56:57,2517.0,2276658,12,2520.15,227851,415936,0.5713829064610294,0
2023-07-28 10:56:58,2517.0,2276676,1,2520.15,230009,415790,0.5713829064610294,0
2023-07-28 10:56:59,2516.75,2276687,1,2520.15,229808,415781,0.561393694809613,0
2023-07-28 10:57:00,2516.75,2276990,1,2520.15,230559,415422,0.561393694809613,0
2023-07-28 10:57:01,2516.75,2277031,1,2520.15,229975,415139,0.561393694809613,0
2023-07-28 10:57:01,2516.75,2277031,1,2520.15,229975,415139,0.561393694809613,0
2023-07-28 10:57:03,2517.0,2277037,5,2520.15,228459,414982,0.5713829064610294,0
2023-07-28 10:57:03,2516.75,2277049,1,2520.15,230992,414971,0.561393694809613,0
2023-07-28 10:57:03,2516.75,2277049,1,2520.15,230992,414971,0.561393694809613,0
2023-07-28 10:57:05,2516.75,2277052,1,2520.15,228226,415350,0.561393694809613,0
2023-07-28 10:57:06,2516.75,2277157,1,2520.15,230796,415273,0.561393694809613,0
2023-07-28 10:57:07,2516.75,2277171,1,2520.15,231025,415272,0.561393694809613,0
2023-07-28 10:57:09,2517.0,2277176,3,2520.15,231056,415269,0.5713829064610294,0
2023-07-28 10:57:09,2517.0,2277179,1,2520.15,231054,415267,0.5713829064610294,0
2023-07-28 10:57:09,2516.75,2277179,1,2520.15,231054,415267,0.561393694809613,0
2023-07-28 10:57:11,2516.75,2277181,1,2520.15,231221,415395,0.561393694809613,0
2023-07-28 10:57:12,2517.0,2277229,12,2520.15,228472,415433,0.5713829064610294,0
2023-07-28 10:57:12,2517.0,2277229,4,2520.15,228472,415433,0.5713829064610294,0
2023-07-28 10:57:12,2517.0,2277239,4,2520.15,230719,415149,0.5713829064610294,0
2023-07-28 10:57:12,2517.0,2277239,1,2520.15,230719,415149,0.5713829064610294,0
2023-07-28 10:57:14,2516.75,2277247,1,2520.15,230712,415685,0.561393694809613,0
2023-07-28 10:57:15,2516.75,2277270,1,2520.15,230345,415785,0.561393694809613,0
2023-07-28 10:57:15,2517.0,2277270,1,2520.15,230345,415785,0.5713829064610294,0
2023-07-28 10:57:16,2517.0,2277278,6,2520.15,230341,415777,0.5713829064610294,0
2023-07-28 10:57:17,2516.75,2277284,1,2520.15,230339,415773,0.561393694809613,0
2023-07-28 10:57:17,2516.75,2277284,1,2520.15,230339,415773,0.561393694809613,0
2023-07-28 10:57:18,2516.75,2277285,1,2520.15,231099,415797,0.561393694809613,0
2023-07-28 10:57:18,2517.0,2277285,1,2520.15,231099,415797,0.5713829064610294,0
2023-07-28 10:57:19,2517.0,2277290,1,2520.15,230601,415792,0.5713829064610294,0
2023-07-28 10:57:19,2516.75,2277290,1,2520.15,230601,415792,0.561393694809613,0
2023-07-28 10:57:19,2517.0,2277290,7,2520.15,230601,415792,0.5713829064610294,0
2023-07-28 10:57:21,2516.75,2277322,3,2520.15,230544,415326,0.561393694809613,0
2023-07-28 10:57:21,2517.0,2277322,10,2520.15,230544,415326,0.5713829064610294,0
2023-07-28 10:57:21,2517.0,2277333,10,2520.15,230545,415265,0.5713829064610294,0
2023-07-28 10:57:21,2516.75,2277333,1,2520.15,230545,415265,0.561393694809613,0
2023-07-28 10:57:21,2516.75,2277333,1,2520.15,230545,415265,0.561393694809613,0
2023-07-28 10:57:24,2516.75,2277346,1,2520.15,230511,415384,0.561393694809613,0
2023-07-28 10:57:24,2516.75,2277346,1,2520.15,230511,415384,0.561393694809613,0
2023-07-28 10:57:25,2516.75,2277397,1,2520.15,230510,415335,0.561393694809613,0
2023-07-28 10:57:26,2516.75,2277405,1,2520.15,230729,415595,0.561393694809613,0
2023-07-28 10:57:26,2516.75,2277405,1,2520.15,230729,415595,0.561393694809613,0
2023-07-28 10:57:27,2517.0,2277597,180,2520.15,231230,415314,0.5713829064610294,0
2023-07-28 10:57:27,2516.75,2277597,60,2520.15,231230,415314,0.561393694809613,0
2023-07-28 10:57:27,2516.75,2277658,60,2520.15,231168,415327,0.561393694809613,0
2023-07-28 10:57:27,2516.75,2277658,1,2520.15,231168,415327,0.561393694809613,0
2023-07-28 10:57:28,2516.75,2278310,1,2520.15,229169,415478,0.561393694809613,0
2023-07-28 10:57:30,2516.75,2278411,4,2520.15,229099,415461,0.561393694809613,0
2023-07-28 10:57:30,2516.75,2278411,1,2520.15,229099,415461,0.561393694809613,0
2023-07-28 10:57:31,2516.95,2278422,10,2520.15,231656,415511,0.5693850641307389,0
2023-07-28 10:57:32,2516.75,2278424,1,2520.15,231636,415533,0.561393694809613,0
2023-07-28 10:57:32,2516.75,2278424,1,2520.15,231636,415533,0.561393694809613,0
2023-07-28 10:57:33,2516.75,2278465,1,2520.15,231605,415582,0.561393694809613,0
2023-07-28 10:57:33,2516.95,2278476,6,2520.15,231599,415575,0.5693850641307389,0
2023-07-28 10:57:35,2516.75,2278532,8,2520.15,230756,415062,0.561393694809613,0
2023-07-28 10:57:36,2516.75,2278533,1,2520.15,230977,415522,0.561393694809613,0
2023-07-28 10:57:36,2516.75,2278533,1,2520.15,230977,415522,0.561393694809613,0
2023-07-28 10:57:36,2516.75,2278534,1,2520.15,231235,415765,0.561393694809613,0
2023-07-28 10:57:38,2516.75,2278596,51,2520.15,231202,416149,0.561393694809613,0
2023-07-28 10:57:38,2516.75,2278596,1,2520.15,231202,416149,0.561393694809613,0
2023-07-28 10:57:38,2516.75,2278871,1,2520.15,231437,415605,0.561393694809613,0
2023-07-28 10:57:38,2516.75,2278871,1,2520.15,231437,415605,0.561393694809613,0
2023-07-28 10:57:40,2516.75,2278873,1,2520.15,231208,415600,0.561393694809613,0
2023-07-28 10:57:41,2516.75,2278874,1,2520.15,231207,415599,0.561393694809613,0
2023-07-28 10:57:41,2516.75,2278874,1,2520.15,231207,415599,0.561393694809613,0
2023-07-28 10:57:42,2516.75,2278975,50,2520.15,230416,415544,0.561393694809613,0
2023-07-28 10:57:42,2516.25,2278975,11,2520.15,230416,415544,0.54141527150678,0
2023-07-28 10:57:43,2516.75,2279096,1,2520.15,231135,415373,0.561393694809613,0
2023-07-28 10:57:44,2516.25,2279098,1,2520.15,231143,415336,0.54141527150678,0
2023-07-28 10:57:44,2516.0,2279098,3,2520.15,231143,415336,0.5314260598553635,0
2023-07-28 10:57:45,2516.0,2279257,5,2520.15,231718,415662,0.5314260598553635,0
2023-07-28 10:57:46,2516.0,2279384,125,2520.15,231537,415711,0.5314260598553635,0
2023-07-28 10:57:47,2516.55,2279388,1,2520.15,231036,415819,0.553402325488487,0
2023-07-28 10:57:47,2516.0,2279388,1,2520.15,231036,415819,0.5314260598553635,0
2023-07-28 10:57:48,2516.0,2279403,12,2520.15,230998,415885,0.5314260598553635,0
2023-07-28 10:57:48,2516.0,2279403,1,2520.15,230998,415885,0.5314260598553635,0
2023-07-28 10:57:49,2516.0,2279444,1,2520.15,231046,415547,0.5314260598553635,0
2023-07-28 10:57:49,2516.0,2279444,40,2520.15,231046,415547,0.5314260598553635,0
2023-07-28 10:57:50,2516.0,2279485,1,2520.15,231056,416053,0.5314260598553635,0
2023-07-28 10:57:50,2516.0,2279485,1,2520.15,231056,416053,0.5314260598553635,0
2023-07-28 10:57:52,2516.0,2279487,1,2520.15,231150,416103,0.5314260598553635,0
2023-07-28 10:57:53,2516.0,2279541,52,2520.15,231094,416094,0.5314260598553635,0
2023-07-28 10:57:53,2516.0,2279541,1,2520.15,231094,416094,0.5314260598553635,0
2023-07-28 10:57:54,2516.0,2279557,10,2520.15,230578,416097,0.5314260598553635,0
2023-07-28 10:57:54,2516.0,2279557,1,2520.15,230578,416097,0.5314260598553635,0
2023-07-28 10:57:54,2516.0,2279559,1,2520.15,230839,415629,0.5314260598553635,0
2023-07-28 10:57:54,2516.05,2279559,1,2520.15,230839,415629,0.533423902185654,0
2023-07-28 10:57:56,2516.1,2279561,1,2520.15,231112,415121,0.5354217445159265,0
2023-07-28 10:57:57,2516.75,2279692,1,2520.15,231221,415403,0.561393694809613,0
2023-07-28 10:57:57,2516.5,2279692,1,2520.15,231221,415403,0.5514044831581965,0
2023-07-28 10:57:58,2516.5,2279818,7,2520.15,231219,415425,0.5514044831581965,0
2023-07-28 10:57:59,2516.5,2279821,1,2520.15,231217,414742,0.5514044831581965,0
2023-07-28 10:57:59,2516.5,2279821,1,2520.15,231217,414742,0.5514044831581965,0
2023-07-28 10:58:00,2516.0,2279919,10,2520.15,231702,415076,0.5314260598553635,0
2023-07-28 10:58:00,2516.5,2279919,19,2520.15,231702,415076,0.5514044831581965,0
2023-07-28 10:58:02,2516.5,2280198,5,2520.15,231967,414426,0.5514044831581965,0
2023-07-28 10:58:02,2516.05,2280198,1,2520.15,231967,414426,0.533423902185654,0
2023-07-28 10:58:02,2516.05,2280199,1,2520.15,231968,414526,0.533423902185654,0
2023-07-28 10:58:02,2516.05,2280199,1,2520.15,231968,414526,0.533423902185654,0
2023-07-28 10:58:03,2516.05,2280223,1,2520.15,231864,414596,0.533423902185654,0
2023-07-28 10:58:05,2516.0,2280224,4,2520.15,232083,414389,0.5314260598553635,0
2023-07-28 10:58:06,2516.0,2280230,1,2520.15,232108,414367,0.5314260598553635,0
2023-07-28 10:58:07,2516.0,2280235,1,2520.15,232182,414611,0.5314260598553635,0
2023-07-28 10:58:08,2516.05,2280345,50,2520.15,232002,414583,0.533423902185654,0
2023-07-28 10:58:08,2516.05,2280345,1,2520.15,232002,414583,0.533423902185654,0
2023-07-28 10:58:08,2516.05,2280346,1,2520.15,231947,414726,0.533423902185654,0
2023-07-28 10:58:10,2516.0,2280797,25,2520.15,231835,414016,0.5314260598553635,0
2023-07-28 10:58:10,2515.65,2280958,1,2520.15,231661,414475,0.5174411635433841,0
2023-07-28 10:58:11,2515.5,2281042,1,2520.15,231795,414542,0.5114476365525306,0
2023-07-28 10:58:12,2516.0,2281185,49,2520.15,231686,414648,0.5314260598553635,0
2023-07-28 10:58:13,2515.5,2281504,299,2520.15,231106,414390,0.5114476365525306,0
2023-07-28 10:58:15,2515.45,2281623,1,2520.15,231260,414322,0.50944979422224,0
2023-07-28 10:58:15,2515.2,2281623,1,2520.15,231260,414322,0.49946058257082354,0
2023-07-28 10:58:16,2515.5,2281677,2,2520.15,230947,414301,0.5114476365525306,0
2023-07-28 10:58:16,2515.2,2281678,1,2520.15,230748,414341,0.49946058257082354,0
2023-07-28 10:58:17,2515.45,2281680,1,2520.15,230757,414061,0.50944979422224,0
2023-07-28 10:58:17,2515.7,2281680,49,2520.15,230757,414061,0.5194390058736564,0
2023-07-28 10:58:19,2515.2,2281910,1,2520.15,230652,413897,0.49946058257082354,0
2023-07-28 10:58:20,2515.0,2284103,2,2520.14,226761,414283,0.4914692132496976,0
2023-07-28 10:58:20,2515.0,2284311,8,2520.14,227897,414423,0.4914692132496976,0
2023-07-28 10:58:20,2515.0,2284311,1,2520.14,227897,414423,0.4914692132496976,0
2023-07-28 10:58:20,2514.1,2284311,1,2520.14,227897,414423,0.4555080513045947,0
2023-07-28 10:58:20,2514.1,2284311,1,2520.14,227897,414423,0.4555080513045947,0
2023-07-28 10:58:24,2514.9,2284975,1,2520.14,229060,414224,0.4874735285891347,0
2023-07-28 10:58:25,2514.1,2285095,33,2520.14,228811,414456,0.4555080513045947,0
2023-07-28 10:58:26,2514.0,2286248,1,2520.13,228643,413954,0.45151236664403177,0
2023-07-28 10:58:26,2514.0,2286385,22,2520.13,228203,414138,0.45151236664403177,0
2023-07-28 10:58:27,2513.6,2286729,17,2520.13,228276,413975,0.43552962800176176,0
2023-07-28 10:58:29,2513.65,2286863,7,2520.13,228939,414163,0.4375274703320523,0
2023-07-28 10:58:29,2513.2,2286863,1,2520.13,228939,414163,0.4195468893594918,0
2023-07-28 10:58:30,2513.6,2287094,1,2520.13,228692,414432,0.43552962800176176,0
2023-07-28 10:58:30,2514.0,2287094,8,2520.13,228692,414432,0.45151236664403177,0
2023-07-28 10:58:31,2514.0,2287491,1,2520.13,228856,413917,0.45151236664403177,0
2023-07-28 10:58:32,2513.2,2287728,10,2520.13,228608,414270,0.4195468893594918,0
2023-07-28 10:58:32,2514.0,2287820,1,2520.13,228706,413661,0.45151236664403177,0
2023-07-28 10:58:33,2513.45,2287844,1,2520.13,228592,413993,0.4295361010109083,0
2023-07-28 10:58:34,2513.3,2287853,2,2520.13,228700,413958,0.4235425740200729,0
2023-07-28 10:58:35,2513.6,2288326,1,2520.13,228827,413704,0.43552962800176176,0
2023-07-28 10:58:37,2513.3,2288384,1,2520.13,228469,414017,0.4235425740200729,0
2023-07-28 10:58:38,2514.05,2288487,2,2520.13,229113,413960,0.4535102089743223,0
2023-07-28 10:58:39,2513.65,2288738,12,2520.13,228542,413782,0.4375274703320523,0
2023-07-28 10:58:39,2513.6,2288812,19,2520.13,228646,413850,0.43552962800176176,0
2023-07-28 10:58:41,2513.55,2288904,64,2520.13,228456,413616,0.43353178567148937,0
2023-07-28 10:58:41,2513.55,2288950,3,2520.13,228801,413764,0.43353178567148937,0
2023-07-28 10:58:41,2513.45,2288950,1,2520.13,228801,413764,0.4295361010109083,0
2023-07-28 10:58:43,2513.45,2289105,6,2520.13,228955,413619,0.4295361010109083,0
2023-07-28 10:58:43,2513.45,2289105,1,2520.13,228955,413619,0.4295361010109083,0
2023-07-28 10:58:43,2514.0,2289105,5,2520.13,228955,413619,0.45151236664403177,0
2023-07-28 10:58:45,2514.0,2289501,8,2520.13,229573,413579,0.45151236664403177,0
2023-07-28 10:58:45,2514.0,2289501,1,2520.13,229573,413579,0.45151236664403177,0
2023-07-28 10:58:46,2513.3,2289687,19,2520.13,229146,413569,0.4235425740200729,0
2023-07-28 10:58:47,2513.3,2289733,14,2520.12,229095,413564,0.4235425740200729,0
2023-07-28 10:58:47,2513.65,2289733,1,2520.12,229095,413564,0.4375274703320523,0
2023-07-28 10:58:48,2513.3,2289793,1,2520.12,229272,413528,0.4235425740200729,0
2023-07-28 10:58:48,2513.3,2289818,1,2520.12,229328,413662,0.4235425740200729,0
2023-07-28 10:58:48,2513.3,2289818,3,2520.12,229328,413662,0.4235425740200729,0
2023-07-28 10:58:51,2513.0,2291285,4,2520.12,228575,413852,0.4115555200383659,0
2023-07-28 10:58:51,2513.15,2291604,25,2520.12,228654,414214,0.4175490470292194,0
2023-07-28 10:58:52,2513.3,2291882,1,2520.12,228625,414119,0.4235425740200729,0
2023-07-28 10:58:53,2513.0,2292067,1,2520.12,228440,414166,0.4115555200383659,0
2023-07-28 10:58:54,2513.05,2292185,3,2520.12,228059,414177,0.4135533623686564,0
2023-07-28 10:58:55,2513.1,2292331,3,2520.12,228226,413992,0.4155512046989288,0
2023-07-28 10:58:56,2513.1,2292387,3,2520.12,228409,414127,0.4155512046989288,0
2023-07-28 10:58:58,2513.15,2292421,5,2520.12,228233,414036,0.4175490470292194,0
2023-07-28 10:58:59,2513.15,2292429,2,2520.12,228159,414073,0.4175490470292194,0
2023-07-28 10:58:59,2513.1,2292440,2,2520.12,228206,414104,0.4155512046989288,0
2023-07-28 10:58:59,2513.8,2292440,49,2520.12,228206,414104,0.44352099732290584,0
2023-07-28 10:59:01,2513.1,2292765,3,2520.12,228553,413931,0.4155512046989288,0
2023-07-28 10:59:02,2513.05,2292954,1,2520.12,228685,413886,0.4135533623686564,0
2023-07-28 10:59:04,2513.6,2293053,21,2520.11,229189,413603,0.43552962800176176,0
2023-07-28 10:59:04,2513.7,2293074,1,2520.11,228142,414163,0.4395253126623247,0
2023-07-28 10:59:06,2514.35,2293281,16,2520.11,229794,413845,0.4654972629560112,0
2023-07-28 10:59:06,2513.7,2293366,1,2520.11,230408,413806,0.4395253126623247,0
2023-07-28 10:59:08,2513.65,2293399,1,2520.11,230384,413938,0.4375274703320523,0
2023-07-28 10:59:09,2513.65,2293542,10,2520.11,230300,413840,0.4375274703320523,0
2023-07-28 10:59:09,2513.65,2293542,28,2520.11,230300,413840,0.4375274703320523,0
2023-07-28 10:59:10,2514.35,2293712,44,2520.11,230908,413936,0.4654972629560112,0
2023-07-28 10:59:11,2513.6,2293742,25,2520.11,230591,414117,0.43552962800176176,0
2023-07-28 10:59:11,2513.65,2293742,5,2520.11,230591,414117,0.4375274703320523,0
2023-07-28 10:59:12,2513.0,2293776,40,2520.11,229177,414109,0.4115555200383659,0
2023-07-28 10:59:13,2513.0,2295654,18,2520.11,229196,414320,0.4115555200383659,0
2023-07-28 10:59:13,2513.0,2295654,52,2520.11,229196,414320,0.4115555200383659,0
2023-07-28 10:59:15,2513.0,2295855,5,2520.11,229587,414190,0.4115555200383659,0
2023-07-28 10:59:15,2512.95,2296199,1,2520.11,229815,414501,0.40955767770807533,0
2023-07-28 10:59:17,2513.95,2296945,7,2520.1,229796,414002,0.44951452431374117,0
2023-07-28 10:59:17,2513.7,2296945,345,2520.1,229796,414002,0.4395253126623247,0
2023-07-28 10:59:18,2513.7,2297296,345,2520.1,228742,413868,0.4395253126623247,0
2023-07-28 10:59:18,2513.7,2297296,123,2520.1,228742,413868,0.4395253126623247,0
2023-07-28 10:59:20,2513.7,2297462,15,2520.1,231031,414214,0.4395253126623247,0
2023-07-28 10:59:21,2513.7,2297482,5,2520.1,231331,413884,0.4395253126623247,0
2023-07-28 10:59:21,2513.95,2297482,10,2520.1,231331,413884,0.44951452431374117,0
2023-07-28 10:59:22,2513.95,2297576,1,2520.1,231447,413878,0.44951452431374117,0
2023-07-28 10:59:22,2513.7,2297576,28,2520.1,231447,413878,0.4395253126623247,0
2023-07-28 10:59:22,2513.7,2297576,28,2520.1,231447,413878,0.4395253126623247,0
2023-07-28 10:59:23,2513.95,2297697,31,2520.1,231777,414010,0.44951452431374117,0
2023-07-28 10:59:23,2513.95,2297697,3,2520.1,231777,414010,0.44951452431374117,0
2023-07-28 10:59:23,2513.95,2297697,3,2520.1,231777,414010,0.44951452431374117,0
2023-07-28 10:59:23,2513.95,2297697,4,2520.1,231777,414010,0.44951452431374117,0
2023-07-28 10:59:25,2513.95,2297747,4,2520.1,232025,414732,0.44951452431374117,0
2023-07-28 10:59:27,2514.3,2297815,24,2520.1,232475,411185,0.4634994206257388,0
2023-07-28 10:59:27,2514.7,2297815,1,2520.1,232475,411185,0.4794821592679906,0
2023-07-28 10:59:28,2514.8,2297908,1,2520.1,232353,414764,0.48347784392857174,0
2023-07-28 10:59:30,2514.0,2298835,7,2520.1,232247,413528,0.45151236664403177,0
2023-07-28 10:59:31,2514.0,2299166,1,2520.1,234539,413648,0.45151236664403177,0
2023-07-28 10:59:32,2513.7,2299311,15,2520.1,235164,413935,0.4395253126623247,0
2023-07-28 10:59:33,2513.7,2299380,18,2520.1,234903,414028,0.4395253126623247,0
2023-07-28 10:59:33,2513.7,2299380,19,2520.1,234903,414028,0.4395253126623247,0
2023-07-28 10:59:34,2513.7,2299441,6,2520.1,235401,414024,0.4395253126623247,0
2023-07-28 10:59:36,2513.95,2299642,1,2520.1,235213,413914,0.44951452431374117,0
2023-07-28 10:59:36,2513.95,2299668,2,2520.1,235208,413979,0.44951452431374117,0
2023-07-28 10:59:37,2513.95,2299901,11,2520.1,236162,413784,0.44951452431374117,0
2023-07-28 10:59:38,2514.0,2300170,5,2520.09,235275,414550,0.45151236664403177,0
2023-07-28 10:59:40,2514.0,2300810,9,2520.09,235260,413711,0.45151236664403177,0
2023-07-28 10:59:41,2514.0,2301179,3,2520.09,235239,413880,0.45151236664403177,0
2023-07-28 10:59:41,2513.7,2301179,9,2520.09,235239,413880,0.4395253126623247,0
2023-07-28 10:59:42,2514.0,2301423,10,2520.09,236421,413619,0.45151236664403177,0
2023-07-28 10:59:43,2514.0,2301460,10,2520.09,236508,413585,0.45151236664403177,0
2023-07-28 10:59:43,2514.0,2301460,3,2520.09,236508,413585,0.45151236664403177,0
2023-07-28 10:59:44,2513.7,2301465,115,2520.09,236123,414081,0.4395253126623247,0
2023-07-28 10:59:45,2513.95,2301832,6,2520.09,237017,414359,0.44951452431374117,0
2023-07-28 10:59:45,2513.95,2301832,6,2520.09,237026,414435,0.44951452431374117,0
2023-07-28 10:59:47,2513.95,2301840,10,2520.09,236796,414392,0.44951452431374117,0
2023-07-28 10:59:48,2514.0,2303603,457,2520.09,236738,413307,0.45151236664403177,0
2023-07-28 10:59:49,2513.7,2303657,3,2520.09,236708,414111,0.4395253126623247,0
2023-07-28 10:59:49,2513.7,2303657,1,2520.09,236708,414111,0.4395253126623247,0
2023-07-28 10:59:51,2514.0,2303669,10,2520.09,236957,414142,0.45151236664403177,0
2023-07-28 10:59:51,2513.7,2303669,7,2520.09,236957,414142,0.4395253126623247,0
2023-07-28 10:59:51,2513.7,2303696,7,2520.09,236959,414923,0.4395253126623247,0
2023-07-28 10:59:53,2513.7,2303754,28,2520.09,237305,414903,0.4395253126623247,0
2023-07-28 10:59:53,2514.0,2303754,1,2520.09,237305,414903,0.45151236664403177,0
2023-07-28 10:59:54,2514.0,2304758,10,2520.08,237425,414618,0.45151236664403177,0
2023-07-28 10:59:54,2514.0,2304758,15,2520.08,237425,414618,0.45151236664403177,0
2023-07-28 10:59:55,2514.0,2304794,1,2520.08,236685,414584,0.45151236664403177,0
2023-07-28 10:59:56,2514.0,2304851,1,2520.08,236688,414534,0.45151236664403177,0
2023-07-28 10:59:57,2514.1,2305128,2,2520.08,237434,414113,0.4555080513045947,0
2023-07-28 10:59:57,2514.3,2305128,7,2520.08,237434,414113,0.4634994206257388,0
2023-07-28 10:59:59,2514.1,2305233,1,2520.08,237162,414272,0.4555080513045947,0
2023-07-28 10:59:59,2514.4,2305233,6,2520.08,237162,414272,0.4674951052863017,0
2023-07-28 11:00:01,2514.4,2305256,6,2520.08,234628,411871,0.4674951052863017,0
2023-07-28 11:00:02,2514.75,2305383,4,2520.08,237011,413233,0.4814800015982812,0
2023-07-28 11:00:02,2514.75,2305383,2,2520.08,237011,413233,0.4814800015982812,0
2023-07-28 11:00:03,2514.45,2305460,25,2520.08,237484,412892,0.4694929476165741,0
2023-07-28 11:00:04,2514.45,2306010,250,2520.08,236705,413085,0.4694929476165741,0
2023-07-28 11:00:05,2514.0,2308411,1,2520.07,236758,413243,0.45151236664403177,0
2023-07-28 11:00:05,2514.0,2308411,249,2520.07,236758,413243,0.45151236664403177,0
2023-07-28 11:00:06,2514.0,2308665,5,2520.07,236607,413531,0.45151236664403177,0
2023-07-28 11:00:06,2514.0,2308665,49,2520.07,236607,413531,0.45151236664403177,0
2023-07-28 11:00:07,2514.0,2308873,54,2520.07,237142,413642,0.45151236664403177,0
2023-07-28 11:00:08,2513.85,2309121,5,2520.07,237044,413397,0.44551883965317823,0
2023-07-28 11:00:08,2513.85,2309121,10,2520.07,237044,413397,0.44551883965317823,0
2023-07-28 11:00:09,2513.75,2309495,158,2520.07,237197,413347,0.4415231549926153,0
2023-07-28 11:00:10,2513.65,2309789,9,2520.07,236018,413352,0.4375274703320523,0
2023-07-28 11:00:12,2513.65,2309901,27,2520.07,236942,414079,0.4375274703320523,0
2023-07-28 11:00:12,2513.65,2309905,4,2520.07,236888,414060,0.4375274703320523,0
2023-07-28 11:00:12,2513.65,2309905,2,2520.07,236988,414152,0.4375274703320523,0
2023-07-28 11:00:12,2513.7,2309905,1,2520.07,236988,414152,0.4395253126623247,0
2023-07-28 11:00:15,2513.5,2309990,1,2520.07,237685,414060,0.4315339433411988,0
2023-07-28 11:00:15,2513.5,2310094,68,2520.07,237758,414197,0.4315339433411988,0
2023-07-28 11:00:15,2513.5,2310094,1,2520.07,237758,414197,0.4315339433411988,0
2023-07-28 11:00:15,2513.35,2310094,33,2520.07,237758,414197,0.4255404163503453,0
2023-07-28 11:00:17,2513.35,2310268,33,2520.07,238520,413425,0.4255404163503453,0
2023-07-28 11:00:17,2513.5,2310268,2,2520.07,238520,413425,0.4315339433411988,0
2023-07-28 11:00:18,2513.5,2310275,2,2520.07,238242,413262,0.4315339433411988,0
2023-07-28 11:00:20,2513.35,2310308,1,2520.07,238003,414105,0.4255404163503453,0
2023-07-28 11:00:20,2513.35,2310308,1,2520.07,238003,414105,0.4255404163503453,0
2023-07-28 11:00:20,2513.35,2310322,1,2520.07,237930,413607,0.4255404163503453,0
2023-07-28 11:00:20,2513.5,2310322,10,2520.07,237930,413607,0.4315339433411988,0
2023-07-28 11:00:22,2513.5,2310336,4,2520.07,238257,413653,0.4315339433411988,0
2023-07-28 11:00:23,2513.4,2310385,1,2520.07,237686,413447,0.4275382586806359,0
2023-07-28 11:00:23,2513.35,2310385,97,2520.07,237686,413447,0.4255404163503453,0
2023-07-28 11:00:24,2513.4,2310497,1,2520.07,238060,413311,0.4275382586806359,0
2023-07-28 11:00:24,2513.4,2310497,1,2520.07,238060,413311,0.4275382586806359,0
2023-07-28 11:00:25,2513.4,2310508,3,2520.07,237276,413417,0.4275382586806359,0
2023-07-28 11:00:25,2513.4,2310508,3,2520.07,237276,413417,0.4275382586806359,0
2023-07-28 11:00:27,2513.4,2310563,1,2520.07,238382,413967,0.4275382586806359,0
2023-07-28 11:00:27,2513.4,2310566,3,2520.07,238301,413970,0.4275382586806359,0
2023-07-28 11:00:29,2513.5,2310644,16,2520.07,238537,413941,0.4315339433411988,0
2023-07-28 11:00:30,2513.5,2310690,6,2520.07,238865,413180,0.4315339433411988,0
2023-07-28 11:00:30,2513.65,2310690,2,2520.07,238865,413180,0.4375274703320523,0
2023-07-28 11:00:31,2513.5,2310723,2,2520.07,238955,413642,0.4315339433411988,0
2023-07-28 11:00:32,2513.65,2310799,42,2520.07,238207,413093,0.4375274703320523,0
2023-07-28 11:00:32,2513.65,2310799,8,2520.07,238207,413093,0.4375274703320523,0
2023-07-28 11:00:33,2513.75,2311033,61,2520.07,241262,412917,0.4415231549926153,0
2023-07-28 11:00:33,2513.85,2311033,5,2520.07,241262,412917,0.44551883965317823,0
2023-07-28 11:00:33,2513.85,2311033,4,2520.07,241262,412917,0.44551883965317823,0
2023-07-28 11:00:35,2513.85,2311570,4,2520.06,239150,413806,0.44551883965317823,0
2023-07-28 11:00:37,2513.75,2311634,18,2520.06,238736,413152,0.4415231549926153,0
2023-07-28 11:00:38,2513.65,2312436,19,2520.06,238841,412888,0.4375274703320523,0
2023-07-28 11:00:38,2514.0,2312436,100,2520.06,238841,412888,0.45151236664403177,0
2023-07-28 11:00:38,2514.0,2312841,100,2520.06,239405,413698,0.45151236664403177,0
2023-07-28 11:00:40,2513.9,2313109,1,2520.06,238596,413711,0.4475166819834688,0
2023-07-28 11:00:40,2513.75,2313138,5,2520.06,239140,413637,0.4415231549926153,0
2023-07-28 11:00:40,2513.9,2313138,1,2520.06,239140,413637,0.4475166819834688,0
2023-07-28 11:00:42,2513.75,2313174,8,2520.06,239429,413659,0.4415231549926153,0
2023-07-28 11:00:42,2513.75,2313174,1,2520.06,239429,413659,0.4415231549926153,0
2023-07-28 11:00:42,2513.95,2313174,20,2520.06,239429,413659,0.44951452431374117,0
2023-07-28 11:00:46,2513.95,2313586,2,2520.06,239945,413448,0.44951452431374117,0
2023-07-28 11:00:46,2513.95,2313586,2,2520.06,239945,413448,0.44951452431374117,0
2023-07-28 11:00:46,2514.45,2313595,250,2520.06,239973,413641,0.4694929476165741,0
2023-07-28 11:00:48,2514.45,2316058,11,2520.05,239086,413740,0.4694929476165741,0
2023-07-28 11:00:48,2514.45,2316058,10,2520.05,239086,413740,0.4694929476165741,0
2023-07-28 11:00:49,2514.2,2316874,37,2520.05,238399,412807,0.45950373596515764,0
2023-07-28 11:00:49,2514.2,2316874,2,2520.05,238399,412807,0.45950373596515764,0
2023-07-28 11:00:50,2514.45,2316901,2,2520.05,238888,413050,0.4694929476165741,0
2023-07-28 11:00:50,2514.2,2316901,1,2520.05,238888,413050,0.45950373596515764,0
2023-07-28 11:00:52,2514.45,2317070,3,2520.05,238822,411713,0.4694929476165741,0
2023-07-28 11:00:52,2514.45,2317070,1,2520.05,238822,411713,0.4694929476165741,0
2023-07-28 11:00:53,2514.45,2317399,10,2520.05,240072,412089,0.4694929476165741,0
2023-07-28 11:00:54,2514.2,2317518,7,2520.05,240261,412496,0.45950373596515764,0
2023-07-28 11:00:54,2514.2,2317527,1,2520.05,240008,412499,0.45950373596515764,0
2023-07-28 11:00:55,2515.0,2319488,22,2520.04,236765,411044,0.4914692132496976,0
2023-07-28 11:00:55,2515.0,2319488,7,2520.04,236765,411044,0.4914692132496976,0
2023-07-28 11:00:56,2515.0,2319724,24,2520.04,238550,411477,0.4914692132496976,0
2023-07-28 11:00:57,2515.05,2320072,12,2520.04,241142,410896,0.4934670555799882,0
2023-07-28 11:00:59,2515.05,2320250,33,2520.04,239910,411709,0.4934670555799882,0
2023-07-28 11:00:59,2515.05,2320250,35,2520.04,239910,411709,0.4934670555799882,0
2023-07-28 11:00:59,2514.1,2320250,25,2520.04,239910,411709,0.4555080513045947,0
2023-07-28 11:01:01,2514.1,2326060,15,2520.03,240836,410993,0.4555080513045947,0
2023-07-28 11:01:02,2514.1,2326114,4,2520.03,240392,410833,0.4555080513045947,0
2023-07-28 11:01:02,2514.1,2326114,2,2520.03,240392,410833,0.4555080513045947,0
2023-07-28 11:01:02,2514.85,2326114,6,2520.03,240392,410833,0.48547568625884413,0
2023-07-28 11:01:04,2514.05,2326608,1,2520.03,238331,410783,0.4535102089743223,0
2023-07-28 11:01:04,2514.05,2326608,1,2520.03,238331,410783,0.4535102089743223,0
2023-07-28 11:01:05,2514.05,2326684,1,2520.03,239021,411665,0.4535102089743223,0
2023-07-28 11:01:05,2514.1,2326684,1,2520.03,239021,411665,0.4555080513045947,0
2023-07-28 11:01:07,2514.9,2326704,2,2520.03,238404,410790,0.4874735285891347,0
2023-07-28 11:01:07,2514.1,2326704,1,2520.03,238404,410790,0.4555080513045947,0
2023-07-28 11:01:08,2514.0,2327150,67,2520.03,238915,409977,0.45151236664403177,0
2023-07-28 11:01:09,2514.9,2328092,1,2520.02,238475,410664,0.4874735285891347,0
2023-07-28 11:01:09,2514.05,2328092,2,2520.02,238475,410664,0.4535102089743223,0
2023-07-28 11:01:10,2514.85,2328228,4,2520.02,238941,410539,0.48547568625884413,0
2023-07-28 11:01:10,2514.05,2328228,1,2520.02,238941,410539,0.4535102089743223,0
2023-07-28 11:01:11,2514.2,2328319,1,2520.02,237773,409849,0.45950373596515764,0
2023-07-28 11:01:11,2514.2,2328319,1,2520.02,237773,409849,0.45950373596515764,0
2023-07-28 11:01:13,2514.2,2328356,1,2520.02,238046,410573,0.45950373596515764,0
2023-07-28 11:01:13,2514.2,2328361,1,2520.02,238065,410588,0.45950373596515764,0
2023-07-28 11:01:13,2514.2,2328361,1,2520.02,238065,410588,0.45950373596515764,0
2023-07-28 11:01:14,2514.2,2328362,1,2520.02,238083,410716,0.45950373596515764,0
2023-07-28 11:01:15,2514.2,2328363,1,2520.02,237862,410759,0.45950373596515764,0
2023-07-28 11:01:15,2514.85,2328363,1,2520.02,237862,410759,0.48547568625884413,0
2023-07-28 11:01:17,2514.1,2328617,4,2520.02,237857,410531,0.4555080513045947,0
2023-07-28 11:01:18,2514.05,2330116,66,2520.02,238562,410822,0.4535102089743223,0
2023-07-28 11:01:20,2514.2,2330351,1,2520.02,237984,410867,0.45950373596515764,0
2023-07-28 11:01:20,2514.05,2330351,1,2520.02,237984,410867,0.4535102089743223,0
2023-07-28 11:01:20,2514.0,2330351,1,2520.02,237984,410867,0.45151236664403177,0
2023-07-28 11:01:22,2514.0,2330362,1,2520.02,239909,410834,0.45151236664403177,0
2023-07-28 11:01:23,2514.0,2330634,20,2520.02,236997,410426,0.45151236664403177,0
2023-07-28 11:01:24,2514.2,2330760,32,2520.02,235764,411269,0.45950373596515764,0
2023-07-28 11:01:24,2514.2,2330760,2,2520.02,235764,411269,0.45950373596515764,0
2023-07-28 11:01:25,2514.0,2330829,9,2520.02,237708,411008,0.45151236664403177,0
2023-07-28 11:01:25,2514.2,2330829,12,2520.02,237708,411008,0.45950373596515764,0
2023-07-28 11:01:26,2513.85,2331066,28,2520.02,237757,411234,0.44551883965317823,0
2023-07-28 11:01:27,2513.85,2331357,1,2520.01,237753,411249,0.44551883965317823,0
2023-07-28 11:01:28,2514.0,2331578,27,2520.01,238362,411345,0.45151236664403177,0
2023-07-28 11:01:28,2513.85,2331578,2,2520.01,238362,411345,0.44551883965317823,0
2023-07-28 11:01:29,2514.0,2331618,6,2520.01,238624,412574,0.45151236664403177,0
2023-07-28 11:01:30,2514.0,2331630,2,2520.01,238493,412607,0.45151236664403177,0
2023-07-28 11:01:32,2514.0,2331710,22,2520.01,238232,412526,0.45151236664403177,0
2023-07-28 11:01:32,2514.0,2331710,35,2520.01,238232,412526,0.45151236664403177,0
2023-07-28 11:01:33,2513.75,2332155,83,2520.01,238324,411983,0.4415231549926153,0
2023-07-28 11:01:33,2513.75,2332204,5,2520.01,238075,412046,0.4415231549926153,0
2023-07-28 11:01:34,2514.0,2332217,4,2520.01,238072,412170,0.45151236664403177,0
2023-07-28 11:01:35,2514.0,2332318,100,2520.01,239751,412091,0.45151236664403177,0
2023-07-28 11:01:36,2513.75,2332411,6,2520.01,240561,411535,0.4415231549926153,0
2023-07-28 11:01:37,2514.0,2332512,29,2520.01,239887,412521,0.45151236664403177,0
2023-07-28 11:01:39,2513.75,2332614,9,2520.01,235364,412798,0.4415231549926153,0
2023-07-28 11:01:40,2513.75,2332624,1,2520.01,238316,412010,0.4415231549926153,0
2023-07-28 11:01:41,2514.0,2332638,5,2520.01,238717,412725,0.45151236664403177,0
2023-07-28 11:01:41,2513.7,2332638,2,2520.01,238717,412725,0.4395253126623247,0
2023-07-28 11:01:42,2513.75,2332658,15,2520.01,239042,412017,0.4415231549926153,0
2023-07-28 11:01:42,2513.7,2332658,2,2520.01,239042,412017,0.4395253126623247,0
2023-07-28 11:01:43,2513.75,2332669,4,2520.01,238903,411584,0.4415231549926153,0
2023-07-28 11:01:44,2513.75,2332678,1,2520.01,239163,412337,0.4415231549926153,0
2023-07-28 11:01:44,2513.75,2332678,1,2520.01,239163,412337,0.4415231549926153,0
2023-07-28 11:01:44,2513.75,2332681,1,2520.01,238886,411381,0.4415231549926153,0
2023-07-28 11:01:46,2513.85,2332818,35,2520.01,238919,411509,0.44551883965317823,0
2023-07-28 11:01:46,2513.85,2332835,1,2520.01,239060,411528,0.44551883965317823,0
2023-07-28 11:01:46,2513.85,2332835,3,2520.01,239060,411528,0.44551883965317823,0
2023-07-28 11:01:46,2513.85,2332835,10,2520.01,239060,411528,0.44551883965317823,0
2023-07-28 11:01:49,2513.75,2332863,2,2520.01,239301,411412,0.4415231549926153,0
2023-07-28 11:01:49,2513.75,2332863,1,2520.01,239301,411412,0.4415231549926153,0
2023-07-28 11:01:50,2513.7,2332898,3,2520.01,239298,411389,0.4395253126623247,0
2023-07-28 11:01:51,2513.6,2332990,12,2520.01,238900,411670,0.43552962800176176,0
2023-07-28 11:01:53,2513.5,2333096,17,2520.01,239013,411376,0.4315339433411988,0
2023-07-28 11:01:54,2513.75,2333150,14,2520.01,239301,411575,0.4415231549926153,0
2023-07-28 11:01:54,2513.5,2333180,8,2520.01,239856,411643,0.4315339433411988,0
2023-07-28 11:01:56,2513.5,2333211,17,2520.01,239429,412120,0.4315339433411988,0
2023-07-28 11:01:56,2513.5,2333211,10,2520.01,239429,412120,0.4315339433411988,0
2023-07-28 11:01:57,2513.6,2333321,1,2520.01,238962,412908,0.43552962800176176,0
2023-07-28 11:01:58,2513.75,2333385,22,2520.01,237146,412965,0.4415231549926153,0
2023-07-28 11:01:59,2513.6,2333403,1,2520.01,238025,412964,0.43552962800176176,0
2023-07-28 11:01:59,2513.75,2333403,41,2520.01,238025,412964,0.4415231549926153,0
2023-07-28 11:02:00,2513.75,2333621,9,2520.01,238077,412149,0.4415231549926153,0
2023-07-28 11:02:01,2513.75,2333698,12,2520.01,238461,412326,0.4415231549926153,0
2023-07-28 11:02:02,2513.6,2333742,1,2520.01,238355,413130,0.43552962800176176,0
2023-07-28 11:02:03,2513.45,2333778,6,2520.01,238861,413205,0.4295361010109083,0
2023-07-28 11:02:03,2513.45,2333778,4,2520.01,238861,413205,0.4295361010109083,0
2023-07-28 11:02:04,2513.5,2333791,3,2520.01,238909,413199,0.4315339433411988,0
2023-07-28 11:02:04,2513.5,2333791,20,2520.01,238909,413199,0.4315339433411988,0
2023-07-28 11:02:05,2513.45,2334528,15,2520.01,238049,413086,0.4295361010109083,0
2023-07-28 11:02:06,2513.45,2334546,1,2520.01,238069,413048,0.4295361010109083,0
2023-07-28 11:02:08,2513.45,2334578,20,2520.01,238089,411752,0.4295361010109083,0
2023-07-28 11:02:08,2513.45,2334578,1,2520.01,238089,411752,0.4295361010109083,0
2023-07-28 11:02:08,2513.45,2334578,1,2520.01,238089,411752,0.4295361010109083,0
2023-07-28 11:02:10,2513.5,2334666,7,2520.01,238109,412581,0.4315339433411988,0
2023-07-28 11:02:10,2513.75,2334666,10,2520.01,238109,412581,0.4415231549926153,0
2023-07-28 11:02:11,2513.75,2334750,1,2520.01,237840,412597,0.4415231549926153,0
2023-07-28 11:02:12,2513.45,2334771,1,2520.01,238082,412645,0.4295361010109083,0
2023-07-28 11:02:12,2513.5,2334772,1,2520.01,238082,412645,0.4315339433411988,0
2023-07-28 11:02:12,2513.45,2334772,1,2520.01,238082,412645,0.4295361010109083,0
2023-07-28 11:02:14,2513.45,2334811,1,2520.01,238731,411968,0.4295361010109083,0
2023-07-28 11:02:15,2513.5,2334824,1,2520.01,238227,412156,0.4315339433411988,0
2023-07-28 11:02:16,2513.4,2335354,2,2520.0,238412,413150,0.4275382586806359,0
2023-07-28 11:02:16,2513.5,2335354,8,2520.0,238412,413150,0.4315339433411988,0
2023-07-28 11:02:18,2513.1,2335975,15,2520.0,239518,413206,0.4155512046989288,0
2023-07-28 11:02:19,2513.5,2336207,25,2520.0,237224,413199,0.4315339433411988,0
2023-07-28 11:02:19,2513.5,2336207,1,2520.0,237224,413199,0.4315339433411988,0
2023-07-28 11:02:20,2513.5,2336376,44,2520.0,237567,413205,0.4315339433411988,0
2023-07-28 11:02:20,2513.35,2336376,2,2520.0,237567,413205,0.4255404163503453,0
2023-07-28 11:02:21,2513.35,2336406,1,2520.0,237576,413769,0.4255404163503453,0
2023-07-28 11:02:22,2513.5,2336409,2,2520.0,238032,413018,0.4315339433411988,0
2023-07-28 11:02:22,2513.35,2336409,1,2520.0,238032,413018,0.4255404163503453,0
2023-07-28 11:02:23,2513.1,2336429,2,2520.0,239847,412931,0.4155512046989288,0
2023-07-28 11:02:23,2513.1,2336429,2,2520.0,239847,412931,0.4155512046989288,0
2023-07-28 11:02:23,2513.1,2336429,3,2520.0,239847,412931,0.4155512046989288,0
2023-07-28 11:02:23,2513.1,2336429,3,2520.0,239847,412931,0.4155512046989288,0
2023-07-28 11:02:26,2513.05,2336538,1,2520.0,239458,413959,0.4135533623686564,0
2023-07-28 11:02:26,2513.05,2336538,5,2520.0,239458,413959,0.4135533623686564,0
2023-07-28 11:02:27,2513.25,2336620,1,2520.0,237411,413559,0.42154473168978235,0
2023-07-28 11:02:28,2513.25,2336636,1,2520.0,237405,414100,0.42154473168978235,0
2023-07-28 11:02:29,2513.25,2336657,2,2520.0,236983,414144,0.42154473168978235,0
2023-07-28 11:02:29,2513.25,2336657,1,2520.0,236983,414144,0.42154473168978235,0
2023-07-28 11:02:30,2513.5,2336794,1,2520.0,237391,415167,0.4315339433411988,0
2023-07-28 11:02:31,2513.25,2336810,1,2520.0,237408,415199,0.42154473168978235,0
2023-07-28 11:02:31,2513.5,2336810,30,2520.0,237408,415199,0.4315339433411988,0
2023-07-28 11:02:32,2513.5,2336976,2,2520.0,236910,414419,0.4315339433411988,0
2023-07-28 11:02:33,2513.3,2337002,7,2520.0,236915,414424,0.4235425740200729,0
2023-07-28 11:02:33,2513.3,2337002,1,2520.0,236915,414424,0.4235425740200729,0
2023-07-28 11:02:34,2513.3,2337007,1,2520.0,236913,414476,0.4235425740200729,0
2023-07-28 11:02:34,2513.3,2337007,1,2520.0,236913,414476,0.4235425740200729,0
2023-07-28 11:02:35,2513.05,2337008,2,2520.0,237802,415315,0.4135533623686564,0
2023-07-28 11:02:36,2512.15,2339505,1,2519.99,233239,415148,0.3775922004235535,0
2023-07-28 11:02:38,2512.15,2340019,22,2519.99,236204,415671,0.3775922004235535,0
2023-07-28 11:02:38,2512.6,2340255,54,2519.99,235894,415978,0.39557278139609586,0
2023-07-28 11:02:38,2512.5,2340255,1,2519.99,235894,415978,0.3915770967355329,0
2023-07-28 11:02:40,2512.5,2340588,41,2519.99,235424,415109,0.3915770967355329,0
2023-07-28 11:02:40,2512.15,2340588,1,2519.99,235424,415109,0.3775922004235535,0
2023-07-28 11:02:40,2512.15,2340790,1,2519.99,236773,415670,0.3775922004235535,0
2023-07-28 11:02:42,2512.15,2341718,3,2519.98,236203,414860,0.3775922004235535,0
2023-07-28 11:02:43,2512.15,2341833,1,2519.98,236207,415396,0.3775922004235535,0
2023-07-28 11:02:43,2512.15,2341833,1,2519.98,236207,415396,0.3775922004235535,0
2023-07-28 11:02:44,2512.15,2341872,3,2519.98,234408,415636,0.3775922004235535,0
2023-07-28 11:02:45,2512.25,2341888,2,2519.98,236030,415398,0.38158788508411645,0
2023-07-28 11:02:46,2512.75,2342312,46,2519.98,234183,414604,0.4015663083869494,0
2023-07-28 11:02:48,2513.0,2342461,5,2519.98,237119,415247,0.4115555200383659,0
2023-07-28 11:02:48,2513.05,2342461,2,2519.98,237119,415247,0.4135533623686564,0
2023-07-28 11:02:48,2513.1,2342461,6,2519.98,237119,415247,0.4155512046989288,0
2023-07-28 11:02:50,2512.75,2342742,1,2519.98,234491,414708,0.4015663083869494,0
2023-07-28 11:02:51,2512.75,2342940,5,2519.98,234195,414791,0.4015663083869494,0
2023-07-28 11:02:52,2512.75,2342960,1,2519.98,237191,415483,0.4015663083869494,0
2023-07-28 11:02:53,2513.0,2343063,20,2519.98,236482,414723,0.4115555200383659,0
2023-07-28 11:02:54,2512.75,2343141,7,2519.98,236642,414763,0.4015663083869494,0
2023-07-28 11:02:56,2512.95,2343300,15,2519.98,236682,415441,0.40955767770807533,0
2023-07-28 11:02:57,2512.95,2344365,14,2519.98,234326,414526,0.40955767770807533,0
2023-07-28 11:02:57,2513.0,2344365,2,2519.98,234326,414526,0.4115555200383659,0
2023-07-28 11:02:58,2512.95,2344516,1,2519.98,236524,414715,0.40955767770807533,0
2023-07-28 11:02:58,2512.95,2344588,7,2519.98,236790,415481,0.40955767770807533,0
2023-07-28 11:02:59,2512.95,2344620,3,2519.98,234006,415486,0.40955767770807533,0
2023-07-28 11:03:00,2513.0,2344722,1,2519.98,234836,415435,0.4115555200383659,0
2023-07-28 11:03:01,2513.0,2344766,1,2519.98,234649,415434,0.4115555200383659,0
2023-07-28 11:03:03,2513.05,2344861,1,2519.97,236769,414097,0.4135533623686564,0
2023-07-28 11:03:03,2513.85,2344861,26,2519.97,236769,414097,0.44551883965317823,0
2023-07-28 11:03:04,2513.25,2345177,1,2519.97,236892,414120,0.42154473168978235,0
2023-07-28 11:03:05,2513.8,2345288,29,2519.97,236892,414090,0.44352099732290584,0
2023-07-28 11:03:05,2513.8,2345288,4,2519.97,236892,414090,0.44352099732290584,0
2023-07-28 11:03:06,2513.8,2345409,11,2519.97,237447,414134,0.44352099732290584,0
2023-07-28 11:03:07,2513.25,2345430,2,2519.97,237186,413674,0.42154473168978235,0
2023-07-28 11:03:08,2513.25,2345431,1,2519.97,237163,414201,0.42154473168978235,0
2023-07-28 11:03:09,2513.8,2345441,6,2519.97,236655,414445,0.44352099732290584,0
2023-07-28 11:03:11,2513.05,2345511,26,2519.97,236519,413719,0.4135533623686564,0
2023-07-28 11:03:12,2513.25,2345566,6,2519.97,236784,415151,0.42154473168978235,0
2023-07-28 11:03:12,2513.5,2345566,2,2519.97,236784,415151,0.4315339433411988,0
2023-07-28 11:03:12,2513.5,2345590,2,2519.97,236791,415259,0.4315339433411988,0
2023-07-28 11:03:13,2513.5,2345605,4,2519.97,237060,415229,0.4315339433411988,0
2023-07-28 11:03:15,2513.25,2345719,1,2519.97,237106,415166,0.42154473168978235,0
2023-07-28 11:03:15,2513.25,2345719,10,2519.97,237106,415166,0.42154473168978235,0
2023-07-28 11:03:16,2513.25,2345784,1,2519.97,237555,415911,0.42154473168978235,0
2023-07-28 11:03:16,2513.25,2345784,1,2519.97,237555,415911,0.42154473168978235,0
2023-07-28 11:03:17,2513.5,2345905,36,2519.97,237768,415904,0.4315339433411988,0
2023-07-28 11:03:18,2513.25,2346007,1,2519.97,237756,414815,0.42154473168978235,0
2023-07-28 11:03:18,2513.0,2346007,5,2519.97,237756,414815,0.4115555200383659,0
2023-07-28 11:03:19,2513.0,2346046,1,2519.97,237732,415121,0.4115555200383659,0
2023-07-28 11:03:19,2513.0,2346046,4,2519.97,237732,415121,0.4115555200383659,0
2023-07-28 11:03:20,2513.0,2346115,1,2519.97,237674,415161,0.4115555200383659,0
2023-07-28 11:03:21,2513.0,2346151,1,2519.97,237642,415173,0.4115555200383659,0
2023-07-28 11:03:22,2513.0,2346229,1,2519.97,237583,415054,0.4115555200383659,0
2023-07-28 11:03:22,2513.0,2346229,35,2519.97,237583,415054,0.4115555200383659,0
2023-07-28 11:03:23,2513.25,2346371,2,2519.97,236919,414704,0.42154473168978235,0
2023-07-28 11:03:23,2513.25,2346371,2,2519.97,236919,414704,0.42154473168978235,0
2023-07-28 11:03:25,2513.0,2346413,1,2519.97,236807,415461,0.4115555200383659,0
2023-07-28 11:03:25,2513.0,2346413,1,2519.97,236807,415461,0.4115555200383659,0
2023-07-28 11:03:25,2513.0,2346413,1,2519.97,236807,415461,0.4115555200383659,0
2023-07-28 11:03:27,2513.5,2346562,1,2519.97,237053,414730,0.4315339433411988,0
2023-07-28 11:03:27,2513.25,2346562,1,2519.97,237053,414730,0.42154473168978235,0
2023-07-28 11:03:28,2513.5,2346618,7,2519.97,236605,414728,0.4315339433411988,0
2023-07-28 11:03:28,2513.5,2346618,3,2519.97,236605,414728,0.4315339433411988,0
2023-07-28 11:03:29,2513.25,2346773,3,2519.97,236860,414617,0.42154473168978235,0
2023-07-28 11:03:30,2513.25,2346980,4,2519.97,236890,414610,0.42154473168978235,0
2023-07-28 11:03:31,2513.25,2347196,3,2519.97,237840,415596,0.42154473168978235,0
2023-07-28 11:03:31,2513.0,2347196,11,2519.97,237840,415596,0.4115555200383659,0
2023-07-28 11:03:33,2513.0,2347282,30,2519.97,238520,415517,0.4115555200383659,0
2023-07-28 11:03:33,2513.0,2347282,2,2519.97,238520,415517,0.4115555200383659,0
2023-07-28 11:03:34,2513.0,2347352,1,2519.97,237976,414736,0.4115555200383659,0
2023-07-28 11:03:34,2513.0,2347352,6,2519.97,237976,414736,0.4115555200383659,0
2023-07-28 11:03:35,2513.0,2347473,42,2519.97,237828,414727,0.4115555200383659,0
2023-07-28 11:03:36,2513.25,2347647,13,2519.97,237827,415488,0.42154473168978235,0
2023-07-28 11:03:36,2513.0,2347647,19,2519.97,237827,415488,0.4115555200383659,0
2023-07-28 11:03:37,2513.25,2347761,7,2519.97,237159,415483,0.42154473168978235,0
2023-07-28 11:03:37,2513.25,2347761,2,2519.97,237159,415483,0.42154473168978235,0
2023-07-28 11:03:39,2513.25,2347849,2,2519.97,237956,414710,0.42154473168978235,0
2023-07-28 11:03:40,2513.25,2347864,1,2519.97,237733,415450,0.42154473168978235,0
