2023-07-28 10:49:20,852.9,308768,1,852.34,114004,133379,-0.5712287246444366,0
2023-07-28 10:49:20,852.9,308768,1,852.34,114034,133379,-0.5712287246444366,0
2023-07-28 10:49:20,852.9,308768,1,852.34,113987,133379,-0.5712287246444366,0
2023-07-28 10:49:20,852.9,308768,1,852.34,113987,133429,-0.5712287246444366,0
2023-07-28 10:49:20,852.9,308768,1,852.34,113987,133479,-0.5712287246444366,0
2023-07-28 10:49:33,852.35,309037,34,852.34,111973,135384,-0.635346234553501,0
2023-07-28 10:49:33,852.35,309037,34,852.34,113274,135138,-0.635346234553501,0
2023-07-28 10:49:33,852.25,309037,10,852.34,113274,135138,-0.64700396362788,0
2023-07-28 10:49:35,852.25,309047,10,852.34,113219,135225,-0.64700396362788,0
2023-07-28 10:49:35,852.25,309047,10,852.34,113107,134449,-0.64700396362788,0
2023-07-28 10:49:35,852.25,309047,10,852.34,113893,134349,-0.64700396362788,0
2023-07-28 10:49:35,852.25,309047,10,852.34,114007,133535,-0.64700396362788,0
2023-07-28 10:49:35,852.25,309047,10,852.34,113654,134460,-0.64700396362788,0
2023-07-28 10:49:42,852.7,309049,1,852.34,113640,134486,-0.5945441827931813,0
2023-07-28 10:49:42,852.7,309049,1,852.34,113650,134486,-0.5945441827931813,0
2023-07-28 10:49:42,852.7,309049,1,852.34,113710,134416,-0.5945441827931813,0
2023-07-28 10:49:42,852.7,309049,1,852.34,113710,134466,-0.5945441827931813,0
2023-07-28 10:49:42,852.7,309049,1,852.34,114045,134807,-0.5945441827931813,0
2023-07-28 10:49:42,852.7,309049,1,852.34,114202,134672,-0.5945441827931813,0
2023-07-28 10:49:42,852.5,309049,19,852.34,114202,134672,-0.6178596409419392,0
2023-07-28 10:49:50,852.5,309068,19,852.34,114177,134659,-0.6178596409419392,0
2023-07-28 10:49:52,852.5,309469,351,852.34,113558,134946,-0.6178596409419392,0
2023-07-28 10:49:52,852.5,309469,351,852.34,113665,134886,-0.6178596409419392,0
2023-07-28 10:49:52,852.5,309469,351,852.34,113768,134832,-0.6178596409419392,0
2023-07-28 10:49:52,852.5,309469,351,852.34,113810,134671,-0.6178596409419392,0
2023-07-28 10:49:52,852.5,309469,351,852.34,113911,134747,-0.6178596409419392,0
2023-07-28 10:49:52,852.5,309469,351,852.34,113956,134734,-0.6178596409419392,0
2023-07-28 10:49:52,852.5,309469,351,852.34,113956,134734,-0.6178596409419392,0
2023-07-28 10:49:52,852.5,309469,351,852.34,113777,134722,-0.6178596409419392,0
2023-07-28 10:49:52,852.5,309469,351,852.34,113790,134892,-0.6178596409419392,0
2023-07-28 10:49:52,852.5,309469,351,852.34,113777,134889,-0.6178596409419392,0
2023-07-28 10:49:52,852.5,309469,351,852.34,113777,134851,-0.6178596409419392,0
2023-07-28 10:49:52,852.5,309469,351,852.34,113964,134624,-0.6178596409419392,0
2023-07-28 10:49:52,852.5,309469,351,852.34,114045,134864,-0.6178596409419392,0
2023-07-28 10:49:52,852.5,309469,351,852.34,114215,134818,-0.6178596409419392,0
2023-07-28 10:49:52,852.5,309469,351,852.34,114358,134662,-0.6178596409419392,0
2023-07-28 10:49:52,852.8,309469,1,852.34,114358,134662,-0.5828864537188156,0
2023-07-28 10:50:15,852.8,309472,1,852.34,114390,134615,-0.5828864537188156,0
2023-07-28 10:50:15,852.8,309472,1,852.34,114390,134615,-0.5828864537188156,0
2023-07-28 10:50:15,852.8,309472,1,852.34,114390,134615,-0.5828864537188156,0
2023-07-28 10:50:15,852.8,309472,1,852.34,114398,134694,-0.5828864537188156,0
2023-07-28 10:50:15,852.8,309472,1,852.34,114398,134694,-0.5828864537188156,0
2023-07-28 10:50:15,852.8,309472,1,852.34,114398,134694,-0.5828864537188156,0
2023-07-28 10:50:15,852.8,309472,1,852.34,114398,134694,-0.5828864537188156,0
2023-07-28 10:50:15,852.8,309472,1,852.34,114398,134694,-0.5828864537188156,0
2023-07-28 10:50:15,852.8,309472,1,852.34,114398,134694,-0.5828864537188156,0
2023-07-28 10:50:15,852.8,309472,1,852.34,114398,134694,-0.5828864537188156,0
2023-07-28 10:50:15,852.8,309472,23,852.34,114340,134644,-0.5828864537188156,0
2023-07-28 10:50:15,852.8,309472,40,852.34,114340,134644,-0.5828864537188156,0
2023-07-28 10:50:29,852.8,309546,40,852.34,114537,134438,-0.5828864537188156,0
2023-07-28 10:50:29,852.8,309546,40,852.34,114094,134143,-0.5828864537188156,0
2023-07-28 10:50:40,852.8,309556,5,852.34,113869,134436,-0.5828864537188156,0
2023-07-28 10:50:40,852.8,309556,5,852.34,114052,134503,-0.5828864537188156,0
2023-07-28 10:50:40,852.8,309556,5,852.34,114052,134503,-0.5828864537188156,0
2023-07-28 10:50:40,852.8,309556,10,852.34,114052,134503,-0.5828864537188156,0
2023-07-28 10:50:40,852.8,309556,2,852.34,114052,134503,-0.5828864537188156,0
2023-07-28 10:50:40,852.8,309556,1,852.34,114052,134503,-0.5828864537188156,0
2023-07-28 10:50:49,852.8,309652,1,852.34,113631,134183,-0.5828864537188156,0
2023-07-28 10:50:54,852.9,309852,80,852.34,113511,133900,-0.5712287246444366,0
2023-07-28 10:50:54,852.9,309852,2,852.34,113511,133900,-0.5712287246444366,0
2023-07-28 10:50:55,852.9,309854,2,852.34,113197,133935,-0.5712287246444366,0
2023-07-28 10:50:55,852.9,309854,6,852.34,113197,133935,-0.5712287246444366,0
2023-07-28 10:50:55,852.8,309854,2,852.34,113197,133935,-0.5828864537188156,0
2023-07-28 10:51:03,852.8,309862,2,852.34,113912,133942,-0.5828864537188156,0
2023-07-28 10:51:06,852.8,309938,36,852.34,114040,133875,-0.5828864537188156,0
2023-07-28 10:51:06,852.8,309938,36,852.34,113631,134215,-0.5828864537188156,0
2023-07-28 10:51:06,852.8,309938,36,852.34,113654,134301,-0.5828864537188156,0
2023-07-28 10:51:06,852.8,309938,36,852.34,113714,134370,-0.5828864537188156,0
2023-07-28 10:51:06,852.45,309938,2,852.34,113714,134370,-0.6236885054791221,0
2023-07-28 10:51:10,852.45,309940,2,852.34,113793,134370,-0.6236885054791221,0
2023-07-28 10:51:10,852.45,309940,2,852.34,113730,134143,-0.6236885054791221,0
2023-07-28 10:51:10,852.45,309940,2,852.34,113893,134156,-0.6236885054791221,0
2023-07-28 10:51:10,852.45,309940,2,852.34,113898,134207,-0.6236885054791221,0
2023-07-28 10:51:10,852.45,309940,2,852.34,113850,134213,-0.6236885054791221,0
2023-07-28 10:51:10,852.45,309940,2,852.34,113900,134176,-0.6236885054791221,0
2023-07-28 10:51:10,852.45,309940,2,852.34,113523,134328,-0.6236885054791221,0
2023-07-28 10:51:10,852.45,309940,2,852.34,113781,134341,-0.6236885054791221,0
2023-07-28 10:51:10,852.45,309940,2,852.34,113837,134132,-0.6236885054791221,0
2023-07-28 10:51:20,852.9,309965,25,852.34,113768,134343,-0.5712287246444366,0
2023-07-28 10:51:20,852.9,309965,25,852.34,113915,134237,-0.5712287246444366,0
2023-07-28 10:51:20,852.9,309965,25,852.34,113269,134367,-0.5712287246444366,0
2023-07-28 10:51:20,852.9,309965,25,852.34,113152,134392,-0.5712287246444366,0
2023-07-28 10:51:20,852.9,309965,25,852.34,113290,134403,-0.5712287246444366,0
2023-07-28 10:51:20,852.9,309965,25,852.34,113770,134403,-0.5712287246444366,0
2023-07-28 10:51:20,852.9,309965,25,852.34,113770,134403,-0.5712287246444366,0
2023-07-28 10:51:20,852.9,309965,25,852.34,113930,134407,-0.5712287246444366,0
2023-07-28 10:51:20,852.9,309965,25,852.34,113960,134407,-0.5712287246444366,0
2023-07-28 10:51:20,852.9,309965,25,852.34,113960,134420,-0.5712287246444366,0
2023-07-28 10:51:20,852.9,309965,25,852.34,113891,134407,-0.5712287246444366,0
2023-07-28 10:51:20,852.9,309965,25,852.34,113988,134233,-0.5712287246444366,0
2023-07-28 10:51:20,852.9,309965,25,852.34,113455,134206,-0.5712287246444366,0
2023-07-28 10:51:20,852.9,309965,25,852.34,113455,134262,-0.5712287246444366,0
2023-07-28 10:51:20,852.9,309965,25,852.34,113455,134249,-0.5712287246444366,0
2023-07-28 10:51:20,852.9,309965,25,852.34,113455,134260,-0.5712287246444366,0
2023-07-28 10:51:20,852.9,309965,25,852.34,113740,134292,-0.5712287246444366,0
2023-07-28 10:51:20,852.9,309965,25,852.34,113822,134350,-0.5712287246444366,0
2023-07-28 10:51:20,852.9,309965,25,852.34,113809,134350,-0.5712287246444366,0
2023-07-28 10:51:20,852.9,309965,25,852.34,113261,134346,-0.5712287246444366,0
2023-07-28 10:51:20,852.9,309965,25,852.34,113764,134236,-0.5712287246444366,0
2023-07-28 10:51:20,852.8,309965,4,852.34,113833,134295,-0.5828864537188156,0
2023-07-28 10:51:45,852.8,309969,4,852.34,113347,134280,-0.5828864537188156,0
2023-07-28 10:51:45,852.8,309969,4,852.34,113152,134403,-0.5828864537188156,0
2023-07-28 10:51:45,852.8,309969,4,852.34,113152,134403,-0.5828864537188156,0
2023-07-28 10:51:45,852.8,309969,4,852.34,113152,134403,-0.5828864537188156,0
2023-07-28 10:51:45,852.8,309969,4,852.34,113152,134404,-0.5828864537188156,0
2023-07-28 10:51:52,852.45,309979,10,852.34,113154,134404,-0.6236885054791221,0
2023-07-28 10:51:55,852.8,309990,11,852.34,113152,134393,-0.5828864537188156,0
2023-07-28 10:51:57,852.8,310140,150,852.34,113207,134211,-0.5828864537188156,0
2023-07-28 10:51:57,852.8,310140,150,852.34,113207,134211,-0.5828864537188156,0
2023-07-28 10:51:57,852.4,310140,1,852.34,113207,134211,-0.6295173700163182,0
2023-07-28 10:51:58,852.4,310148,1,852.34,113249,134203,-0.6295173700163182,0
2023-07-28 10:51:58,852.4,310148,1,852.34,112539,134779,-0.6295173700163182,0
2023-07-28 10:51:58,852.4,310148,1,852.34,112920,134382,-0.6295173700163182,0
2023-07-28 10:52:04,852.8,310151,2,852.34,112952,134396,-0.5828864537188156,0
2023-07-28 10:52:04,852.8,310151,32,852.34,112952,134396,-0.5828864537188156,0
2023-07-28 10:52:04,852.8,310183,32,852.34,113166,134421,-0.5828864537188156,0
2023-07-28 10:52:04,852.8,310183,32,852.34,113166,134835,-0.5828864537188156,0
2023-07-28 10:52:04,852.8,310183,32,852.34,113220,134928,-0.5828864537188156,0
2023-07-28 10:52:04,852.8,310183,32,852.34,113938,134485,-0.5828864537188156,0
2023-07-28 10:52:11,852.8,310184,1,852.34,114107,134472,-0.5828864537188156,0
2023-07-28 10:52:11,852.8,310184,1,852.34,113439,134648,-0.5828864537188156,0
2023-07-28 10:52:11,852.8,310184,1,852.34,113298,134648,-0.5828864537188156,0
2023-07-28 10:52:11,852.8,310184,1,852.34,113300,134635,-0.5828864537188156,0
2023-07-28 10:52:11,852.8,310184,1,852.34,113311,134636,-0.5828864537188156,0
2023-07-28 10:52:11,852.8,310184,1,852.34,113298,134636,-0.5828864537188156,0
2023-07-28 10:52:11,852.8,310184,1,852.34,113417,134636,-0.5828864537188156,0
2023-07-28 10:52:11,852.8,310184,1,852.34,113405,134636,-0.5828864537188156,0
2023-07-28 10:52:11,852.8,310184,5,852.34,113419,134623,-0.5828864537188156,0
2023-07-28 10:52:20,852.8,310189,5,852.34,113432,134618,-0.5828864537188156,0
2023-07-28 10:52:20,852.8,310189,5,852.34,113423,134618,-0.5828864537188156,0
2023-07-28 10:52:20,852.8,310189,1,852.34,113423,134618,-0.5828864537188156,0
2023-07-28 10:52:22,852.8,310190,1,852.34,113436,134617,-0.5828864537188156,0
2023-07-28 10:52:22,852.8,310190,1,852.34,113426,134617,-0.5828864537188156,0
2023-07-28 10:52:22,852.8,310190,1,852.34,113454,134617,-0.5828864537188156,0
2023-07-28 10:52:26,852.75,310191,1,852.34,113468,134838,-0.5887153182559984,0
2023-07-28 10:52:26,852.75,310191,1,852.34,114025,134712,-0.5887153182559984,0
2023-07-28 10:52:26,852.75,310191,1,852.34,114101,134712,-0.5887153182559984,0
2023-07-28 10:52:26,852.75,310191,1,852.34,114061,134712,-0.5887153182559984,0
2023-07-28 10:52:26,852.75,310191,1,852.34,114061,134712,-0.5887153182559984,0
2023-07-28 10:52:26,852.75,310191,1,852.34,114129,134712,-0.5887153182559984,0
2023-07-28 10:52:31,852.4,310200,2,852.34,113574,134983,-0.6295173700163182,0
2023-07-28 10:52:31,852.4,310200,2,852.34,113540,134842,-0.6295173700163182,0
2023-07-28 10:52:31,852.4,310200,2,852.34,113666,134955,-0.6295173700163182,0
2023-07-28 10:52:31,852.4,310200,2,852.34,113764,134746,-0.6295173700163182,0
2023-07-28 10:52:31,852.4,310200,2,852.34,113794,134759,-0.6295173700163182,0
2023-07-28 10:52:31,852.4,310200,2,852.34,113794,134759,-0.6295173700163182,0
2023-07-28 10:52:31,852.4,310200,2,852.34,113775,134746,-0.6295173700163182,0
2023-07-28 10:52:31,852.4,310200,2,852.34,113790,134746,-0.6295173700163182,0
2023-07-28 10:52:31,852.4,310200,2,852.34,113410,135009,-0.6295173700163182,0
2023-07-28 10:52:31,852.4,310200,2,852.34,113437,134966,-0.6295173700163182,0
2023-07-28 10:52:31,852.4,310200,2,852.34,113448,135040,-0.6295173700163182,0
2023-07-28 10:52:31,852.4,310200,2,852.34,113586,134979,-0.6295173700163182,0
2023-07-28 10:52:31,852.75,310200,1,852.34,113586,134979,-0.5887153182559984,0
2023-07-28 10:52:43,852.75,310201,1,852.34,113746,134918,-0.5887153182559984,0
2023-07-28 10:52:43,852.35,310201,1,852.34,113746,134918,-0.635346234553501,0
2023-07-28 10:52:44,852.35,310202,1,852.34,111260,132405,-0.635346234553501,0
2023-07-28 10:52:44,852.35,310202,1,852.34,113760,134905,-0.635346234553501,0
2023-07-28 10:52:44,852.35,310202,1,852.34,113908,134905,-0.635346234553501,0
2023-07-28 10:52:44,852.35,310202,1,852.34,113783,134784,-0.635346234553501,0
2023-07-28 10:52:44,852.35,310202,1,852.34,113843,134784,-0.635346234553501,0
2023-07-28 10:52:44,852.35,310202,1,852.34,113774,134784,-0.635346234553501,0
2023-07-28 10:52:44,852.35,310202,1,852.34,113883,134671,-0.635346234553501,0
2023-07-28 10:52:44,852.35,310202,1,852.34,113884,134724,-0.635346234553501,0
2023-07-28 10:52:44,852.35,310202,1,852.34,113818,134711,-0.635346234553501,0
2023-07-28 10:52:44,852.35,310202,1,852.34,114042,134711,-0.635346234553501,0
2023-07-28 10:52:44,852.35,310202,1,852.34,114062,134832,-0.635346234553501,0
2023-07-28 10:52:44,852.35,310202,1,852.34,114062,134832,-0.635346234553501,0
2023-07-28 10:52:44,852.35,310202,1,852.34,114061,134832,-0.635346234553501,0
2023-07-28 10:52:44,852.35,310202,1,852.34,114001,134819,-0.635346234553501,0
2023-07-28 10:52:44,852.35,310202,1,852.34,114070,134829,-0.635346234553501,0
2023-07-28 10:52:44,852.35,310202,1,852.34,114129,134853,-0.635346234553501,0
2023-07-28 10:53:02,852.8,310212,7,852.34,114129,134752,-0.5828864537188156,0
2023-07-28 10:53:02,852.8,310212,7,852.34,114406,134588,-0.5828864537188156,0
2023-07-28 10:53:02,852.8,310212,7,852.34,114291,134588,-0.5828864537188156,0
2023-07-28 10:53:02,852.8,310212,7,852.34,114360,134588,-0.5828864537188156,0
2023-07-28 10:53:02,852.8,310212,7,852.34,114117,134588,-0.5828864537188156,0
2023-07-28 10:53:02,852.8,310212,7,852.34,114117,134551,-0.5828864537188156,0
2023-07-28 10:53:02,852.8,310212,7,852.34,114115,134551,-0.5828864537188156,0
2023-07-28 10:53:02,852.8,310212,7,852.34,114612,134544,-0.5828864537188156,0
2023-07-28 10:53:02,852.8,310212,7,852.34,114700,134555,-0.5828864537188156,0
2023-07-28 10:53:02,852.8,310212,7,852.34,114705,134555,-0.5828864537188156,0
2023-07-28 10:53:02,852.8,310212,7,852.34,114706,134581,-0.5828864537188156,0
2023-07-28 10:53:02,852.8,310212,7,852.34,114706,134581,-0.5828864537188156,0
2023-07-28 10:53:22,852.8,310249,37,852.34,114910,133715,-0.5828864537188156,0
2023-07-28 10:53:22,852.8,310249,37,852.34,114841,133909,-0.5828864537188156,0
2023-07-28 10:53:22,852.8,310249,37,852.34,114841,133909,-0.5828864537188156,0
2023-07-28 10:53:22,852.8,310249,37,852.34,114841,133877,-0.5828864537188156,0
2023-07-28 10:53:22,852.8,310249,37,852.34,114841,133877,-0.5828864537188156,0
2023-07-28 10:53:26,852.85,310252,3,852.34,114841,133874,-0.5770575891816195,0
2023-07-28 10:53:26,852.85,310252,3,852.34,114841,133875,-0.5770575891816195,0
2023-07-28 10:53:27,852.85,310259,7,852.34,115594,133965,-0.5770575891816195,0
2023-07-28 10:53:27,852.85,310259,7,852.34,115603,133965,-0.5770575891816195,0
2023-07-28 10:53:27,852.85,310259,7,852.34,115603,133966,-0.5770575891816195,0
2023-07-28 10:53:31,852.9,310261,2,852.34,115603,133981,-0.5712287246444366,0
2023-07-28 10:53:31,852.9,310261,2,852.34,115603,133982,-0.5712287246444366,0
2023-07-28 10:53:32,852.85,311375,9,852.35,115555,133334,-0.5770575891816195,0
2023-07-28 10:53:33,853.05,311388,3,852.35,115417,133251,-0.5537421310328748,0
2023-07-28 10:53:33,853.05,311388,3,852.35,115417,133251,-0.5537421310328748,0
2023-07-28 10:53:34,852.85,311391,3,852.35,115414,133251,-0.5770575891816195,0
2023-07-28 10:53:35,853.05,311398,7,852.35,115407,133359,-0.5537421310328748,0
2023-07-28 10:53:35,853.05,311398,7,852.35,115407,133360,-0.5537421310328748,0
2023-07-28 10:53:35,853.05,311398,7,852.35,115371,133474,-0.5537421310328748,0
2023-07-28 10:53:35,853.05,311398,7,852.35,115371,133475,-0.5537421310328748,0
2023-07-28 10:53:35,853.05,311398,7,852.35,115371,133534,-0.5537421310328748,0
2023-07-28 10:53:43,853.05,311405,7,852.35,115371,133527,-0.5537421310328748,0
2023-07-28 10:53:43,852.9,311405,19,852.35,115569,133527,-0.5712287246444366,0
2023-07-28 10:53:45,852.9,311424,19,852.35,115550,133527,-0.5712287246444366,0
2023-07-28 10:53:45,852.9,311424,19,852.35,115551,133471,-0.5712287246444366,0
2023-07-28 10:53:45,852.9,311424,19,852.35,115612,133287,-0.5712287246444366,0
2023-07-28 10:53:45,853.05,311424,2,852.35,115612,133287,-0.5537421310328748,0
2023-07-28 10:53:50,853.05,311426,2,852.35,115612,133285,-0.5537421310328748,0
2023-07-28 10:53:50,853.05,311426,2,852.35,115680,133297,-0.5537421310328748,0
2023-07-28 10:53:50,853.05,311426,2,852.35,115680,133302,-0.5537421310328748,0
2023-07-28 10:53:50,853.05,311426,2,852.35,115680,133275,-0.5537421310328748,0
2023-07-28 10:53:50,853.05,311426,2,852.35,114795,133254,-0.5537421310328748,0
2023-07-28 10:53:50,853.05,311426,2,852.35,114796,133182,-0.5537421310328748,0
2023-07-28 10:53:50,853.05,311426,2,852.35,114797,133201,-0.5537421310328748,0
2023-07-28 10:53:50,853.05,311426,2,852.35,114798,133202,-0.5537421310328748,0
2023-07-28 10:53:50,853.05,311426,2,852.35,114857,133196,-0.5537421310328748,0
2023-07-28 10:53:50,853.05,311426,2,852.35,114852,133196,-0.5537421310328748,0
2023-07-28 10:53:50,853.05,311426,2,852.35,114852,133196,-0.5537421310328748,0
2023-07-28 10:53:50,853.05,311426,1,852.35,114852,133196,-0.5537421310328748,0
2023-07-28 10:54:04,853.3,311427,164,852.35,114895,133177,-0.524597808346934,0
2023-07-28 10:54:05,853.3,311775,51,852.35,114858,132666,-0.524597808346934,0
2023-07-28 10:54:05,853.0,311775,10,852.35,114858,132666,-0.5595709955700576,0
2023-07-28 10:54:09,853.25,311925,100,852.35,114493,132833,-0.5304266728841169,0
2023-07-28 10:54:09,853.25,311925,100,852.35,114493,132833,-0.5304266728841169,0
2023-07-28 10:54:09,853.25,311925,100,852.35,114643,132833,-0.5304266728841169,0
2023-07-28 10:54:09,853.0,311925,30,852.35,114247,132899,-0.5595709955700576,0
2023-07-28 10:54:09,853.3,311925,1,852.35,114247,132899,-0.524597808346934,0
2023-07-28 10:54:09,853.3,311925,1,852.35,114247,132899,-0.524597808346934,0
2023-07-28 10:54:34,853.3,311957,1,852.35,114278,133057,-0.524597808346934,0
2023-07-28 10:54:34,853.3,311957,100,852.35,114278,133057,-0.524597808346934,0
2023-07-28 10:54:41,853.3,312057,100,852.35,114273,132954,-0.524597808346934,0
2023-07-28 10:54:41,853.3,312057,1,852.35,114273,132954,-0.524597808346934,0
2023-07-28 10:54:41,853.45,312057,20,852.35,114273,132954,-0.507111214735359,0
2023-07-28 10:54:45,853.45,312096,20,852.35,114362,132914,-0.507111214735359,0
2023-07-28 10:54:45,853.45,312096,14,852.35,114362,132914,-0.507111214735359,0
2023-07-28 10:54:45,853.0,312096,31,852.35,114362,132914,-0.5595709955700576,0
2023-07-28 10:54:55,853.0,312160,31,852.35,114111,133019,-0.5595709955700576,0
2023-07-28 10:54:55,853.05,312160,2,852.35,114111,133019,-0.5537421310328748,0
2023-07-28 10:54:59,853.05,312265,2,852.35,114118,133420,-0.5537421310328748,0
2023-07-28 10:54:59,853.4,312265,65,852.35,114118,133420,-0.512940079272555,0
2023-07-28 10:55:07,853.4,312395,65,852.35,114192,133489,-0.512940079272555,0
2023-07-28 10:55:07,853.0,312395,3,852.35,114192,133489,-0.5595709955700576,0
2023-07-28 10:55:07,853.0,312395,8,852.35,114192,133489,-0.5595709955700576,0
2023-07-28 10:55:12,853.0,312512,8,852.35,114246,133419,-0.5595709955700576,0
2023-07-28 10:55:12,853.35,312512,1,852.35,114246,133419,-0.5187689438097379,0
2023-07-28 10:55:14,853.35,312513,1,852.35,114522,135585,-0.5187689438097379,0
2023-07-28 10:55:14,853.0,312513,1,852.35,114522,135585,-0.5595709955700576,0
2023-07-28 10:55:14,853.35,312513,15,852.35,114522,135585,-0.5187689438097379,0
2023-07-28 10:55:19,853.35,312529,15,852.35,114449,135272,-0.5187689438097379,0
2023-07-28 10:55:19,853.05,312529,11,852.35,114449,135272,-0.5537421310328748,0
2023-07-28 10:55:24,853.05,312541,11,852.35,114379,134857,-0.5537421310328748,0
2023-07-28 10:55:24,853.4,312541,10,852.35,114379,134857,-0.512940079272555,0
2023-07-28 10:55:27,853.4,312551,10,852.35,114369,135582,-0.512940079272555,0
2023-07-28 10:55:27,853.4,312551,15,852.35,114369,135582,-0.512940079272555,0
2023-07-28 10:55:32,853.4,312566,15,852.35,114401,135554,-0.512940079272555,0
2023-07-28 10:55:32,853.05,312566,5,852.35,114401,135554,-0.5537421310328748,0
2023-07-28 10:55:32,853.1,312566,50,852.35,114401,135554,-0.5479132664956787,0
2023-07-28 10:55:38,853.1,312646,50,852.35,114672,135614,-0.5479132664956787,0
2023-07-28 10:55:38,853.35,312646,90,852.35,114672,135614,-0.5187689438097379,0
2023-07-28 10:55:47,853.35,312736,90,852.35,114606,135612,-0.5187689438097379,0
2023-07-28 10:55:47,853.35,312736,90,852.35,114606,135612,-0.5187689438097379,0
2023-07-28 10:55:47,853.35,312736,90,852.35,114613,135612,-0.5187689438097379,0
2023-07-28 10:55:47,853.3,312736,9,852.35,114613,135612,-0.524597808346934,0
2023-07-28 10:56:01,853.3,312746,9,852.35,114706,135617,-0.524597808346934,0
2023-07-28 10:56:01,853.3,312746,9,852.35,114881,135630,-0.524597808346934,0
2023-07-28 10:56:01,853.3,312746,9,852.35,115139,135630,-0.524597808346934,0
2023-07-28 10:56:01,853.3,312746,9,852.35,115185,135626,-0.524597808346934,0
2023-07-28 10:56:01,853.65,312746,5,852.35,115185,135626,-0.4837957565866143,0
2023-07-28 10:56:15,853.65,315689,5,852.36,113418,133588,-0.4837957565866143,0
2023-07-28 10:56:15,853.65,315689,5,852.36,113418,133588,-0.4837957565866143,0
2023-07-28 10:56:15,853.65,315689,5,852.36,113418,133588,-0.4837957565866143,0
2023-07-28 10:56:15,853.65,315689,5,852.36,113418,133588,-0.4837957565866143,0
2023-07-28 10:56:15,853.65,315689,5,852.36,113418,133588,-0.4837957565866143,0
2023-07-28 10:56:15,853.65,315689,5,852.36,113418,133588,-0.4837957565866143,0
2023-07-28 10:56:15,853.65,315689,5,852.36,113720,133583,-0.4837957565866143,0
2023-07-28 10:56:15,853.65,315689,5,852.36,113720,133583,-0.4837957565866143,0
2023-07-28 10:56:15,853.65,315689,5,852.36,113720,133583,-0.4837957565866143,0
2023-07-28 10:56:15,853.65,315689,5,852.36,113720,133583,-0.4837957565866143,0
2023-07-28 10:56:15,853.65,315689,5,852.36,113450,133709,-0.4837957565866143,0
2023-07-28 10:56:15,853.65,315689,5,852.36,113378,133660,-0.4837957565866143,0
2023-07-28 10:56:15,853.65,315689,1,852.36,113378,133660,-0.4837957565866143,0
2023-07-28 10:56:34,853.65,315690,1,852.36,115648,133861,-0.4837957565866143,0
2023-07-28 10:56:34,854.0,315690,23,852.36,115648,133861,-0.4429937048262946,0
2023-07-28 10:56:34,854.0,315690,1,852.36,115648,133861,-0.4429937048262946,0
2023-07-28 10:56:34,854.0,315690,1,852.36,115648,133861,-0.4429937048262946,0
2023-07-28 10:56:40,854.0,315747,1,852.36,115627,133944,-0.4429937048262946,0
2023-07-28 10:56:40,853.8,315747,1,852.36,115627,133944,-0.4663091629750525,0
2023-07-28 10:56:40,854.05,315747,7,852.36,115627,133944,-0.4371648402891117,0
2023-07-28 10:56:44,854.05,316113,7,852.36,116021,133446,-0.4371648402891117,0
2023-07-28 10:56:44,854.05,316113,7,852.36,116090,133446,-0.4371648402891117,0
2023-07-28 10:56:44,854.05,316113,7,852.36,116090,134646,-0.4371648402891117,0
2023-07-28 10:56:44,854.05,316113,11,852.36,116090,134646,-0.4371648402891117,0
2023-07-28 10:56:58,854.05,316134,11,852.36,115928,134507,-0.4371648402891117,0
2023-07-28 10:56:58,854.0,316134,86,852.36,115928,134507,-0.4429937048262946,0
2023-07-28 10:56:58,854.05,316134,13,852.36,115928,134507,-0.4371648402891117,0
2023-07-28 10:56:58,854.0,316134,2,852.36,115928,134507,-0.4429937048262946,0
2023-07-28 10:56:58,854.0,316134,1,852.36,115928,134507,-0.4429937048262946,0
2023-07-28 10:57:01,854.0,316318,1,852.36,115341,134687,-0.4429937048262946,0
2023-07-28 10:57:01,853.65,316318,1,852.36,115341,134687,-0.4837957565866143,0
2023-07-28 10:57:05,853.65,316847,1,852.37,113704,136389,-0.4837957565866143,0
2023-07-28 10:57:05,853.9,316847,14,852.37,113704,136389,-0.45465143390067353,0
2023-07-28 10:57:06,853.9,317363,14,852.37,114338,135518,-0.45465143390067353,0
2023-07-28 10:57:06,853.85,317363,1,852.37,114338,135518,-0.4604802984378564,0
2023-07-28 10:57:14,853.85,317364,1,852.37,113781,135859,-0.4604802984378564,0
2023-07-28 10:57:14,853.85,317364,1,852.37,113781,135859,-0.4604802984378564,0
2023-07-28 10:57:17,853.85,317365,1,852.37,113911,135517,-0.4604802984378564,0
2023-07-28 10:57:17,853.05,317365,25,852.37,113911,135517,-0.5537421310328748,0
2023-07-28 10:57:17,853.1,317365,1,852.37,113911,135517,-0.5479132664956787,0
2023-07-28 10:57:20,853.1,317469,1,852.37,109170,136085,-0.5479132664956787,0
2023-07-28 10:57:20,853.1,317469,1,852.37,109181,136181,-0.5479132664956787,0
2023-07-28 10:57:20,853.4,317469,3,852.37,109181,136181,-0.512940079272555,0
2023-07-28 10:57:30,853.4,317473,3,852.37,109238,135668,-0.512940079272555,0
2023-07-28 10:57:30,853.4,317473,3,852.37,109373,134562,-0.512940079272555,0
2023-07-28 10:57:30,853.45,317473,21,852.37,109373,134562,-0.507111214735359,0
2023-07-28 10:57:30,853.35,317473,4,852.37,109373,134562,-0.5187689438097379,0
2023-07-28 10:57:38,853.35,317582,4,852.37,111806,136113,-0.5187689438097379,0
2023-07-28 10:57:38,853.35,317582,10,852.37,111806,136113,-0.5187689438097379,0
2023-07-28 10:57:43,853.35,317592,10,852.37,111806,136118,-0.5187689438097379,0
2023-07-28 10:57:43,853.35,317592,10,852.37,111906,136117,-0.5187689438097379,0
2023-07-28 10:57:43,853.35,317592,10,852.37,111905,136253,-0.5187689438097379,0
2023-07-28 10:57:43,853.3,317592,4,852.37,111905,136253,-0.524597808346934,0
2023-07-28 10:57:57,853.0,317599,3,852.37,111883,136167,-0.5595709955700576,0
2023-07-28 10:57:57,853.0,317599,3,852.37,111964,136014,-0.5595709955700576,0
2023-07-28 10:57:57,853.3,317599,1,852.37,111964,136014,-0.524597808346934,0
2023-07-28 10:58:05,853.3,317600,1,852.37,112084,135828,-0.524597808346934,0
2023-07-28 10:58:05,853.05,317600,1,852.37,112084,135889,-0.5537421310328748,0
2023-07-28 10:58:07,853.05,317601,1,852.37,112083,135943,-0.5537421310328748,0
2023-07-28 10:58:07,853.3,317601,4,852.37,112083,135943,-0.524597808346934,0
2023-07-28 10:58:08,853.3,317605,4,852.37,112079,135908,-0.524597808346934,0
2023-07-28 10:58:08,853.0,317605,10,852.37,112079,135908,-0.5595709955700576,0
2023-07-28 10:58:11,853.3,318406,1,852.37,111437,136161,-0.524597808346934,0
2023-07-28 10:58:11,853.3,318406,1,852.37,111437,136121,-0.524597808346934,0
2023-07-28 10:58:11,853.3,318406,1,852.37,111437,136030,-0.524597808346934,0
2023-07-28 10:58:13,853.0,318407,1,852.37,111436,135939,-0.5595709955700576,0
2023-07-28 10:58:13,853.0,318407,1,852.37,111436,135939,-0.5595709955700576,0
2023-07-28 10:58:13,853.0,318407,1,852.37,111436,135939,-0.5595709955700576,0
2023-07-28 10:58:13,853.0,318407,1,852.37,111436,135940,-0.5595709955700576,0
2023-07-28 10:58:13,853.3,318407,1,852.37,111436,135940,-0.524597808346934,0
2023-07-28 10:58:17,853.3,318408,1,852.37,111474,135939,-0.524597808346934,0
2023-07-28 10:58:20,853.0,318410,1,852.37,111472,136250,-0.5595709955700576,0
2023-07-28 10:58:20,853.0,318410,1,852.37,111472,136250,-0.5595709955700576,0
2023-07-28 10:58:20,853.0,318410,1,852.37,111472,136287,-0.5595709955700576,0
2023-07-28 10:58:22,853.0,318425,15,852.37,111421,136287,-0.5595709955700576,0
2023-07-28 10:58:22,853.3,318425,4,852.37,111421,136287,-0.524597808346934,0
2023-07-28 10:58:23,853.3,318429,4,852.37,111446,136096,-0.524597808346934,0
2023-07-28 10:58:23,853.3,318429,1,852.37,111446,136096,-0.524597808346934,0
2023-07-28 10:58:25,853.3,318430,1,852.37,111902,136095,-0.524597808346934,0
2023-07-28 10:58:25,853.3,318430,1,852.37,111902,136095,-0.524597808346934,0
2023-07-28 10:58:25,853.3,318430,1,852.37,111890,136095,-0.524597808346934,0
2023-07-28 10:58:27,853.0,318431,1,852.37,111889,136095,-0.5595709955700576,0
2023-07-28 10:58:27,853.0,318431,1,852.37,111889,136095,-0.5595709955700576,0
2023-07-28 10:58:27,853.0,318431,1,852.37,111888,136113,-0.5595709955700576,0
2023-07-28 10:58:27,853.0,318431,1,852.37,111953,136113,-0.5595709955700576,0
2023-07-28 10:58:27,853.25,318431,1,852.37,111953,136113,-0.5304266728841169,0
2023-07-28 10:58:32,853.25,318432,1,852.37,111975,136112,-0.5304266728841169,0
2023-07-28 10:58:32,853.25,318432,1,852.37,111975,136112,-0.5304266728841169,0
2023-07-28 10:58:34,853.0,318433,1,852.37,111974,136112,-0.5595709955700576,0
2023-07-28 10:58:38,853.25,318437,4,852.37,111974,136081,-0.5304266728841169,0
2023-07-28 10:58:39,853.45,318615,2,852.37,112264,135241,-0.507111214735359,0
2023-07-28 10:58:39,853.45,318615,2,852.37,112411,135394,-0.507111214735359,0
2023-07-28 10:58:39,853.45,318615,2,852.37,112401,135394,-0.507111214735359,0
2023-07-28 10:58:39,853.05,318615,1,852.37,112401,135394,-0.5537421310328748,0
2023-07-28 10:58:41,853.05,318616,1,852.37,112417,135334,-0.5537421310328748,0
2023-07-28 10:58:41,853.05,318616,1,852.37,112864,135113,-0.5537421310328748,0
2023-07-28 10:58:41,853.05,318616,1,852.37,112620,135574,-0.5537421310328748,0
2023-07-28 10:58:41,853.05,318616,1,852.37,112564,135623,-0.5537421310328748,0
2023-07-28 10:58:41,853.05,318616,1,852.37,112631,135623,-0.5537421310328748,0
2023-07-28 10:58:41,853.5,318616,1,852.37,112631,135623,-0.5012823501981761,0
2023-07-28 10:58:47,853.5,318617,1,852.37,112834,135464,-0.5012823501981761,0
2023-07-28 10:58:47,853.55,318617,10,852.37,112834,135464,-0.4954534856609933,0
2023-07-28 10:58:49,853.05,318655,27,852.37,112697,135702,-0.5537421310328748,0
2023-07-28 10:58:49,853.05,318655,1,852.37,112697,135741,-0.5537421310328748,0
2023-07-28 10:58:50,853.05,318656,1,852.37,112696,134990,-0.5537421310328748,0
2023-07-28 10:58:50,853.05,318656,1,852.37,112696,135049,-0.5537421310328748,0
2023-07-28 10:58:50,853.05,318656,1,852.37,112708,135849,-0.5537421310328748,0
2023-07-28 10:58:50,853.75,318656,10,852.37,112708,135849,-0.4721380275122353,0
2023-07-28 10:58:54,853.75,318667,10,852.37,113793,135187,-0.4721380275122353,0
2023-07-28 10:58:54,853.75,318667,10,852.37,113918,135187,-0.4721380275122353,0
2023-07-28 10:58:54,853.75,318667,10,852.37,113967,135106,-0.4721380275122353,0
2023-07-28 10:58:54,853.75,318667,3,852.37,113967,135106,-0.4721380275122353,0
2023-07-28 10:58:56,853.75,318670,3,852.37,113100,134886,-0.4721380275122353,0
2023-07-28 10:58:56,853.75,318670,3,852.37,113088,135656,-0.4721380275122353,0
2023-07-28 10:58:59,853.7,318671,1,852.37,112907,135104,-0.47796689204941817,0
2023-07-28 10:58:59,853.7,318671,1,852.37,112932,136257,-0.47796689204941817,0
2023-07-28 10:58:59,853.7,318671,1,852.37,113162,136091,-0.47796689204941817,0
2023-07-28 10:59:02,853.15,318672,1,852.37,113131,135966,-0.5420844019584958,0
2023-07-28 10:59:02,853.15,318672,1,852.37,113131,135966,-0.5420844019584958,0
2023-07-28 10:59:02,853.15,318672,1,852.37,113131,135966,-0.5420844019584958,0
2023-07-28 10:59:02,853.5,318672,1,852.37,113131,135966,-0.5012823501981761,0
2023-07-28 10:59:02,853.15,318672,1,852.37,113131,135966,-0.5420844019584958,0
2023-07-28 10:59:08,853.15,318674,1,852.37,113193,136772,-0.5420844019584958,0
2023-07-28 10:59:08,853.7,318674,1,852.37,113193,136772,-0.47796689204941817,0
2023-07-28 10:59:08,853.65,318674,1,852.37,113193,136772,-0.4837957565866143,0
2023-07-28 10:59:08,853.7,318674,1,852.37,113193,136772,-0.47796689204941817,0
2023-07-28 10:59:12,853.7,318680,1,852.37,113432,136874,-0.47796689204941817,0
2023-07-28 10:59:12,853.65,318680,1,852.37,113432,136874,-0.4837957565866143,0
2023-07-28 10:59:12,853.7,318680,1,852.37,113432,136874,-0.47796689204941817,0
2023-07-28 10:59:18,853.7,318683,1,852.37,113998,136512,-0.47796689204941817,0
2023-07-28 10:59:18,853.7,318683,19,852.37,113998,136512,-0.47796689204941817,0
2023-07-28 10:59:18,853.25,318683,1,852.37,113998,136512,-0.5304266728841169,0
2023-07-28 10:59:18,853.25,318683,1,852.37,113998,136512,-0.5304266728841169,0
2023-07-28 10:59:18,853.25,318683,1,852.37,113998,136512,-0.5304266728841169,0
2023-07-28 10:59:18,853.65,318683,4,852.37,113998,136512,-0.4837957565866143,0
2023-07-28 10:59:18,853.65,318683,4,852.37,113998,136512,-0.4837957565866143,0
2023-07-28 10:59:23,853.7,318707,8,852.37,113719,136681,-0.47796689204941817,0
2023-07-28 10:59:23,853.7,318707,8,852.37,113719,136681,-0.47796689204941817,0
2023-07-28 10:59:23,853.7,318707,8,852.37,113719,136681,-0.47796689204941817,0
2023-07-28 10:59:23,853.7,318707,99,852.37,113719,136681,-0.47796689204941817,0
2023-07-28 10:59:23,853.7,318707,99,852.37,113719,136681,-0.47796689204941817,0
2023-07-28 10:59:23,853.7,318707,99,852.37,113719,136681,-0.47796689204941817,0
2023-07-28 10:59:26,853.7,318815,99,852.37,114067,135715,-0.47796689204941817,0
2023-07-28 10:59:26,853.7,318815,99,852.37,113907,136515,-0.47796689204941817,0
2023-07-28 10:59:26,853.7,318815,1,852.37,113907,136515,-0.47796689204941817,0
2023-07-28 10:59:35,853.25,318816,1,852.37,113960,135714,-0.5304266728841169,0
2023-07-28 10:59:35,853.7,318816,4,852.37,113960,135714,-0.47796689204941817,0
2023-07-28 10:59:38,853.7,318821,4,852.37,114025,136529,-0.47796689204941817,0
2023-07-28 10:59:38,853.7,318821,1,852.37,114025,136529,-0.47796689204941817,0
2023-07-28 10:59:38,853.25,318821,1,852.37,114025,136529,-0.5304266728841169,0
2023-07-28 10:59:44,853.25,318823,1,852.37,114252,136551,-0.5304266728841169,0
2023-07-28 10:59:44,853.65,318823,1,852.37,114252,136551,-0.4837957565866143,0
2023-07-28 10:59:50,853.65,318824,1,852.37,114319,136788,-0.4837957565866143,0
2023-07-28 10:59:50,853.2,318824,1,852.37,114319,136788,-0.5362555374212997,0
2023-07-28 10:59:50,853.65,318824,4,852.37,114319,136788,-0.4837957565866143,0
2023-07-28 10:59:53,853.65,318829,4,852.37,114367,136894,-0.4837957565866143,0
2023-07-28 10:59:53,853.65,318829,1,852.37,114367,136894,-0.4837957565866143,0
2023-07-28 10:59:57,853.65,318830,1,852.37,114379,136893,-0.4837957565866143,0
2023-07-28 10:59:57,853.2,318830,1,852.37,114379,136893,-0.5362555374212997,0
2023-07-28 11:00:04,853.65,318850,1,852.37,114399,136889,-0.4837957565866143,0
2023-07-28 11:00:04,853.7,318850,1,852.37,114399,136889,-0.47796689204941817,0
2023-07-28 11:00:04,853.25,318850,1,852.37,114399,136889,-0.5304266728841169,0
2023-07-28 11:00:07,853.25,318853,1,852.37,114480,137758,-0.5304266728841169,0
2023-07-28 11:00:07,853.7,318853,1,852.37,114480,137758,-0.47796689204941817,0
2023-07-28 11:00:13,853.7,319159,15,852.37,114362,137548,-0.47796689204941817,0
2023-07-28 11:00:17,853.15,319224,5,852.37,114540,137443,-0.5420844019584958,0
2023-07-28 11:00:17,853.65,319224,1,852.37,114540,137443,-0.4837957565866143,0
2023-07-28 11:00:17,853.7,319224,1,852.37,114540,137443,-0.47796689204941817,0
2023-07-28 11:00:17,853.25,319224,1,852.37,114540,137443,-0.5304266728841169,0
2023-07-28 11:00:21,853.25,319227,1,852.37,114301,137711,-0.5304266728841169,0
2023-07-28 11:00:21,853.6,319227,4,852.37,114301,137711,-0.4896246211237972,0
2023-07-28 11:00:21,853.6,319227,5,852.37,114301,137711,-0.4896246211237972,0
2023-07-28 11:00:21,853.6,319227,1,852.37,114301,137711,-0.4896246211237972,0
2023-07-28 11:00:26,853.7,319574,9,852.38,114595,137338,-0.47796689204941817,0
2023-07-28 11:00:26,853.25,319574,1,852.38,114595,137338,-0.5304266728841169,0
2023-07-28 11:00:30,853.65,319586,1,852.38,114675,137409,-0.4837957565866143,0
2023-07-28 11:00:30,853.7,319586,7,852.38,114675,137409,-0.47796689204941817,0
2023-07-28 11:00:30,853.35,319586,1,852.38,114675,137409,-0.5187689438097379,0
2023-07-28 11:00:30,854.15,319586,69,852.38,114675,137409,-0.4255071112147327,0
2023-07-28 11:00:30,854.25,319586,9,852.38,114675,137409,-0.41384938214035377,0
2023-07-28 11:00:30,854.25,319586,1,852.38,114675,137409,-0.41384938214035377,0
2023-07-28 11:00:30,854.25,319586,1,852.38,114675,137409,-0.41384938214035377,0
2023-07-28 11:00:38,854.25,321903,128,852.39,116160,134731,-0.41384938214035377,0
2023-07-28 11:00:38,853.95,321903,1,852.39,116160,134731,-0.4488225693634774,0
2023-07-28 11:00:44,854.2,322037,1,852.39,114501,133957,-0.4196782466775366,0
2023-07-28 11:00:44,854.2,322037,1,852.39,114501,133957,-0.4196782466775366,0
2023-07-28 11:00:44,853.85,322037,1,852.39,114501,133957,-0.4604802984378564,0
2023-07-28 11:00:46,854.25,322039,3,852.39,114517,134809,-0.41384938214035377,0
2023-07-28 11:00:46,854.25,322039,1,852.39,114517,134809,-0.41384938214035377,0
2023-07-28 11:00:46,854.25,322039,6,852.39,114517,134809,-0.41384938214035377,0
2023-07-28 11:00:50,854.25,322055,6,852.39,114437,134855,-0.41384938214035377,0
2023-07-28 11:00:50,854.25,322055,1,852.39,114437,134855,-0.41384938214035377,0
2023-07-28 11:00:50,853.85,322055,1,852.39,114437,134855,-0.4604802984378564,0
2023-07-28 11:00:50,854.15,322055,1,852.39,114437,134855,-0.4255071112147327,0
2023-07-28 11:00:50,854.15,322055,3,852.39,114437,134855,-0.4255071112147327,0
2023-07-28 11:00:54,854.15,322062,3,852.39,114431,135189,-0.4255071112147327,0
2023-07-28 11:00:54,854.25,322062,1,852.39,114431,135189,-0.41384938214035377,0
2023-07-28 11:00:54,853.8,322062,1,852.39,114431,135189,-0.4663091629750525,0
2023-07-28 11:01:00,853.8,322064,1,852.39,114481,135197,-0.4663091629750525,0
2023-07-28 11:01:00,853.8,322064,9,852.39,114481,135197,-0.4663091629750525,0
2023-07-28 11:01:00,854.25,322064,1,852.39,114481,135197,-0.41384938214035377,0
2023-07-28 11:01:05,853.8,322076,1,852.39,114614,134859,-0.4663091629750525,0
2023-07-28 11:01:05,853.8,322076,1,852.39,114733,134871,-0.4663091629750525,0
2023-07-28 11:01:05,853.8,322076,1,852.39,114721,134858,-0.4663091629750525,0
2023-07-28 11:01:05,853.8,322076,1,852.39,114798,134865,-0.4663091629750525,0
2023-07-28 11:01:05,854.2,322076,4,852.39,114798,134865,-0.4196782466775366,0
2023-07-28 11:01:08,854.2,322081,4,852.39,114965,134047,-0.4196782466775366,0
2023-07-28 11:01:08,854.2,322081,4,852.39,114977,134891,-0.4196782466775366,0
2023-07-28 11:01:08,854.2,322081,4,852.39,114937,134925,-0.4196782466775366,0
2023-07-28 11:01:08,854.2,322081,4,852.39,114459,134383,-0.4196782466775366,0
2023-07-28 11:01:08,854.2,322081,4,852.39,114486,135255,-0.4196782466775366,0
2023-07-28 11:01:16,853.8,322082,1,852.39,114485,135312,-0.4663091629750525,0
2023-07-28 11:01:16,853.8,322082,1,852.39,114672,135040,-0.4663091629750525,0
2023-07-28 11:01:16,853.8,322082,1,852.39,114425,135109,-0.4663091629750525,0
2023-07-28 11:01:19,854.2,322107,23,852.39,114574,135084,-0.4196782466775366,0
2023-07-28 11:01:19,854.2,322108,1,852.39,114574,135129,-0.4196782466775366,0
2023-07-28 11:01:19,854.2,322108,1,852.39,114574,135129,-0.4196782466775366,0
2023-07-28 11:01:23,854.2,322112,4,852.39,114516,135097,-0.4196782466775366,0
2023-07-28 11:01:24,854.2,322113,1,852.39,114575,135039,-0.4196782466775366,0
2023-07-28 11:01:24,854.2,322113,1,852.39,114575,135040,-0.4196782466775366,0
2023-07-28 11:01:24,854.2,322113,1,852.39,114575,135085,-0.4196782466775366,0
2023-07-28 11:01:24,854.2,322113,1,852.39,114575,135085,-0.4196782466775366,0
2023-07-28 11:01:24,854.2,322113,1,852.39,114575,135086,-0.4196782466775366,0
2023-07-28 11:01:24,854.2,322113,1,852.39,114579,135086,-0.4196782466775366,0
2023-07-28 11:01:24,854.2,322113,1,852.39,114688,134893,-0.4196782466775366,0
2023-07-28 11:01:24,854.2,322113,1,852.39,114688,134952,-0.4196782466775366,0
2023-07-28 11:01:24,854.15,322113,4,852.39,114688,134952,-0.4255071112147327,0
2023-07-28 11:01:38,854.15,322117,4,852.39,114563,134945,-0.4255071112147327,0
2023-07-28 11:01:38,854.15,322117,4,852.39,114568,134945,-0.4255071112147327,0
2023-07-28 11:01:38,854.15,322117,1,852.39,114568,134945,-0.4255071112147327,0
2023-07-28 11:01:41,854.15,322118,1,852.39,114567,134957,-0.4255071112147327,0
2023-07-28 11:01:41,854.15,322118,1,852.39,114626,134957,-0.4255071112147327,0
2023-07-28 11:01:41,854.15,322118,1,852.39,114623,134970,-0.4255071112147327,0
2023-07-28 11:01:41,854.15,322118,1,852.39,114379,134996,-0.4255071112147327,0
2023-07-28 11:01:41,854.15,322118,1,852.39,114379,134996,-0.4255071112147327,0
2023-07-28 11:01:41,854.15,322118,1,852.39,114379,135001,-0.4255071112147327,0
2023-07-28 11:01:41,854.15,322118,1,852.39,114374,135001,-0.4255071112147327,0
2023-07-28 11:01:41,854.15,322118,1,852.39,114374,135101,-0.4255071112147327,0
2023-07-28 11:01:41,854.2,322118,3,852.39,114374,135101,-0.4196782466775366,0
2023-07-28 11:01:53,854.25,322302,178,852.39,114415,135031,-0.41384938214035377,0
2023-07-28 11:01:54,854.25,322317,15,852.39,114415,135016,-0.41384938214035377,0
2023-07-28 11:01:54,854.15,322317,9,852.39,114415,135016,-0.4255071112147327,0
2023-07-28 11:01:54,854.15,322433,9,852.39,114475,135007,-0.4255071112147327,0
2023-07-28 11:01:54,854.15,322433,9,852.39,114535,134529,-0.4255071112147327,0
2023-07-28 11:01:54,854.15,322433,9,852.39,114523,134762,-0.4255071112147327,0
2023-07-28 11:01:54,854.15,322433,9,852.39,114539,134756,-0.4255071112147327,0
2023-07-28 11:01:54,854.15,322433,9,852.39,114539,134856,-0.4255071112147327,0
2023-07-28 11:01:54,854.15,322433,9,852.39,114477,134856,-0.4255071112147327,0
2023-07-28 11:01:54,854.2,322433,4,852.39,114477,134856,-0.4196782466775366,0
2023-07-28 11:02:08,854.2,322437,4,852.39,114477,134774,-0.4196782466775366,0
2023-07-28 11:02:08,854.2,322437,6,852.39,114477,134774,-0.4196782466775366,0
2023-07-28 11:02:11,854.2,322443,6,852.39,114509,134868,-0.4196782466775366,0
2023-07-28 11:02:11,854.3,322443,13,852.39,114509,134868,-0.40802051760317093,0
2023-07-28 11:02:11,854.3,322443,1,852.39,114509,134868,-0.40802051760317093,0
2023-07-28 11:02:11,854.25,322443,15,852.39,114509,134868,-0.41384938214035377,0
2023-07-28 11:02:11,854.25,322443,1,852.39,114509,134868,-0.41384938214035377,0
2023-07-28 11:02:16,854.25,323826,1,852.4,114986,133380,-0.41384938214035377,0
2023-07-28 11:02:16,854.25,323826,63,852.4,114986,133380,-0.41384938214035377,0
2023-07-28 11:02:16,854.25,323826,1,852.4,114986,133380,-0.41384938214035377,0
2023-07-28 11:02:16,854.2,323826,1,852.4,114986,133380,-0.4196782466775366,0
2023-07-28 11:02:21,854.2,323911,1,852.4,113489,133445,-0.4196782466775366,0
2023-07-28 11:02:21,854.25,323911,4,852.4,113489,133445,-0.41384938214035377,0
2023-07-28 11:02:21,854.25,323911,4,852.4,113489,133445,-0.41384938214035377,0
2023-07-28 11:02:21,854.25,323911,4,852.4,113489,133445,-0.41384938214035377,0
2023-07-28 11:02:21,854.25,323911,1,852.4,113489,133445,-0.41384938214035377,0
2023-07-28 11:02:21,854.25,323911,1,852.4,113489,133445,-0.41384938214035377,0
2023-07-28 11:02:21,854.2,323911,1,852.4,113489,133445,-0.4196782466775366,0
2023-07-28 11:02:26,854.2,323921,1,852.4,113421,133466,-0.4196782466775366,0
2023-07-28 11:02:26,854.25,323921,4,852.4,113421,133466,-0.41384938214035377,0
2023-07-28 11:02:26,854.25,323921,1,852.4,113421,133466,-0.41384938214035377,0
2023-07-28 11:02:32,854.2,323927,1,852.4,113336,133595,-0.4196782466775366,0
2023-07-28 11:02:32,854.25,323927,1,852.4,113336,133595,-0.41384938214035377,0
2023-07-28 11:02:35,854.25,323929,1,852.4,113418,133664,-0.41384938214035377,0
2023-07-28 11:02:35,854.05,323929,1,852.4,113418,133664,-0.4371648402891117,0
2023-07-28 11:02:35,854.25,323929,4,852.4,113418,133664,-0.41384938214035377,0
2023-07-28 11:02:38,854.25,323934,4,852.4,113234,133661,-0.41384938214035377,0
2023-07-28 11:02:38,854.25,323934,1,852.4,113234,133661,-0.41384938214035377,0
2023-07-28 11:02:38,854.2,323934,1,852.4,113234,133661,-0.4196782466775366,0
2023-07-28 11:02:43,854.2,323936,1,852.4,113474,133607,-0.4196782466775366,0
2023-07-28 11:02:43,854.25,323936,2,852.4,113474,133607,-0.41384938214035377,0
2023-07-28 11:02:43,854.25,323936,1,852.4,113474,133607,-0.41384938214035377,0
2023-07-28 11:02:43,854.2,323936,1,852.4,113474,133607,-0.4196782466775366,0
2023-07-28 11:02:49,854.2,323940,1,852.4,113473,133598,-0.4196782466775366,0
2023-07-28 11:02:49,854.25,323940,1,852.4,113473,133598,-0.41384938214035377,0
2023-07-28 11:02:49,854.25,323940,4,852.4,113473,133598,-0.41384938214035377,0
2023-07-28 11:02:53,854.25,323945,4,852.4,113420,133580,-0.41384938214035377,0
2023-07-28 11:02:53,854.2,323945,1,852.4,113420,133580,-0.4196782466775366,0
2023-07-28 11:02:53,854.25,323945,2,852.4,113420,133580,-0.41384938214035377,0
2023-07-28 11:02:58,854.25,323949,1,852.4,113419,133593,-0.41384938214035377,0
2023-07-28 11:02:58,854.2,323949,1,852.4,113419,133593,-0.4196782466775366,0
2023-07-28 11:03:00,854.2,323950,1,852.4,113418,133593,-0.4196782466775366,0
2023-07-28 11:03:00,854.25,323950,1,852.4,113418,133593,-0.41384938214035377,0
2023-07-28 11:03:00,854.2,323950,1,852.4,113418,133593,-0.4196782466775366,0
2023-07-28 11:03:06,854.2,323952,1,852.4,113601,133498,-0.4196782466775366,0
2023-07-28 11:03:06,854.25,323952,4,852.4,113601,133498,-0.41384938214035377,0
2023-07-28 11:03:06,854.25,323952,1,852.4,113601,133498,-0.41384938214035377,0
2023-07-28 11:03:10,854.25,323957,1,852.4,113601,133494,-0.41384938214035377,0
2023-07-28 11:03:10,854.2,323957,1,852.4,113601,133494,-0.4196782466775366,0
2023-07-28 11:03:10,854.25,323957,5,852.4,113601,133494,-0.41384938214035377,0
2023-07-28 11:03:14,854.25,323963,5,852.4,113601,133539,-0.41384938214035377,0
2023-07-28 11:03:14,854.25,323963,1,852.4,113601,133539,-0.41384938214035377,0
2023-07-28 11:03:14,854.2,323963,1,852.4,113601,133539,-0.4196782466775366,0
2023-07-28 11:03:20,854.2,323965,1,852.4,113547,133543,-0.4196782466775366,0
2023-07-28 11:03:20,854.2,323965,1,852.4,113547,133543,-0.4196782466775366,0
2023-07-28 11:03:20,854.2,323965,4,852.4,113547,133543,-0.4196782466775366,0
2023-07-28 11:03:20,854.25,323965,4,852.4,113547,133543,-0.41384938214035377,0
2023-07-28 11:03:23,854.25,323974,4,852.4,113442,133555,-0.41384938214035377,0
2023-07-28 11:03:23,854.2,323974,88,852.4,113442,133555,-0.4196782466775366,0
2023-07-28 11:03:31,854.2,324062,88,852.4,114059,133526,-0.4196782466775366,0
2023-07-28 11:03:31,854.2,324062,88,852.4,114063,133583,-0.4196782466775366,0
2023-07-28 11:03:38,854.2,324066,4,852.4,114063,133579,-0.4196782466775366,0
2023-07-28 11:03:38,854.2,324066,4,852.4,114033,133558,-0.4196782466775366,0
2023-07-28 11:03:38,854.15,324066,1,852.4,114033,133558,-0.4255071112147327,0
2023-07-28 11:03:38,854.0,324066,1,852.4,114033,133558,-0.4429937048262946,0
2023-07-28 11:03:50,854.0,324069,1,852.4,114074,133570,-0.4429937048262946,0
2023-07-28 11:03:50,854.15,324069,4,852.4,114074,133570,-0.4255071112147327,0
2023-07-28 11:03:53,854.15,324073,4,852.4,114074,133559,-0.4255071112147327,0
2023-07-28 11:03:53,854.15,324073,4,852.4,114174,133559,-0.4255071112147327,0
2023-07-28 11:04:06,854.15,324078,5,852.4,114145,133537,-0.4255071112147327,0
2023-07-28 11:04:06,854.2,324078,4,852.4,114145,133537,-0.4196782466775366,0
2023-07-28 11:04:08,854.2,324082,4,852.4,114270,133498,-0.4196782466775366,0
2023-07-28 11:04:08,854.15,324082,10,852.4,114270,133498,-0.4255071112147327,0
2023-07-28 11:04:14,854.15,324092,10,852.4,114113,133515,-0.4255071112147327,0
2023-07-28 11:04:14,854.15,324092,10,852.4,113057,134273,-0.4255071112147327,0
2023-07-28 11:04:14,854.15,324092,10,852.4,113044,134273,-0.4255071112147327,0
2023-07-28 11:04:14,854.15,324092,1,852.4,113044,134273,-0.4255071112147327,0
2023-07-28 11:04:23,854.15,324095,1,852.4,113114,134154,-0.4255071112147327,0
2023-07-28 11:04:27,854.15,324096,1,852.4,113801,134271,-0.4255071112147327,0
2023-07-28 11:04:27,854.15,324096,46,852.4,113801,134271,-0.4255071112147327,0
2023-07-28 11:04:33,854.15,324146,46,852.4,113983,134161,-0.4255071112147327,0
2023-07-28 11:04:33,854.2,324146,26,852.4,113983,134161,-0.4196782466775366,0
2023-07-28 11:04:33,854.2,324146,4,852.4,113983,134161,-0.4196782466775366,0
2023-07-28 11:04:38,854.2,324180,4,852.4,118923,134081,-0.4196782466775366,0
2023-07-28 11:04:38,854.0,324180,1,852.4,118923,134081,-0.4429937048262946,0
2023-07-28 11:04:43,854.0,324181,1,852.4,118825,134146,-0.4429937048262946,0
2023-07-28 11:04:43,854.2,324181,1,852.4,118825,134146,-0.4196782466775366,0
2023-07-28 11:04:48,854.2,324182,1,852.4,118924,134097,-0.4196782466775366,0
2023-07-28 11:04:48,854.0,324182,1,852.4,118924,134097,-0.4429937048262946,0
2023-07-28 11:04:48,854.2,324182,4,852.4,118924,134097,-0.4196782466775366,0
2023-07-28 11:04:53,854.2,324187,4,852.4,119067,134100,-0.4196782466775366,0
2023-07-28 11:04:53,854.2,324187,1,852.4,119067,134100,-0.4196782466775366,0
2023-07-28 11:04:53,854.0,324187,1,852.4,119067,134100,-0.4429937048262946,0
2023-07-28 11:04:56,854.0,324189,1,852.4,119066,134112,-0.4429937048262946,0
2023-07-28 11:04:56,854.25,324189,1,852.4,119066,134112,-0.41384938214035377,0
2023-07-28 11:04:59,854.25,324190,1,852.4,119066,134116,-0.41384938214035377,0
2023-07-28 11:04:59,854.25,324190,1,852.4,119054,134264,-0.41384938214035377,0
2023-07-28 11:04:59,854.0,324190,1,852.4,119054,134264,-0.4429937048262946,0
2023-07-28 11:04:59,854.0,324190,28,852.4,119054,134264,-0.4429937048262946,0
2023-07-28 11:04:59,854.25,324190,4,852.4,119054,134264,-0.41384938214035377,0
2023-07-28 11:05:08,854.25,324223,4,852.4,118905,134252,-0.41384938214035377,0
2023-07-28 11:05:08,854.25,324223,1,852.4,118905,134252,-0.41384938214035377,0
2023-07-28 11:05:08,854.0,324223,1,852.4,118905,134252,-0.4429937048262946,0
2023-07-28 11:05:13,854.0,324225,1,852.4,118904,134251,-0.4429937048262946,0
2023-07-28 11:05:13,853.7,324225,19,852.4,118904,134251,-0.47796689204941817,0
2023-07-28 11:05:15,853.7,324325,19,852.4,119014,134300,-0.47796689204941817,0
2023-07-28 11:05:15,854.2,324325,1,852.4,119014,134300,-0.4196782466775366,0
2023-07-28 11:05:20,854.2,324326,1,852.4,119144,134068,-0.4196782466775366,0
2023-07-28 11:05:20,854.0,324326,1,852.4,119144,134068,-0.4429937048262946,0
2023-07-28 11:05:20,854.0,324326,1,852.4,119144,134068,-0.4429937048262946,0
2023-07-28 11:05:20,854.25,324326,4,852.4,119144,134068,-0.41384938214035377,0
2023-07-28 11:05:20,854.25,324326,4,852.4,119144,134068,-0.41384938214035377,0
2023-07-28 11:05:20,854.25,324326,4,852.4,119144,134068,-0.41384938214035377,0
2023-07-28 11:05:20,854.0,324326,5,852.4,119144,134068,-0.4429937048262946,0
2023-07-28 11:05:26,854.0,324373,5,852.4,119120,134048,-0.4429937048262946,0
2023-07-28 11:05:26,854.0,324373,5,852.4,119120,134048,-0.4429937048262946,0
2023-07-28 11:05:26,854.0,324373,5,852.4,119120,134148,-0.4429937048262946,0
2023-07-28 11:05:26,854.0,324373,42,852.4,119120,134148,-0.4429937048262946,0
2023-07-28 11:05:26,854.0,324373,1,852.4,119120,134148,-0.4429937048262946,0
2023-07-28 11:05:34,854.0,324416,1,852.4,118999,134402,-0.4429937048262946,0
2023-07-28 11:05:34,853.75,324416,59,852.4,118999,134402,-0.4721380275122353,0
2023-07-28 11:05:39,853.75,324480,59,852.4,119037,134573,-0.4721380275122353,0
2023-07-28 11:05:39,853.75,324480,59,852.4,118613,134627,-0.4721380275122353,0
2023-07-28 11:05:39,854.0,324480,1,852.4,118613,134627,-0.4429937048262946,0
2023-07-28 11:05:50,854.0,324481,1,852.4,118613,134723,-0.4429937048262946,0
2023-07-28 11:05:50,854.0,324481,1,852.4,118613,134723,-0.4429937048262946,0
2023-07-28 11:05:53,854.0,324485,1,852.4,118614,134720,-0.4429937048262946,0
2023-07-28 11:05:53,854.0,324485,192,852.4,118614,134720,-0.4429937048262946,0
2023-07-28 11:05:53,854.0,324485,1,852.4,118614,134720,-0.4429937048262946,0
2023-07-28 11:05:59,854.0,324693,1,852.4,121302,133935,-0.4429937048262946,0
2023-07-28 11:05:59,854.0,324693,1,852.4,119384,133960,-0.4429937048262946,0
2023-07-28 11:05:59,854.15,324693,4,852.4,119384,133960,-0.4255071112147327,0
2023-07-28 11:06:08,854.15,324697,4,852.4,119433,133941,-0.4255071112147327,0
2023-07-28 11:06:08,854.15,324697,2,852.4,119433,133941,-0.4255071112147327,0
2023-07-28 11:06:08,854.0,324697,518,852.4,119433,133941,-0.4429937048262946,0
2023-07-28 11:06:08,854.5,324697,5,852.4,119433,133941,-0.384705059454413,0
2023-07-28 11:06:08,854.0,324697,2,852.4,119433,133941,-0.4429937048262946,0
2023-07-28 11:06:13,854.0,327508,2,852.42,119201,133829,-0.4429937048262946,0
2023-07-28 11:06:13,854.0,327508,2,852.42,119147,133917,-0.4429937048262946,0
2023-07-28 11:06:13,854.25,327508,4,852.42,119147,133917,-0.41384938214035377,0
2023-07-28 11:06:23,854.25,327512,4,852.42,119193,134291,-0.41384938214035377,0
2023-07-28 11:06:24,854.35,327723,19,852.42,118518,134123,-0.4021916530659748,0
2023-07-28 11:06:24,854.35,327723,19,852.42,118525,134331,-0.4021916530659748,0
2023-07-28 11:06:24,854.5,327723,4,852.42,118525,134331,-0.384705059454413,0
2023-07-28 11:06:24,854.35,327723,439,852.42,118525,134331,-0.4021916530659748,0
2023-07-28 11:06:24,854.5,327723,1,852.42,118525,134331,-0.384705059454413,0
2023-07-28 11:06:42,854.5,328167,1,852.42,118074,134567,-0.384705059454413,0
2023-07-28 11:06:42,854.5,328167,49,852.42,118074,134567,-0.384705059454413,0
2023-07-28 11:06:46,854.5,328226,49,852.42,119673,134546,-0.384705059454413,0
2023-07-28 11:06:46,854.5,328226,2,852.42,119673,134546,-0.384705059454413,0
2023-07-28 11:06:46,854.35,328226,4,852.42,119673,134546,-0.4021916530659748,0
2023-07-28 11:06:53,854.35,329623,4,852.43,118835,134218,-0.4021916530659748,0
2023-07-28 11:06:53,854.0,329623,2,852.43,118835,134218,-0.4429937048262946,0
2023-07-28 11:06:56,854.0,329768,2,852.43,118288,134337,-0.4429937048262946,0
2023-07-28 11:06:56,854.0,329768,1,852.43,118288,134337,-0.4429937048262946,0
2023-07-28 11:07:01,854.0,330124,1,852.43,118503,134688,-0.4429937048262946,0
2023-07-28 11:07:01,854.0,330124,1,852.43,118504,134689,-0.4429937048262946,0
2023-07-28 11:07:01,854.2,330124,4,852.43,118504,134689,-0.4196782466775366,0
2023-07-28 11:07:08,854.2,330128,4,852.43,118459,134685,-0.4196782466775366,0
2023-07-28 11:07:08,854.2,330128,14,852.43,118459,134685,-0.4196782466775366,0
2023-07-28 11:07:16,854.2,330153,14,852.43,118459,134774,-0.4196782466775366,0
2023-07-28 11:07:16,854.2,330153,14,852.43,118475,134773,-0.4196782466775366,0
2023-07-28 11:07:16,853.6,330153,97,852.43,118475,134773,-0.4896246211237972,0
2023-07-28 11:07:16,854.15,330153,2,852.43,118475,134773,-0.4255071112147327,0
2023-07-28 11:07:23,854.15,330957,2,852.44,118478,134058,-0.4255071112147327,0
2023-07-28 11:07:23,854.0,330957,50,852.44,118478,134058,-0.4429937048262946,0
2023-07-28 11:07:28,854.0,331007,50,852.44,118675,134179,-0.4429937048262946,0
2023-07-28 11:07:28,853.85,331007,3,852.44,118675,134179,-0.4604802984378564,0
2023-07-28 11:07:30,853.85,331057,3,852.44,118114,134502,-0.4604802984378564,0
2023-07-28 11:07:30,853.85,331057,3,852.44,118311,134334,-0.4604802984378564,0
2023-07-28 11:07:30,854.2,331057,2,852.44,118311,134334,-0.4196782466775366,0
2023-07-28 11:07:30,854.2,331057,2,852.44,118311,134334,-0.4196782466775366,0
2023-07-28 11:07:41,854.2,331063,2,852.44,118755,133794,-0.4196782466775366,0
2023-07-28 11:07:41,854.2,331063,2,852.44,118728,134227,-0.4196782466775366,0
2023-07-28 11:07:50,854.2,331073,10,852.44,118914,134138,-0.4196782466775366,0
2023-07-28 11:07:50,854.2,331073,3,852.44,118914,134138,-0.4196782466775366,0
2023-07-28 11:07:53,854.2,331077,3,852.44,119026,134066,-0.4196782466775366,0
2023-07-28 11:07:53,854.2,331077,1,852.44,119026,134066,-0.4196782466775366,0
2023-07-28 11:07:57,854.2,331177,1,852.44,118312,134313,-0.4196782466775366,0
2023-07-28 11:07:57,853.95,331177,4,852.44,118312,134313,-0.4488225693634774,0
2023-07-28 11:08:03,853.95,331181,4,852.44,118313,133921,-0.4488225693634774,0
2023-07-28 11:08:03,854.2,331181,4,852.44,118313,133921,-0.4196782466775366,0
2023-07-28 11:08:08,854.2,331185,4,852.44,118349,133813,-0.4196782466775366,0
2023-07-28 11:08:08,854.2,331185,1,852.44,118414,133828,-0.4196782466775366,0
2023-07-28 11:08:08,854.2,331185,1,852.44,118414,133828,-0.4196782466775366,0
2023-07-28 11:08:08,854.2,331185,5,852.44,118414,133828,-0.4196782466775366,0
2023-07-28 11:08:16,854.2,331192,5,852.44,118530,133779,-0.4196782466775366,0
2023-07-28 11:08:16,854.2,331192,5,852.44,118351,133264,-0.4196782466775366,0
2023-07-28 11:08:16,854.2,331192,5,852.44,118351,133264,-0.4196782466775366,0
2023-07-28 11:08:16,854.2,331192,5,852.44,118351,133264,-0.4196782466775366,0
2023-07-28 11:08:16,854.2,331192,1,852.44,118351,133264,-0.4196782466775366,0
2023-07-28 11:08:16,854.2,331192,1,852.44,118351,133264,-0.4196782466775366,0
2023-07-28 11:08:16,854.2,331192,1,852.44,118351,133264,-0.4196782466775366,0
2023-07-28 11:08:16,854.2,331192,1,852.44,118351,133264,-0.4196782466775366,0
2023-07-28 11:08:23,854.2,331196,1,852.44,118831,134000,-0.4196782466775366,0
2023-07-28 11:08:23,854.2,331196,1,852.44,118831,134000,-0.4196782466775366,0
2023-07-28 11:08:23,854.2,331196,1,852.44,118831,134000,-0.4196782466775366,0
2023-07-28 11:08:23,854.2,331196,1,852.44,118831,134000,-0.4196782466775366,0
2023-07-28 11:08:23,854.2,331196,1,852.44,118981,133693,-0.4196782466775366,0
2023-07-28 11:08:23,854.2,331196,1,852.44,118833,133690,-0.4196782466775366,0
2023-07-28 11:08:23,854.2,331196,4,852.44,118833,133690,-0.4196782466775366,0
2023-07-28 11:08:38,854.2,331200,4,852.44,118795,133762,-0.4196782466775366,0
2023-07-28 11:08:38,854.2,331200,4,852.44,118796,133862,-0.4196782466775366,0
2023-07-28 11:08:38,854.2,331200,4,852.44,118463,134369,-0.4196782466775366,0
2023-07-28 11:08:38,854.2,331200,4,852.44,118472,134066,-0.4196782466775366,0
2023-07-28 11:08:38,854.2,331200,4,852.44,118472,134066,-0.4196782466775366,0
2023-07-28 11:08:38,854.2,331200,10,852.44,118472,134066,-0.4196782466775366,0
2023-07-28 11:08:54,854.2,331234,10,852.44,118741,133901,-0.4196782466775366,0
2023-07-28 11:08:54,854.05,331234,3,852.44,118741,133901,-0.4371648402891117,0
2023-07-28 11:08:54,854.05,331234,10,852.44,118741,133901,-0.4371648402891117,0
2023-07-28 11:09:00,854.05,331247,10,852.44,118542,134022,-0.4371648402891117,0
2023-07-28 11:09:00,854.0,331247,19,852.44,118542,134022,-0.4429937048262946,0
2023-07-28 11:09:00,854.05,331247,1,852.44,118542,134022,-0.4371648402891117,0
2023-07-28 11:09:04,854.05,331267,1,852.44,118136,134330,-0.4371648402891117,0
2023-07-28 11:09:04,854.1,331267,5,852.44,118136,134330,-0.4313359757519156,0
2023-07-28 11:09:06,854.1,331402,5,852.44,118658,134089,-0.4313359757519156,0
2023-07-28 11:09:06,854.1,331402,5,852.44,118643,134148,-0.4313359757519156,0
2023-07-28 11:09:06,854.2,331402,4,852.44,118643,134148,-0.4196782466775366,0
2023-07-28 11:09:08,854.2,331406,4,852.44,118589,134103,-0.4196782466775366,0
2023-07-28 11:09:08,854.2,331406,4,852.44,118292,134144,-0.4196782466775366,0
2023-07-28 11:09:08,854.2,331406,4,852.44,118419,134211,-0.4196782466775366,0
2023-07-28 11:09:08,854.2,331406,4,852.44,118419,133466,-0.4196782466775366,0
2023-07-28 11:09:08,854.2,331406,4,852.44,118419,133466,-0.4196782466775366,0
2023-07-28 11:09:08,854.2,331406,4,852.44,118419,134266,-0.4196782466775366,0
2023-07-28 11:09:08,854.2,331406,4,852.44,118434,134266,-0.4196782466775366,0
2023-07-28 11:09:08,854.2,331406,4,852.44,118434,134266,-0.4196782466775366,0
2023-07-28 11:09:23,854.2,331410,4,852.44,118434,134235,-0.4196782466775366,0
2023-07-28 11:09:23,854.2,331410,4,852.44,118484,134235,-0.4196782466775366,0
2023-07-28 11:09:23,854.2,331410,4,852.44,118596,134178,-0.4196782466775366,0
2023-07-28 11:09:23,854.2,331410,4,852.44,118627,134178,-0.4196782466775366,0
2023-07-28 11:09:23,854.2,331410,4,852.44,118625,134184,-0.4196782466775366,0
2023-07-28 11:09:23,854.1,331410,10,852.44,118625,134184,-0.4313359757519156,0
2023-07-28 11:09:28,854.1,331420,10,852.44,118615,134185,-0.4313359757519156,0
2023-07-28 11:09:28,854.1,331420,10,852.44,118617,133385,-0.4313359757519156,0
2023-07-28 11:09:28,854.1,331420,10,852.44,118617,134185,-0.4313359757519156,0
2023-07-28 11:09:28,854.1,331420,10,852.44,118617,134185,-0.4313359757519156,0
2023-07-28 11:09:38,854.2,331424,2,852.44,118619,134108,-0.4196782466775366,0
2023-07-28 11:09:38,854.2,331424,2,852.44,118617,134140,-0.4196782466775366,0
2023-07-28 11:09:38,854.2,331424,2,852.44,118617,134140,-0.4196782466775366,0
2023-07-28 11:09:38,854.2,331424,2,852.44,118617,134140,-0.4196782466775366,0
2023-07-28 11:09:38,854.2,331424,2,852.44,118617,134140,-0.4196782466775366,0
2023-07-28 11:09:38,854.2,331424,2,852.44,118617,133340,-0.4196782466775366,0
2023-07-28 11:09:38,854.2,331424,2,852.44,118617,134140,-0.4196782466775366,0
2023-07-28 11:09:38,854.2,331424,2,852.44,118617,134140,-0.4196782466775366,0
2023-07-28 11:09:38,854.2,331424,2,852.44,118617,134140,-0.4196782466775366,0
2023-07-28 11:09:38,854.2,331424,2,852.44,118593,134140,-0.4196782466775366,0
2023-07-28 11:09:38,854.2,331424,2,852.44,118593,134140,-0.4196782466775366,0
2023-07-28 11:09:38,854.2,331424,2,852.44,118613,134140,-0.4196782466775366,0
2023-07-28 11:09:38,854.2,331424,4,852.44,118613,134140,-0.4196782466775366,0
2023-07-28 11:09:53,854.2,331428,4,852.44,118613,134120,-0.4196782466775366,0
2023-07-28 11:09:53,854.2,331428,4,852.44,118663,134120,-0.4196782466775366,0
2023-07-28 11:09:59,854.1,331447,19,852.44,118644,134120,-0.4313359757519156,0
2023-07-28 11:09:59,854.1,331447,19,852.44,118593,134133,-0.4313359757519156,0
2023-07-28 11:09:59,854.1,331447,19,852.44,118593,134122,-0.4313359757519156,0
2023-07-28 11:09:59,854.1,331447,19,852.44,118593,134119,-0.4313359757519156,0
2023-07-28 11:09:59,854.1,331447,19,852.44,118575,134119,-0.4313359757519156,0
2023-07-28 11:09:59,854.1,331447,19,852.44,118575,134119,-0.4313359757519156,0
2023-07-28 11:09:59,854.1,331447,19,852.44,118575,134146,-0.4313359757519156,0
2023-07-28 11:09:59,854.2,331447,4,852.44,118575,134146,-0.4196782466775366,0
2023-07-28 11:09:59,854.2,331447,10,852.44,118575,134146,-0.4196782466775366,0
2023-07-28 11:10:11,854.2,331466,10,852.44,118585,134192,-0.4196782466775366,0
2023-07-28 11:10:11,854.2,331466,10,852.44,118595,134192,-0.4196782466775366,0
2023-07-28 11:10:11,854.2,331466,4,852.44,118595,134192,-0.4196782466775366,0
2023-07-28 11:10:19,854.2,331670,4,852.44,118829,134124,-0.4196782466775366,0
2023-07-28 11:10:19,854.5,331670,40,852.44,118829,134124,-0.384705059454413,0
2023-07-28 11:10:19,854.5,331670,4,852.44,118829,134124,-0.384705059454413,0
2023-07-28 11:10:23,854.5,331714,4,852.44,118889,134131,-0.384705059454413,0
2023-07-28 11:10:23,854.4,331714,1,852.44,118889,134131,-0.396362788528792,0
2023-07-28 11:10:26,854.4,331716,1,852.44,118709,134568,-0.396362788528792,0
2023-07-28 11:10:26,854.35,331716,1,852.44,118709,134568,-0.4021916530659748,0
2023-07-28 11:10:30,854.35,331747,1,852.44,118714,134536,-0.4021916530659748,0
2023-07-28 11:10:30,854.35,331747,20,852.44,118714,134536,-0.4021916530659748,0
2023-07-28 11:10:38,854.35,331771,4,852.44,118694,134481,-0.4021916530659748,0
2023-07-28 11:10:38,854.35,331771,4,852.44,118694,134481,-0.4021916530659748,0
2023-07-28 11:10:38,854.35,331771,4,852.44,118694,134464,-0.4021916530659748,0
2023-07-28 11:10:38,854.4,331771,15,852.44,118694,134464,-0.396362788528792,0
2023-07-28 11:10:45,854.4,331871,15,852.44,118724,134451,-0.396362788528792,0
2023-07-28 11:10:45,854.35,331871,75,852.44,118724,134451,-0.4021916530659748,0
2023-07-28 11:10:50,854.35,331946,75,852.44,118984,134363,-0.4021916530659748,0
2023-07-28 11:10:50,854.4,331946,4,852.44,118984,134363,-0.396362788528792,0
2023-07-28 11:10:53,854.4,331950,4,852.44,118989,134329,-0.396362788528792,0
2023-07-28 11:10:53,854.05,331950,9,852.44,118989,134329,-0.4371648402891117,0
2023-07-28 11:10:56,854.05,331960,9,852.44,118856,133872,-0.4371648402891117,0
2023-07-28 11:10:56,854.05,331960,9,852.44,118942,134747,-0.4371648402891117,0
2023-07-28 11:10:56,854.15,331960,2,852.44,118942,134747,-0.4255071112147327,0
2023-07-28 11:11:08,854.15,331965,2,852.44,118962,134651,-0.4255071112147327,0
2023-07-28 11:11:08,854.2,331965,2,852.44,118962,134651,-0.4196782466775366,0
2023-07-28 11:11:14,854.2,331967,2,852.44,118977,134652,-0.4196782466775366,0
2023-07-28 11:11:14,854.2,331967,2,852.44,118918,134761,-0.4196782466775366,0
2023-07-28 11:11:14,854.15,331967,10,852.44,118918,134761,-0.4255071112147327,0
2023-07-28 11:11:14,854.15,331967,4,852.44,118918,134761,-0.4255071112147327,0
2023-07-28 11:11:23,854.15,331981,4,852.44,119118,134684,-0.4255071112147327,0
2023-07-28 11:11:23,854.15,331981,4,852.44,119118,134684,-0.4255071112147327,0
2023-07-28 11:11:23,854.15,331981,4,852.44,119118,134684,-0.4255071112147327,0
2023-07-28 11:11:23,854.15,331981,4,852.44,119118,134684,-0.4255071112147327,0
2023-07-28 11:11:23,854.15,331981,4,852.44,119118,134684,-0.4255071112147327,0
2023-07-28 11:11:23,854.15,331981,4,852.44,119118,134684,-0.4255071112147327,0
2023-07-28 11:11:23,854.15,331981,4,852.44,119118,134684,-0.4255071112147327,0
2023-07-28 11:11:23,854.15,331981,2,852.44,119118,134684,-0.4255071112147327,0
2023-07-28 11:11:32,854.15,332002,2,852.44,119098,134682,-0.4255071112147327,0
2023-07-28 11:11:32,854.15,332002,2,852.44,119098,134782,-0.4255071112147327,0
2023-07-28 11:11:32,854.15,332002,4,852.44,119098,134782,-0.4255071112147327,0
2023-07-28 11:11:38,854.15,332006,4,852.44,119210,134790,-0.4255071112147327,0
2023-07-28 11:11:38,854.2,332006,1,852.44,119210,134790,-0.4196782466775366,0
2023-07-28 11:11:44,854.2,332076,1,852.44,119210,134751,-0.4196782466775366,0
2023-07-28 11:11:44,854.2,332076,1,852.44,119218,134564,-0.4196782466775366,0
2023-07-28 11:11:44,854.35,332076,16,852.44,119218,134564,-0.4021916530659748,0
2023-07-28 11:11:53,854.35,332106,16,852.44,119347,134586,-0.4021916530659748,0
2023-07-28 11:11:53,854.35,332106,4,852.44,119347,134586,-0.4021916530659748,0
2023-07-28 11:11:56,854.35,332110,4,852.44,119287,134645,-0.4021916530659748,0
2023-07-28 11:11:56,854.35,332110,3,852.44,119287,134645,-0.4021916530659748,0
2023-07-28 11:11:58,854.35,332113,3,852.44,119278,134868,-0.4021916530659748,0
2023-07-28 11:11:58,854.35,332113,2,852.44,119278,134868,-0.4021916530659748,0
2023-07-28 11:11:58,854.4,332113,3,852.44,119278,134868,-0.396362788528792,0
2023-07-28 11:12:08,854.4,332119,3,852.44,119259,134864,-0.396362788528792,0
2023-07-28 11:12:08,854.4,332119,3,852.44,119270,134864,-0.396362788528792,0
2023-07-28 11:12:08,854.4,332119,3,852.44,119270,134865,-0.396362788528792,0
2023-07-28 11:12:08,854.4,332119,3,852.44,119392,134865,-0.396362788528792,0
2023-07-28 11:12:08,854.4,332119,2,852.44,119392,134865,-0.396362788528792,0
2023-07-28 11:12:23,854.4,332123,2,852.44,119434,134863,-0.396362788528792,0
2023-07-28 11:12:23,854.5,332123,21,852.44,119434,134863,-0.384705059454413,0
2023-07-28 11:12:31,854.5,332153,21,852.44,119384,134851,-0.384705059454413,0
2023-07-28 11:12:31,854.5,332153,135,852.44,119384,134851,-0.384705059454413,0
2023-07-28 11:12:35,854.5,332288,135,852.44,119693,133793,-0.384705059454413,0
2023-07-28 11:12:35,854.55,332288,4,852.44,119693,133793,-0.3788761949172301,0
2023-07-28 11:12:38,854.55,332292,4,852.44,120243,132933,-0.3788761949172301,0
2023-07-28 11:12:38,854.5,332292,10,852.44,120243,132933,-0.384705059454413,0
2023-07-28 11:12:44,854.5,332302,10,852.44,119430,134118,-0.384705059454413,0
2023-07-28 11:12:44,854.4,332302,1,852.44,119430,134118,-0.396362788528792,0
2023-07-28 11:12:47,854.4,332314,1,852.44,119272,134059,-0.396362788528792,0
2023-07-28 11:12:47,854.55,332314,4,852.44,119272,134059,-0.3788761949172301,0
2023-07-28 11:12:53,854.55,332318,4,852.44,119272,134124,-0.3788761949172301,0
2023-07-28 11:12:53,854.55,332318,4,852.44,119346,134287,-0.3788761949172301,0
2023-07-28 11:12:53,854.55,332318,4,852.44,119348,134287,-0.3788761949172301,0
2023-07-28 11:12:53,854.55,332318,4,852.44,119348,134287,-0.3788761949172301,0
2023-07-28 11:13:08,854.55,332322,4,852.44,118965,134136,-0.3788761949172301,0
2023-07-28 11:13:08,854.5,332322,2,852.44,118965,134136,-0.384705059454413,0
2023-07-28 11:13:08,854.55,332322,6,852.44,118965,134136,-0.3788761949172301,0
2023-07-28 11:13:08,854.55,332322,5,852.44,118965,134136,-0.3788761949172301,0
2023-07-28 11:13:15,854.55,332429,5,852.44,117670,133101,-0.3788761949172301,0
2023-07-28 11:13:15,854.55,332429,1,852.44,117670,133101,-0.3788761949172301,0
2023-07-28 11:13:15,854.5,332429,99,852.44,117670,133101,-0.384705059454413,0
2023-07-28 11:13:19,854.55,332563,5,852.44,117980,133200,-0.3788761949172301,0
2023-07-28 11:13:19,854.55,332563,4,852.44,117980,133200,-0.3788761949172301,0
2023-07-28 11:13:23,854.55,332647,4,852.45,117944,133807,-0.3788761949172301,0
2023-07-28 11:13:23,854.55,332647,4,852.45,117944,133786,-0.3788761949172301,0
2023-07-28 11:13:23,854.55,332647,4,852.45,118222,133615,-0.3788761949172301,0
2023-07-28 11:13:38,854.55,332651,4,852.45,118301,133585,-0.3788761949172301,0
2023-07-28 11:13:38,854.55,332651,1,852.45,118301,133585,-0.3788761949172301,0
2023-07-28 11:13:38,854.55,332651,4,852.45,118301,133585,-0.3788761949172301,0
2023-07-28 11:13:38,854.4,332651,15,852.45,118301,133585,-0.396362788528792,0
2023-07-28 11:13:42,854.4,332687,15,852.45,117099,133882,-0.396362788528792,0
2023-07-28 11:13:42,854.5,332687,1,852.45,117099,133882,-0.384705059454413,0
2023-07-28 11:13:42,854.55,332687,19,852.45,117099,133882,-0.3788761949172301,0
2023-07-28 11:13:46,853.8,333057,12,852.45,113559,136426,-0.4663091629750525,0
2023-07-28 11:13:46,853.9,333057,10,852.45,113559,136426,-0.45465143390067353,0
2023-07-28 11:13:50,853.9,333157,10,852.45,114496,135367,-0.45465143390067353,0
2023-07-28 11:13:50,854.0,333157,2,852.45,114496,135367,-0.4429937048262946,0
2023-07-28 11:13:50,854.0,333157,2,852.45,114496,135367,-0.4429937048262946,0
2023-07-28 11:13:54,854.0,333168,2,852.45,114579,134943,-0.4429937048262946,0
2023-07-28 11:13:54,854.0,333168,2,852.45,114767,134332,-0.4429937048262946,0
2023-07-28 11:13:54,854.0,333168,2,852.45,114722,134557,-0.4429937048262946,0
2023-07-28 11:13:54,854.0,333168,2,852.45,114724,134463,-0.4429937048262946,0
2023-07-28 11:13:54,854.0,333168,2,852.45,114693,134463,-0.4429937048262946,0
2023-07-28 11:13:54,854.0,333168,2,852.45,114677,134632,-0.4429937048262946,0
2023-07-28 11:13:54,854.15,333168,4,852.45,114677,134632,-0.4255071112147327,0
2023-07-28 11:14:08,854.15,333172,4,852.45,114995,134676,-0.4255071112147327,0
2023-07-28 11:14:08,854.15,333172,4,852.45,115315,134832,-0.4255071112147327,0
2023-07-28 11:14:08,854.15,333172,4,852.45,115325,134828,-0.4255071112147327,0
2023-07-28 11:14:08,854.15,333172,4,852.45,114968,134811,-0.4255071112147327,0
2023-07-28 11:14:08,854.15,333172,4,852.45,115037,134841,-0.4255071112147327,0
2023-07-28 11:14:08,854.15,333172,4,852.45,117328,134014,-0.4255071112147327,0
2023-07-28 11:14:15,854.0,333195,23,852.45,117071,134089,-0.4429937048262946,0
2023-07-28 11:14:15,854.0,333195,23,852.45,117132,134174,-0.4429937048262946,0
2023-07-28 11:14:15,854.0,333195,23,852.45,117192,134801,-0.4429937048262946,0
2023-07-28 11:14:15,854.0,333195,23,852.45,117094,134791,-0.4429937048262946,0
2023-07-28 11:14:15,854.0,333195,23,852.45,117215,134771,-0.4429937048262946,0
2023-07-28 11:14:15,854.0,333195,23,852.45,117166,134201,-0.4429937048262946,0
2023-07-28 11:14:15,854.0,333195,23,852.45,117046,134881,-0.4429937048262946,0
2023-07-28 11:14:15,854.0,333195,4,852.45,117444,134748,-0.4429937048262946,0
2023-07-28 11:14:23,854.0,333199,4,852.45,117554,134691,-0.4429937048262946,0
2023-07-28 11:14:23,854.0,333199,4,852.45,117157,134187,-0.4429937048262946,0
2023-07-28 11:14:23,854.0,333199,4,852.45,117190,134018,-0.4429937048262946,0
2023-07-28 11:14:27,854.0,333203,4,852.45,117118,134556,-0.4429937048262946,0
2023-07-28 11:14:27,854.0,333203,4,852.45,117118,134556,-0.4429937048262946,0
2023-07-28 11:14:27,854.0,333203,4,852.45,117208,134641,-0.4429937048262946,0
2023-07-28 11:14:27,854.0,333203,4,852.45,116910,134601,-0.4429937048262946,0
2023-07-28 11:14:27,854.0,333203,4,852.45,117240,134603,-0.4429937048262946,0
2023-07-28 11:14:27,854.0,333203,4,852.45,117228,134662,-0.4429937048262946,0
2023-07-28 11:14:27,854.0,333203,4,852.45,117386,134672,-0.4429937048262946,0
2023-07-28 11:14:27,854.0,333203,4,852.45,117411,134662,-0.4429937048262946,0
2023-07-28 11:14:27,854.0,333203,4,852.45,117381,133678,-0.4429937048262946,0
2023-07-28 11:14:27,854.0,333203,4,852.45,117391,133736,-0.4429937048262946,0
2023-07-28 11:14:27,854.0,333203,4,852.45,117385,134648,-0.4429937048262946,0
2023-07-28 11:14:27,854.0,333203,4,852.45,117268,134638,-0.4429937048262946,0
2023-07-28 11:14:27,854.0,333203,4,852.45,117268,134638,-0.4429937048262946,0
2023-07-28 11:14:38,854.0,333207,4,852.45,117477,134622,-0.4429937048262946,0
2023-07-28 11:14:38,854.0,333207,4,852.45,117700,133195,-0.4429937048262946,0
2023-07-28 11:14:40,854.0,333213,1,852.45,118230,133967,-0.4429937048262946,0
2023-07-28 11:14:40,854.0,333213,1,852.45,118330,133897,-0.4429937048262946,0
2023-07-28 11:14:40,854.0,333213,1,852.45,118505,133789,-0.4429937048262946,0
2023-07-28 11:14:45,854.1,333214,1,852.45,117902,134116,-0.4313359757519156,0
2023-07-28 11:14:45,854.1,333214,1,852.45,117825,134048,-0.4313359757519156,0
2023-07-28 11:14:45,854.1,333214,1,852.45,117884,134643,-0.4313359757519156,0
2023-07-28 11:14:45,854.1,333214,1,852.45,118174,134574,-0.4313359757519156,0
2023-07-28 11:14:45,854.1,333214,1,852.45,118126,134643,-0.4313359757519156,0
2023-07-28 11:14:45,854.1,333214,1,852.45,118195,134643,-0.4313359757519156,0
2023-07-28 11:14:45,854.1,333214,1,852.45,118185,134643,-0.4313359757519156,0
2023-07-28 11:14:52,854.05,333216,1,852.45,118452,134608,-0.4371648402891117,0
2023-07-28 11:14:52,854.05,333216,4,852.45,118452,134608,-0.4371648402891117,0
2023-07-28 11:14:53,854.05,333220,4,852.45,118245,134634,-0.4371648402891117,0
2023-07-28 11:14:53,854.05,333220,4,852.45,118234,134634,-0.4371648402891117,0
2023-07-28 11:14:53,854.05,333220,4,852.45,118225,133831,-0.4371648402891117,0
2023-07-28 11:14:53,854.05,333220,4,852.45,118169,133890,-0.4371648402891117,0
2023-07-28 11:14:53,854.05,333220,4,852.45,118169,134690,-0.4371648402891117,0
2023-07-28 11:15:01,854.05,333233,13,852.45,118219,134618,-0.4371648402891117,0
2023-07-28 11:15:02,854.0,333234,1,852.45,118218,134618,-0.4429937048262946,0
2023-07-28 11:15:02,854.0,333234,1,852.45,118218,134628,-0.4429937048262946,0
2023-07-28 11:15:02,854.0,333234,1,852.45,118389,134193,-0.4429937048262946,0
2023-07-28 11:15:02,854.0,333234,1,852.45,118320,134508,-0.4429937048262946,0
2023-07-28 11:15:02,854.0,333234,1,852.45,118264,134584,-0.4429937048262946,0
2023-07-28 11:15:02,854.05,333234,4,852.45,118264,134584,-0.4371648402891117,0
2023-07-28 11:15:08,854.05,333238,4,852.45,118264,134736,-0.4371648402891117,0
2023-07-28 11:15:08,854.05,333238,4,852.45,118381,134736,-0.4371648402891117,0
2023-07-28 11:15:08,854.05,333238,4,852.45,118401,134736,-0.4371648402891117,0
2023-07-28 11:15:08,854.05,333238,4,852.45,118663,134436,-0.4371648402891117,0
2023-07-28 11:15:08,854.05,333238,4,852.45,118663,134436,-0.4371648402891117,0
2023-07-28 11:15:08,854.05,333238,4,852.45,118491,134617,-0.4371648402891117,0
2023-07-28 11:15:08,854.1,333238,10,852.45,118491,134617,-0.4313359757519156,0
2023-07-28 11:15:19,854.1,333284,10,852.45,119317,134578,-0.4313359757519156,0
2023-07-28 11:15:19,854.1,333284,10,852.45,119317,134569,-0.4313359757519156,0
2023-07-28 11:15:19,854.1,333284,10,852.45,119288,134670,-0.4313359757519156,0
2023-07-28 11:15:19,854.1,333284,10,852.45,119290,134528,-0.4313359757519156,0
2023-07-28 11:15:19,854.15,333284,4,852.45,119290,134528,-0.4255071112147327,0
2023-07-28 11:15:23,854.15,333288,4,852.45,119394,134523,-0.4255071112147327,0
2023-07-28 11:15:23,854.15,333288,4,852.45,119394,134523,-0.4255071112147327,0
2023-07-28 11:15:23,854.15,333288,4,852.45,119328,134556,-0.4255071112147327,0
2023-07-28 11:15:23,854.15,333288,4,852.45,119481,134473,-0.4255071112147327,0
2023-07-28 11:15:23,854.15,333288,4,852.45,119481,134473,-0.4255071112147327,0
2023-07-28 11:15:23,854.15,333288,4,852.45,120037,134473,-0.4255071112147327,0
2023-07-28 11:15:23,854.15,333288,4,852.45,119996,134473,-0.4255071112147327,0
2023-07-28 11:15:23,854.15,333288,4,852.45,119965,134473,-0.4255071112147327,0
2023-07-28 11:15:23,854.15,333288,4,852.45,119965,134473,-0.4255071112147327,0
2023-07-28 11:15:23,854.15,333288,4,852.45,119974,134509,-0.4255071112147327,0
2023-07-28 11:15:23,854.15,333288,4,852.45,119965,134535,-0.4255071112147327,0
2023-07-28 11:15:23,854.15,333288,4,852.45,119965,134535,-0.4255071112147327,0
2023-07-28 11:15:23,854.15,333288,4,852.45,119922,134528,-0.4255071112147327,0
2023-07-28 11:15:38,854.15,333290,2,852.45,119625,134300,-0.4255071112147327,0
2023-07-28 11:15:39,854.6,333490,51,852.45,120702,133442,-0.373047330380034,0
2023-07-28 11:15:39,854.7,333490,28,852.45,120702,133442,-0.36138960130565506,0
2023-07-28 11:15:40,854.7,333601,28,852.45,120150,133525,-0.36138960130565506,0
2023-07-28 11:15:41,854.7,333602,1,852.45,119603,133824,-0.36138960130565506,0
2023-07-28 11:15:41,854.7,333602,1,852.45,119603,133808,-0.36138960130565506,0
2023-07-28 11:15:41,854.7,333602,1,852.45,119603,133765,-0.36138960130565506,0
2023-07-28 11:15:41,854.7,333602,1,852.45,119538,133749,-0.36138960130565506,0
2023-07-28 11:15:41,854.75,333602,10,852.45,119538,133749,-0.3555607367684722,0
2023-07-28 11:15:45,854.75,333673,10,852.45,119420,133876,-0.3555607367684722,0
2023-07-28 11:15:45,854.75,333673,10,852.45,119375,133925,-0.3555607367684722,0
2023-07-28 11:15:45,854.75,333673,10,852.45,119303,133915,-0.3555607367684722,0
2023-07-28 11:15:53,854.7,333675,2,852.45,119301,133913,-0.36138960130565506,0
2023-07-28 11:15:53,854.7,333679,4,852.45,119301,133921,-0.36138960130565506,0
2023-07-28 11:15:53,854.7,333679,4,852.45,119276,133913,-0.36138960130565506,0
2023-07-28 11:15:53,854.7,333679,4,852.45,119283,133913,-0.36138960130565506,0
2023-07-28 11:15:53,854.7,333679,4,852.45,119284,133913,-0.36138960130565506,0
2023-07-28 11:15:53,854.7,333679,4,852.45,119258,133952,-0.36138960130565506,0
2023-07-28 11:15:53,854.7,333679,4,852.45,119257,133952,-0.36138960130565506,0
2023-07-28 11:15:53,854.7,333679,4,852.45,119296,133976,-0.36138960130565506,0
2023-07-28 11:15:53,854.7,333679,4,852.45,119296,134176,-0.36138960130565506,0
2023-07-28 11:15:53,854.7,333679,4,852.45,119296,134176,-0.36138960130565506,0
2023-07-28 11:15:53,854.7,333679,4,852.45,119296,134176,-0.36138960130565506,0
2023-07-28 11:16:08,854.7,333683,4,852.45,119344,134272,-0.36138960130565506,0
2023-07-28 11:16:08,854.7,333683,4,852.45,119366,134456,-0.36138960130565506,0
2023-07-28 11:16:08,854.7,333683,1,852.45,119366,134456,-0.36138960130565506,0
2023-07-28 11:16:19,854.7,333888,66,852.45,119455,134141,-0.36138960130565506,0
2023-07-28 11:16:23,854.75,333892,4,852.45,119491,134130,-0.3555607367684722,0
2023-07-28 11:16:23,854.8,333892,2,852.45,119491,134130,-0.3497318722312894,0
2023-07-28 11:16:26,854.8,333895,2,852.45,119491,134073,-0.3497318722312894,0
2023-07-28 11:16:26,854.8,333895,2,852.45,119641,134394,-0.3497318722312894,0
2023-07-28 11:16:26,854.2,333895,20,852.45,119641,134394,-0.4196782466775366,0
2023-07-28 11:16:33,854.2,333926,20,852.45,118061,135995,-0.4196782466775366,0
2023-07-28 11:16:33,854.2,333926,20,852.45,118768,134120,-0.4196782466775366,0
2023-07-28 11:16:33,854.65,333926,4,852.45,118768,134120,-0.36721846584285117,0
2023-07-28 11:16:41,854.65,333930,4,852.45,118440,134872,-0.36721846584285117,0
2023-07-28 11:16:41,854.65,333930,20,852.45,118440,134872,-0.36721846584285117,0
2023-07-28 11:16:47,854.65,333950,20,852.45,119204,133622,-0.36721846584285117,0
2023-07-28 11:16:47,854.75,333950,63,852.45,119204,133622,-0.3555607367684722,0
2023-07-28 11:16:50,854.75,334072,63,852.45,119164,134085,-0.3555607367684722,0
2023-07-28 11:16:50,854.75,334072,4,852.45,119164,134085,-0.3555607367684722,0
2023-07-28 11:16:53,854.75,334076,4,852.45,119256,134054,-0.3555607367684722,0
2023-07-28 11:16:53,854.75,334076,4,852.45,119103,134262,-0.3555607367684722,0
2023-07-28 11:16:53,854.75,334076,4,852.45,118947,134320,-0.3555607367684722,0
2023-07-28 11:16:53,854.75,334076,4,852.45,118947,134321,-0.3555607367684722,0
2023-07-28 11:16:53,854.75,334076,3,852.45,118947,134321,-0.3555607367684722,0
2023-07-28 11:17:08,854.75,334080,3,852.45,119089,133434,-0.3555607367684722,0
2023-07-28 11:17:08,854.75,334080,3,852.45,119089,134294,-0.3555607367684722,0
2023-07-28 11:17:08,854.75,334080,3,852.45,119035,134302,-0.3555607367684722,0
2023-07-28 11:17:08,854.75,334080,3,852.45,119037,134302,-0.3555607367684722,0
2023-07-28 11:17:08,854.75,334080,3,852.45,119037,133973,-0.3555607367684722,0
2023-07-28 11:17:08,854.75,334080,3,852.45,119037,134773,-0.3555607367684722,0
2023-07-28 11:17:08,854.75,334080,2,852.45,119037,134773,-0.3555607367684722,0
2023-07-28 11:17:15,854.75,334083,2,852.45,119037,134770,-0.3555607367684722,0
2023-07-28 11:17:15,854.75,334083,2,852.45,118892,135636,-0.3555607367684722,0
2023-07-28 11:17:15,854.75,334083,2,852.45,118892,135706,-0.3555607367684722,0
2023-07-28 11:17:19,854.0,334185,2,852.45,117618,136868,-0.4429937048262946,0
2023-07-28 11:17:19,854.0,334185,2,852.45,117893,136888,-0.4429937048262946,0
2023-07-28 11:17:19,854.0,334185,20,852.45,117843,135991,-0.4429937048262946,0
2023-07-28 11:17:21,854.0,334293,20,852.45,117674,137263,-0.4429937048262946,0
2023-07-28 11:17:21,854.0,334293,20,852.45,117511,137085,-0.4429937048262946,0
2023-07-28 11:17:23,854.0,334297,4,852.45,117511,136952,-0.4429937048262946,0
2023-07-28 11:17:25,854.0,334302,5,852.45,117461,136946,-0.4429937048262946,0
2023-07-28 11:17:25,854.0,334302,5,852.45,117461,136946,-0.4429937048262946,0
2023-07-28 11:17:25,853.5,334302,74,852.45,117461,136946,-0.5012823501981761,0
2023-07-28 11:17:25,853.5,334502,74,852.46,114970,136347,-0.5012823501981761,0
2023-07-28 11:17:25,853.5,334502,74,852.46,114970,136347,-0.5012823501981761,0
2023-07-28 11:17:25,853.5,334502,100,852.46,114895,136690,-0.5012823501981761,0
2023-07-28 11:17:25,853.5,334502,100,852.46,114895,136690,-0.5012823501981761,0
2023-07-28 11:17:28,853.5,334602,100,852.46,114913,136681,-0.5012823501981761,0
2023-07-28 11:17:28,853.5,334602,100,852.46,114913,136681,-0.5012823501981761,0
2023-07-28 11:17:28,853.5,334602,100,852.46,115162,136839,-0.5012823501981761,0
2023-07-28 11:17:28,853.5,334602,100,852.46,115171,136839,-0.5012823501981761,0
2023-07-28 11:17:28,853.5,334602,100,852.46,115163,136831,-0.5012823501981761,0
2023-07-28 11:17:38,853.8,334606,1,852.46,115618,136829,-0.4663091629750525,0
2023-07-28 11:17:38,853.55,334606,9,852.46,115744,136669,-0.4954534856609933,0
2023-07-28 11:17:40,853.55,334615,9,852.46,115668,136694,-0.4954534856609933,0
2023-07-28 11:17:40,853.55,334615,9,852.46,115668,136008,-0.4954534856609933,0
2023-07-28 11:17:40,853.5,334615,26,852.46,115668,136008,-0.5012823501981761,0
2023-07-28 11:17:42,853.5,334647,26,852.46,117850,137296,-0.5012823501981761,0
2023-07-28 11:17:42,853.25,334647,15,852.46,117850,137296,-0.5304266728841169,0
2023-07-28 11:17:44,853.5,334672,2,852.46,117956,137285,-0.5012823501981761,0
2023-07-28 11:17:45,853.5,334674,2,852.46,117957,137325,-0.5012823501981761,0
2023-07-28 11:17:45,853.5,334674,2,852.46,118097,136290,-0.5012823501981761,0
2023-07-28 11:17:45,853.4,334674,60,852.46,118097,136290,-0.512940079272555,0
2023-07-28 11:17:48,853.4,334739,60,852.46,118326,137070,-0.512940079272555,0
2023-07-28 11:17:48,853.4,334739,60,852.46,118277,137123,-0.512940079272555,0
2023-07-28 11:17:48,853.4,334739,60,852.46,118257,137123,-0.512940079272555,0
2023-07-28 11:17:51,853.5,334744,5,852.46,118355,137118,-0.5012823501981761,0
2023-07-28 11:17:51,853.5,334744,5,852.46,117434,137395,-0.5012823501981761,0
2023-07-28 11:17:51,853.5,334744,4,852.46,117434,137395,-0.5012823501981761,0
2023-07-28 11:17:53,853.5,334748,4,852.46,117536,137258,-0.5012823501981761,0
2023-07-28 11:17:53,853.5,334748,4,852.46,117473,137662,-0.5012823501981761,0
2023-07-28 11:17:53,853.5,334748,5,852.46,117473,137662,-0.5012823501981761,0
2023-07-28 11:17:55,853.5,334755,5,852.46,117629,137229,-0.5012823501981761,0
2023-07-28 11:17:55,853.5,334755,5,852.46,117798,137176,-0.5012823501981761,0
2023-07-28 11:17:58,853.2,334820,13,852.46,117901,137120,-0.5362555374212997,0
2023-07-28 11:17:58,853.2,334820,13,852.46,118096,136893,-0.5362555374212997,0
2023-07-28 11:18:00,853.75,334828,8,852.46,118293,136582,-0.4721380275122353,0
2023-07-28 11:18:00,853.75,334828,8,852.46,118266,136522,-0.4721380275122353,0
2023-07-28 11:18:00,853.75,334828,8,852.46,118130,136595,-0.4721380275122353,0
2023-07-28 11:18:03,853.3,334847,18,852.46,118100,136817,-0.524597808346934,0
2023-07-28 11:18:03,853.3,334847,18,852.46,118175,136000,-0.524597808346934,0
2023-07-28 11:18:03,853.3,334847,18,852.46,118203,136779,-0.524597808346934,0
2023-07-28 11:18:03,853.3,334847,18,852.46,118205,136766,-0.524597808346934,0
2023-07-28 11:18:03,853.3,334847,18,852.46,118205,136050,-0.524597808346934,0
2023-07-28 11:18:03,853.3,334847,18,852.46,118205,136789,-0.524597808346934,0
2023-07-28 11:18:03,853.7,334847,1,852.46,118205,136789,-0.47796689204941817,0
2023-07-28 11:18:08,853.7,334848,1,852.46,119529,137000,-0.47796689204941817,0
2023-07-28 11:18:10,853.7,334849,1,852.46,119358,136979,-0.47796689204941817,0
2023-07-28 11:18:10,853.75,334849,1,852.46,119388,137055,-0.4721380275122353,0
2023-07-28 11:18:11,853.75,334850,1,852.46,119986,136593,-0.4721380275122353,0
2023-07-28 11:18:11,853.75,334850,1,852.46,119994,136593,-0.4721380275122353,0
2023-07-28 11:18:11,853.75,334850,1,852.46,119660,136261,-0.4721380275122353,0
2023-07-28 11:18:11,853.85,334850,1,852.46,119660,136261,-0.4604802984378564,0
2023-07-28 11:18:14,853.85,334851,1,852.46,119058,136487,-0.4604802984378564,0
2023-07-28 11:18:14,853.85,334851,1,852.46,119058,136605,-0.4604802984378564,0
2023-07-28 11:18:14,853.85,334851,1,852.46,118291,137257,-0.4604802984378564,0
2023-07-28 11:18:14,853.75,334851,4,852.46,118383,137265,-0.4721380275122353,0
2023-07-28 11:18:23,853.75,334855,4,852.46,118472,137294,-0.4721380275122353,0
2023-07-28 11:18:23,853.75,334855,4,852.46,118472,137298,-0.4721380275122353,0
2023-07-28 11:18:26,853.25,334887,21,852.46,118244,137310,-0.5304266728841169,0
2023-07-28 11:18:26,853.25,334887,21,852.46,118245,137317,-0.5304266728841169,0
2023-07-28 11:18:33,853.65,334892,4,852.46,118245,137363,-0.4837957565866143,0
2023-07-28 11:18:33,853.65,334892,4,852.46,118256,137316,-0.4837957565866143,0
2023-07-28 11:18:33,853.65,334892,4,852.46,118266,137316,-0.4837957565866143,0
2023-07-28 11:18:33,853.65,334892,4,852.46,118266,137441,-0.4837957565866143,0
2023-07-28 11:18:38,853.05,334996,14,852.46,117811,137523,-0.5537421310328748,0
2023-07-28 11:18:38,853.05,334996,14,852.46,118401,137281,-0.5537421310328748,0
2023-07-28 11:18:41,853.6,335016,18,852.46,118482,137165,-0.4896246211237972,0
2023-07-28 11:18:41,853.1,335016,23,852.46,118482,137165,-0.5479132664956787,0
2023-07-28 11:18:41,853.1,335068,23,852.46,117885,137423,-0.5479132664956787,0
2023-07-28 11:18:41,853.1,335068,23,852.46,118181,137472,-0.5479132664956787,0
2023-07-28 11:18:41,853.1,335068,23,852.46,118565,137164,-0.5479132664956787,0
2023-07-28 11:18:41,853.1,335068,23,852.46,118564,137119,-0.5479132664956787,0
2023-07-28 11:18:41,853.1,335068,23,852.46,118464,137497,-0.5479132664956787,0
2023-07-28 11:18:41,853.1,335068,23,852.46,118493,137497,-0.5479132664956787,0
2023-07-28 11:18:41,853.55,335068,9,852.46,118493,137497,-0.4954534856609933,0
2023-07-28 11:18:49,853.55,335078,9,852.46,118165,137137,-0.4954534856609933,0
2023-07-28 11:18:49,853.55,335078,9,852.46,118417,137128,-0.4954534856609933,0
2023-07-28 11:18:49,853.55,335078,9,852.46,118350,137152,-0.4954534856609933,0
2023-07-28 11:18:49,853.55,335078,9,852.46,118330,137152,-0.4954534856609933,0
2023-07-28 11:18:53,853.65,335082,3,852.46,118284,137109,-0.4837957565866143,0
2023-07-28 11:18:53,853.65,335082,3,852.46,117560,136678,-0.4837957565866143,0
2023-07-28 11:18:53,853.05,335082,99,852.46,117888,136714,-0.5537421310328748,0
2023-07-28 11:18:55,853.05,335182,99,852.46,118898,137169,-0.5537421310328748,0
2023-07-28 11:18:55,853.05,335182,99,852.46,119293,136372,-0.5537421310328748,0
2023-07-28 11:18:55,853.05,335182,99,852.46,119346,136697,-0.5537421310328748,0
2023-07-28 11:18:55,853.05,335182,99,852.46,119346,136620,-0.5537421310328748,0
2023-07-28 11:18:55,853.5,335182,16,852.46,119346,136620,-0.5012823501981761,0
2023-07-28 11:19:01,853.5,335202,16,852.46,119219,136359,-0.5012823501981761,0
2023-07-28 11:19:01,853.5,335202,16,852.46,119219,136527,-0.5012823501981761,0
2023-07-28 11:19:01,853.5,335202,16,852.46,119219,136577,-0.5012823501981761,0
2023-07-28 11:19:01,853.5,335202,16,852.46,119283,136730,-0.5012823501981761,0
2023-07-28 11:19:01,853.5,335202,16,852.46,119250,135930,-0.5012823501981761,0
2023-07-28 11:19:01,853.5,335202,1,852.46,119250,135930,-0.5012823501981761,0
2023-07-28 11:19:08,853.5,335207,1,852.46,119198,136735,-0.5012823501981761,0
2023-07-28 11:19:08,853.05,335207,50,852.46,119198,136735,-0.5537421310328748,0
2023-07-28 11:19:12,853.05,335322,65,852.46,119041,135857,-0.5537421310328748,0
2023-07-28 11:19:12,853.05,335322,65,852.46,119041,136657,-0.5537421310328748,0
2023-07-28 11:19:12,853.05,335322,65,852.46,119041,136716,-0.5537421310328748,0
2023-07-28 11:19:12,853.05,335322,65,852.46,119203,136712,-0.5537421310328748,0
2023-07-28 11:19:12,853.5,335322,37,852.46,119200,136648,-0.5012823501981761,0
2023-07-28 11:19:17,853.5,335360,37,852.46,119182,136378,-0.5012823501981761,0
2023-07-28 11:19:17,853.5,335360,37,852.46,119182,136578,-0.5012823501981761,0
2023-07-28 11:19:17,853.5,335360,37,852.46,119182,136579,-0.5012823501981761,0
2023-07-28 11:19:17,853.5,335360,37,852.46,119196,136579,-0.5012823501981761,0
2023-07-28 11:19:23,853.5,335364,4,852.46,119278,136575,-0.5012823501981761,0
2023-07-28 11:19:23,853.5,335364,4,852.46,119296,136606,-0.5012823501981761,0
2023-07-28 11:19:23,853.5,335364,4,852.46,119507,135648,-0.5012823501981761,0
2023-07-28 11:19:23,853.5,335364,4,852.46,119507,135695,-0.5012823501981761,0
2023-07-28 11:19:23,853.5,335364,4,852.46,119559,136796,-0.5012823501981761,0
2023-07-28 11:19:23,853.5,335364,4,852.46,119527,136803,-0.5012823501981761,0
2023-07-28 11:19:23,853.5,335364,4,852.46,119527,136804,-0.5012823501981761,0
2023-07-28 11:19:23,853.5,335364,4,852.46,119460,136804,-0.5012823501981761,0
2023-07-28 11:19:23,853.15,335364,13,852.46,119460,136804,-0.5420844019584958,0
2023-07-28 11:19:32,853.15,335384,13,852.46,119434,137062,-0.5420844019584958,0
2023-07-28 11:19:32,853.15,335384,13,852.46,119434,137063,-0.5420844019584958,0
2023-07-28 11:19:32,853.15,335384,13,852.46,119442,137154,-0.5420844019584958,0
2023-07-28 11:19:32,853.15,335384,13,852.46,119432,137007,-0.5420844019584958,0
2023-07-28 11:19:32,853.15,335384,13,852.46,119482,137008,-0.5420844019584958,0
2023-07-28 11:19:32,853.15,335384,13,852.46,119474,136203,-0.5420844019584958,0
2023-07-28 11:19:32,853.5,335384,4,852.46,119431,137043,-0.5012823501981761,0
2023-07-28 11:19:38,853.5,335388,4,852.46,119056,136724,-0.5012823501981761,0
2023-07-28 11:19:38,853.5,335388,4,852.46,119056,136724,-0.5012823501981761,0
2023-07-28 11:19:38,853.1,335388,8,852.46,119056,136724,-0.5479132664956787,0
2023-07-28 11:19:41,853.1,335438,8,852.46,118903,137405,-0.5479132664956787,0
2023-07-28 11:19:41,853.1,335438,8,852.46,118903,137405,-0.5479132664956787,0
2023-07-28 11:19:43,853.1,335440,2,852.46,118500,137616,-0.5479132664956787,0
2023-07-28 11:19:44,853.5,335442,1,852.46,118501,137649,-0.5012823501981761,0
2023-07-28 11:19:44,853.5,335442,1,852.46,118388,137649,-0.5012823501981761,0
2023-07-28 11:19:44,853.5,335442,1,852.46,118317,137649,-0.5012823501981761,0
2023-07-28 11:19:44,853.5,335442,1,852.46,118319,137649,-0.5012823501981761,0
2023-07-28 11:19:44,853.5,335442,1,852.46,118320,137608,-0.5012823501981761,0
2023-07-28 11:19:44,853.5,335442,1,852.46,118320,137615,-0.5012823501981761,0
2023-07-28 11:19:53,853.45,335445,1,852.46,119127,136886,-0.507111214735359,0
2023-07-28 11:19:56,853.5,335446,1,852.46,119129,136955,-0.5012823501981761,0
2023-07-28 11:19:56,853.5,335446,2,852.46,119129,136955,-0.5012823501981761,0
2023-07-28 11:19:59,853.5,335448,2,852.46,119129,136953,-0.5012823501981761,0
2023-07-28 11:19:59,853.5,335448,2,852.46,118276,137207,-0.5012823501981761,0
2023-07-28 11:19:59,853.5,335448,2,852.46,118493,137209,-0.5012823501981761,0
2023-07-28 11:19:59,853.5,335448,2,852.46,118410,137209,-0.5012823501981761,0
2023-07-28 11:19:59,853.5,335448,4,852.46,118410,137209,-0.5012823501981761,0
2023-07-28 11:20:08,853.5,335452,4,852.46,118621,137169,-0.5012823501981761,0
2023-07-28 11:20:08,853.5,335452,4,852.46,118695,137141,-0.5012823501981761,0
2023-07-28 11:20:08,853.5,335452,20,852.46,118695,137141,-0.5012823501981761,0
2023-07-28 11:20:17,853.5,335472,20,852.46,118704,137156,-0.5012823501981761,0
2023-07-28 11:20:17,853.5,335472,10,852.46,118704,137156,-0.5012823501981761,0
2023-07-28 11:20:17,853.5,335472,4,852.46,118704,137156,-0.5012823501981761,0
2023-07-28 11:20:23,853.5,335486,4,852.46,118704,137039,-0.5012823501981761,0
2023-07-28 11:20:23,853.5,335486,4,852.46,118704,137039,-0.5012823501981761,0
2023-07-28 11:20:23,853.5,335486,1,852.46,118704,137039,-0.5012823501981761,0
2023-07-28 11:20:23,853.5,335486,1,852.46,118704,137039,-0.5012823501981761,0
2023-07-28 11:20:23,853.5,335486,1,852.46,118704,137039,-0.5012823501981761,0
2023-07-28 11:20:23,853.5,335486,1,852.46,118704,137039,-0.5012823501981761,0
2023-07-28 11:20:23,853.5,335486,1,852.46,118704,137039,-0.5012823501981761,0
2023-07-28 11:20:25,853.5,335494,1,852.46,119951,137178,-0.5012823501981761,0
2023-07-28 11:20:25,853.5,335494,1,852.46,119951,137178,-0.5012823501981761,0
2023-07-28 11:20:25,853.5,335494,1,852.46,119951,137178,-0.5012823501981761,0
2023-07-28 11:20:25,853.5,335494,1,852.46,119951,137178,-0.5012823501981761,0
2023-07-28 11:20:25,853.5,335494,1,852.46,120647,137173,-0.5012823501981761,0
2023-07-28 11:20:25,853.5,335494,1,852.46,120697,137174,-0.5012823501981761,0
2023-07-28 11:20:25,853.5,335494,2,852.46,120697,137174,-0.5012823501981761,0
2023-07-28 11:20:25,853.75,335494,4,852.46,120697,137174,-0.4721380275122353,0
2023-07-28 11:20:38,853.75,335500,4,852.46,120171,137248,-0.4721380275122353,0
2023-07-28 11:20:38,853.75,335500,4,852.46,120233,137181,-0.4721380275122353,0
2023-07-28 11:20:38,853.3,335500,13,852.46,120233,137181,-0.524597808346934,0
2023-07-28 11:20:46,853.3,335518,13,852.46,120356,137379,-0.524597808346934,0
2023-07-28 11:20:46,853.3,335518,13,852.46,120120,137478,-0.524597808346934,0
2023-07-28 11:20:46,853.65,335518,3,852.46,120120,137478,-0.4837957565866143,0
2023-07-28 11:20:53,853.65,335522,3,852.46,120039,137426,-0.4837957565866143,0
2023-07-28 11:20:53,853.65,335522,3,852.46,120460,137051,-0.4837957565866143,0
2023-07-28 11:20:53,853.65,335522,3,852.46,120982,137064,-0.4837957565866143,0
2023-07-28 11:20:53,853.75,335522,4,852.46,120982,137064,-0.4721380275122353,0
2023-07-28 11:21:08,853.75,335526,4,852.46,120974,137053,-0.4721380275122353,0
2023-07-28 11:21:08,853.75,335526,4,852.46,121009,137053,-0.4721380275122353,0
2023-07-28 11:21:08,853.75,335526,4,852.46,121019,137035,-0.4721380275122353,0
2023-07-28 11:21:08,853.75,335526,4,852.46,121164,136965,-0.4721380275122353,0
2023-07-28 11:21:08,853.75,335526,3,852.46,121164,136965,-0.4721380275122353,0
2023-07-28 11:21:23,853.75,335529,3,852.46,121270,136613,-0.4721380275122353,0
2023-07-28 11:21:23,853.9,335529,1,852.46,121270,136613,-0.45465143390067353,0
2023-07-28 11:21:29,853.9,335530,1,852.46,121196,136664,-0.45465143390067353,0
2023-07-28 11:21:29,853.9,335530,1,852.46,121196,136664,-0.45465143390067353,0
2023-07-28 11:21:33,853.9,335532,1,852.46,120720,136721,-0.45465143390067353,0
2023-07-28 11:21:33,853.9,335532,4,852.46,120720,136721,-0.45465143390067353,0
2023-07-28 11:21:38,853.9,335536,4,852.46,120745,136765,-0.45465143390067353,0
2023-07-28 11:21:38,853.4,335536,15,852.46,120745,136765,-0.512940079272555,0
2023-07-28 11:21:40,853.4,335626,15,852.46,120628,137467,-0.512940079272555,0
2023-07-28 11:21:40,853.4,335626,15,852.46,120602,137538,-0.512940079272555,0
2023-07-28 11:21:40,853.4,335626,15,852.46,120612,137538,-0.512940079272555,0
2023-07-28 11:21:40,853.7,335626,4,852.46,120612,137538,-0.47796689204941817,0
2023-07-28 11:21:40,853.4,335626,20,852.46,120612,137538,-0.512940079272555,0
2023-07-28 11:21:53,853.4,335680,20,852.46,120444,137580,-0.512940079272555,0
2023-07-28 11:21:53,853.4,335680,20,852.46,120444,137537,-0.512940079272555,0
2023-07-28 11:21:53,853.4,335680,20,852.46,120436,137363,-0.512940079272555,0
2023-07-28 11:21:53,853.7,335680,4,852.46,120436,137363,-0.47796689204941817,0
2023-07-28 11:22:08,853.7,335684,4,852.46,120495,137291,-0.47796689204941817,0
2023-07-28 11:22:08,853.7,335684,3,852.46,120495,137291,-0.47796689204941817,0
2023-07-28 11:22:11,853.7,335687,3,852.46,120495,137288,-0.47796689204941817,0
2023-07-28 11:22:11,853.7,335687,1,852.46,120495,137288,-0.47796689204941817,0
2023-07-28 11:22:23,853.7,335737,1,852.46,122667,135910,-0.47796689204941817,0
2023-07-28 11:22:23,853.9,335737,3,852.46,122667,135910,-0.45465143390067353,0
2023-07-28 11:22:26,853.9,335741,3,852.46,122501,136442,-0.45465143390067353,0
2023-07-28 11:22:26,853.9,335741,1,852.46,122501,136442,-0.45465143390067353,0
2023-07-28 11:22:29,853.9,335742,1,852.46,122479,136643,-0.45465143390067353,0
2023-07-28 11:22:29,853.9,335742,1,852.46,122241,136904,-0.45465143390067353,0
2023-07-28 11:22:29,853.8,335742,1,852.46,122241,136904,-0.4663091629750525,0
2023-07-28 11:22:38,853.8,335745,1,852.46,122374,136690,-0.4663091629750525,0
2023-07-28 11:22:41,853.8,335746,1,852.46,122266,137164,-0.4663091629750525,0
2023-07-28 11:22:41,853.8,335746,1,852.46,121662,137633,-0.4663091629750525,0
2023-07-28 11:22:41,853.5,335746,23,852.46,121662,137633,-0.5012823501981761,0
2023-07-28 11:22:41,853.15,335746,4,852.46,121662,137633,-0.5420844019584958,0
2023-07-28 11:22:41,853.5,335746,4,852.46,121662,137633,-0.5012823501981761,0
2023-07-28 11:22:53,853.5,335778,1,852.46,120767,137840,-0.5012823501981761,0
2023-07-28 11:22:54,853.5,335779,1,852.46,120787,137839,-0.5012823501981761,0
2023-07-28 11:22:54,853.2,335779,240,852.46,120787,137839,-0.5362555374212997,0
2023-07-28 11:23:01,853.2,336151,240,852.46,121099,137458,-0.5362555374212997,0
2023-07-28 11:23:01,853.75,336151,8,852.46,121099,137458,-0.4721380275122353,0
2023-07-28 11:23:04,853.75,336161,8,852.46,121782,137493,-0.4721380275122353,0
2023-07-28 11:23:04,853.75,336161,8,852.46,122264,137190,-0.4721380275122353,0
2023-07-28 11:23:04,853.85,336161,1,852.46,122264,137190,-0.4604802984378564,0
2023-07-28 11:23:13,853.85,336165,1,852.46,121746,136847,-0.4604802984378564,0
2023-07-28 11:23:13,853.75,336165,1,852.46,121746,136847,-0.4721380275122353,0
2023-07-28 11:23:13,853.85,336165,1,852.46,121746,136847,-0.4604802984378564,0
2023-07-28 11:23:18,853.85,336167,1,852.46,121682,136559,-0.4604802984378564,0
2023-07-28 11:23:18,853.85,336167,2,852.46,121682,136559,-0.4604802984378564,0
2023-07-28 11:23:20,853.85,336169,2,852.46,121864,135786,-0.4604802984378564,0
2023-07-28 11:23:20,853.9,336169,1,852.46,121864,135786,-0.45465143390067353,0
2023-07-28 11:23:20,853.9,336169,1,852.46,121864,135786,-0.45465143390067353,0
