2023-07-28 10:49:23,1297.0,227627,50,1289.61,91620,90300,0.03856536829926726,0
2023-07-28 10:49:23,1297.0,227627,50,1289.61,91537,90401,0.03856536829926726,0
2023-07-28 10:49:23,1297.0,227627,50,1289.61,91620,90311,0.03856536829926726,0
2023-07-28 10:49:23,1297.0,227627,50,1289.61,91624,90311,0.03856536829926726,0
2023-07-28 10:49:32,1296.75,227642,15,1289.61,91609,90296,0.01928268414963363,0
2023-07-28 10:49:32,1296.75,227642,15,1289.61,91599,90296,0.01928268414963363,0
2023-07-28 10:49:32,1297.2,227642,12,1289.61,91599,90296,0.05399151561897767,0
2023-07-28 10:49:35,1296.75,227662,3,1289.61,91662,89880,0.01928268414963363,0
2023-07-28 10:49:35,1296.75,227662,3,1289.61,91662,89803,0.01928268414963363,0
2023-07-28 10:49:37,1296.75,228544,23,1289.64,90219,90846,0.01928268414963363,0
2023-07-28 10:49:37,1296.7,228571,27,1289.64,90683,90908,0.01542614731971041,0
2023-07-28 10:49:37,1296.7,228571,27,1289.64,90683,90908,0.01542614731971041,0
2023-07-28 10:49:37,1296.7,228571,27,1289.64,90874,90670,0.01542614731971041,0
2023-07-28 10:49:39,1296.35,228593,11,1289.64,90652,90695,-0.011569610489787193,0
2023-07-28 10:49:39,1296.35,228593,11,1289.64,90724,90741,-0.011569610489787193,0
2023-07-28 10:49:41,1296.35,228719,115,1289.65,91063,90461,-0.011569610489787193,0
2023-07-28 10:49:41,1296.35,228719,65,1289.65,91063,90461,-0.011569610489787193,0
2023-07-28 10:49:42,1296.0,228889,1,1289.65,91100,90529,-0.03856536829926726,0
2023-07-28 10:49:43,1296.0,228890,1,1289.65,91121,90432,-0.03856536829926726,0
2023-07-28 10:49:43,1296.35,228890,31,1289.65,91121,90422,-0.011569610489787193,0
2023-07-28 10:49:45,1296.35,228921,31,1289.65,90941,89870,-0.011569610489787193,0
2023-07-28 10:49:45,1296.35,228921,31,1289.65,90910,89832,-0.011569610489787193,0
2023-07-28 10:49:45,1296.35,228921,31,1289.65,90926,89987,-0.011569610489787193,0
2023-07-28 10:49:45,1296.35,228921,31,1289.65,91200,89974,-0.011569610489787193,0
2023-07-28 10:49:50,1296.4,228937,15,1289.65,91019,90389,-0.007713073659846437,0
2023-07-28 10:49:50,1296.4,228937,15,1289.65,91146,90414,-0.007713073659846437,0
2023-07-28 10:49:50,1296.4,228937,15,1289.65,91176,90764,-0.007713073659846437,0
2023-07-28 10:49:50,1296.4,228937,15,1289.65,91184,90714,-0.007713073659846437,0
2023-07-28 10:49:50,1296.4,228937,15,1289.65,91126,90470,-0.007713073659846437,0
2023-07-28 10:49:50,1296.4,228937,15,1289.65,91131,90451,-0.007713073659846437,0
2023-07-28 10:49:50,1296.4,228937,15,1289.65,91131,90483,-0.007713073659846437,0
2023-07-28 10:49:50,1296.4,228937,15,1289.65,91131,90483,-0.007713073659846437,0
2023-07-28 10:49:50,1296.4,228937,15,1289.65,91131,90480,-0.007713073659846437,0
2023-07-28 10:49:50,1296.4,228937,15,1289.65,90877,90649,-0.007713073659846437,0
2023-07-28 10:49:50,1296.4,228937,15,1289.65,91055,90478,-0.007713073659846437,0
2023-07-28 10:50:00,1296.2,228960,16,1289.65,91202,90442,-0.023139220979556847,0
2023-07-28 10:50:00,1296.35,228960,500,1289.65,91202,90442,-0.011569610489787193,0
2023-07-28 10:50:01,1296.35,229460,500,1289.67,91481,90446,-0.011569610489787193,0
2023-07-28 10:50:01,1296.75,229460,18,1289.67,91240,90337,0.01928268414963363,0
2023-07-28 10:50:03,1296.75,229479,18,1289.67,91289,90284,0.01928268414963363,0
2023-07-28 10:50:05,1296.7,229480,1,1289.67,91054,90377,0.01542614731971041,0
2023-07-28 10:50:05,1296.7,229480,1,1289.67,91062,90387,0.01542614731971041,0
2023-07-28 10:50:05,1296.7,229480,1,1289.67,91053,90423,0.01542614731971041,0
2023-07-28 10:50:05,1296.7,229480,1,1289.67,91053,90428,0.01542614731971041,0
2023-07-28 10:50:05,1296.45,229480,14,1289.67,91053,90428,-0.0038565368299232185,0
2023-07-28 10:50:08,1296.45,229494,14,1289.67,91048,90529,-0.0038565368299232185,0
2023-07-28 10:50:08,1296.45,229494,88,1289.67,91048,90529,-0.0038565368299232185,0
2023-07-28 10:50:10,1296.45,229596,88,1289.67,91047,90464,-0.0038565368299232185,0
2023-07-28 10:50:12,1296.45,229640,30,1289.67,91074,90457,-0.0038565368299232185,0
2023-07-28 10:50:13,1296.3,229650,5,1289.67,90888,90584,-0.01542614731971041,0
2023-07-28 10:50:13,1296.3,229650,5,1289.67,90888,90584,-0.01542614731971041,0
2023-07-28 10:50:14,1296.3,229655,5,1289.67,90877,90470,-0.01542614731971041,0
2023-07-28 10:50:14,1296.3,229655,5,1289.67,90884,90548,-0.01542614731971041,0
2023-07-28 10:50:16,1296.3,229660,5,1289.67,91010,90366,-0.01542614731971041,0
2023-07-28 10:50:16,1296.3,229660,5,1289.67,91025,90435,-0.01542614731971041,0
2023-07-28 10:50:16,1296.3,229660,5,1289.67,91018,90435,-0.01542614731971041,0
2023-07-28 10:50:19,1296.3,229670,10,1289.67,91020,90391,-0.01542614731971041,0
2023-07-28 10:50:20,1296.1,229731,8,1289.68,91186,90158,-0.03085229463942082,0
2023-07-28 10:50:20,1296.1,229731,8,1289.68,91186,90158,-0.03085229463942082,0
2023-07-28 10:50:20,1296.1,229731,8,1289.68,91239,90185,-0.03085229463942082,0
2023-07-28 10:50:20,1296.1,229731,8,1289.68,91239,90185,-0.03085229463942082,0
2023-07-28 10:50:20,1296.1,229731,8,1289.68,91239,90139,-0.03085229463942082,0
2023-07-28 10:50:20,1296.1,229731,8,1289.68,91239,90139,-0.03085229463942082,0
2023-07-28 10:50:20,1296.1,229731,8,1289.68,91239,90139,-0.03085229463942082,0
2023-07-28 10:50:20,1296.1,229731,8,1289.68,91239,90139,-0.03085229463942082,0
2023-07-28 10:50:25,1296.05,229732,1,1289.68,91238,90139,-0.03470883146934404,0
2023-07-28 10:50:25,1296.05,229732,1,1289.68,91238,90121,-0.03470883146934404,0
2023-07-28 10:50:25,1296.05,229732,1,1289.68,91398,90021,-0.03470883146934404,0
2023-07-28 10:50:25,1296.7,229732,10,1289.68,91398,90021,0.01542614731971041,0
2023-07-28 10:50:28,1296.7,229742,10,1289.68,91498,89839,0.01542614731971041,0
2023-07-28 10:50:29,1296.1,229752,10,1289.68,92389,89927,-0.03085229463942082,0
2023-07-28 10:50:30,1296.75,229773,11,1289.68,91869,90376,0.01928268414963363,0
2023-07-28 10:50:31,1296.75,229785,12,1289.68,91909,90349,0.01928268414963363,0
2023-07-28 10:50:31,1296.75,229785,8,1289.68,91999,90053,0.01928268414963363,0
2023-07-28 10:50:33,1296.75,229793,8,1289.68,92008,90095,0.01928268414963363,0
2023-07-28 10:50:33,1296.75,229793,8,1289.68,92011,90095,0.01928268414963363,0
2023-07-28 10:50:33,1296.75,229793,8,1289.68,92011,90095,0.01928268414963363,0
2023-07-28 10:50:36,1296.75,229801,8,1289.68,92005,90098,0.01928268414963363,0
2023-07-28 10:50:38,1296.75,229803,2,1289.68,92002,90090,0.01928268414963363,0
2023-07-28 10:50:39,1296.6,229806,3,1289.68,92018,90090,0.007713073659846437,0
2023-07-28 10:50:39,1296.6,229809,3,1289.68,92018,90089,0.007713073659846437,0
2023-07-28 10:50:39,1296.6,229809,3,1289.68,92018,90189,0.007713073659846437,0
2023-07-28 10:50:42,1296.6,229815,3,1289.68,92018,90199,0.007713073659846437,0
2023-07-28 10:50:43,1297.05,229875,46,1289.68,92112,90135,0.042421905129190474,0
2023-07-28 10:50:43,1297.05,229875,46,1289.68,92112,90179,0.042421905129190474,0
2023-07-28 10:50:43,1297.05,229875,46,1289.68,92112,90227,0.042421905129190474,0
2023-07-28 10:50:43,1297.05,229875,46,1289.68,92030,90285,0.042421905129190474,0
2023-07-28 10:50:43,1297.05,229875,46,1289.68,92021,90285,0.042421905129190474,0
2023-07-28 10:50:43,1296.4,229875,5,1289.68,92021,90285,-0.007713073659846437,0
2023-07-28 10:50:49,1296.4,229910,5,1289.68,91736,90560,-0.007713073659846437,0
2023-07-28 10:50:49,1296.4,229940,29,1289.68,91780,90447,-0.007713073659846437,0
2023-07-28 10:50:52,1296.4,229946,6,1289.68,91770,90387,-0.007713073659846437,0
2023-07-28 10:50:52,1296.4,229952,6,1289.68,91764,90460,-0.007713073659846437,0
2023-07-28 10:50:52,1296.4,229952,6,1289.68,91817,90460,-0.007713073659846437,0
2023-07-28 10:50:55,1296.4,229958,3,1289.68,91917,90389,-0.007713073659846437,0
2023-07-28 10:50:55,1296.4,229961,3,1289.68,91978,89968,-0.007713073659846437,0
2023-07-28 10:50:55,1296.4,229961,3,1289.68,91975,89999,-0.007713073659846437,0
2023-07-28 10:50:55,1296.4,229961,3,1289.68,91967,89999,-0.007713073659846437,0
2023-07-28 10:50:55,1296.4,229961,3,1289.68,91967,90001,-0.007713073659846437,0
2023-07-28 10:50:55,1296.0,229961,32,1289.68,91967,90001,-0.03856536829926726,0
2023-07-28 10:51:01,1296.0,235983,32,1289.84,90997,91165,-0.03856536829926726,0
2023-07-28 10:51:01,1295.65,235983,10,1289.84,88851,91557,-0.06556112610874733,0
2023-07-28 10:51:03,1295.65,236033,10,1289.85,90263,91892,-0.06556112610874733,0
2023-07-28 10:51:03,1295.65,236033,10,1289.85,90436,91943,-0.06556112610874733,0
2023-07-28 10:51:05,1295.75,236034,1,1289.85,90739,91795,-0.057848052448900886,0
2023-07-28 10:51:05,1295.75,236034,1,1289.85,90702,91906,-0.057848052448900886,0
2023-07-28 10:51:05,1295.75,236034,1,1289.85,90528,91998,-0.057848052448900886,0
2023-07-28 10:51:05,1295.35,236034,117,1289.85,90528,91998,-0.08870034708832171,0
2023-07-28 10:51:09,1295.35,236153,117,1289.85,90537,91590,-0.08870034708832171,0
2023-07-28 10:51:09,1295.35,236153,117,1289.85,90564,91630,-0.08870034708832171,0
2023-07-28 10:51:09,1295.35,236153,117,1289.85,90555,91704,-0.08870034708832171,0
2023-07-28 10:51:12,1295.35,236155,2,1289.85,90555,91699,-0.08870034708832171,0
2023-07-28 10:51:13,1295.35,236157,2,1289.85,90545,91827,-0.08870034708832171,0
2023-07-28 10:51:13,1294.9,236169,12,1289.85,90630,91640,-0.12340917855764821,0
2023-07-28 10:51:13,1294.9,236169,12,1289.85,90868,91963,-0.12340917855764821,0
2023-07-28 10:51:13,1294.8,236169,10,1289.85,91425,91410,-0.1311222522175122,0
2023-07-28 10:51:13,1294.9,236169,11,1289.85,91425,91410,-0.12340917855764821,0
2023-07-28 10:51:17,1294.9,236202,11,1289.85,91555,91258,-0.12340917855764821,0
2023-07-28 10:51:17,1294.9,236202,11,1289.85,91550,91177,-0.12340917855764821,0
2023-07-28 10:51:20,1294.9,236220,18,1289.85,91550,91099,-0.12340917855764821,0
2023-07-28 10:51:20,1294.9,236220,1,1289.85,91550,91099,-0.12340917855764821,0
2023-07-28 10:51:21,1294.9,236221,1,1289.85,91504,91198,-0.12340917855764821,0
2023-07-28 10:51:21,1294.9,236221,97,1289.85,91504,91198,-0.12340917855764821,0
2023-07-28 10:51:22,1294.9,236318,97,1289.85,91372,91411,-0.12340917855764821,0
2023-07-28 10:51:22,1294.9,236318,97,1289.85,91365,91791,-0.12340917855764821,0
2023-07-28 10:51:22,1294.9,236318,97,1289.85,91330,91453,-0.12340917855764821,0
2023-07-28 10:51:25,1294.9,236433,115,1289.85,91381,91461,-0.12340917855764821,0
2023-07-28 10:51:26,1294.9,236463,30,1289.85,91381,91697,-0.12340917855764821,0
2023-07-28 10:51:26,1294.9,236463,30,1289.85,91513,91518,-0.12340917855764821,0
2023-07-28 10:51:26,1294.05,236463,4,1289.85,91513,91518,-0.18897030466641307,0
2023-07-28 10:51:28,1294.05,237048,4,1289.87,91209,91757,-0.18897030466641307,0
2023-07-28 10:51:28,1294.05,237048,4,1289.87,91313,91502,-0.18897030466641307,0
2023-07-28 10:51:28,1294.05,237048,4,1289.87,91313,91574,-0.18897030466641307,0
2023-07-28 10:51:28,1294.05,237048,4,1289.87,91313,91574,-0.18897030466641307,0
2023-07-28 10:51:32,1294.8,237050,61,1289.87,91369,91543,-0.1311222522175122,0
2023-07-28 10:51:33,1294.8,237398,165,1289.87,91975,91327,-0.1311222522175122,0
2023-07-28 10:51:33,1294.8,237398,165,1289.87,91707,91527,-0.1311222522175122,0
2023-07-28 10:51:33,1294.8,237398,165,1289.87,91611,91533,-0.1311222522175122,0
2023-07-28 10:51:33,1294.75,237398,6,1289.87,91611,91533,-0.1349787890474354,0
2023-07-28 10:51:36,1294.75,237410,6,1289.87,91639,91536,-0.1349787890474354,0
2023-07-28 10:51:36,1294.75,237410,6,1289.87,91620,91484,-0.1349787890474354,0
2023-07-28 10:51:36,1294.75,237410,6,1289.87,91617,91475,-0.1349787890474354,0
2023-07-28 10:51:36,1294.55,237410,38,1289.87,91617,91475,-0.1504049363671458,0
2023-07-28 10:51:36,1294.55,237410,38,1289.87,91617,91475,-0.1504049363671458,0
2023-07-28 10:51:39,1294.55,237486,38,1289.87,91642,91363,-0.1504049363671458,0
2023-07-28 10:51:39,1294.25,237486,20,1289.87,91642,91363,-0.17354415734670267,0
2023-07-28 10:51:42,1294.55,237778,16,1289.88,91366,91197,-0.1504049363671458,0
2023-07-28 10:51:43,1293.95,238413,24,1289.89,90635,91304,-0.1966833783262595,0
2023-07-28 10:51:44,1294.4,238419,3,1289.89,91349,91403,-0.16197454685691548,0
2023-07-28 10:51:45,1294.35,238443,24,1289.89,91419,91017,-0.16583108368685623,0
2023-07-28 10:51:45,1294.35,238443,24,1289.89,91509,91142,-0.16583108368685623,0
2023-07-28 10:51:47,1294.4,238670,3,1289.9,91296,91307,-0.16197454685691548,0
2023-07-28 10:51:47,1294.4,238670,3,1289.9,91296,91294,-0.16197454685691548,0
2023-07-28 10:51:47,1294.4,238670,3,1289.9,91296,91294,-0.16197454685691548,0
2023-07-28 10:51:47,1293.7,238670,9,1289.9,91237,91454,-0.21596606247589314,0
2023-07-28 10:51:52,1293.8,238785,34,1289.9,90351,91202,-0.2082529888160467,0
2023-07-28 10:51:52,1293.8,238785,34,1289.9,90355,91242,-0.2082529888160467,0
2023-07-28 10:51:52,1293.8,238785,34,1289.9,90156,91538,-0.2082529888160467,0
2023-07-28 10:51:55,1294.1,238786,1,1289.9,90157,91517,-0.18511376783648986,0
2023-07-28 10:51:55,1294.1,238786,1,1289.9,90157,91556,-0.18511376783648986,0
2023-07-28 10:51:55,1294.1,238786,1,1289.9,90147,91556,-0.18511376783648986,0
2023-07-28 10:51:55,1294.1,238786,1,1289.9,90173,91556,-0.18511376783648986,0
2023-07-28 10:51:55,1294.1,238786,1,1289.9,90381,91421,-0.18511376783648986,0
2023-07-28 10:51:55,1294.1,238786,1,1289.9,90490,91376,-0.18511376783648986,0
2023-07-28 10:51:55,1294.1,238786,1,1289.9,90475,91415,-0.18511376783648986,0
2023-07-28 10:51:55,1294.1,238786,1,1289.9,90390,91464,-0.18511376783648986,0
2023-07-28 10:51:55,1294.1,238786,1,1289.9,90345,91464,-0.18511376783648986,0
2023-07-28 10:51:55,1294.1,238786,1,1289.9,90345,91464,-0.18511376783648986,0
2023-07-28 10:51:55,1294.1,238786,1,1289.9,90345,91462,-0.18511376783648986,0
2023-07-28 10:51:55,1293.55,238786,100,1289.9,90345,91462,-0.22753567296568034,0
2023-07-28 10:52:14,1293.55,238948,31,1289.9,90176,91064,-0.22753567296568034,0
2023-07-28 10:52:14,1293.55,238948,31,1289.9,90237,91107,-0.22753567296568034,0
2023-07-28 10:52:14,1293.55,238948,31,1289.9,90237,91117,-0.22753567296568034,0
2023-07-28 10:52:14,1293.55,238948,31,1289.9,90237,91095,-0.22753567296568034,0
2023-07-28 10:52:14,1293.55,238948,31,1289.9,90237,91095,-0.22753567296568034,0
2023-07-28 10:52:14,1293.55,238948,31,1289.9,90237,91095,-0.22753567296568034,0
2023-07-28 10:52:14,1293.25,238948,15,1289.9,90226,91127,-0.2506748939452372,0
2023-07-28 10:52:21,1293.25,238994,15,1289.9,90333,91071,-0.2506748939452372,0
2023-07-28 10:52:22,1293.05,239093,1,1289.9,90581,90961,-0.2661010412649476,0
2023-07-28 10:52:22,1293.05,239093,1,1289.9,90463,91020,-0.2661010412649476,0
2023-07-28 10:52:22,1293.05,239093,1,1289.9,88029,91104,-0.2661010412649476,0
2023-07-28 10:52:22,1293.05,239093,1,1289.9,91828,91094,-0.2661010412649476,0
2023-07-28 10:52:22,1293.05,239093,1,1289.9,91882,91100,-0.2661010412649476,0
2023-07-28 10:52:22,1293.05,239093,1,1289.9,91882,91102,-0.2661010412649476,0
2023-07-28 10:52:22,1293.05,239093,1,1289.9,91881,91102,-0.2661010412649476,0
2023-07-28 10:52:22,1293.05,239093,1,1289.9,91882,91018,-0.2661010412649476,0
2023-07-28 10:52:22,1293.05,239093,1,1289.9,91882,91093,-0.2661010412649476,0
2023-07-28 10:52:22,1293.05,239093,1,1289.9,91882,91105,-0.2661010412649476,0
2023-07-28 10:52:22,1293.05,239093,1,1289.9,91882,91105,-0.2661010412649476,0
2023-07-28 10:52:22,1293.05,239093,1,1289.9,91882,91105,-0.2661010412649476,0
2023-07-28 10:52:22,1293.05,239093,1,1289.9,91882,91103,-0.2661010412649476,0
2023-07-28 10:52:22,1293.05,239093,1,1289.9,91892,91056,-0.2661010412649476,0
2023-07-28 10:52:39,1293.15,239094,1,1289.9,91862,90989,-0.2583879676050836,0
2023-07-28 10:52:40,1293.0,239149,50,1289.9,91476,90574,-0.2699575780948708,0
2023-07-28 10:52:41,1293.0,241513,32,1289.93,92193,90235,-0.2699575780948708,0
2023-07-28 10:52:41,1293.0,241513,32,1289.93,92290,90300,-0.2699575780948708,0
2023-07-28 10:52:41,1293.0,241513,32,1289.93,92290,90300,-0.2699575780948708,0
2023-07-28 10:52:41,1293.0,241513,32,1289.93,92217,90416,-0.2699575780948708,0
2023-07-28 10:52:41,1293.0,241513,32,1289.93,92217,90416,-0.2699575780948708,0
2023-07-28 10:52:41,1293.0,241513,32,1289.93,93178,90545,-0.2699575780948708,0
2023-07-28 10:52:41,1293.0,241513,32,1289.93,93168,90545,-0.2699575780948708,0
2023-07-28 10:52:41,1293.0,241513,32,1289.93,93176,90545,-0.2699575780948708,0
2023-07-28 10:52:53,1293.0,241615,102,1289.93,93065,90545,-0.2699575780948708,0
2023-07-28 10:52:53,1293.0,241615,102,1289.93,93074,90545,-0.2699575780948708,0
2023-07-28 10:52:53,1293.0,241615,102,1289.93,93074,90545,-0.2699575780948708,0
2023-07-28 10:52:53,1293.0,241615,102,1289.93,93174,90545,-0.2699575780948708,0
2023-07-28 10:52:53,1293.0,241615,102,1289.93,93155,90545,-0.2699575780948708,0
2023-07-28 10:52:53,1293.0,241615,102,1289.93,93155,90590,-0.2699575780948708,0
2023-07-28 10:53:03,1293.25,241630,9,1289.93,92759,90654,-0.2506748939452372,0
2023-07-28 10:53:03,1293.25,241630,9,1289.93,92759,90652,-0.2506748939452372,0
2023-07-28 10:53:03,1293.25,241630,9,1289.93,92759,90658,-0.2506748939452372,0
2023-07-28 10:53:03,1293.0,241630,51,1289.93,92759,90658,-0.2699575780948708,0
2023-07-28 10:53:03,1293.15,241630,28,1289.93,92759,90658,-0.2583879676050836,0
2023-07-28 10:53:12,1293.15,241721,6,1289.94,92924,90661,-0.2583879676050836,0
2023-07-28 10:53:12,1292.6,241721,16,1289.94,92924,90661,-0.3008098727342916,0
2023-07-28 10:53:12,1293.0,241721,4,1289.94,92924,90661,-0.2699575780948708,0
2023-07-28 10:53:15,1293.0,242789,4,1289.95,92043,91052,-0.2699575780948708,0
2023-07-28 10:53:15,1292.05,242789,15,1289.95,92043,91052,-0.3432317778634821,0
2023-07-28 10:53:18,1292.05,242989,15,1289.95,92802,90450,-0.3432317778634821,0
2023-07-28 10:53:18,1292.05,242989,15,1289.95,92802,90450,-0.3432317778634821,0
2023-07-28 10:53:18,1292.05,242989,15,1289.95,92802,90450,-0.3432317778634821,0
2023-07-28 10:53:18,1292.05,242989,15,1289.95,92802,90450,-0.3432317778634821,0
2023-07-28 10:53:18,1292.05,242989,15,1289.95,92802,90450,-0.3432317778634821,0
2023-07-28 10:53:18,1292.05,242989,15,1289.95,92802,90450,-0.3432317778634821,0
2023-07-28 10:53:18,1292.05,242989,15,1289.95,92788,90628,-0.3432317778634821,0
2023-07-28 10:53:18,1292.85,242989,1,1289.95,92788,90628,-0.281527188584658,0
2023-07-28 10:53:18,1292.85,242989,1,1289.95,92788,90628,-0.281527188584658,0
2023-07-28 10:53:18,1292.1,242989,15,1289.95,92788,90628,-0.33937524103355887,0
2023-07-28 10:53:28,1292.1,243606,15,1289.96,92278,91103,-0.33937524103355887,0
2023-07-28 10:53:28,1292.05,243606,1,1289.96,92340,90796,-0.3432317778634821,0
2023-07-28 10:53:33,1292.05,243699,1,1289.96,92057,91034,-0.3432317778634821,0
2023-07-28 10:53:33,1292.05,243699,1,1289.96,92057,91034,-0.3432317778634821,0
2023-07-28 10:53:39,1292.05,243702,1,1289.96,92204,90761,-0.3432317778634821,0
2023-07-28 10:53:39,1291.65,243702,19,1289.96,92204,90761,-0.3740840725028854,0
2023-07-28 10:53:44,1291.65,243834,19,1289.96,92747,90297,-0.3740840725028854,0
2023-07-28 10:53:44,1291.5,243834,45,1289.96,92747,90297,-0.38565368299267255,0
2023-07-28 10:53:44,1291.5,243834,6,1289.96,92747,90297,-0.38565368299267255,0
2023-07-28 10:53:51,1291.15,243896,91,1289.96,92332,90159,-0.41264944080215266,0
2023-07-28 10:53:51,1291.15,243896,59,1289.96,92332,90159,-0.41264944080215266,0
2023-07-28 10:53:51,1291.5,243896,56,1289.96,92332,90159,-0.38565368299267255,0
2023-07-28 10:53:54,1291.5,244102,56,1289.96,93280,89855,-0.38565368299267255,0
2023-07-28 10:53:54,1291.5,244102,56,1289.96,93504,89847,-0.38565368299267255,0
2023-07-28 10:53:54,1291.65,244102,4,1289.96,93504,89847,-0.3740840725028854,0
2023-07-28 10:54:03,1291.65,244174,4,1289.96,93561,89771,-0.3740840725028854,0
2023-07-28 10:54:03,1291.65,244174,4,1289.96,93746,89796,-0.3740840725028854,0
2023-07-28 10:54:08,1291.65,244190,4,1289.96,93747,89780,-0.3740840725028854,0
2023-07-28 10:54:08,1291.6,244190,16,1289.96,93747,89780,-0.37794060933282614,0
2023-07-28 10:54:09,1291.6,244212,3,1289.96,93737,89802,-0.37794060933282614,0
2023-07-28 10:54:09,1291.6,244212,3,1289.96,93735,89788,-0.37794060933282614,0
2023-07-28 10:54:09,1291.6,244212,1,1289.96,93746,89788,-0.37794060933282614,0
2023-07-28 10:54:13,1291.6,244218,2,1289.96,93753,90065,-0.37794060933282614,0
2023-07-28 10:54:14,1291.6,244222,4,1289.96,93849,89925,-0.37794060933282614,0
2023-07-28 10:54:14,1291.6,244222,4,1289.96,93774,89207,-0.37794060933282614,0
2023-07-28 10:54:14,1291.6,244222,4,1289.96,93774,89207,-0.37794060933282614,0
2023-07-28 10:54:15,1291.6,244226,4,1289.96,93802,89074,-0.37794060933282614,0
2023-07-28 10:54:15,1291.6,244226,4,1289.96,93755,89043,-0.37794060933282614,0
2023-07-28 10:54:15,1291.6,244226,8,1289.96,93755,89043,-0.37794060933282614,0
2023-07-28 10:54:17,1291.6,244242,8,1289.96,93755,89078,-0.37794060933282614,0
2023-07-28 10:54:19,1291.6,244246,4,1289.96,93834,89310,-0.37794060933282614,0
2023-07-28 10:54:19,1291.6,244246,4,1289.96,93623,89824,-0.37794060933282614,0
2023-07-28 10:54:22,1291.5,244262,16,1289.96,93646,89695,-0.38565368299267255,0
2023-07-28 10:54:22,1291.5,244262,16,1289.96,93646,89695,-0.38565368299267255,0
2023-07-28 10:54:22,1291.5,244262,16,1289.96,93748,89853,-0.38565368299267255,0
2023-07-28 10:54:22,1291.5,244262,16,1289.96,93757,89832,-0.38565368299267255,0
2023-07-28 10:54:22,1291.5,244262,16,1289.96,93796,89828,-0.38565368299267255,0
2023-07-28 10:54:22,1291.5,244262,16,1289.96,93796,89828,-0.38565368299267255,0
2023-07-28 10:54:22,1291.5,244262,16,1289.96,93816,89828,-0.38565368299267255,0
2023-07-28 10:54:22,1291.5,244262,16,1289.96,93690,89941,-0.38565368299267255,0
2023-07-28 10:54:22,1291.5,244262,16,1289.96,93631,90030,-0.38565368299267255,0
2023-07-28 10:54:22,1291.5,244262,16,1289.96,93716,89926,-0.38565368299267255,0
2023-07-28 10:54:22,1291.5,244262,16,1289.96,93786,89895,-0.38565368299267255,0
2023-07-28 10:54:22,1291.5,244262,16,1289.96,93829,89941,-0.38565368299267255,0
2023-07-28 10:54:22,1291.5,244262,16,1289.96,93822,89941,-0.38565368299267255,0
2023-07-28 10:54:22,1291.5,244262,16,1289.96,93807,89947,-0.38565368299267255,0
2023-07-28 10:54:22,1291.5,244262,16,1289.96,93988,89947,-0.38565368299267255,0
2023-07-28 10:54:22,1291.5,244262,16,1289.96,93983,89942,-0.38565368299267255,0
2023-07-28 10:54:22,1291.5,244262,16,1289.96,93983,89966,-0.38565368299267255,0
2023-07-28 10:54:22,1291.55,244262,2,1289.96,93983,89966,-0.38179714616274935,0
2023-07-28 10:54:22,1291.55,244262,2,1289.96,93983,89966,-0.38179714616274935,0
2023-07-28 10:54:39,1291.55,244268,2,1289.96,93810,89938,-0.38179714616274935,0
2023-07-28 10:54:42,1291.55,244270,2,1289.96,94164,89889,-0.38179714616274935,0
2023-07-28 10:54:42,1291.55,244270,1,1289.96,94164,89889,-0.38179714616274935,0
2023-07-28 10:54:43,1291.55,244272,1,1289.96,94092,89979,-0.38179714616274935,0
2023-07-28 10:54:43,1291.5,244272,4,1289.96,94092,89979,-0.38565368299267255,0
2023-07-28 10:54:43,1291.5,244276,4,1289.96,94008,89977,-0.38565368299267255,0
2023-07-28 10:54:43,1291.5,244276,2,1289.96,94008,89977,-0.38565368299267255,0
2023-07-28 10:54:45,1291.5,244278,2,1289.96,93922,90034,-0.38565368299267255,0
2023-07-28 10:54:45,1291.5,244278,2,1289.96,93935,90034,-0.38565368299267255,0
2023-07-28 10:54:45,1291.5,244278,2,1289.96,93972,90115,-0.38565368299267255,0
2023-07-28 10:54:45,1291.5,244278,2,1289.96,93947,90101,-0.38565368299267255,0
2023-07-28 10:54:45,1291.5,244278,2,1289.96,93991,90129,-0.38565368299267255,0
2023-07-28 10:54:45,1291.5,244278,2,1289.96,94001,90102,-0.38565368299267255,0
2023-07-28 10:54:45,1291.5,244278,2,1289.96,94005,90031,-0.38565368299267255,0
2023-07-28 10:54:45,1291.5,244278,1,1289.96,94005,90031,-0.38565368299267255,0
2023-07-28 10:54:52,1291.5,244279,1,1289.96,94036,89997,-0.38565368299267255,0
2023-07-28 10:54:52,1291.5,244279,1,1289.96,94036,89996,-0.38565368299267255,0
2023-07-28 10:54:52,1291.5,244279,1,1289.96,94066,89669,-0.38565368299267255,0
2023-07-28 10:54:52,1291.5,244279,1,1289.96,94066,89677,-0.38565368299267255,0
2023-07-28 10:54:52,1291.5,244279,1,1289.96,94066,89673,-0.38565368299267255,0
2023-07-28 10:54:52,1291.5,244279,1,1289.96,94066,89673,-0.38565368299267255,0
2023-07-28 10:54:52,1291.55,244279,1,1289.96,94066,89673,-0.38179714616274935,0
2023-07-28 10:55:03,1291.55,244280,1,1289.96,94066,89672,-0.38179714616274935,0
2023-07-28 10:55:03,1291.55,244280,1,1289.96,94066,89611,-0.38179714616274935,0
2023-07-28 10:55:06,1291.55,244281,1,1289.96,94066,89605,-0.38179714616274935,0
2023-07-28 10:55:06,1291.5,244281,20,1289.96,94066,89605,-0.38565368299267255,0
2023-07-28 10:55:07,1291.55,244302,1,1289.96,94044,89665,-0.38179714616274935,0
2023-07-28 10:55:07,1291.55,244302,1,1289.96,93885,89732,-0.38179714616274935,0
2023-07-28 10:55:07,1291.55,244302,1,1289.96,93885,89736,-0.38179714616274935,0
2023-07-28 10:55:07,1291.55,244302,1,1289.96,93885,89746,-0.38179714616274935,0
2023-07-28 10:55:07,1291.55,244302,1,1289.96,93885,89746,-0.38179714616274935,0
2023-07-28 10:55:07,1291.55,244302,1,1289.96,93893,89749,-0.38179714616274935,0
2023-07-28 10:55:07,1291.55,244302,1,1289.96,93901,89739,-0.38179714616274935,0
2023-07-28 10:55:07,1291.55,244302,1,1289.96,94134,89537,-0.38179714616274935,0
2023-07-28 10:55:07,1291.5,244302,54,1289.96,94159,89770,-0.38565368299267255,0
2023-07-28 10:55:22,1291.5,244622,39,1289.96,92521,90500,-0.38565368299267255,0
2023-07-28 10:55:22,1291.0,244622,2,1289.96,92521,90500,-0.4242190512919398,0
2023-07-28 10:55:22,1291.0,244774,2,1289.96,93404,90221,-0.4242190512919398,0
2023-07-28 10:55:22,1291.0,244774,2,1289.96,93702,90485,-0.4242190512919398,0
2023-07-28 10:55:22,1291.0,244774,2,1289.96,93871,90523,-0.4242190512919398,0
2023-07-28 10:55:22,1291.0,244774,2,1289.96,93954,90523,-0.4242190512919398,0
2023-07-28 10:55:22,1291.0,244774,2,1289.96,93495,90508,-0.4242190512919398,0
2023-07-28 10:55:22,1291.0,244774,2,1289.96,93352,90304,-0.4242190512919398,0
2023-07-28 10:55:22,1291.0,244774,2,1289.96,93636,90131,-0.4242190512919398,0
2023-07-28 10:55:22,1291.0,244774,2,1289.96,93596,90125,-0.4242190512919398,0
2023-07-28 10:55:22,1291.0,244774,2,1289.96,93739,90292,-0.4242190512919398,0
2023-07-28 10:55:22,1291.0,244774,2,1289.96,94300,90288,-0.4242190512919398,0
2023-07-28 10:55:22,1291.0,244774,2,1289.96,94335,90227,-0.4242190512919398,0
2023-07-28 10:55:22,1291.0,244774,2,1289.96,94342,90279,-0.4242190512919398,0
2023-07-28 10:55:22,1291.0,244774,2,1289.96,94268,90341,-0.4242190512919398,0
2023-07-28 10:55:22,1291.0,244774,2,1289.96,94268,90341,-0.4242190512919398,0
2023-07-28 10:55:22,1291.0,244774,2,1289.96,94268,90349,-0.4242190512919398,0
2023-07-28 10:55:22,1291.0,244774,2,1289.96,94300,90289,-0.4242190512919398,0
2023-07-28 10:55:22,1291.0,244774,2,1289.96,94318,90280,-0.4242190512919398,0
2023-07-28 10:55:22,1291.0,244774,2,1289.96,94301,90386,-0.4242190512919398,0
2023-07-28 10:55:42,1290.6,244961,185,1289.96,94406,90352,-0.45507134593136067,0
2023-07-28 10:55:43,1290.9,245013,20,1289.96,94250,90420,-0.4319321249517863,0
2023-07-28 10:55:43,1290.9,245033,20,1289.96,94401,90406,-0.4319321249517863,0
2023-07-28 10:55:43,1290.9,245033,20,1289.96,94354,90460,-0.4319321249517863,0
2023-07-28 10:55:43,1290.9,245033,20,1289.96,94354,90367,-0.4319321249517863,0
2023-07-28 10:55:43,1290.9,245033,20,1289.96,94390,90269,-0.4319321249517863,0
2023-07-28 10:55:43,1290.9,245033,20,1289.96,94342,90286,-0.4319321249517863,0
2023-07-28 10:55:43,1290.9,245033,20,1289.96,94229,90008,-0.4319321249517863,0
2023-07-28 10:55:43,1290.9,245033,20,1289.96,94229,89918,-0.4319321249517863,0
2023-07-28 10:55:43,1290.9,245033,20,1289.96,94238,89895,-0.4319321249517863,0
2023-07-28 10:55:43,1290.9,245033,20,1289.96,94189,90166,-0.4319321249517863,0
2023-07-28 10:55:43,1290.9,245033,20,1289.96,94167,90042,-0.4319321249517863,0
2023-07-28 10:55:43,1290.9,245033,20,1289.96,94167,90156,-0.4319321249517863,0
2023-07-28 10:55:43,1290.9,245033,20,1289.96,94167,90176,-0.4319321249517863,0
2023-07-28 10:55:43,1290.9,245033,20,1289.96,94167,90176,-0.4319321249517863,0
2023-07-28 10:55:43,1290.9,245033,20,1289.96,94212,90176,-0.4319321249517863,0
2023-07-28 10:55:43,1290.9,245033,20,1289.96,94202,90179,-0.4319321249517863,0
2023-07-28 10:55:43,1290.9,245033,20,1289.96,94118,90305,-0.4319321249517863,0
2023-07-28 10:55:43,1290.9,245033,20,1289.96,94092,90512,-0.4319321249517863,0
2023-07-28 10:55:43,1290.9,245033,20,1289.96,94092,90530,-0.4319321249517863,0
2023-07-28 10:55:43,1290.2,245033,39,1289.96,94092,90530,-0.4859236405707639,0
2023-07-28 10:56:06,1290.1,245072,8,1289.96,94139,90721,-0.49363671423062794,0
2023-07-28 10:56:07,1290.1,245080,8,1289.96,94176,90424,-0.49363671423062794,0
2023-07-28 10:56:07,1290.0,245080,10,1289.96,94024,90014,-0.5013497878904744,0
2023-07-28 10:56:09,1290.0,245090,10,1289.96,93814,89883,-0.5013497878904744,0
2023-07-28 10:56:09,1290.0,245090,10,1289.96,93877,89894,-0.5013497878904744,0
2023-07-28 10:56:09,1290.0,245090,10,1289.96,93933,89879,-0.5013497878904744,0
2023-07-28 10:56:09,1290.05,245090,12,1289.96,93933,89879,-0.49749325106055114,0
2023-07-28 10:56:13,1290.0,245134,20,1289.96,93622,89938,-0.5013497878904744,0
2023-07-28 10:56:13,1290.0,245134,20,1289.96,93767,89982,-0.5013497878904744,0
2023-07-28 10:56:13,1290.2,245134,110,1289.96,93767,89982,-0.4859236405707639,0
2023-07-28 10:56:15,1290.2,245388,110,1289.96,94842,89467,-0.4859236405707639,0
2023-07-28 10:56:15,1290.2,245388,110,1289.96,94572,87109,-0.4859236405707639,0
2023-07-28 10:56:17,1291.0,245488,6,1289.97,94660,89465,-0.4242190512919398,0
2023-07-28 10:56:17,1291.0,245488,6,1289.97,94648,89469,-0.4242190512919398,0
2023-07-28 10:56:17,1291.0,245488,6,1289.97,88674,90068,-0.4242190512919398,0
2023-07-28 10:56:17,1291.0,245488,6,1289.97,94541,90098,-0.4242190512919398,0
2023-07-28 10:56:17,1291.0,245488,6,1289.97,94540,90198,-0.4242190512919398,0
2023-07-28 10:56:17,1291.0,245488,6,1289.97,94540,90198,-0.4242190512919398,0
2023-07-28 10:56:17,1290.8,245488,10,1289.97,94540,90198,-0.43964519861165025,0
2023-07-28 10:56:23,1290.8,245538,10,1289.97,94643,89866,-0.43964519861165025,0
2023-07-28 10:56:23,1290.8,245538,10,1289.97,94646,89885,-0.43964519861165025,0
2023-07-28 10:56:23,1290.8,245538,10,1289.97,94646,89885,-0.43964519861165025,0
2023-07-28 10:56:23,1290.8,245538,10,1289.97,94646,89895,-0.43964519861165025,0
2023-07-28 10:56:23,1290.8,245538,10,1289.97,94646,89895,-0.43964519861165025,0
2023-07-28 10:56:30,1290.1,245543,5,1289.97,94641,89901,-0.49363671423062794,0
2023-07-28 10:56:30,1290.1,245543,5,1289.97,94629,89901,-0.49363671423062794,0
2023-07-28 10:56:30,1290.1,245543,5,1289.97,94630,89941,-0.49363671423062794,0
2023-07-28 10:56:30,1290.1,245543,5,1289.97,95108,89345,-0.49363671423062794,0
2023-07-28 10:56:30,1290.1,245543,5,1289.97,94870,89486,-0.49363671423062794,0
2023-07-28 10:56:30,1290.25,245543,66,1289.97,94870,89486,-0.4820671037408407,0
2023-07-28 10:56:36,1290.0,245811,22,1289.97,95336,90241,-0.5013497878904744,0
2023-07-28 10:56:36,1290.0,245811,22,1289.97,95319,90341,-0.5013497878904744,0
2023-07-28 10:56:36,1290.0,245811,22,1289.97,95329,90409,-0.5013497878904744,0
2023-07-28 10:56:36,1290.0,245811,22,1289.97,95329,90419,-0.5013497878904744,0
2023-07-28 10:56:36,1290.0,245811,53,1289.97,95329,90419,-0.5013497878904744,0
2023-07-28 10:56:44,1290.0,245874,10,1289.97,95230,90149,-0.5013497878904744,0
2023-07-28 10:56:44,1290.0,245874,10,1289.97,95230,90149,-0.5013497878904744,0
2023-07-28 10:56:47,1290.25,245875,1,1289.97,95234,90138,-0.4820671037408407,0
2023-07-28 10:56:47,1290.25,245875,8,1289.97,95234,90138,-0.4820671037408407,0
2023-07-28 10:56:49,1290.25,246244,8,1289.97,94959,90005,-0.4820671037408407,0
2023-07-28 10:56:50,1290.25,246252,8,1289.97,94959,89997,-0.4820671037408407,0
2023-07-28 10:56:50,1290.25,246252,8,1289.97,94959,89997,-0.4820671037408407,0
2023-07-28 10:56:51,1290.25,246260,8,1289.97,94959,89973,-0.4820671037408407,0
2023-07-28 10:56:53,1290.25,246268,8,1289.97,94959,89965,-0.4820671037408407,0
2023-07-28 10:56:53,1290.25,246268,8,1289.97,94959,89967,-0.4820671037408407,0
2023-07-28 10:56:54,1290.25,246276,8,1289.97,97290,92269,-0.4820671037408407,0
2023-07-28 10:56:56,1290.25,246312,1,1289.97,97193,92332,-0.4820671037408407,0
2023-07-28 10:56:56,1290.25,246312,1,1289.97,97230,92249,-0.4820671037408407,0
2023-07-28 10:56:56,1290.25,246312,1,1289.97,97412,92107,-0.4820671037408407,0
2023-07-28 10:56:56,1290.25,246312,1,1289.97,97366,92152,-0.4820671037408407,0
2023-07-28 10:57:01,1290.25,246570,3,1289.97,96562,91811,-0.4820671037408407,0
2023-07-28 10:57:01,1290.25,246570,3,1289.97,96670,91834,-0.4820671037408407,0
2023-07-28 10:57:03,1290.2,246626,14,1289.97,97759,92424,-0.4859236405707639,0
2023-07-28 10:57:04,1290.0,251849,218,1289.97,91669,92233,-0.5013497878904744,0
2023-07-28 10:57:04,1290.0,251849,463,1289.97,91669,92233,-0.5013497878904744,0
2023-07-28 10:57:05,1290.0,255233,84,1289.97,92510,92208,-0.5013497878904744,0
2023-07-28 10:57:07,1290.0,262477,126,1289.97,92017,92489,-0.5013497878904744,0
2023-07-28 10:57:08,1290.05,266733,81,1289.97,92071,92616,-0.49749325106055114,0
2023-07-28 10:57:08,1290.0,266733,209,1289.97,92071,92616,-0.5013497878904744,0
2023-07-28 10:57:09,1290.0,282030,128,1289.97,92887,92332,-0.5013497878904744,0
2023-07-28 10:57:09,1290.0,282030,128,1289.97,92887,92332,-0.5013497878904744,0
2023-07-28 10:57:09,1290.0,282030,128,1289.97,92342,92516,-0.5013497878904744,0
2023-07-28 10:57:09,1290.0,282030,128,1289.97,92361,92642,-0.5013497878904744,0
2023-07-28 10:57:09,1290.0,282030,128,1289.97,92305,92688,-0.5013497878904744,0
2023-07-28 10:57:09,1290.0,282030,128,1289.97,92305,92822,-0.5013497878904744,0
2023-07-28 10:57:09,1290.0,282030,128,1289.97,92305,92822,-0.5013497878904744,0
2023-07-28 10:57:09,1290.0,282030,128,1289.97,92305,92822,-0.5013497878904744,0
2023-07-28 10:57:09,1290.0,282030,128,1289.97,92305,92822,-0.5013497878904744,0
2023-07-28 10:57:09,1290.0,282030,128,1289.97,92305,92822,-0.5013497878904744,0
2023-07-28 10:57:09,1290.0,282030,128,1289.97,92319,92784,-0.5013497878904744,0
2023-07-28 10:57:21,1290.0,282060,30,1289.97,92243,92903,-0.5013497878904744,0
2023-07-28 10:57:21,1290.0,282060,30,1289.97,92158,92857,-0.5013497878904744,0
2023-07-28 10:57:21,1290.0,282060,148,1289.97,92158,92857,-0.5013497878904744,0
2023-07-28 10:57:22,1290.0,282208,148,1289.97,92613,92839,-0.5013497878904744,0
2023-07-28 10:57:22,1290.0,282208,148,1289.97,92613,92833,-0.5013497878904744,0
2023-07-28 10:57:22,1290.0,282208,148,1289.97,92443,92935,-0.5013497878904744,0
2023-07-28 10:57:22,1290.0,282208,148,1289.97,92443,93049,-0.5013497878904744,0
2023-07-28 10:57:22,1290.0,282208,148,1289.97,92464,92798,-0.5013497878904744,0
2023-07-28 10:57:22,1290.0,282208,148,1289.97,92575,93084,-0.5013497878904744,0
2023-07-28 10:57:22,1290.0,282208,148,1289.97,92540,93142,-0.5013497878904744,0
2023-07-28 10:57:22,1290.0,282208,148,1289.97,92442,93151,-0.5013497878904744,0
2023-07-28 10:57:22,1290.0,282208,148,1289.97,92525,92865,-0.5013497878904744,0
2023-07-28 10:57:22,1290.0,282208,148,1289.97,92660,92813,-0.5013497878904744,0
2023-07-28 10:57:22,1290.0,282208,148,1289.97,92655,92906,-0.5013497878904744,0
2023-07-28 10:57:22,1290.0,282208,148,1289.97,92573,93097,-0.5013497878904744,0
2023-07-28 10:57:22,1290.0,282208,148,1289.97,92610,93049,-0.5013497878904744,0
2023-07-28 10:57:22,1290.0,282208,148,1289.97,92610,93004,-0.5013497878904744,0
2023-07-28 10:57:22,1290.0,282208,148,1289.97,92610,93135,-0.5013497878904744,0
2023-07-28 10:57:22,1290.0,282208,148,1289.97,92539,92826,-0.5013497878904744,0
2023-07-28 10:57:22,1290.0,282208,148,1289.97,92764,92825,-0.5013497878904744,0
2023-07-28 10:57:22,1290.0,282208,148,1289.97,92764,92826,-0.5013497878904744,0
2023-07-28 10:57:22,1290.0,282208,148,1289.97,92764,92826,-0.5013497878904744,0
2023-07-28 10:57:43,1290.0,282887,48,1289.97,92488,92822,-0.5013497878904744,0
2023-07-28 10:57:43,1290.0,282887,48,1289.97,92488,92875,-0.5013497878904744,0
2023-07-28 10:57:46,1290.0,283087,100,1289.97,92246,92991,-0.5013497878904744,0
2023-07-28 10:57:47,1290.0,283617,100,1289.97,92244,93150,-0.5013497878904744,0
2023-07-28 10:57:47,1290.0,283617,100,1289.97,92244,93150,-0.5013497878904744,0
2023-07-28 10:57:48,1290.0,287583,100,1289.97,92439,92953,-0.5013497878904744,0
2023-07-28 10:57:48,1290.0,287583,100,1289.97,92439,92953,-0.5013497878904744,0
2023-07-28 10:57:49,1290.0,288083,100,1289.97,92385,92883,-0.5013497878904744,0
2023-07-28 10:57:50,1290.0,288483,59,1289.97,92278,93028,-0.5013497878904744,0
2023-07-28 10:57:50,1290.0,288483,100,1289.97,92278,93028,-0.5013497878904744,0
2023-07-28 10:57:51,1290.0,292978,82,1289.97,91977,92974,-0.5013497878904744,0
2023-07-28 10:57:51,1290.0,294351,100,1289.97,92051,92978,-0.5013497878904744,0
2023-07-28 10:57:52,1290.0,294651,100,1289.97,92262,93054,-0.5013497878904744,0
2023-07-28 10:57:53,1290.0,295316,10,1289.97,92074,92975,-0.5013497878904744,0
2023-07-28 10:57:55,1290.0,296324,100,1289.97,92025,93345,-0.5013497878904744,0
2023-07-28 10:57:56,1290.0,296731,100,1289.97,92264,93112,-0.5013497878904744,0
2023-07-28 10:57:56,1290.0,296731,100,1289.97,92264,93112,-0.5013497878904744,0
2023-07-28 10:57:57,1290.0,297161,100,1289.97,92302,93063,-0.5013497878904744,0
2023-07-28 10:57:57,1290.0,297161,100,1289.97,92302,93063,-0.5013497878904744,0
2023-07-28 10:57:58,1290.0,298916,46,1289.97,92418,93161,-0.5013497878904744,0
2023-07-28 10:57:58,1290.0,298916,100,1289.97,92418,93161,-0.5013497878904744,0
2023-07-28 10:57:59,1290.0,299571,100,1289.97,93002,93074,-0.5013497878904744,0
2023-07-28 10:58:00,1290.0,300071,100,1289.97,92893,93289,-0.5013497878904744,0
2023-07-28 10:58:02,1290.0,300471,100,1289.97,92985,93378,-0.5013497878904744,0
2023-07-28 10:58:02,1290.0,300471,37,1289.97,92985,93378,-0.5013497878904744,0
2023-07-28 10:58:03,1290.0,301171,100,1289.97,92825,93388,-0.5013497878904744,0
2023-07-28 10:58:04,1290.0,304318,24,1289.97,92945,93317,-0.5013497878904744,0
2023-07-28 10:58:05,1290.0,304754,34,1289.97,93098,93765,-0.5013497878904744,0
2023-07-28 10:58:05,1290.0,304754,5,1289.97,93098,93765,-0.5013497878904744,0
2023-07-28 10:58:06,1290.0,315949,95,1289.97,89564,90855,-0.5013497878904744,0
2023-07-28 10:58:07,1290.0,317792,100,1289.97,91415,93605,-0.5013497878904744,0
2023-07-28 10:58:08,1290.0,320168,36,1289.97,89125,90824,-0.5013497878904744,0
2023-07-28 10:58:09,1290.0,323358,48,1289.97,90915,92683,-0.5013497878904744,0
2023-07-28 10:58:09,1290.0,323358,48,1289.97,91066,92834,-0.5013497878904744,0
2023-07-28 10:58:10,1289.95,323366,6,1289.97,91069,93430,-0.5052063247203976,0
2023-07-28 10:58:12,1289.45,323416,10,1289.97,90980,93584,-0.5437716930196649,0
2023-07-28 10:58:13,1288.8,323520,47,1289.97,91022,93626,-0.5939066718087193,0
2023-07-28 10:58:13,1288.8,323814,47,1289.97,91611,93702,-0.5939066718087193,0
2023-07-28 10:58:15,1288.55,323849,31,1289.96,92019,93083,-0.6131893559583529,0
2023-07-28 10:58:15,1288.55,323849,31,1289.96,92082,92791,-0.6131893559583529,0
2023-07-28 10:58:15,1288.55,323849,31,1289.96,92108,92750,-0.6131893559583529,0
2023-07-28 10:58:15,1288.5,323849,29,1289.96,92246,92833,-0.6170458927882762,0
2023-07-28 10:58:19,1288.35,323879,155,1289.96,92278,92971,-0.6286155032780634,0
2023-07-28 10:58:20,1288.0,324034,6,1289.96,92529,92976,-0.6556112610875434,0
2023-07-28 10:58:21,1288.0,324589,100,1289.96,91520,92114,-0.6556112610875434,0
2023-07-28 10:58:22,1287.5,325914,148,1289.95,92900,92856,-0.6941766293868107,0
2023-07-28 10:58:23,1287.55,326014,26,1289.95,93460,92844,-0.6903200925568874,0
2023-07-28 10:58:23,1287.25,326014,80,1289.95,93460,92844,-0.7134593135364443,0
2023-07-28 10:58:24,1287.25,326404,80,1289.95,93288,92663,-0.7134593135364443,0
2023-07-28 10:58:24,1287.0,326404,50,1289.95,93288,92663,-0.732741997686078,0
2023-07-28 10:58:26,1286.95,326955,60,1289.94,93209,92332,-0.7365985345160011,0
2023-07-28 10:58:26,1286.95,326955,60,1289.94,93810,92063,-0.7365985345160011,0
2023-07-28 10:58:26,1286.6,326955,2,1289.94,93810,92063,-0.7635942923254987,0
2023-07-28 10:58:27,1286.6,327001,2,1289.94,94086,91657,-0.7635942923254987,0
2023-07-28 10:58:27,1286.6,327001,2,1289.94,94041,91579,-0.7635942923254987,0
2023-07-28 10:58:30,1286.75,327153,45,1289.94,94080,91872,-0.7520246818357116,0
2023-07-28 10:58:30,1286.5,327198,7,1289.94,93990,91781,-0.7713073659853451,0
2023-07-28 10:58:31,1286.5,327210,7,1289.94,93958,91719,-0.7713073659853451,0
2023-07-28 10:58:32,1286.8,331649,83,1289.9,95329,91137,-0.7481681450057883,0
2023-07-28 10:58:33,1288.2,331799,4,1289.9,95481,90791,-0.6401851137678329,0
2023-07-28 10:58:33,1288.2,331799,4,1289.9,95162,91203,-0.6401851137678329,0
2023-07-28 10:58:35,1287.5,331800,1,1289.9,95227,91124,-0.6941766293868107,0
2023-07-28 10:58:35,1287.5,331800,1,1289.9,95153,91182,-0.6941766293868107,0
2023-07-28 10:58:35,1287.5,331800,1,1289.9,95150,91278,-0.6941766293868107,0
2023-07-28 10:58:35,1287.5,331800,1,1289.9,95057,91206,-0.6941766293868107,0
2023-07-28 10:58:35,1287.5,331800,1,1289.9,95101,91539,-0.6941766293868107,0
2023-07-28 10:58:35,1287.5,331800,1,1289.9,95253,91499,-0.6941766293868107,0
2023-07-28 10:58:35,1287.5,331800,1,1289.9,94908,91843,-0.6941766293868107,0
2023-07-28 10:58:35,1287.5,331800,1,1289.9,94680,92023,-0.6941766293868107,0
2023-07-28 10:58:46,1288.15,332300,128,1289.9,95150,91755,-0.6440416505977562,0
2023-07-28 10:58:47,1288.05,333206,9,1289.89,94580,92022,-0.6517547242576202,0
2023-07-28 10:58:47,1288.05,333206,9,1289.89,94635,92095,-0.6517547242576202,0
2023-07-28 10:58:47,1288.05,333206,9,1289.89,94665,91873,-0.6517547242576202,0
2023-07-28 10:58:47,1288.05,333206,9,1289.89,94701,92192,-0.6517547242576202,0
2023-07-28 10:58:51,1288.0,333312,66,1289.89,94726,92120,-0.6556112610875434,0
2023-07-28 10:58:51,1288.0,333312,66,1289.89,94683,92125,-0.6556112610875434,0
2023-07-28 10:58:51,1288.0,333312,66,1289.89,94640,92166,-0.6556112610875434,0
2023-07-28 10:58:51,1288.0,333312,66,1289.89,94498,92149,-0.6556112610875434,0
2023-07-28 10:58:51,1288.0,333312,25,1289.89,94498,92149,-0.6556112610875434,0
2023-07-28 10:58:56,1288.0,333337,25,1289.89,94551,92111,-0.6556112610875434,0
2023-07-28 10:58:56,1288.0,333337,25,1289.89,94551,92142,-0.6556112610875434,0
2023-07-28 10:58:58,1288.0,333362,2,1289.89,94514,92107,-0.6556112610875434,0
2023-07-28 10:58:58,1288.0,333362,2,1289.89,94535,92154,-0.6556112610875434,0
2023-07-28 10:59:01,1287.35,333366,3,1289.89,94632,92109,-0.7057462398765978,0
2023-07-28 10:59:01,1287.35,333366,3,1289.89,94632,92109,-0.7057462398765978,0
2023-07-28 10:59:01,1287.35,333366,3,1289.89,94585,92062,-0.7057462398765978,0
2023-07-28 10:59:03,1287.95,333386,19,1289.89,94684,91961,-0.6594677979174666,0
2023-07-28 10:59:03,1287.95,333386,19,1289.89,94677,92020,-0.6594677979174666,0
2023-07-28 10:59:03,1287.95,333386,19,1289.89,95852,91668,-0.6594677979174666,0
2023-07-28 10:59:06,1287.6,333407,21,1289.89,95943,91627,-0.6864635557269642,0
2023-07-28 10:59:06,1287.6,333407,21,1289.89,93855,92503,-0.6864635557269642,0
2023-07-28 10:59:06,1287.6,333407,21,1289.89,93935,91810,-0.6864635557269642,0
2023-07-28 10:59:06,1287.6,333407,21,1289.89,93936,91847,-0.6864635557269642,0
2023-07-28 10:59:06,1287.6,333407,21,1289.89,93936,91500,-0.6864635557269642,0
2023-07-28 10:59:06,1287.6,333407,21,1289.89,94037,91514,-0.6864635557269642,0
2023-07-28 10:59:06,1287.25,333407,16,1289.89,94037,91514,-0.7134593135364443,0
2023-07-28 10:59:13,1286.8,333520,17,1289.89,94349,92234,-0.7481681450057883,0
2023-07-28 10:59:13,1286.8,333520,17,1289.89,94349,92234,-0.7481681450057883,0
2023-07-28 10:59:13,1286.8,333520,17,1289.89,94334,92359,-0.7481681450057883,0
2023-07-28 10:59:13,1286.8,333520,17,1289.89,94334,92359,-0.7481681450057883,0
2023-07-28 10:59:15,1286.8,333537,8,1289.89,94327,92335,-0.7481681450057883,0
2023-07-28 10:59:15,1286.6,333537,75,1289.89,94327,92335,-0.7635942923254987,0
2023-07-28 10:59:16,1286.8,333612,21,1289.89,94252,89891,-0.7481681450057883,0
2023-07-28 10:59:17,1286.8,333697,21,1289.89,94252,92371,-0.7481681450057883,0
2023-07-28 10:59:17,1286.8,333697,21,1289.89,94252,92403,-0.7481681450057883,0
2023-07-28 10:59:20,1286.8,333698,1,1289.89,94425,92386,-0.7481681450057883,0
2023-07-28 10:59:20,1286.6,333698,25,1289.89,94425,92386,-0.7635942923254987,0
2023-07-28 10:59:20,1286.6,333723,25,1289.89,95176,92328,-0.7635942923254987,0
2023-07-28 10:59:20,1286.45,333723,17,1289.89,95176,92328,-0.7751639028152684,0
2023-07-28 10:59:21,1286.45,333802,17,1289.88,92269,92272,-0.7751639028152684,0
2023-07-28 10:59:21,1286.0,333802,16,1289.88,92269,92272,-0.8098727342846124,0
2023-07-28 10:59:23,1285.75,333926,1,1289.88,95040,91956,-0.829155418434246,0
2023-07-28 10:59:23,1285.75,333926,1,1289.88,95040,91956,-0.829155418434246,0
2023-07-28 10:59:23,1285.4,334925,97,1289.87,95099,91966,-0.8561511762437262,0
2023-07-28 10:59:25,1285.35,335145,1,1289.87,95210,91937,-0.8600077130736669,0
2023-07-28 10:59:25,1285.35,335145,1,1289.87,95210,91937,-0.8600077130736669,0
2023-07-28 10:59:25,1285.35,335145,1,1289.87,95210,91942,-0.8600077130736669,0
2023-07-28 10:59:25,1285.35,335145,1,1289.87,95120,91984,-0.8600077130736669,0
2023-07-28 10:59:25,1285.35,335145,1,1289.87,95120,91984,-0.8600077130736669,0
2023-07-28 10:59:29,1285.65,335237,1,1289.87,95245,91836,-0.8368684920940925,0
2023-07-28 10:59:29,1285.65,335237,2,1289.87,95245,91836,-0.8368684920940925,0
2023-07-28 10:59:31,1285.65,335333,60,1289.86,95408,92052,-0.8368684920940925,0
2023-07-28 10:59:31,1285.65,335347,2,1289.86,95408,92080,-0.8368684920940925,0
2023-07-28 10:59:31,1285.65,335347,7,1289.86,95408,92080,-0.8368684920940925,0
2023-07-28 10:59:32,1285.65,335399,7,1289.86,95178,91870,-0.8368684920940925,0
2023-07-28 10:59:32,1285.65,335399,1,1289.86,95178,91870,-0.8368684920940925,0
2023-07-28 10:59:33,1285.65,335400,1,1289.86,95294,91890,-0.8368684920940925,0
2023-07-28 10:59:33,1285.65,335400,16,1289.86,95294,91890,-0.8368684920940925,0
2023-07-28 10:59:35,1285.65,336013,26,1289.86,95401,91729,-0.8368684920940925,0
2023-07-28 10:59:36,1285.95,336184,1,1289.85,94150,91895,-0.8137292711145356,0
2023-07-28 10:59:36,1285.95,336186,1,1289.85,94362,91618,-0.8137292711145356,0
2023-07-28 10:59:36,1285.95,336186,1,1289.85,94370,91618,-0.8137292711145356,0
2023-07-28 10:59:36,1285.95,336186,1,1289.85,94370,91616,-0.8137292711145356,0
2023-07-28 10:59:40,1286.0,336187,1,1289.85,94373,91623,-0.8098727342846124,0
2023-07-28 10:59:40,1286.0,336187,1,1289.85,94373,91623,-0.8098727342846124,0
2023-07-28 10:59:41,1286.0,336195,1,1289.85,94482,91539,-0.8098727342846124,0
2023-07-28 10:59:42,1286.25,336196,1,1289.85,94587,91633,-0.7905900501349787,0
2023-07-28 10:59:43,1286.0,336207,11,1289.85,94377,91388,-0.8098727342846124,0
2023-07-28 10:59:43,1286.25,336207,2,1289.85,94377,91388,-0.7905900501349787,0
2023-07-28 10:59:44,1286.25,336209,2,1289.85,94378,91365,-0.7905900501349787,0
2023-07-28 10:59:44,1286.25,336209,2,1289.85,94378,91365,-0.7905900501349787,0
2023-07-28 10:59:46,1286.25,336211,2,1289.85,93855,92039,-0.7905900501349787,0
2023-07-28 10:59:46,1285.9,336211,3,1289.85,93855,92039,-0.8175858079444589,0
2023-07-28 10:59:48,1285.9,336242,10,1289.85,93875,92312,-0.8175858079444589,0
2023-07-28 10:59:48,1285.2,336244,26,1289.85,93879,92297,-0.8715773235634365,0
2023-07-28 10:59:49,1285.7,336369,9,1289.85,94256,91918,-0.8330119552641693,0
2023-07-28 10:59:50,1285.7,336557,31,1289.85,94383,91144,-0.8330119552641693,0
2023-07-28 10:59:50,1286.15,336557,16,1289.85,94383,91144,-0.7983031237948253,0
2023-07-28 10:59:51,1286.15,336733,16,1289.85,94420,91287,-0.7983031237948253,0
2023-07-28 10:59:52,1285.7,336759,3,1289.85,94413,91399,-0.8330119552641693,0
2023-07-28 10:59:52,1285.7,336759,1,1289.85,94413,91399,-0.8330119552641693,0
2023-07-28 10:59:53,1285.7,336760,1,1289.85,94412,91345,-0.8330119552641693,0
2023-07-28 10:59:53,1285.7,336760,3,1289.85,94412,91345,-0.8330119552641693,0
2023-07-28 10:59:54,1285.7,336763,3,1289.85,94492,91370,-0.8330119552641693,0
2023-07-28 10:59:54,1285.7,336763,3,1289.85,94490,91380,-0.8330119552641693,0
2023-07-28 10:59:54,1285.7,336763,3,1289.85,94479,91440,-0.8330119552641693,0
2023-07-28 10:59:59,1285.95,336873,12,1289.84,94611,91415,-0.8137292711145356,0
2023-07-28 10:59:59,1285.7,336873,13,1289.84,94611,91415,-0.8330119552641693,0
2023-07-28 11:00:00,1285.7,336905,1,1289.84,94611,91261,-0.8330119552641693,0
2023-07-28 11:00:00,1285.7,336905,1,1289.84,94611,91261,-0.8330119552641693,0
2023-07-28 11:00:00,1285.5,336905,7,1289.84,94611,91261,-0.8484381025838796,0
2023-07-28 11:00:03,1286.25,337608,1,1289.84,93955,91372,-0.7905900501349787,0
2023-07-28 11:00:03,1286.25,337608,1,1289.84,93955,91372,-0.7905900501349787,0
2023-07-28 11:00:04,1286.25,337648,5,1289.84,94425,91342,-0.7905900501349787,0
2023-07-28 11:00:04,1286.25,337648,2,1289.84,94425,91342,-0.7905900501349787,0
2023-07-28 11:00:05,1286.25,337651,2,1289.84,94560,91108,-0.7905900501349787,0
2023-07-28 11:00:06,1285.95,337695,7,1289.83,94189,91920,-0.8137292711145356,0
2023-07-28 11:00:06,1285.9,337695,19,1289.83,94189,91920,-0.8175858079444589,0
2023-07-28 11:00:08,1285.9,337946,13,1289.83,94244,91769,-0.8175858079444589,0
2023-07-28 11:00:08,1285.9,337946,2,1289.83,94244,91769,-0.8175858079444589,0
2023-07-28 11:00:09,1285.9,337952,1,1289.83,94601,91535,-0.8175858079444589,0
2023-07-28 11:00:10,1285.25,337958,4,1289.83,94553,91506,-0.8677207867335133,0
2023-07-28 11:00:10,1285.9,337958,1,1289.83,94553,91506,-0.8175858079444589,0
2023-07-28 11:00:11,1285.9,337959,1,1289.83,94491,91554,-0.8175858079444589,0
2023-07-28 11:00:11,1285.9,337959,4,1289.83,94491,91554,-0.8175858079444589,0
2023-07-28 11:00:12,1285.9,338005,4,1289.83,94343,91546,-0.8175858079444589,0
2023-07-28 11:00:13,1285.9,338011,1,1289.83,94343,91464,-0.8175858079444589,0
2023-07-28 11:00:15,1285.25,338036,25,1289.83,94416,91468,-0.8677207867335133,0
2023-07-28 11:00:16,1285.15,338190,3,1289.83,94691,91190,-0.8754338603933597,0
2023-07-28 11:00:16,1285.85,338212,21,1289.83,94663,91366,-0.8214423447743996,0
2023-07-28 11:00:16,1285.2,338212,7,1289.83,94663,91366,-0.8715773235634365,0
2023-07-28 11:00:18,1285.2,338225,7,1289.83,94811,91330,-0.8715773235634365,0
2023-07-28 11:00:18,1285.8,338225,1,1289.83,94811,91330,-0.8252988816043229,0
2023-07-28 11:00:19,1285.85,338227,1,1289.83,94807,91321,-0.8214423447743996,0
2023-07-28 11:00:19,1285.85,338227,1,1289.83,94807,91321,-0.8214423447743996,0
2023-07-28 11:00:19,1285.85,338227,1,1289.83,94817,91321,-0.8214423447743996,0
2023-07-28 11:00:19,1285.2,338227,5,1289.83,94908,91321,-0.8715773235634365,0
2023-07-28 11:00:21,1285.85,338233,1,1289.83,94880,91320,-0.8214423447743996,0
2023-07-28 11:00:22,1285.85,338235,1,1289.83,94847,91319,-0.8214423447743996,0
2023-07-28 11:00:22,1285.85,338236,1,1289.83,94851,91318,-0.8214423447743996,0
2023-07-28 11:00:22,1285.85,338236,1,1289.83,94851,91319,-0.8214423447743996,0
2023-07-28 11:00:22,1285.85,338236,6,1289.83,94851,91319,-0.8214423447743996,0
2023-07-28 11:00:25,1285.85,338242,1,1289.83,94847,91313,-0.8214423447743996,0
2023-07-28 11:00:25,1285.85,338242,49,1289.83,94847,91313,-0.8214423447743996,0
2023-07-28 11:00:26,1285.85,338294,49,1289.83,94847,91261,-0.8214423447743996,0
2023-07-28 11:00:27,1285.85,338307,2,1289.83,94877,91248,-0.8214423447743996,0
2023-07-28 11:00:28,1285.85,338309,1,1289.83,94877,91246,-0.8214423447743996,0
2023-07-28 11:00:28,1285.85,338309,1,1289.83,94875,91291,-0.8214423447743996,0
2023-07-28 11:00:28,1285.85,338309,1,1289.83,94876,91291,-0.8214423447743996,0
2023-07-28 11:00:28,1285.85,338309,1,1289.83,94888,91310,-0.8214423447743996,0
2023-07-28 11:00:28,1285.85,338309,1,1289.83,94816,91466,-0.8214423447743996,0
2023-07-28 11:00:36,1285.8,338312,6,1289.83,94866,91478,-0.8252988816043229,0
2023-07-28 11:00:38,1285.55,338525,45,1289.82,94826,91537,-0.8445815657539565,0
2023-07-28 11:00:38,1285.8,338525,38,1289.82,94826,91537,-0.8252988816043229,0
2023-07-28 11:00:39,1285.8,339018,6,1289.82,95180,90720,-0.8252988816043229,0
2023-07-28 11:00:40,1286.5,339024,1,1289.82,94266,91474,-0.7713073659853451,0
2023-07-28 11:00:40,1286.5,339024,39,1289.82,94266,91474,-0.7713073659853451,0
2023-07-28 11:00:41,1286.5,339069,1,1289.82,94750,91456,-0.7713073659853451,0
2023-07-28 11:00:42,1286.5,339073,1,1289.82,94660,91489,-0.7713073659853451,0
2023-07-28 11:00:43,1286.5,339075,1,1289.82,94663,91461,-0.7713073659853451,0
2023-07-28 11:00:43,1286.5,339075,1,1289.82,94663,91461,-0.7713073659853451,0
2023-07-28 11:00:44,1286.5,339078,3,1289.82,94734,91396,-0.7713073659853451,0
2023-07-28 11:00:45,1286.5,339113,5,1289.82,94920,91214,-0.7713073659853451,0
2023-07-28 11:00:46,1286.5,339117,1,1289.82,95020,91210,-0.7713073659853451,0
2023-07-28 11:00:46,1286.5,339117,1,1289.82,95020,91210,-0.7713073659853451,0
2023-07-28 11:00:46,1286.5,339117,1,1289.82,95021,91210,-0.7713073659853451,0
2023-07-28 11:00:46,1286.5,339117,1,1289.82,95107,91215,-0.7713073659853451,0
2023-07-28 11:00:46,1286.5,339117,1,1289.82,95113,91215,-0.7713073659853451,0
2023-07-28 11:00:46,1286.5,339117,1,1289.82,95114,91215,-0.7713073659853451,0
2023-07-28 11:00:51,1286.1,339119,2,1289.82,95153,91226,-0.802159660624766,0
2023-07-28 11:00:54,1286.6,339219,2,1289.82,95230,91102,-0.7635942923254987,0
2023-07-28 11:00:54,1287.25,339219,1,1289.82,95230,91102,-0.7134593135364443,0
2023-07-28 11:00:54,1287.25,339360,1,1289.82,95901,90426,-0.7134593135364443,0
2023-07-28 11:00:55,1287.6,339398,1,1289.81,94941,90811,-0.6864635557269642,0
2023-07-28 11:00:56,1287.3,339424,4,1289.81,95148,90685,-0.709602776706521,0
2023-07-28 11:00:57,1287.3,339428,1,1289.81,95118,90655,-0.709602776706521,0
2023-07-28 11:00:57,1287.2,339428,1,1289.81,95047,90240,-0.7173158503663675,0
2023-07-28 11:00:57,1287.45,339428,11,1289.81,95047,90240,-0.6980331662167338,0
2023-07-28 11:01:00,1287.45,339735,11,1289.81,94834,90420,-0.6980331662167338,0
2023-07-28 11:01:00,1287.3,339735,2,1289.81,94834,90420,-0.709602776706521,0
2023-07-28 11:01:01,1287.3,339846,31,1289.81,95185,90205,-0.709602776706521,0
2023-07-28 11:01:01,1287.3,339846,1,1289.81,95185,90205,-0.709602776706521,0
2023-07-28 11:01:02,1287.1,339869,1,1289.81,94752,90483,-0.7250289240262314,0
2023-07-28 11:01:03,1287.1,339871,1,1289.81,95295,90390,-0.7250289240262314,0
2023-07-28 11:01:03,1287.1,339871,1,1289.81,95177,90375,-0.7250289240262314,0
2023-07-28 11:01:03,1287.1,339871,1,1289.81,95498,90186,-0.7250289240262314,0
2023-07-28 11:01:03,1287.1,339871,1,1289.81,95493,90146,-0.7250289240262314,0
2023-07-28 11:01:08,1287.3,340021,150,1289.81,93212,88043,-0.709602776706521,0
2023-07-28 11:01:08,1287.0,340058,5,1289.81,93115,88143,-0.732741997686078,0
2023-07-28 11:01:08,1287.0,340058,1,1289.81,93115,88143,-0.732741997686078,0
2023-07-28 11:01:09,1287.0,340063,1,1289.81,93144,88096,-0.732741997686078,0
2023-07-28 11:01:11,1287.0,340066,1,1289.81,93133,88090,-0.732741997686078,0
2023-07-28 11:01:11,1287.0,340066,1,1289.81,93133,88090,-0.732741997686078,0
2023-07-28 11:01:11,1287.0,340066,1,1289.81,93006,88192,-0.732741997686078,0
2023-07-28 11:01:11,1287.0,340066,1,1289.81,93096,88203,-0.732741997686078,0
2023-07-28 11:01:13,1286.7,340129,5,1289.81,93714,88302,-0.7558812186656347,0
2023-07-28 11:01:13,1286.7,340129,2,1289.81,93714,88302,-0.7558812186656347,0
2023-07-28 11:01:13,1286.7,340129,1,1289.81,93714,88302,-0.7558812186656347,0
2023-07-28 11:01:15,1286.7,340147,1,1289.81,93504,88270,-0.7558812186656347,0
2023-07-28 11:01:17,1286.7,340151,1,1289.81,93491,88309,-0.7558812186656347,0
2023-07-28 11:01:17,1286.7,340151,1,1289.81,93491,88309,-0.7558812186656347,0
2023-07-28 11:01:17,1286.7,340152,1,1289.81,93491,88308,-0.7558812186656347,0
2023-07-28 11:01:17,1286.7,340152,1,1289.81,94061,88395,-0.7558812186656347,0
2023-07-28 11:01:21,1286.6,340157,5,1289.81,94081,88361,-0.7635942923254987,0
2023-07-28 11:01:21,1286.55,340161,3,1289.81,94025,88238,-0.767450829155422,0
2023-07-28 11:01:22,1286.35,340233,10,1289.81,94533,88211,-0.7828769764751323,0
2023-07-28 11:01:22,1286.65,340233,37,1289.81,94533,88211,-0.759737755495558,0
2023-07-28 11:01:24,1286.65,340582,2,1289.8,96701,89925,-0.759737755495558,0
2023-07-28 11:01:25,1287.2,340587,5,1289.8,96165,89899,-0.7173158503663675,0
2023-07-28 11:01:25,1287.2,340587,1,1289.8,96165,89899,-0.7173158503663675,0
2023-07-28 11:01:26,1287.2,340589,1,1289.8,96161,89966,-0.7173158503663675,0
2023-07-28 11:01:26,1287.2,340589,1,1289.8,95945,89966,-0.7173158503663675,0
2023-07-28 11:01:29,1287.2,340590,1,1289.8,95936,89965,-0.7173158503663675,0
2023-07-28 11:01:29,1287.2,340590,1,1289.8,95807,90124,-0.7173158503663675,0
2023-07-28 11:01:31,1287.15,340593,3,1289.8,95807,90163,-0.7211723871962907,0
2023-07-28 11:01:31,1287.15,340593,1,1289.8,95807,90163,-0.7211723871962907,0
2023-07-28 11:01:32,1287.15,340595,1,1289.8,95807,90161,-0.7211723871962907,0
2023-07-28 11:01:32,1287.15,340595,1,1289.8,95832,90161,-0.7211723871962907,0
2023-07-28 11:01:32,1287.15,340595,1,1289.8,95833,90161,-0.7211723871962907,0
2023-07-28 11:01:38,1287.15,340596,1,1289.8,95828,90090,-0.7211723871962907,0
2023-07-28 11:01:38,1287.15,340596,1,1289.8,95828,90090,-0.7211723871962907,0
2023-07-28 11:01:38,1286.95,340596,3,1289.8,95828,90090,-0.7365985345160011,0
2023-07-28 11:01:41,1286.95,340600,1,1289.8,95800,90108,-0.7365985345160011,0
2023-07-28 11:01:41,1286.95,340601,1,1289.8,95800,90107,-0.7365985345160011,0
2023-07-28 11:01:43,1286.7,340606,4,1289.8,95746,90244,-0.7558812186656347,0
2023-07-28 11:01:43,1286.7,340656,6,1289.8,96086,90650,-0.7558812186656347,0
2023-07-28 11:01:44,1286.7,340657,1,1289.8,96057,90572,-0.7558812186656347,0
2023-07-28 11:01:44,1286.7,340657,1,1289.8,96074,90572,-0.7558812186656347,0
2023-07-28 11:01:44,1286.7,340657,1,1289.8,95933,90574,-0.7558812186656347,0
2023-07-28 11:01:44,1286.2,340657,2,1289.8,95538,90608,-0.794446586964902,0
2023-07-28 11:01:51,1286.15,340671,1,1289.8,95624,91242,-0.7983031237948253,0
2023-07-28 11:01:51,1285.45,340671,3,1289.8,95624,91242,-0.8522946394138029,0
2023-07-28 11:01:52,1285.45,341177,57,1289.8,96081,90769,-0.8522946394138029,0
2023-07-28 11:01:52,1286.15,341177,5,1289.8,96081,90769,-0.7983031237948253,0
2023-07-28 11:01:53,1285.5,341204,37,1289.8,95967,90841,-0.8484381025838796,0
2023-07-28 11:01:55,1285.5,341266,15,1289.8,95213,91082,-0.8484381025838796,0
2023-07-28 11:01:55,1286.15,341277,1,1289.8,95608,90809,-0.7983031237948253,0
2023-07-28 11:01:56,1286.15,341278,1,1289.8,95851,90761,-0.7983031237948253,0
2023-07-28 11:01:56,1286.15,341278,1,1289.8,95833,90786,-0.7983031237948253,0
2023-07-28 11:01:56,1286.15,341278,1,1289.8,95835,90801,-0.7983031237948253,0
2023-07-28 11:01:56,1286.15,341278,1,1289.8,95847,90757,-0.7983031237948253,0
2023-07-28 11:01:56,1286.15,341278,1,1289.8,95822,90817,-0.7983031237948253,0
2023-07-28 11:01:56,1286.15,341278,1,1289.8,95816,90743,-0.7983031237948253,0
2023-07-28 11:01:56,1286.15,341278,1,1289.8,95810,90749,-0.7983031237948253,0
2023-07-28 11:01:56,1286.15,341278,1,1289.8,95782,90749,-0.7983031237948253,0
2023-07-28 11:01:56,1286.15,341278,1,1289.8,95771,90643,-0.7983031237948253,0
2023-07-28 11:01:56,1286.15,341278,1,1289.8,95503,90649,-0.7983031237948253,0
2023-07-28 11:01:56,1286.15,341278,1,1289.8,95364,90733,-0.7983031237948253,0
2023-07-28 11:01:56,1285.9,341278,29,1289.8,95826,90860,-0.8175858079444589,0
2023-07-28 11:02:10,1285.9,341314,5,1289.8,96070,90694,-0.8175858079444589,0
2023-07-28 11:02:10,1285.9,341314,1,1289.8,96070,90694,-0.8175858079444589,0
2023-07-28 11:02:11,1285.9,341315,1,1289.8,96063,90716,-0.8175858079444589,0
2023-07-28 11:02:11,1285.7,341315,6,1289.8,95824,90726,-0.8330119552641693,0
2023-07-28 11:02:14,1285.7,341322,1,1289.8,95990,90789,-0.8330119552641693,0
2023-07-28 11:02:14,1285.7,341322,1,1289.8,95990,90789,-0.8330119552641693,0
2023-07-28 11:02:14,1285.7,341323,1,1289.8,95990,90749,-0.8330119552641693,0
2023-07-28 11:02:14,1285.7,341323,1,1289.8,96743,90924,-0.8330119552641693,0
2023-07-28 11:02:14,1285.7,341323,1,1289.8,96743,90924,-0.8330119552641693,0
2023-07-28 11:02:14,1285.35,341323,52,1289.8,96869,90924,-0.8600077130736669,0
2023-07-28 11:02:14,1285.7,341323,6,1289.8,96869,90924,-0.8330119552641693,0
2023-07-28 11:02:14,1285.7,341323,5,1289.8,96869,90924,-0.8330119552641693,0
2023-07-28 11:02:22,1285.7,342001,5,1289.79,97113,90824,-0.8330119552641693,0
2023-07-28 11:02:22,1285.7,342001,3,1289.79,97113,90824,-0.8330119552641693,0
2023-07-28 11:02:22,1285.7,342005,3,1289.79,97112,90877,-0.8330119552641693,0
2023-07-28 11:02:24,1285.7,342008,1,1289.79,97112,90904,-0.8330119552641693,0
2023-07-28 11:02:24,1285.7,342008,20,1289.79,97112,90904,-0.8330119552641693,0
2023-07-28 11:02:25,1285.7,342034,3,1289.79,97111,90878,-0.8330119552641693,0
2023-07-28 11:02:25,1285.7,342034,2,1289.79,97111,90878,-0.8330119552641693,0
2023-07-28 11:02:25,1285.7,342034,2,1289.79,97111,90878,-0.8330119552641693,0
2023-07-28 11:02:26,1285.7,342137,15,1289.79,97199,90871,-0.8330119552641693,0
2023-07-28 11:02:26,1285.7,342137,3,1289.79,97199,90871,-0.8330119552641693,0
2023-07-28 11:02:27,1285.7,342155,3,1289.79,97124,90842,-0.8330119552641693,0
2023-07-28 11:02:27,1285.7,342155,3,1289.79,97124,90837,-0.8330119552641693,0
2023-07-28 11:02:27,1285.7,342155,3,1289.79,97114,90890,-0.8330119552641693,0
2023-07-28 11:02:27,1285.7,342155,3,1289.79,97115,90890,-0.8330119552641693,0
2023-07-28 11:02:33,1285.7,342159,4,1289.79,97115,90886,-0.8330119552641693,0
2023-07-28 11:02:33,1285.7,342159,1,1289.79,97115,90886,-0.8330119552641693,0
2023-07-28 11:02:33,1285.7,342160,1,1289.79,97115,90882,-0.8330119552641693,0
2023-07-28 11:02:33,1285.7,342160,1,1289.79,97116,90885,-0.8330119552641693,0
2023-07-28 11:02:33,1285.7,342160,1,1289.79,97116,90940,-0.8330119552641693,0
2023-07-28 11:02:37,1285.7,342278,2,1289.78,96697,91034,-0.8330119552641693,0
2023-07-28 11:02:37,1285.7,342278,2,1289.78,96694,91035,-0.8330119552641693,0
2023-07-28 11:02:37,1285.7,342278,2,1289.78,96695,91035,-0.8330119552641693,0
2023-07-28 11:02:37,1285.55,342278,25,1289.78,96735,91021,-0.8445815657539565,0
2023-07-28 11:02:42,1285.55,342307,4,1289.78,96748,90992,-0.8445815657539565,0
2023-07-28 11:02:43,1285.35,342363,7,1289.78,96716,90954,-0.8600077130736669,0
2023-07-28 11:02:43,1285.35,342363,1,1289.78,96716,90954,-0.8600077130736669,0
2023-07-28 11:02:44,1285.35,342366,1,1289.78,96722,90943,-0.8600077130736669,0
2023-07-28 11:02:44,1285.35,342367,6,1289.78,96755,91016,-0.8600077130736669,0
2023-07-28 11:02:46,1285.35,342375,1,1289.78,96742,91008,-0.8600077130736669,0
2023-07-28 11:02:47,1285.35,342749,104,1289.78,94140,91204,-0.8600077130736669,0
2023-07-28 11:02:47,1285.35,342814,8,1289.78,95492,91227,-0.8600077130736669,0
2023-07-28 11:02:49,1285.35,342824,1,1289.78,97076,91311,-0.8600077130736669,0
2023-07-28 11:02:49,1285.25,342826,44,1289.78,96822,91423,-0.8677207867335133,0
2023-07-28 11:02:51,1285.35,342877,4,1289.78,96257,91480,-0.8600077130736669,0
2023-07-28 11:02:52,1285.35,342883,1,1289.78,96268,91393,-0.8600077130736669,0
2023-07-28 11:02:52,1285.35,342883,1,1289.78,96268,91393,-0.8600077130736669,0
2023-07-28 11:02:52,1285.35,342883,1,1289.78,96318,91470,-0.8600077130736669,0
2023-07-28 11:02:52,1285.35,342883,1,1289.78,95548,91451,-0.8600077130736669,0
2023-07-28 11:02:55,1285.35,342889,1,1289.78,95647,90628,-0.8600077130736669,0
2023-07-28 11:02:55,1285.35,342889,1,1289.78,95647,90628,-0.8600077130736669,0
2023-07-28 11:02:55,1285.35,342889,1,1289.78,95660,90729,-0.8600077130736669,0
2023-07-28 11:02:55,1285.35,342889,1,1289.78,95601,90598,-0.8600077130736669,0
2023-07-28 11:02:55,1285.35,342889,1,1289.78,96389,90612,-0.8600077130736669,0
2023-07-28 11:02:55,1285.35,342889,4,1289.78,96389,90694,-0.8600077130736669,0
2023-07-28 11:03:00,1285.35,342893,4,1289.78,96503,90759,-0.8600077130736669,0
2023-07-28 11:03:00,1285.35,342893,54,1289.78,96503,90759,-0.8600077130736669,0
2023-07-28 11:03:02,1285.35,343076,1,1289.77,96442,90612,-0.8600077130736669,0
2023-07-28 11:03:03,1285.35,343079,1,1289.77,96656,90910,-0.8600077130736669,0
2023-07-28 11:03:03,1285.35,343079,1,1289.77,95998,90910,-0.8600077130736669,0
2023-07-28 11:03:03,1285.35,343079,1,1289.77,96831,90911,-0.8600077130736669,0
2023-07-28 11:03:03,1285.35,343079,1,1289.77,96082,90911,-0.8600077130736669,0
2023-07-28 11:03:03,1285.35,343079,1,1289.77,96832,90892,-0.8600077130736669,0
2023-07-28 11:03:03,1285.35,343079,1,1289.77,96043,90782,-0.8600077130736669,0
2023-07-28 11:03:03,1285.2,343079,2,1289.77,96046,90834,-0.8715773235634365,0
2023-07-28 11:03:03,1285.2,343079,1,1289.77,96046,90834,-0.8715773235634365,0
2023-07-28 11:03:10,1285.2,343082,1,1289.77,97510,90784,-0.8715773235634365,0
2023-07-28 11:03:10,1285.2,343082,1,1289.77,97279,90813,-0.8715773235634365,0
2023-07-28 11:03:10,1285.2,343082,1,1289.77,97246,90827,-0.8715773235634365,0
2023-07-28 11:03:13,1285.0,343286,25,1289.77,96532,90876,-0.8870034708831469,0
2023-07-28 11:03:14,1285.0,343321,5,1289.77,96759,90876,-0.8870034708831469,0
2023-07-28 11:03:15,1285.0,343322,1,1289.77,96684,90891,-0.8870034708831469,0
2023-07-28 11:03:17,1284.85,343332,10,1289.77,96534,90901,-0.8985730813729341,0
2023-07-28 11:03:18,1285.0,343335,1,1289.77,96534,90888,-0.8870034708831469,0
2023-07-28 11:03:18,1285.0,343335,10,1289.77,96534,90888,-0.8870034708831469,0
2023-07-28 11:03:18,1285.0,343345,10,1289.77,96634,90870,-0.8870034708831469,0
2023-07-28 11:03:20,1284.85,343383,28,1289.77,97240,90971,-0.8985730813729341,0
2023-07-28 11:03:21,1285.0,343692,65,1289.76,95945,90912,-0.8870034708831469,0
2023-07-28 11:03:21,1285.0,343727,5,1289.76,96701,90772,-0.8870034708831469,0
2023-07-28 11:03:22,1285.0,343728,1,1289.76,96739,90757,-0.8870034708831469,0
2023-07-28 11:03:22,1285.0,343728,1,1289.76,96909,90757,-0.8870034708831469,0
2023-07-28 11:03:22,1285.0,343728,1,1289.76,96865,90767,-0.8870034708831469,0
2023-07-28 11:03:26,1285.25,343777,1,1289.76,95783,90777,-0.8677207867335133,0
2023-07-28 11:03:28,1285.15,344077,3,1289.76,96397,90832,-0.8754338603933597,0
2023-07-28 11:03:28,1285.1,344125,27,1289.76,96742,90668,-0.8792903972233005,0
2023-07-28 11:03:29,1285.3,344172,5,1289.76,95886,90633,-0.8638642499035901,0
2023-07-28 11:03:29,1284.75,344172,1,1289.76,95886,90633,-0.9062861550327805,0
2023-07-28 11:03:30,1284.75,344176,1,1289.76,96636,90670,-0.9062861550327805,0
2023-07-28 11:03:30,1284.75,344176,1,1289.76,96636,90770,-0.9062861550327805,0
2023-07-28 11:03:30,1284.75,344176,1,1289.76,96636,90741,-0.9062861550327805,0
2023-07-28 11:03:30,1284.75,344176,1,1289.76,96636,90743,-0.9062861550327805,0
2023-07-28 11:03:30,1284.75,344176,1,1289.76,96637,90743,-0.9062861550327805,0
2023-07-28 11:03:30,1284.75,344176,1,1289.76,96565,90743,-0.9062861550327805,0
2023-07-28 11:03:30,1284.75,344176,1,1289.76,96565,90744,-0.9062861550327805,0
2023-07-28 11:03:38,1285.05,344450,5,1289.75,96622,90685,-0.8831469340532238,0
2023-07-28 11:03:39,1285.05,344456,1,1289.75,96672,90689,-0.8831469340532238,0
2023-07-28 11:03:40,1285.05,344458,2,1289.75,96671,90726,-0.8831469340532238,0
2023-07-28 11:03:40,1285.05,344458,2,1289.75,96671,90726,-0.8831469340532238,0
2023-07-28 11:03:40,1285.0,344458,1,1289.75,96671,90731,-0.8870034708831469,0
2023-07-28 11:03:43,1285.0,344459,1,1289.75,96613,90775,-0.8870034708831469,0
2023-07-28 11:03:43,1285.0,344459,1,1289.75,96612,90772,-0.8870034708831469,0
2023-07-28 11:03:43,1285.0,344459,1,1289.75,96612,90772,-0.8870034708831469,0
2023-07-28 11:03:43,1285.0,344459,1,1289.75,96625,90793,-0.8870034708831469,0
2023-07-28 11:03:43,1285.0,344459,1,1289.75,96725,90793,-0.8870034708831469,0
2023-07-28 11:03:43,1285.0,344459,1,1289.75,96734,90838,-0.8870034708831469,0
2023-07-28 11:03:43,1284.8,344459,10,1289.75,96735,90838,-0.9024296182028574,0
2023-07-28 11:03:50,1284.8,344560,10,1289.75,96673,90942,-0.9024296182028574,0
2023-07-28 11:03:50,1284.75,344560,2,1289.75,96673,90942,-0.9062861550327805,0
2023-07-28 11:03:51,1284.75,344581,2,1289.75,97509,90905,-0.9062861550327805,0
2023-07-28 11:03:51,1284.75,344581,40,1289.75,97509,90905,-0.9062861550327805,0
2023-07-28 11:03:53,1285.0,344951,2,1289.75,97849,90680,-0.8870034708831469,0
2023-07-28 11:03:54,1285.0,344967,2,1289.75,97853,90626,-0.8870034708831469,0
2023-07-28 11:03:55,1285.0,344983,1,1289.75,97531,90189,-0.8870034708831469,0
2023-07-28 11:03:55,1285.3,344983,3,1289.75,97531,90189,-0.8638642499035901,0
2023-07-28 11:03:55,1285.3,344986,3,1289.75,97385,90249,-0.8638642499035901,0
2023-07-28 11:03:55,1285.3,344986,3,1289.75,97385,90270,-0.8638642499035901,0
2023-07-28 11:03:55,1285.3,344986,10,1289.75,97394,90248,-0.8638642499035901,0
2023-07-28 11:03:59,1285.25,344999,1,1289.75,97337,90286,-0.8677207867335133,0
2023-07-28 11:03:59,1285.25,344999,1,1289.75,98027,90319,-0.8677207867335133,0
2023-07-28 11:03:59,1285.25,344999,1,1289.75,98054,90406,-0.8677207867335133,0
2023-07-28 11:03:59,1285.25,344999,1,1289.75,98254,90416,-0.8677207867335133,0
2023-07-28 11:03:59,1285.25,344999,1,1289.75,98254,90416,-0.8677207867335133,0
2023-07-28 11:03:59,1285.25,344999,1,1289.75,98254,90426,-0.8677207867335133,0
2023-07-28 11:03:59,1285.25,344999,1,1289.75,98182,90420,-0.8677207867335133,0
2023-07-28 11:03:59,1285.25,344999,1,1289.75,98020,90460,-0.8677207867335133,0
2023-07-28 11:04:10,1285.1,345003,1,1289.75,98019,90456,-0.8792903972233005,0
2023-07-28 11:04:11,1284.8,345013,1,1289.75,97841,90503,-0.9024296182028574,0
2023-07-28 11:04:13,1284.6,345146,72,1289.74,97647,90742,-0.9178557655225678,0
2023-07-28 11:04:14,1284.8,345166,3,1289.74,97672,90644,-0.9024296182028574,0
2023-07-28 11:04:14,1284.8,345166,3,1289.74,97672,90638,-0.9024296182028574,0
2023-07-28 11:04:14,1284.8,345166,3,1289.74,97672,90677,-0.9024296182028574,0
2023-07-28 11:04:20,1284.55,345175,7,1289.74,98704,90798,-0.921712302352491,0
2023-07-28 11:04:20,1284.55,345175,31,1289.74,98704,90798,-0.921712302352491,0
2023-07-28 11:04:21,1284.55,345724,31,1289.73,98940,90283,-0.921712302352491,0
2023-07-28 11:04:21,1285.1,345724,2,1289.73,98940,90283,-0.8792903972233005,0
2023-07-28 11:04:21,1285.1,345749,2,1289.73,99008,90241,-0.8792903972233005,0
2023-07-28 11:04:23,1285.1,345751,1,1289.73,98359,90358,-0.8792903972233005,0
2023-07-28 11:04:24,1285.1,345752,1,1289.73,98372,90417,-0.8792903972233005,0
2023-07-28 11:04:25,1285.1,345756,3,1289.73,97632,90410,-0.8792903972233005,0
2023-07-28 11:04:25,1285.1,345756,3,1289.73,98403,90410,-0.8792903972233005,0
2023-07-28 11:04:25,1285.1,345756,3,1289.73,98369,90410,-0.8792903972233005,0
2023-07-28 11:04:25,1285.1,345756,3,1289.73,98368,90473,-0.8792903972233005,0
2023-07-28 11:04:25,1285.1,345756,3,1289.73,98368,90470,-0.8792903972233005,0
2023-07-28 11:04:33,1285.1,346281,21,1289.73,98988,90065,-0.8792903972233005,0
2023-07-28 11:04:33,1285.1,346281,12,1289.73,98988,90065,-0.8792903972233005,0
2023-07-28 11:04:33,1285.1,346372,12,1289.73,98975,90465,-0.8792903972233005,0
2023-07-28 11:04:33,1285.1,346372,2,1289.73,98975,90465,-0.8792903972233005,0
2023-07-28 11:04:34,1285.1,346374,2,1289.73,98982,90463,-0.8792903972233005,0
2023-07-28 11:04:34,1285.1,346374,2,1289.73,98905,90463,-0.8792903972233005,0
2023-07-28 11:04:34,1285.1,346374,2,1289.73,98131,90485,-0.8792903972233005,0
2023-07-28 11:04:34,1285.1,346374,2,1289.73,98209,90506,-0.8792903972233005,0
2023-07-28 11:04:34,1284.9,346374,2,1289.73,98211,90611,-0.8947165445429933,0
2023-07-28 11:04:40,1284.9,346376,2,1289.73,98348,90623,-0.8947165445429933,0
2023-07-28 11:04:40,1284.9,346376,32,1289.73,98350,90618,-0.8947165445429933,0
2023-07-28 11:04:42,1284.9,346533,17,1289.72,98565,90503,-0.8947165445429933,0
2023-07-28 11:04:43,1285.1,346536,3,1289.72,98569,90500,-0.8792903972233005,0
2023-07-28 11:04:43,1285.1,346536,3,1289.72,98660,90330,-0.8792903972233005,0
2023-07-28 11:04:43,1285.1,346536,3,1289.72,98661,90511,-0.8792903972233005,0
2023-07-28 11:04:43,1284.9,346536,100,1289.72,98661,90511,-0.8947165445429933,0
2023-07-28 11:04:47,1285.1,346640,16,1289.72,98572,90566,-0.8792903972233005,0
2023-07-28 11:04:48,1285.1,346706,50,1289.72,98646,90510,-0.8792903972233005,0
2023-07-28 11:04:48,1285.1,346706,1,1289.72,98646,90510,-0.8792903972233005,0
2023-07-28 11:04:49,1285.1,346775,1,1289.72,98109,90617,-0.8792903972233005,0
2023-07-28 11:04:50,1285.1,346776,1,1289.72,98141,90598,-0.8792903972233005,0
2023-07-28 11:04:50,1285.1,346776,1,1289.72,98211,90598,-0.8792903972233005,0
2023-07-28 11:04:55,1285.1,346779,3,1289.72,98252,90595,-0.8792903972233005,0
2023-07-28 11:04:55,1285.1,346780,1,1289.72,98252,90579,-0.8792903972233005,0
2023-07-28 11:04:55,1285.1,346780,1,1289.72,98352,90579,-0.8792903972233005,0
2023-07-28 11:04:55,1285.1,346780,1,1289.72,98463,90452,-0.8792903972233005,0
2023-07-28 11:04:55,1285.1,346780,1,1289.72,98548,90539,-0.8792903972233005,0
2023-07-28 11:04:55,1285.1,346780,1,1289.72,98548,90539,-0.8792903972233005,0
2023-07-28 11:04:55,1285.1,346780,1,1289.72,98548,90539,-0.8792903972233005,0
2023-07-28 11:04:55,1285.1,346780,1,1289.72,98463,90592,-0.8792903972233005,0
2023-07-28 11:04:55,1285.1,346780,1,1289.72,98463,90602,-0.8792903972233005,0
2023-07-28 11:04:55,1285.1,346780,1,1289.72,98402,90647,-0.8792903972233005,0
2023-07-28 11:04:55,1285.1,346780,1,1289.72,98407,90651,-0.8792903972233005,0
2023-07-28 11:04:55,1285.0,346780,100,1289.72,98407,90651,-0.8870034708831469,0
2023-07-28 11:04:55,1284.85,346780,15,1289.72,98407,90651,-0.8985730813729341,0
2023-07-28 11:05:10,1284.85,346897,3,1289.72,98001,90673,-0.8985730813729341,0
2023-07-28 11:05:10,1284.5,346897,2,1289.72,98001,90673,-0.9255688391824142,0
2023-07-28 11:05:14,1284.5,346922,3,1289.72,100189,90778,-0.9255688391824142,0
2023-07-28 11:05:14,1284.5,346922,12,1289.72,100189,90778,-0.9255688391824142,0
2023-07-28 11:05:14,1284.5,346922,1,1289.72,100189,90778,-0.9255688391824142,0
2023-07-28 11:05:14,1284.5,346922,13,1289.72,100189,90778,-0.9255688391824142,0
2023-07-28 11:05:18,1284.5,347018,2,1289.72,100637,90718,-0.9255688391824142,0
2023-07-28 11:05:18,1284.4,347018,2,1289.72,100637,90718,-0.9332819128422606,0
2023-07-28 11:05:18,1284.4,347018,1,1289.72,100637,90718,-0.9332819128422606,0
2023-07-28 11:05:22,1284.4,347551,40,1289.71,99090,90310,-0.9332819128422606,0
2023-07-28 11:05:22,1284.4,347551,40,1289.71,99090,90310,-0.9332819128422606,0
2023-07-28 11:05:22,1284.4,347551,40,1289.71,99090,90310,-0.9332819128422606,0
2023-07-28 11:05:22,1284.4,347551,40,1289.71,99090,90310,-0.9332819128422606,0
2023-07-28 11:05:22,1285.15,347551,2,1289.71,99090,90310,-0.8754338603933597,0
2023-07-28 11:05:22,1285.15,347551,2,1289.71,99090,90310,-0.8754338603933597,0
2023-07-28 11:05:22,1285.15,347551,2,1289.71,99090,90310,-0.8754338603933597,0
2023-07-28 11:05:22,1285.15,347551,2,1289.71,99090,90310,-0.8754338603933597,0
2023-07-28 11:05:22,1285.1,347551,7,1289.71,99090,90310,-0.8792903972233005,0
2023-07-28 11:05:22,1285.15,347551,6,1289.71,99090,90310,-0.8754338603933597,0
2023-07-28 11:05:22,1285.1,347551,3,1289.71,99090,90310,-0.8792903972233005,0
2023-07-28 11:05:22,1285.1,347551,13,1289.71,99090,90310,-0.8792903972233005,0
2023-07-28 11:05:31,1285.1,347757,60,1289.71,98722,90591,-0.8792903972233005,0
2023-07-28 11:05:31,1285.1,347757,32,1289.71,98722,90591,-0.8792903972233005,0
2023-07-28 11:05:31,1285.1,347757,67,1289.71,98722,90591,-0.8792903972233005,0
2023-07-28 11:05:31,1285.15,347757,12,1289.71,98722,90591,-0.8754338603933597,0
2023-07-28 11:05:31,1285.15,347757,10,1289.71,98722,90591,-0.8754338603933597,0
2023-07-28 11:05:40,1284.5,349031,16,1289.69,97918,90704,-0.9255688391824142,0
2023-07-28 11:05:40,1285.1,349031,4,1289.69,97918,90704,-0.8792903972233005,0
2023-07-28 11:05:40,1285.1,349035,4,1289.69,98028,90852,-0.8792903972233005,0
2023-07-28 11:05:40,1285.1,349035,1,1289.69,98028,90852,-0.8792903972233005,0
2023-07-28 11:05:45,1285.1,349036,1,1289.69,98028,90866,-0.8792903972233005,0
2023-07-28 11:05:45,1285.1,349036,1,1289.69,98215,90739,-0.8792903972233005,0
2023-07-28 11:05:45,1285.1,349036,3,1289.69,98215,90739,-0.8792903972233005,0
2023-07-28 11:05:45,1285.1,349036,1,1289.69,98215,90739,-0.8792903972233005,0
2023-07-28 11:05:57,1285.1,349040,1,1289.69,98140,90776,-0.8792903972233005,0
2023-07-28 11:05:57,1285.1,349040,1,1289.69,98336,90838,-0.8792903972233005,0
2023-07-28 11:05:57,1285.1,349040,1,1289.69,98253,90924,-0.8792903972233005,0
2023-07-28 11:05:57,1284.8,349040,2,1289.69,98253,90924,-0.9024296182028574,0
2023-07-28 11:06:10,1284.8,349292,6,1289.69,98048,91087,-0.9024296182028574,0
2023-07-28 11:06:10,1284.8,349292,6,1289.69,98048,91087,-0.9024296182028574,0
2023-07-28 11:06:10,1284.8,349292,51,1289.69,98048,91087,-0.9024296182028574,0
2023-07-28 11:06:14,1284.8,349779,51,1289.68,97959,90063,-0.9024296182028574,0
2023-07-28 11:06:14,1285.0,349779,24,1289.68,97959,90063,-0.8870034708831469,0
2023-07-28 11:06:14,1284.95,349779,12,1289.68,97959,90063,-0.8908600077130702,0
2023-07-28 11:06:14,1284.95,349779,29,1289.68,97959,90063,-0.8908600077130702,0
2023-07-28 11:06:19,1285.05,349894,1,1289.68,98244,90011,-0.8831469340532238,0
2023-07-28 11:06:19,1284.95,349894,2,1289.68,98244,90011,-0.8908600077130702,0
2023-07-28 11:06:19,1285.05,349894,1,1289.68,98244,90011,-0.8831469340532238,0
2023-07-28 11:06:19,1285.05,349894,7,1289.68,98244,90011,-0.8831469340532238,0
2023-07-28 11:06:19,1285.05,349894,3,1289.68,98244,90011,-0.8831469340532238,0
2023-07-28 11:06:19,1284.95,349894,55,1289.68,98244,90011,-0.8908600077130702,0
2023-07-28 11:06:19,1285.05,349894,3,1289.68,98244,90011,-0.8831469340532238,0
2023-07-28 11:06:28,1285.05,349974,3,1289.68,97498,89935,-0.8831469340532238,0
2023-07-28 11:06:28,1285.05,349974,3,1289.68,98273,89922,-0.8831469340532238,0
2023-07-28 11:06:37,1285.0,349999,25,1289.68,98326,89951,-0.8870034708831469,0
2023-07-28 11:06:37,1284.95,349999,1,1289.68,98326,89951,-0.8908600077130702,0
2023-07-28 11:06:37,1285.0,349999,10,1289.68,98326,89951,-0.8870034708831469,0
2023-07-28 11:06:37,1285.0,349999,170,1289.68,98326,89951,-0.8870034708831469,0
2023-07-28 11:06:41,1285.0,350185,9,1289.67,98406,89926,-0.8870034708831469,0
2023-07-28 11:06:41,1285.0,350185,17,1289.67,98406,89926,-0.8870034708831469,0
2023-07-28 11:06:41,1284.95,350185,22,1289.67,98406,89926,-0.8908600077130702,0
2023-07-28 11:06:41,1285.0,350185,57,1289.67,98406,89926,-0.8870034708831469,0
2023-07-28 11:06:45,1285.05,350579,6,1289.67,98412,89872,-0.8831469340532238,0
2023-07-28 11:06:50,1285.05,350599,1,1289.67,98420,89838,-0.8831469340532238,0
2023-07-28 11:06:50,1285.05,350599,1,1289.67,98420,89838,-0.8831469340532238,0
2023-07-28 11:06:54,1285.05,350601,3,1289.67,98388,89848,-0.8831469340532238,0
2023-07-28 11:06:55,1285.05,350604,3,1289.67,98666,89845,-0.8831469340532238,0
2023-07-28 11:06:55,1285.05,350604,7,1289.67,98666,89845,-0.8831469340532238,0
2023-07-28 11:06:55,1285.05,350604,3,1289.67,98666,89845,-0.8831469340532238,0
2023-07-28 11:07:03,1285.05,350820,95,1289.66,98733,89771,-0.8831469340532238,0
2023-07-28 11:07:03,1285.2,350820,11,1289.66,98733,89771,-0.8715773235634365,0
2023-07-28 11:07:04,1285.2,350831,11,1289.66,98744,89732,-0.8715773235634365,0
2023-07-28 11:07:04,1285.05,350831,2,1289.66,98744,89732,-0.8831469340532238,0
2023-07-28 11:07:04,1285.2,350831,2,1289.66,98744,89732,-0.8715773235634365,0
2023-07-28 11:07:10,1285.2,350835,2,1289.66,98794,89720,-0.8715773235634365,0
2023-07-28 11:07:10,1285.2,350835,1,1289.66,98558,89754,-0.8715773235634365,0
2023-07-28 11:07:18,1285.2,350836,1,1289.66,98622,89474,-0.8715773235634365,0
2023-07-28 11:07:18,1285.2,350836,56,1289.66,98622,89474,-0.8715773235634365,0
2023-07-28 11:07:25,1285.6,350932,13,1289.66,98619,89414,-0.8407250289240332,0
2023-07-28 11:07:25,1285.6,350932,13,1289.66,98619,89414,-0.8407250289240332,0
2023-07-28 11:07:25,1285.75,350932,7,1289.66,98619,89414,-0.829155418434246,0
2023-07-28 11:07:27,1285.75,351039,7,1289.66,98793,89444,-0.829155418434246,0
2023-07-28 11:07:27,1285.75,351039,7,1289.66,98726,89467,-0.829155418434246,0
2023-07-28 11:07:27,1285.7,351039,4,1289.66,98726,89467,-0.8330119552641693,0
2023-07-28 11:07:36,1285.7,351043,4,1289.66,98800,89272,-0.8330119552641693,0
2023-07-28 11:07:36,1285.7,351043,8,1289.66,98800,89272,-0.8330119552641693,0
2023-07-28 11:07:36,1285.6,351043,2,1289.66,98800,89272,-0.8407250289240332,0
2023-07-28 11:07:40,1285.6,351065,2,1289.66,98801,89241,-0.8407250289240332,0
2023-07-28 11:07:40,1285.6,351065,15,1289.66,98801,89241,-0.8407250289240332,0
2023-07-28 11:07:40,1285.5,351065,11,1289.66,98801,89241,-0.8484381025838796,0
2023-07-28 11:07:40,1286.05,351065,5,1289.66,98801,89241,-0.8060161974546892,0
2023-07-28 11:07:45,1286.05,351712,5,1289.65,98592,88490,-0.8060161974546892,0
2023-07-28 11:07:45,1286.4,351712,15,1289.65,98592,88490,-0.7790204396451916,0
2023-07-28 11:07:50,1286.4,351727,15,1289.65,98660,89440,-0.7790204396451916,0
2023-07-28 11:07:55,1286.4,351731,4,1289.65,98491,89413,-0.7790204396451916,0
2023-07-28 11:07:55,1286.5,351731,13,1289.65,98491,89413,-0.7713073659853451,0
2023-07-28 11:07:55,1286.4,351731,1,1289.65,98491,89413,-0.7790204396451916,0
2023-07-28 11:08:00,1286.4,351794,1,1289.65,98776,89786,-0.7790204396451916,0
2023-07-28 11:08:00,1285.85,351794,11,1289.65,98776,89786,-0.8214423447743996,0
2023-07-28 11:08:04,1285.85,351805,11,1289.65,98766,89907,-0.8214423447743996,0
2023-07-28 11:08:04,1286.4,351805,1,1289.65,98766,89907,-0.7790204396451916,0
2023-07-28 11:08:06,1286.4,351806,1,1289.65,98468,89673,-0.7790204396451916,0
2023-07-28 11:08:06,1286.4,351806,1,1289.65,98330,89594,-0.7790204396451916,0
2023-07-28 11:08:06,1286.4,351806,1,1289.65,98440,89675,-0.7790204396451916,0
2023-07-28 11:08:06,1286.4,351806,1,1289.65,98694,89640,-0.7790204396451916,0
2023-07-28 11:08:06,1286.15,351806,2,1289.65,98694,89640,-0.7983031237948253,0
2023-07-28 11:08:10,1286.15,351808,2,1289.65,98794,89624,-0.7983031237948253,0
2023-07-28 11:08:12,1285.85,351860,9,1289.65,98553,89570,-0.8214423447743996,0
2023-07-28 11:08:12,1285.85,351860,9,1289.65,98553,89570,-0.8214423447743996,0
2023-07-28 11:08:13,1285.85,351887,1,1289.65,98488,89728,-0.8214423447743996,0
2023-07-28 11:08:13,1285.85,351887,1,1289.65,98488,89728,-0.8214423447743996,0
2023-07-28 11:08:13,1285.85,351887,1,1289.65,98545,89709,-0.8214423447743996,0
2023-07-28 11:08:13,1285.85,351887,1,1289.65,98684,89711,-0.8214423447743996,0
2023-07-28 11:08:13,1285.85,351887,1,1289.65,98730,89711,-0.8214423447743996,0
2023-07-28 11:08:13,1285.85,351887,1,1289.65,98287,89777,-0.8214423447743996,0
2023-07-28 11:08:13,1285.85,351887,1,1289.65,98609,89699,-0.8214423447743996,0
2023-07-28 11:08:13,1285.85,351887,1,1289.65,98606,89871,-0.8214423447743996,0
2023-07-28 11:08:13,1285.85,351887,1,1289.65,98969,89852,-0.8214423447743996,0
2023-07-28 11:08:13,1285.85,351887,1,1289.65,98540,89926,-0.8214423447743996,0
2023-07-28 11:08:13,1285.85,351887,1,1289.65,98758,89724,-0.8214423447743996,0
2023-07-28 11:08:13,1285.85,351887,1,1289.65,98758,89724,-0.8214423447743996,0
2023-07-28 11:08:13,1285.85,351887,1,1289.65,98751,89734,-0.8214423447743996,0
2023-07-28 11:08:13,1285.85,351887,1,1289.65,98751,89734,-0.8214423447743996,0
2023-07-28 11:08:25,1286.35,351890,3,1289.65,98606,89805,-0.7828769764751323,0
2023-07-28 11:08:25,1286.35,351890,3,1289.65,98769,89764,-0.7828769764751323,0
2023-07-28 11:08:25,1286.35,351890,3,1289.65,98769,89764,-0.7828769764751323,0
2023-07-28 11:08:25,1286.35,351890,3,1289.65,98724,89871,-0.7828769764751323,0
2023-07-28 11:08:25,1286.35,351890,3,1289.65,98724,89871,-0.7828769764751323,0
2023-07-28 11:08:25,1286.35,351890,3,1289.65,98501,89837,-0.7828769764751323,0
2023-07-28 11:08:25,1286.35,351890,3,1289.65,98431,89937,-0.7828769764751323,0
2023-07-28 11:08:25,1286.35,351890,2,1289.65,98431,89937,-0.7828769764751323,0
2023-07-28 11:08:30,1286.35,351926,2,1289.65,98855,89646,-0.7828769764751323,0
2023-07-28 11:08:30,1286.35,351926,2,1289.65,98930,89685,-0.7828769764751323,0
2023-07-28 11:08:32,1286.4,352027,19,1289.65,98886,89653,-0.7790204396451916,0
2023-07-28 11:08:32,1286.4,352027,19,1289.65,98721,89581,-0.7790204396451916,0
2023-07-28 11:08:32,1285.7,352027,1,1289.65,98837,89515,-0.8330119552641693,0
2023-07-28 11:08:35,1285.7,352114,1,1289.65,98735,89833,-0.8330119552641693,0
2023-07-28 11:08:35,1285.7,352114,1,1289.65,98757,89826,-0.8330119552641693,0
2023-07-28 11:08:38,1286.65,352604,7,1289.65,98742,89291,-0.759737755495558,0
2023-07-28 11:08:38,1286.65,352604,7,1289.65,98742,89291,-0.759737755495558,0
2023-07-28 11:08:38,1286.65,352604,7,1289.65,98687,89698,-0.759737755495558,0
2023-07-28 11:08:40,1286.5,352606,1,1289.65,98252,90066,-0.7713073659853451,0
2023-07-28 11:08:40,1286.5,352606,1,1289.65,98678,89844,-0.7713073659853451,0
2023-07-28 11:08:40,1286.5,352606,1,1289.65,98678,90003,-0.7713073659853451,0
2023-07-28 11:08:40,1286.5,352606,1,1289.65,98527,90030,-0.7713073659853451,0
2023-07-28 11:08:40,1286.75,352606,18,1289.65,98527,90030,-0.7520246818357116,0
2023-07-28 11:08:44,1286.75,352906,18,1289.64,98602,89821,-0.7520246818357116,0
2023-07-28 11:08:47,1286.5,352957,3,1289.64,99301,89983,-0.7713073659853451,0
2023-07-28 11:08:47,1286.5,352957,3,1289.64,99326,90090,-0.7713073659853451,0
2023-07-28 11:08:47,1286.5,352957,3,1289.64,99411,90098,-0.7713073659853451,0
2023-07-28 11:08:47,1286.5,352957,3,1289.64,99417,90105,-0.7713073659853451,0
2023-07-28 11:08:47,1286.5,352957,3,1289.64,99417,90098,-0.7713073659853451,0
2023-07-28 11:08:47,1286.5,352957,3,1289.64,99437,90193,-0.7713073659853451,0
2023-07-28 11:08:47,1286.5,352957,3,1289.64,99427,90079,-0.7713073659853451,0
2023-07-28 11:08:47,1286.5,352957,3,1289.64,99325,90110,-0.7713073659853451,0
2023-07-28 11:08:55,1286.5,352960,3,1289.64,99370,90109,-0.7713073659853451,0
2023-07-28 11:08:55,1286.5,352960,10,1289.64,99370,90109,-0.7713073659853451,0
2023-07-28 11:08:56,1286.5,352970,10,1289.64,99370,90110,-0.7713073659853451,0
2023-07-28 11:08:56,1286.5,352970,10,1289.64,99317,90046,-0.7713073659853451,0
2023-07-28 11:08:56,1286.05,352970,51,1289.64,99317,90046,-0.8060161974546892,0
2023-07-28 11:08:59,1286.05,353021,51,1289.64,99274,90005,-0.8060161974546892,0
2023-07-28 11:08:59,1286.05,353021,51,1289.64,99249,90193,-0.8060161974546892,0
2023-07-28 11:08:59,1286.05,353021,51,1289.64,99327,89942,-0.8060161974546892,0
2023-07-28 11:08:59,1286.05,353021,51,1289.64,99327,90073,-0.8060161974546892,0
2023-07-28 11:08:59,1286.05,353021,51,1289.64,99327,90055,-0.8060161974546892,0
2023-07-28 11:08:59,1286.45,353021,4,1289.64,99327,90055,-0.7751639028152684,0
2023-07-28 11:09:04,1286.45,353031,4,1289.64,99398,90066,-0.7751639028152684,0
2023-07-28 11:09:04,1286.45,353031,4,1289.64,99389,90054,-0.7751639028152684,0
2023-07-28 11:09:04,1286.45,353031,4,1289.64,97889,90069,-0.7751639028152684,0
2023-07-28 11:09:04,1286.45,353031,4,1289.64,99266,90056,-0.7751639028152684,0
2023-07-28 11:09:04,1286.45,353031,4,1289.64,99310,90087,-0.7751639028152684,0
2023-07-28 11:09:10,1286.25,353034,3,1289.64,99355,90098,-0.7905900501349787,0
2023-07-28 11:09:11,1286.25,353054,10,1289.64,99076,90279,-0.7905900501349787,0
2023-07-28 11:09:13,1285.95,353113,42,1289.64,99139,90279,-0.8137292711145356,0
2023-07-28 11:09:13,1285.95,353140,27,1289.64,99250,90580,-0.8137292711145356,0
2023-07-28 11:09:13,1285.95,353140,27,1289.64,99437,90323,-0.8137292711145356,0
2023-07-28 11:09:13,1285.95,353140,27,1289.64,99437,90477,-0.8137292711145356,0
2023-07-28 11:09:13,1285.95,353140,27,1289.64,99437,90477,-0.8137292711145356,0
2023-07-28 11:09:13,1285.95,353140,27,1289.64,99438,90477,-0.8137292711145356,0
2023-07-28 11:09:20,1285.65,353151,2,1289.64,99267,90841,-0.8368684920940925,0
2023-07-28 11:09:20,1285.5,353273,4,1289.64,98979,91010,-0.8484381025838796,0
2023-07-28 11:09:20,1285.5,353273,4,1289.64,99012,90939,-0.8484381025838796,0
2023-07-28 11:09:20,1285.5,353273,4,1289.64,99058,90861,-0.8484381025838796,0
2023-07-28 11:09:20,1285.5,353273,3,1289.64,99058,90861,-0.8484381025838796,0
2023-07-28 11:09:24,1285.5,353287,1,1289.64,98945,91000,-0.8484381025838796,0
2023-07-28 11:09:24,1285.5,353287,1,1289.64,98805,90472,-0.8484381025838796,0
2023-07-28 11:09:24,1285.5,353287,1,1289.64,98840,90479,-0.8484381025838796,0
2023-07-28 11:09:24,1285.5,353287,1,1289.64,98698,90526,-0.8484381025838796,0
2023-07-28 11:09:24,1285.5,353287,1,1289.64,98789,90477,-0.8484381025838796,0
2023-07-28 11:09:24,1285.5,353287,1,1289.64,98781,90521,-0.8484381025838796,0
2023-07-28 11:09:24,1285.5,353287,1,1289.64,98802,90518,-0.8484381025838796,0
2023-07-28 11:09:24,1285.5,353287,1,1289.64,98865,90535,-0.8484381025838796,0
2023-07-28 11:09:24,1285.5,353287,1,1289.64,98792,90537,-0.8484381025838796,0
2023-07-28 11:09:24,1285.5,353287,1,1289.64,98735,90532,-0.8484381025838796,0
2023-07-28 11:09:24,1285.5,353287,1,1289.64,98735,90532,-0.8484381025838796,0
2023-07-28 11:09:37,1285.5,353318,1,1289.64,98949,90521,-0.8484381025838796,0
2023-07-28 11:09:37,1285.5,353318,1,1289.64,99073,90507,-0.8484381025838796,0
2023-07-28 11:09:37,1285.1,353318,6,1289.64,99386,90418,-0.8792903972233005,0
2023-07-28 11:09:40,1285.3,353374,2,1289.64,98968,90440,-0.8638642499035901,0
2023-07-28 11:09:40,1285.3,353374,2,1289.64,98968,90440,-0.8638642499035901,0
2023-07-28 11:09:41,1285.3,353385,1,1289.64,99737,90473,-0.8638642499035901,0
2023-07-28 11:09:41,1285.3,353386,1,1289.64,99769,90481,-0.8638642499035901,0
2023-07-28 11:09:41,1285.3,353386,1,1289.64,99048,90508,-0.8638642499035901,0
2023-07-28 11:09:44,1285.05,353395,9,1289.64,99535,90542,-0.8831469340532238,0
2023-07-28 11:09:44,1285.5,353395,9,1289.64,99535,90542,-0.8484381025838796,0
2023-07-28 11:09:45,1285.5,353591,1,1289.64,99931,90320,-0.8484381025838796,0
2023-07-28 11:09:45,1285.5,353592,1,1289.64,101018,90175,-0.8484381025838796,0
2023-07-28 11:09:45,1285.5,353592,1,1289.64,101018,90222,-0.8484381025838796,0
2023-07-28 11:09:45,1285.5,353592,1,1289.64,101038,90222,-0.8484381025838796,0
2023-07-28 11:09:45,1285.5,353592,1,1289.64,101039,90222,-0.8484381025838796,0
2023-07-28 11:09:45,1285.5,353592,7,1289.64,101039,90222,-0.8484381025838796,0
2023-07-28 11:09:51,1285.5,353599,7,1289.64,101047,90169,-0.8484381025838796,0
2023-07-28 11:09:51,1285.5,353599,7,1289.64,101047,90130,-0.8484381025838796,0
2023-07-28 11:09:51,1285.5,353599,7,1289.64,101047,90169,-0.8484381025838796,0
2023-07-28 11:09:51,1285.5,353599,1,1289.64,101047,90169,-0.8484381025838796,0
2023-07-28 11:09:55,1285.5,353627,27,1289.64,100744,89731,-0.8484381025838796,0
2023-07-28 11:09:55,1285.5,353627,27,1289.64,100744,89731,-0.8484381025838796,0
2023-07-28 11:09:55,1285.5,353627,27,1289.64,100809,89642,-0.8484381025838796,0
2023-07-28 11:09:55,1285.5,353627,27,1289.64,100809,89642,-0.8484381025838796,0
2023-07-28 11:09:55,1285.5,353627,27,1289.64,100781,89642,-0.8484381025838796,0
2023-07-28 11:09:55,1285.95,353627,3,1289.64,100781,89642,-0.8137292711145356,0
2023-07-28 11:10:00,1285.95,353630,3,1289.64,100734,89686,-0.8137292711145356,0
2023-07-28 11:10:00,1285.95,353630,3,1289.64,101078,89692,-0.8137292711145356,0
2023-07-28 11:10:00,1285.95,353630,3,1289.64,101064,89692,-0.8137292711145356,0
2023-07-28 11:10:00,1285.95,353630,2,1289.64,101064,89692,-0.8137292711145356,0
2023-07-28 11:10:05,1285.95,353632,2,1289.64,101065,89699,-0.8137292711145356,0
2023-07-28 11:10:05,1285.95,353632,2,1289.64,101065,89699,-0.8137292711145356,0
2023-07-28 11:10:05,1285.95,353632,2,1289.64,101065,89677,-0.8137292711145356,0
2023-07-28 11:10:05,1285.8,353632,2,1289.64,101014,89707,-0.8252988816043229,0
2023-07-28 11:10:10,1285.8,353634,2,1289.64,101013,89705,-0.8252988816043229,0
2023-07-28 11:10:14,1285.65,353645,4,1289.64,101672,89785,-0.8368684920940925,0
2023-07-28 11:10:14,1285.65,353645,4,1289.64,101672,89806,-0.8368684920940925,0
2023-07-28 11:10:14,1285.65,353645,11,1289.64,101672,89806,-0.8368684920940925,0
2023-07-28 11:10:15,1285.65,353668,11,1289.64,101045,89825,-0.8368684920940925,0
2023-07-28 11:10:17,1286.2,353692,10,1289.64,100695,89219,-0.794446586964902,0
2023-07-28 11:10:17,1286.4,353692,77,1289.64,99945,89219,-0.7790204396451916,0
2023-07-28 11:10:17,1285.8,353692,8,1289.64,99945,89219,-0.8252988816043229,0
2023-07-28 11:10:18,1285.8,353781,8,1289.63,100151,89637,-0.8252988816043229,0
2023-07-28 11:10:18,1286.75,353781,1,1289.63,100151,89637,-0.7520246818357116,0
2023-07-28 11:10:20,1286.65,354306,2,1289.63,99789,89362,-0.759737755495558,0
2023-07-28 11:10:22,1286.95,354655,21,1289.63,100233,88612,-0.7365985345160011,0
2023-07-28 11:10:22,1286.95,354655,7,1289.63,100233,88612,-0.7365985345160011,0
2023-07-28 11:10:24,1286.95,354662,7,1289.63,100228,88801,-0.7365985345160011,0
2023-07-28 11:10:24,1286.95,354662,7,1289.63,100198,88950,-0.7365985345160011,0
2023-07-28 11:10:24,1286.95,354662,7,1289.63,100198,88950,-0.7365985345160011,0
2023-07-28 11:10:24,1286.95,354662,7,1289.63,100173,88950,-0.7365985345160011,0
2023-07-28 11:10:24,1286.95,354662,7,1289.63,99976,89068,-0.7365985345160011,0
2023-07-28 11:10:24,1286.95,354662,7,1289.63,99977,89080,-0.7365985345160011,0
2023-07-28 11:10:24,1286.95,354662,7,1289.63,99977,89080,-0.7365985345160011,0
2023-07-28 11:10:24,1286.95,354662,7,1289.63,99977,89080,-0.7365985345160011,0
2023-07-28 11:10:24,1286.95,354662,7,1289.63,99948,89080,-0.7365985345160011,0
2023-07-28 11:10:24,1286.95,354662,7,1289.63,99861,89080,-0.7365985345160011,0
2023-07-28 11:10:38,1286.95,354682,8,1289.63,99920,89052,-0.7365985345160011,0
2023-07-28 11:10:39,1286.75,354703,21,1289.63,99676,89037,-0.7520246818357116,0
2023-07-28 11:10:40,1286.75,354713,10,1289.63,99833,88894,-0.7520246818357116,0
2023-07-28 11:10:40,1286.75,354713,10,1289.63,99611,89068,-0.7520246818357116,0
2023-07-28 11:10:43,1286.5,354754,1,1289.63,99144,91108,-0.7713073659853451,0
2023-07-28 11:10:43,1286.6,354807,14,1289.63,99607,90581,-0.7635942923254987,0
2023-07-28 11:10:43,1286.6,354807,14,1289.63,99443,90835,-0.7635942923254987,0
2023-07-28 11:10:46,1286.7,354855,14,1289.63,99530,90741,-0.7558812186656347,0
2023-07-28 11:10:46,1286.7,354855,14,1289.63,101057,90221,-0.7558812186656347,0
2023-07-28 11:10:46,1286.7,354855,14,1289.63,100014,90294,-0.7558812186656347,0
2023-07-28 11:10:46,1286.7,354855,14,1289.63,100739,90294,-0.7558812186656347,0
2023-07-28 11:10:46,1286.7,354855,14,1289.63,100739,90294,-0.7558812186656347,0
2023-07-28 11:10:46,1286.7,354855,14,1289.63,100739,90294,-0.7558812186656347,0
2023-07-28 11:10:46,1286.7,354855,14,1289.63,100744,90344,-0.7558812186656347,0
2023-07-28 11:10:46,1286.7,354855,14,1289.63,100171,90677,-0.7558812186656347,0
2023-07-28 11:10:46,1286.7,354855,14,1289.63,100164,90677,-0.7558812186656347,0
2023-07-28 11:10:46,1286.7,354855,14,1289.63,100210,90634,-0.7558812186656347,0
2023-07-28 11:10:46,1286.7,354855,14,1289.63,100116,90724,-0.7558812186656347,0
2023-07-28 11:10:46,1286.7,354855,14,1289.63,100125,90732,-0.7558812186656347,0
2023-07-28 11:11:05,1286.65,354858,3,1289.63,100129,90729,-0.759737755495558,0
2023-07-28 11:11:08,1286.45,354860,2,1289.63,99516,91614,-0.7751639028152684,0
2023-07-28 11:11:08,1286.45,354860,2,1289.63,99132,91628,-0.7751639028152684,0
2023-07-28 11:11:10,1286.55,354861,1,1289.63,99267,91283,-0.767450829155422,0
2023-07-28 11:11:10,1286.55,354861,1,1289.63,99267,91256,-0.767450829155422,0
2023-07-28 11:11:10,1286.25,354861,9,1289.63,99267,91251,-0.7905900501349787,0
2023-07-28 11:11:13,1286.25,354870,9,1289.63,99243,91251,-0.7905900501349787,0
2023-07-28 11:11:16,1286.55,354871,1,1289.63,99243,91249,-0.767450829155422,0
2023-07-28 11:11:16,1286.55,354871,1,1289.63,99243,91249,-0.767450829155422,0
2023-07-28 11:11:16,1286.55,354871,1,1289.63,99248,91249,-0.767450829155422,0
2023-07-28 11:11:18,1286.55,354872,1,1289.63,99258,91248,-0.767450829155422,0
2023-07-28 11:11:18,1286.55,354872,1,1289.63,99259,91248,-0.767450829155422,0
2023-07-28 11:11:18,1286.55,354872,50,1289.63,99259,91248,-0.767450829155422,0
2023-07-28 11:11:22,1286.55,354922,50,1289.62,99259,91172,-0.767450829155422,0
2023-07-28 11:11:22,1286.55,354922,50,1289.62,99337,91172,-0.767450829155422,0
2023-07-28 11:11:22,1286.55,354922,50,1289.62,99337,91172,-0.767450829155422,0
2023-07-28 11:11:22,1286.55,354922,50,1289.62,99337,91172,-0.767450829155422,0
2023-07-28 11:11:25,1286.55,354925,3,1289.62,99364,91169,-0.767450829155422,0
2023-07-28 11:11:26,1286.55,354929,4,1289.62,99364,91165,-0.767450829155422,0
2023-07-28 11:11:26,1286.55,354929,4,1289.62,99364,91165,-0.767450829155422,0
2023-07-28 11:11:26,1286.55,354929,4,1289.62,99364,91165,-0.767450829155422,0
2023-07-28 11:11:26,1286.55,354929,4,1289.62,99377,91165,-0.767450829155422,0
2023-07-28 11:11:26,1286.55,354929,4,1289.62,99377,91165,-0.767450829155422,0
2023-07-28 11:11:26,1286.55,354929,4,1289.62,99377,91165,-0.767450829155422,0
2023-07-28 11:11:30,1286.25,354970,8,1289.62,98502,92012,-0.7905900501349787,0
2023-07-28 11:11:30,1286.25,354970,8,1289.62,99008,91723,-0.7905900501349787,0
2023-07-28 11:11:30,1286.25,354970,8,1289.62,98928,91716,-0.7905900501349787,0
2023-07-28 11:11:30,1286.25,354970,8,1289.62,98795,91819,-0.7905900501349787,0
2023-07-28 11:11:30,1286.25,354970,8,1289.62,98855,91769,-0.7905900501349787,0
2023-07-28 11:11:30,1286.35,354970,2,1289.62,98855,91769,-0.7828769764751323,0
2023-07-28 11:11:36,1286.35,354972,2,1289.62,98859,91767,-0.7828769764751323,0
2023-07-28 11:11:36,1286.35,354972,2,1289.62,98851,91764,-0.7828769764751323,0
2023-07-28 11:11:36,1286.35,354972,2,1289.62,98880,91709,-0.7828769764751323,0
2023-07-28 11:11:40,1286.0,355062,86,1289.62,98993,91081,-0.8098727342846124,0
2023-07-28 11:11:40,1286.0,355062,86,1289.62,99005,91081,-0.8098727342846124,0
2023-07-28 11:11:40,1286.0,355062,86,1289.62,99005,91112,-0.8098727342846124,0
2023-07-28 11:11:40,1285.65,355062,3,1289.62,99005,91113,-0.8368684920940925,0
2023-07-28 11:11:44,1285.65,355065,3,1289.62,99002,91116,-0.8368684920940925,0
2023-07-28 11:11:44,1285.65,355065,3,1289.62,99054,91142,-0.8368684920940925,0
2023-07-28 11:11:44,1285.65,355065,3,1289.62,99055,91142,-0.8368684920940925,0
2023-07-28 11:11:44,1285.65,355065,3,1289.62,99055,91148,-0.8368684920940925,0
2023-07-28 11:11:44,1285.65,355065,3,1289.62,99056,91117,-0.8368684920940925,0
2023-07-28 11:11:44,1285.65,355065,3,1289.62,99056,91117,-0.8368684920940925,0
2023-07-28 11:11:44,1285.55,355065,18,1289.62,99056,91117,-0.8445815657539565,0
2023-07-28 11:11:51,1285.55,355119,18,1289.62,98930,91218,-0.8445815657539565,0
2023-07-28 11:11:51,1285.55,355119,18,1289.62,99753,91196,-0.8445815657539565,0
2023-07-28 11:11:51,1286.0,355119,5,1289.62,99753,91196,-0.8098727342846124,0
2023-07-28 11:11:55,1285.65,355167,18,1289.62,99884,91038,-0.8368684920940925,0
2023-07-28 11:11:55,1285.65,355187,18,1289.62,99851,91051,-0.8368684920940925,0
2023-07-28 11:11:55,1285.65,355187,18,1289.62,99851,91051,-0.8368684920940925,0
2023-07-28 11:11:55,1286.0,355187,1,1289.62,99851,91051,-0.8098727342846124,0
2023-07-28 11:12:00,1286.0,355188,1,1289.62,99851,91053,-0.8098727342846124,0
2023-07-28 11:12:00,1286.0,355188,1,1289.62,99929,90969,-0.8098727342846124,0
2023-07-28 11:12:05,1286.0,355198,1,1289.62,100019,90971,-0.8098727342846124,0
