2023-07-28 10:49:30,618.6,3417705,15,617.54,784790,1427344,0.33249533695565137,0
2023-07-28 10:49:27,618.5,3416869,218,617.54,785468,1425359,0.3162760522261042,0
2023-07-28 10:49:30,618.6,3417723,18,617.54,784530,1428058,0.33249533695565137,0
2023-07-28 10:49:31,618.45,3418024,199,617.54,783726,1424757,0.30816640986133986,0
2023-07-28 10:49:32,618.6,3418027,1,617.54,784660,1426742,0.33249533695565137,0
2023-07-28 10:49:33,618.6,3418152,5,617.54,784372,1424260,0.33249533695565137,0
2023-07-28 10:49:34,618.7,3418184,10,617.54,784550,1427926,0.34871462168519846,0
2023-07-28 10:49:34,618.7,3418184,2,617.54,784550,1427926,0.34871462168519846,0
2023-07-28 10:49:35,618.7,3418186,2,617.54,784551,1427949,0.34871462168519846,0
2023-07-28 10:49:35,618.7,3418186,3,617.54,784321,1427950,0.34871462168519846,0
2023-07-28 10:49:37,618.7,3418199,10,617.54,784294,1427997,0.34871462168519846,0
2023-07-28 10:49:38,618.6,3418252,2,617.54,784857,1426189,0.33249533695565137,0
2023-07-28 10:49:39,618.6,3418303,50,617.54,784992,1424118,0.33249533695565137,0
2023-07-28 10:49:39,618.6,3418303,1,617.54,784992,1424118,0.33249533695565137,0
2023-07-28 10:49:39,618.75,3418303,100,617.54,784992,1424118,0.3568242640499628,0
2023-07-28 10:49:40,618.75,3419168,100,617.54,785327,1422852,0.3568242640499628,0
2023-07-28 10:49:41,618.75,3420701,1,617.54,782050,1421321,0.3568242640499628,0
2023-07-28 10:49:42,618.6,3420874,11,617.54,785573,1422815,0.33249533695565137,0
2023-07-28 10:49:42,618.6,3420874,1,617.54,785573,1422815,0.33249533695565137,0
2023-07-28 10:49:43,618.6,3420953,1,617.54,786275,1420755,0.33249533695565137,0
2023-07-28 10:49:43,618.6,3420953,3,617.54,786275,1420755,0.33249533695565137,0
2023-07-28 10:49:44,618.6,3420961,3,617.54,784861,1421664,0.33249533695565137,0
2023-07-28 10:49:46,618.8,3421640,651,617.54,784946,1421320,0.3649339064147271,0
2023-07-28 10:49:46,618.6,3421640,8,617.54,784946,1421320,0.33249533695565137,0
2023-07-28 10:49:46,618.6,3421651,1,617.54,784935,1422319,0.33249533695565137,0
2023-07-28 10:49:46,618.8,3421651,1,617.54,784935,1422319,0.3649339064147271,0
2023-07-28 10:49:47,618.6,3421866,3,617.54,785138,1422327,0.33249533695565137,0
2023-07-28 10:49:49,618.8,3421868,1,617.54,785138,1422481,0.3649339064147271,0
2023-07-28 10:49:49,618.8,3421869,1,617.54,785032,1423177,0.3649339064147271,0
2023-07-28 10:49:49,618.6,3421869,1,617.54,785032,1423177,0.33249533695565137,0
2023-07-28 10:49:50,618.6,3421870,1,617.54,784878,1423075,0.33249533695565137,0
2023-07-28 10:49:51,618.6,3421872,1,617.54,785134,1422891,0.33249533695565137,0
2023-07-28 10:49:53,618.75,3421927,1,617.54,785972,1423745,0.3568242640499628,0
2023-07-28 10:49:54,618.75,3421929,1,617.54,786046,1424638,0.3568242640499628,0
2023-07-28 10:49:54,618.8,3421929,42,617.54,786045,1424743,0.3649339064147271,0
2023-07-28 10:49:55,618.8,3422004,42,617.54,786317,1424797,0.3649339064147271,0
2023-07-28 10:49:55,618.8,3422004,1,617.54,786317,1424797,0.3649339064147271,0
2023-07-28 10:49:57,618.8,3422006,1,617.54,786267,1424780,0.3649339064147271,0
2023-07-28 10:49:57,618.8,3422006,1,617.54,786267,1424780,0.3649339064147271,0
2023-07-28 10:49:58,618.6,3422019,2,617.54,786344,1424780,0.33249533695565137,0
2023-07-28 10:49:58,618.6,3422019,1,617.54,786344,1424780,0.33249533695565137,0
2023-07-28 10:49:59,618.6,3422025,5,617.54,786393,1424883,0.33249533695565137,0
2023-07-28 10:50:00,618.8,3422029,1,617.54,786368,1424956,0.3649339064147271,0
2023-07-28 10:50:00,618.8,3422029,1,617.54,786368,1424956,0.3649339064147271,0
2023-07-28 10:50:01,618.8,3422030,1,617.54,785882,1424955,0.3649339064147271,0
2023-07-28 10:50:01,618.75,3422030,1,617.54,785882,1424955,0.3568242640499628,0
2023-07-28 10:50:02,618.75,3422033,1,617.54,786325,1423861,0.3568242640499628,0
2023-07-28 10:50:03,618.8,3422040,2,617.54,786404,1424341,0.3649339064147271,0
2023-07-28 10:50:04,618.6,3422041,1,617.54,786403,1423860,0.33249533695565137,0
2023-07-28 10:50:04,618.8,3422041,1,617.54,786403,1423860,0.3649339064147271,0
2023-07-28 10:50:06,618.6,3422047,5,617.54,786058,1423390,0.33249533695565137,0
2023-07-28 10:50:06,618.6,3422047,3,617.54,786058,1423390,0.33249533695565137,0
2023-07-28 10:50:07,618.6,3422052,3,617.54,787770,1423483,0.33249533695565137,0
2023-07-28 10:50:08,618.6,3422055,1,617.54,787918,1424060,0.33249533695565137,0
2023-07-28 10:50:10,618.6,3422056,1,617.54,787346,1423504,0.33249533695565137,0
2023-07-28 10:50:10,618.8,3422056,1,617.54,787346,1423504,0.3649339064147271,0
2023-07-28 10:50:10,618.6,3422257,1,617.54,787923,1424822,0.33249533695565137,0
2023-07-28 10:50:10,618.6,3422257,1,617.54,789837,1424955,0.33249533695565137,0
2023-07-28 10:50:13,618.55,3423114,610,617.54,789152,1425372,0.3243856945908686,0
2023-07-28 10:50:13,618.55,3423114,610,617.54,789152,1425372,0.3243856945908686,0
2023-07-28 10:50:14,618.6,3423119,5,617.54,789152,1425569,0.33249533695565137,0
2023-07-28 10:50:14,618.55,3423140,3,617.54,789132,1425570,0.3243856945908686,0
2023-07-28 10:50:15,618.6,3423247,104,617.54,788940,1425587,0.33249533695565137,0
2023-07-28 10:50:16,618.6,3423248,1,617.54,789001,1425637,0.33249533695565137,0
2023-07-28 10:50:17,618.6,3423249,1,617.54,789166,1425332,0.33249533695565137,0
2023-07-28 10:50:18,618.55,3423252,1,617.54,789163,1425340,0.3243856945908686,0
2023-07-28 10:50:19,618.55,3423256,3,617.54,789168,1425340,0.3243856945908686,0
2023-07-28 10:50:20,618.55,3423269,1,617.54,789168,1425378,0.3243856945908686,0
2023-07-28 10:50:20,618.55,3423269,1,617.54,789168,1425378,0.3243856945908686,0
2023-07-28 10:50:20,618.6,3423284,5,617.54,789385,1425862,0.33249533695565137,0
2023-07-28 10:50:22,618.55,3423337,53,617.54,789382,1425872,0.3243856945908686,0
2023-07-28 10:50:23,618.6,3423339,1,617.54,789383,1425870,0.33249533695565137,0
2023-07-28 10:50:23,618.6,3423339,1,617.54,789383,1425870,0.33249533695565137,0
2023-07-28 10:50:24,618.55,3423340,1,617.54,789294,1425886,0.3243856945908686,0
2023-07-28 10:50:24,618.55,3423340,1,617.54,789294,1425886,0.3243856945908686,0
2023-07-28 10:50:26,618.55,3423346,1,617.54,789763,1425763,0.3243856945908686,0
2023-07-28 10:50:26,618.6,3423446,100,617.54,789983,1425520,0.33249533695565137,0
2023-07-28 10:50:27,618.55,3423479,12,617.54,790620,1425692,0.3243856945908686,0
2023-07-28 10:50:27,618.55,3423479,17,617.54,790620,1425692,0.3243856945908686,0
2023-07-28 10:50:29,618.6,3423551,1,617.54,789917,1425435,0.33249533695565137,0
2023-07-28 10:50:29,618.55,3423552,1,617.54,785965,1425435,0.3243856945908686,0
2023-07-28 10:50:30,618.6,3423641,5,617.54,788703,1424890,0.33249533695565137,0
2023-07-28 10:50:30,618.7,3423641,1,617.54,788703,1424890,0.34871462168519846,0
2023-07-28 10:50:31,618.7,3423712,1,617.54,788527,1425462,0.34871462168519846,0
2023-07-28 10:50:32,618.7,3423715,1,617.54,788527,1425459,0.34871462168519846,0
2023-07-28 10:50:33,618.6,3423760,1,617.54,789091,1425458,0.33249533695565137,0
2023-07-28 10:50:34,618.6,3423891,25,617.54,788074,1425536,0.33249533695565137,0
2023-07-28 10:50:35,618.7,3423924,1,617.54,788053,1425771,0.34871462168519846,0
2023-07-28 10:50:35,618.7,3423924,1,617.54,788053,1425771,0.34871462168519846,0
2023-07-28 10:50:36,618.7,3423936,1,617.54,787064,1425790,0.34871462168519846,0
2023-07-28 10:50:36,618.6,3423936,1,617.54,787064,1425790,0.33249533695565137,0
2023-07-28 10:50:39,618.6,3423938,1,617.54,788210,1425751,0.33249533695565137,0
2023-07-28 10:50:39,618.7,3423939,1,617.54,788907,1425477,0.34871462168519846,0
2023-07-28 10:50:39,618.7,3423939,1,617.54,788907,1425477,0.34871462168519846,0
2023-07-28 10:50:40,618.7,3423940,1,617.54,788408,1425672,0.34871462168519846,0
2023-07-28 10:50:40,618.6,3423940,10,617.54,788408,1425672,0.33249533695565137,0
2023-07-28 10:50:42,618.6,3423960,1,617.54,788380,1425674,0.33249533695565137,0
2023-07-28 10:50:42,618.6,3423974,11,617.54,788804,1425834,0.33249533695565137,0
2023-07-28 10:50:42,618.6,3423974,1,617.54,788804,1425834,0.33249533695565137,0
2023-07-28 10:50:42,618.7,3423974,1,617.54,788804,1425834,0.34871462168519846,0
2023-07-28 10:50:44,618.7,3423977,1,617.54,788771,1425987,0.34871462168519846,0
2023-07-28 10:50:46,618.6,3424039,1,617.54,787612,1424610,0.33249533695565137,0
2023-07-28 10:50:46,618.6,3424039,20,617.54,787612,1424610,0.33249533695565137,0
2023-07-28 10:50:47,618.7,3424068,1,617.54,788475,1426482,0.34871462168519846,0
2023-07-28 10:50:47,618.7,3424068,1,617.54,788575,1426482,0.34871462168519846,0
2023-07-28 10:50:48,618.7,3424069,1,617.54,788799,1426638,0.34871462168519846,0
2023-07-28 10:50:48,618.6,3424069,1,617.54,788799,1426638,0.33249533695565137,0
2023-07-28 10:50:49,618.7,3424323,91,617.54,788405,1426939,0.34871462168519846,0
2023-07-28 10:50:50,618.6,3424324,1,617.54,788404,1426884,0.33249533695565137,0
2023-07-28 10:50:50,618.6,3424324,1,617.54,788560,1426811,0.33249533695565137,0
2023-07-28 10:50:52,618.6,3424435,100,617.54,788885,1426809,0.33249533695565137,0
2023-07-28 10:50:53,618.7,3424437,1,617.54,788945,1426892,0.34871462168519846,0
2023-07-28 10:50:54,618.6,3424450,1,617.54,786657,1426907,0.33249533695565137,0
2023-07-28 10:50:55,618.6,3424452,2,617.54,787695,1427008,0.33249533695565137,0
2023-07-28 10:50:56,618.6,3424460,6,617.54,788659,1427039,0.33249533695565137,0
2023-07-28 10:50:57,618.7,3424462,2,617.54,788603,1427039,0.34871462168519846,0
2023-07-28 10:50:58,618.7,3424474,1,617.54,788593,1427032,0.34871462168519846,0
2023-07-28 10:50:58,618.7,3424474,1,617.54,788593,1427032,0.34871462168519846,0
2023-07-28 10:51:00,618.6,3424475,1,617.54,786921,1427041,0.33249533695565137,0
2023-07-28 10:51:01,618.7,3424480,5,617.54,786982,1425947,0.34871462168519846,0
2023-07-28 10:51:04,618.65,3424554,1,617.54,785091,1427877,0.34060497932041567,0
2023-07-28 10:51:04,618.65,3424554,30,617.54,785091,1427877,0.34060497932041567,0
2023-07-28 10:51:05,618.6,3424586,1,617.54,786294,1425128,0.33249533695565137,0
2023-07-28 10:51:05,618.6,3424586,1,617.54,786294,1425128,0.33249533695565137,0
2023-07-28 10:51:05,618.6,3424586,6,617.54,786294,1425128,0.33249533695565137,0
2023-07-28 10:51:10,618.6,3424706,1,617.54,786548,1425338,0.33249533695565137,0
2023-07-28 10:51:10,618.6,3424706,100,617.54,786548,1425338,0.33249533695565137,0
2023-07-28 10:51:10,618.6,3424706,25,617.54,786548,1425338,0.33249533695565137,0
2023-07-28 10:51:10,618.6,3424706,2,617.54,786548,1425338,0.33249533695565137,0
2023-07-28 10:51:10,618.6,3424706,3,617.54,786548,1425338,0.33249533695565137,0
2023-07-28 10:51:14,618.6,3424866,2,617.54,786459,1424082,0.33249533695565137,0
2023-07-28 10:51:14,618.7,3424866,1,617.54,786459,1424082,0.34871462168519846,0
2023-07-28 10:51:14,618.7,3424866,1,617.54,786459,1424082,0.34871462168519846,0
2023-07-28 10:51:14,618.7,3424866,1,617.54,786459,1424082,0.34871462168519846,0
2023-07-28 10:51:14,618.6,3424866,1,617.54,786459,1424082,0.33249533695565137,0
2023-07-28 10:51:19,618.6,3424987,3,617.54,786248,1424248,0.33249533695565137,0
2023-07-28 10:51:19,618.6,3424987,22,617.54,786248,1424248,0.33249533695565137,0
2023-07-28 10:51:19,618.65,3424987,1,617.54,786248,1424248,0.34060497932041567,0
2023-07-28 10:51:19,618.6,3424987,2,617.54,786248,1424248,0.33249533695565137,0
2023-07-28 10:51:19,618.6,3424987,1,617.54,786248,1424248,0.33249533695565137,0
2023-07-28 10:51:23,618.65,3425032,1,617.54,786059,1424693,0.34060497932041567,0
2023-07-28 10:51:23,618.65,3425032,1,617.54,786059,1424693,0.34060497932041567,0
2023-07-28 10:51:23,618.65,3425032,1,617.54,786059,1424693,0.34060497932041567,0
2023-07-28 10:51:23,618.65,3425032,1,617.54,786059,1424693,0.34060497932041567,0
2023-07-28 10:51:23,618.6,3425032,1,617.54,786059,1424693,0.33249533695565137,0
2023-07-28 10:51:28,618.7,3427268,2,617.54,786715,1423860,0.34871462168519846,0
2023-07-28 10:51:28,618.6,3427268,5,617.54,786715,1423860,0.33249533695565137,0
2023-07-28 10:51:28,618.6,3427268,3,617.54,786715,1423860,0.33249533695565137,0
2023-07-28 10:51:28,618.6,3427268,3,617.54,786715,1423860,0.33249533695565137,0
2023-07-28 10:51:32,618.75,3427413,1,617.54,784470,1427265,0.3568242640499628,0
2023-07-28 10:51:32,618.75,3427413,169,617.54,784470,1427265,0.3568242640499628,0
2023-07-28 10:51:32,618.75,3427413,1,617.54,784470,1427265,0.3568242640499628,0
2023-07-28 10:51:32,618.65,3427413,1,617.54,784470,1427265,0.34060497932041567,0
2023-07-28 10:51:32,618.75,3427413,3,617.54,784470,1427265,0.3568242640499628,0
2023-07-28 10:51:36,618.75,3428121,3,617.54,786145,1427793,0.3568242640499628,0
2023-07-28 10:51:36,618.75,3428121,3,617.54,786145,1427793,0.3568242640499628,0
2023-07-28 10:51:36,618.65,3428121,1,617.54,786145,1427793,0.34060497932041567,0
2023-07-28 10:51:36,618.65,3428121,1,617.54,786145,1427793,0.34060497932041567,0
2023-07-28 10:51:36,618.75,3428121,1,617.54,786145,1427793,0.3568242640499628,0
2023-07-28 10:51:36,618.65,3428121,12,617.54,786145,1427793,0.34060497932041567,0
2023-07-28 10:51:42,618.75,3428277,1,617.54,786379,1427881,0.3568242640499628,0
2023-07-28 10:51:42,618.75,3428277,2,617.54,786379,1427881,0.3568242640499628,0
2023-07-28 10:51:42,618.65,3428277,3,617.54,786379,1427881,0.34060497932041567,0
2023-07-28 10:51:42,618.65,3428277,1,617.54,786379,1427881,0.34060497932041567,0
2023-07-28 10:51:42,618.65,3428277,3,617.54,786379,1427881,0.34060497932041567,0
2023-07-28 10:51:46,618.65,3428333,10,617.54,787587,1427839,0.34060497932041567,0
2023-07-28 10:51:46,618.65,3428333,3,617.54,787587,1427839,0.34060497932041567,0
2023-07-28 10:51:46,618.65,3428333,1,617.54,787587,1427839,0.34060497932041567,0
2023-07-28 10:51:50,618.75,3429847,1,617.54,786847,1427814,0.3568242640499628,0
2023-07-28 10:51:50,618.65,3429847,1,617.54,786847,1427814,0.34060497932041567,0
2023-07-28 10:51:50,618.65,3429847,25,617.54,786847,1427814,0.34060497932041567,0
2023-07-28 10:51:50,618.75,3429847,1,617.54,786847,1427814,0.3568242640499628,0
2023-07-28 10:51:54,618.75,3430043,1,617.54,786698,1429172,0.3568242640499628,0
2023-07-28 10:51:54,618.65,3430043,6,617.54,786698,1429172,0.34060497932041567,0
2023-07-28 10:51:54,618.65,3430043,1,617.54,786698,1429172,0.34060497932041567,0
2023-07-28 10:51:54,618.65,3430043,11,617.54,786698,1429172,0.34060497932041567,0
2023-07-28 10:51:59,618.7,3430113,5,617.54,786866,1436758,0.34871462168519846,0
2023-07-28 10:51:59,618.7,3430113,3,617.54,786866,1436758,0.34871462168519846,0
2023-07-28 10:51:59,618.7,3430113,20,617.54,786866,1436758,0.34871462168519846,0
2023-07-28 10:51:59,618.65,3430113,1,617.54,786866,1436758,0.34060497932041567,0
2023-07-28 10:52:04,618.65,3430340,25,617.54,786264,1433979,0.34060497932041567,0
2023-07-28 10:52:04,618.7,3430340,1,617.54,786264,1433979,0.34871462168519846,0
2023-07-28 10:52:04,618.6,3430340,1,617.54,786264,1433979,0.33249533695565137,0
2023-07-28 10:52:05,618.6,3430792,1,617.54,786181,1429620,0.33249533695565137,0
2023-07-28 10:52:06,618.6,3430797,3,617.54,786176,1429620,0.33249533695565137,0
2023-07-28 10:52:06,618.6,3430797,3,617.54,785715,1429784,0.33249533695565137,0
2023-07-28 10:52:06,618.6,3430797,11,617.54,785715,1429784,0.33249533695565137,0
2023-07-28 10:52:08,618.65,3430809,1,617.54,785992,1427267,0.34060497932041567,0
2023-07-28 10:52:08,618.65,3430809,1,617.54,785992,1427267,0.34060497932041567,0
2023-07-28 10:52:10,618.6,3430812,1,617.54,786228,1428877,0.33249533695565137,0
2023-07-28 10:52:11,618.65,3430867,1,617.54,786178,1428831,0.34060497932041567,0
2023-07-28 10:52:12,618.6,3430881,11,617.54,786164,1428993,0.33249533695565137,0
2023-07-28 10:52:12,618.65,3430881,10,617.54,786164,1428993,0.34060497932041567,0
2023-07-28 10:52:13,618.65,3430894,10,617.54,786162,1429183,0.34060497932041567,0
2023-07-28 10:52:14,618.65,3430896,2,617.54,786104,1430981,0.34060497932041567,0
2023-07-28 10:52:16,618.65,3430901,1,617.54,786100,1432480,0.34060497932041567,0
2023-07-28 10:52:16,618.6,3430910,9,617.54,788308,1431960,0.33249533695565137,0
2023-07-28 10:52:17,618.6,3431897,632,617.54,788075,1432308,0.33249533695565137,0
2023-07-28 10:52:19,618.65,3432004,1,617.54,788057,1429400,0.34060497932041567,0
2023-07-28 10:52:19,618.65,3432004,1,617.54,788057,1429400,0.34060497932041567,0
2023-07-28 10:52:20,618.7,3432061,7,617.54,787085,1435779,0.34871462168519846,0
2023-07-28 10:52:20,618.75,3432363,1,617.54,787954,1434832,0.3568242640499628,0
2023-07-28 10:52:22,618.75,3432514,5,617.54,787808,1431728,0.3568242640499628,0
2023-07-28 10:52:22,618.75,3432514,5,617.54,787808,1431728,0.3568242640499628,0
2023-07-28 10:52:22,618.75,3432514,1,617.54,787808,1430228,0.3568242640499628,0
2023-07-28 10:52:24,618.7,3432661,9,617.54,787667,1431655,0.34871462168519846,0
2023-07-28 10:52:24,618.7,3432712,50,617.54,787616,1433256,0.34871462168519846,0
2023-07-28 10:52:24,618.75,3432712,1,617.54,787616,1433256,0.3568242640499628,0
2023-07-28 10:52:26,618.75,3433016,2,617.54,787416,1432837,0.3568242640499628,0
2023-07-28 10:52:26,618.7,3433021,1,617.54,787383,1432328,0.34871462168519846,0
2023-07-28 10:52:27,618.7,3433333,12,617.54,787072,1433969,0.34871462168519846,0
2023-07-28 10:52:28,618.75,3433387,1,617.54,787019,1433967,0.3568242640499628,0
2023-07-28 10:52:29,618.7,3433587,200,617.54,787084,1433917,0.34871462168519846,0
2023-07-28 10:52:30,618.7,3433714,1,617.54,787736,1433891,0.34871462168519846,0
2023-07-28 10:52:31,618.6,3433806,8,617.54,787543,1433480,0.33249533695565137,0
2023-07-28 10:52:32,618.7,3433808,1,617.54,787550,1433416,0.34871462168519846,0
2023-07-28 10:52:33,618.7,3433834,6,617.54,787631,1434440,0.34871462168519846,0
2023-07-28 10:52:33,618.7,3433834,410,617.54,787631,1434440,0.34871462168519846,0
2023-07-28 10:52:35,618.6,3434320,2,617.54,787555,1433630,0.33249533695565137,0
2023-07-28 10:52:36,618.6,3434529,1,617.54,785792,1433908,0.33249533695565137,0
2023-07-28 10:52:36,618.6,3434531,1,617.54,785800,1434078,0.33249533695565137,0
2023-07-28 10:52:36,618.6,3434531,1,617.54,785800,1434078,0.33249533695565137,0
2023-07-28 10:52:37,618.6,3434542,4,617.54,785789,1434068,0.33249533695565137,0
2023-07-28 10:52:37,618.6,3434542,4,617.54,783606,1435483,0.33249533695565137,0
2023-07-28 10:52:37,618.6,3434542,1,617.54,783606,1435483,0.33249533695565137,0
2023-07-28 10:52:39,618.6,3434549,1,617.54,785616,1435586,0.33249533695565137,0
2023-07-28 10:52:40,618.7,3434552,1,617.54,785122,1435676,0.34871462168519846,0
2023-07-28 10:52:40,618.7,3434552,1,617.54,785615,1435746,0.34871462168519846,0
2023-07-28 10:52:40,618.7,3434552,1,617.54,785615,1435746,0.34871462168519846,0
2023-07-28 10:52:42,618.7,3434664,100,617.54,785166,1434605,0.34871462168519846,0
2023-07-28 10:52:42,618.6,3434664,150,617.54,785166,1434605,0.33249533695565137,0
2023-07-28 10:52:44,618.7,3435524,219,617.54,785279,1433959,0.34871462168519846,0
2023-07-28 10:52:44,618.7,3435524,219,617.54,785279,1433959,0.34871462168519846,0
2023-07-28 10:52:44,618.7,3435524,219,617.54,785120,1433995,0.34871462168519846,0
2023-07-28 10:52:46,618.7,3435711,187,617.54,784538,1435458,0.34871462168519846,0
2023-07-28 10:52:46,618.7,3435711,5,617.54,784538,1435458,0.34871462168519846,0
2023-07-28 10:52:46,618.7,3435716,5,617.54,781040,1435706,0.34871462168519846,0
2023-07-28 10:52:46,618.6,3435716,42,617.54,781040,1435706,0.33249533695565137,0
2023-07-28 10:52:47,618.6,3435758,42,617.54,783144,1434786,0.33249533695565137,0
2023-07-28 10:52:47,618.6,3435758,1,617.54,783144,1434786,0.33249533695565137,0
2023-07-28 10:52:49,618.7,3435761,2,617.54,785904,1435463,0.34871462168519846,0
2023-07-28 10:52:50,618.65,3436142,258,617.54,785513,1435510,0.34060497932041567,0
2023-07-28 10:52:50,618.7,3436143,1,617.54,785511,1435265,0.34871462168519846,0
2023-07-28 10:52:50,618.65,3436144,1,617.54,786027,1435320,0.34060497932041567,0
2023-07-28 10:52:50,618.65,3436144,1,617.54,786027,1435420,0.34060497932041567,0
2023-07-28 10:52:50,618.65,3436144,3,617.54,786027,1435420,0.34060497932041567,0
2023-07-28 10:52:53,618.65,3436251,3,617.54,786006,1435291,0.34060497932041567,0
2023-07-28 10:52:55,618.7,3436260,6,617.54,786568,1437895,0.34871462168519846,0
2023-07-28 10:52:55,618.7,3436260,1,617.54,786568,1437895,0.34871462168519846,0
2023-07-28 10:52:55,618.7,3436272,1,617.54,786388,1436819,0.34871462168519846,0
2023-07-28 10:52:57,618.65,3437400,3,617.54,785412,1435232,0.34060497932041567,0
2023-07-28 10:52:57,618.65,3437411,11,617.54,785291,1436921,0.34060497932041567,0
2023-07-28 10:52:57,618.7,3437411,7,617.54,785291,1436921,0.34871462168519846,0
2023-07-28 10:52:58,618.7,3437447,7,617.54,784870,1437440,0.34871462168519846,0
2023-07-28 10:52:58,618.65,3437447,1,617.54,784870,1437440,0.34060497932041567,0
2023-07-28 10:52:59,618.65,3437450,1,617.54,785503,1435951,0.34060497932041567,0
2023-07-28 10:53:01,618.65,3437629,175,617.54,785883,1436789,0.34060497932041567,0
2023-07-28 10:53:02,618.65,3437675,9,617.54,785874,1435527,0.34060497932041567,0
2023-07-28 10:53:03,618.65,3437677,1,617.54,785710,1435579,0.34060497932041567,0
2023-07-28 10:53:04,618.7,3437681,1,617.54,784393,1436832,0.34871462168519846,0
2023-07-28 10:53:05,618.65,3439643,4,617.54,783373,1436680,0.34060497932041567,0
2023-07-28 10:53:06,618.65,3439645,1,617.54,783222,1436509,0.34060497932041567,0
2023-07-28 10:53:06,618.65,3439645,1,617.54,783222,1436509,0.34060497932041567,0
2023-07-28 10:53:07,618.75,3439667,3,617.54,783243,1435524,0.3568242640499628,0
2023-07-28 10:53:07,618.75,3439667,2,617.54,783243,1435524,0.3568242640499628,0
2023-07-28 10:53:09,618.7,3439838,2,617.54,783431,1435388,0.34871462168519846,0
2023-07-28 10:53:09,618.7,3439838,1,617.54,783431,1435388,0.34871462168519846,0
2023-07-28 10:53:09,618.7,3439839,1,617.54,783940,1435512,0.34871462168519846,0
2023-07-28 10:53:09,618.7,3439839,1,617.54,783940,1435512,0.34871462168519846,0
2023-07-28 10:53:11,618.7,3439926,1,617.54,783847,1441510,0.34871462168519846,0
2023-07-28 10:53:12,618.6,3440593,11,617.54,783597,1444119,0.33249533695565137,0
2023-07-28 10:53:13,618.6,3441337,3,617.55,783143,1444557,0.33249533695565137,0
2023-07-28 10:53:14,618.55,3442496,13,617.55,781959,1437201,0.3243856945908686,0
2023-07-28 10:53:15,618.55,3442644,143,617.55,782505,1436410,0.3243856945908686,0
2023-07-28 10:53:16,618.5,3442696,17,617.55,782426,1435781,0.3162760522261042,0
2023-07-28 10:53:16,618.6,3442696,5,617.55,782477,1437289,0.33249533695565137,0
2023-07-28 10:53:18,618.5,3442723,1,617.55,783000,1437076,0.3162760522261042,0
2023-07-28 10:53:19,618.6,3442727,1,617.55,782997,1437651,0.33249533695565137,0
2023-07-28 10:53:21,618.6,3442735,1,617.55,782997,1437649,0.33249533695565137,0
2023-07-28 10:53:21,618.5,3442735,55,617.55,782997,1437649,0.3162760522261042,0
2023-07-28 10:53:21,618.6,3442797,1,617.55,782723,1435608,0.33249533695565137,0
2023-07-28 10:53:23,618.5,3442810,2,617.55,782715,1437725,0.3162760522261042,0
2023-07-28 10:53:23,618.5,3442847,1,617.55,782714,1437618,0.3162760522261042,0
2023-07-28 10:53:23,618.5,3442847,1,617.55,782714,1437618,0.3162760522261042,0
2023-07-28 10:53:23,618.6,3442847,13,617.55,782714,1437618,0.33249533695565137,0
2023-07-28 10:53:25,618.6,3442918,1,617.55,782701,1437585,0.33249533695565137,0
2023-07-28 10:53:25,618.6,3442918,1,617.55,782701,1437585,0.33249533695565137,0
2023-07-28 10:53:25,618.6,3442919,1,617.55,782599,1437587,0.33249533695565137,0
2023-07-28 10:53:27,618.5,3442966,9,617.55,782755,1437766,0.3162760522261042,0
2023-07-28 10:53:27,618.5,3442966,1,617.55,782755,1437766,0.3162760522261042,0
2023-07-28 10:53:28,618.6,3443265,1,617.55,782793,1437494,0.33249533695565137,0
2023-07-28 10:53:29,618.5,3443270,4,617.55,782789,1437488,0.3162760522261042,0
2023-07-28 10:53:30,618.5,3443278,3,617.55,782785,1437486,0.3162760522261042,0
2023-07-28 10:53:31,618.6,3443424,1,617.55,782708,1437418,0.33249533695565137,0
2023-07-28 10:53:32,618.6,3443443,1,617.55,782810,1437166,0.33249533695565137,0
2023-07-28 10:53:33,618.5,3443477,1,617.55,783010,1437069,0.3162760522261042,0
2023-07-28 10:53:34,618.6,3443603,12,617.55,782792,1442959,0.33249533695565137,0
2023-07-28 10:53:35,618.6,3443605,1,617.55,782801,1442962,0.33249533695565137,0
2023-07-28 10:53:35,618.55,3443605,1,617.55,782801,1442962,0.3243856945908686,0
2023-07-28 10:53:37,618.45,3447023,72,617.55,780902,1442416,0.30816640986133986,0
2023-07-28 10:53:38,618.5,3447307,2,617.55,781499,1431117,0.3162760522261042,0
2023-07-28 10:53:39,618.5,3447490,2,617.55,782169,1435974,0.3162760522261042,0
2023-07-28 10:53:40,618.5,3447589,1,617.55,781959,1438111,0.3162760522261042,0
2023-07-28 10:53:41,618.3,3448285,355,617.55,781162,1438917,0.28383748276701,0
2023-07-28 10:53:42,618.3,3448329,11,617.55,781103,1438710,0.28383748276701,0
2023-07-28 10:53:43,618.5,3448654,13,617.55,783727,1435740,0.3162760522261042,0
2023-07-28 10:53:44,618.4,3448721,25,617.55,783245,1437148,0.30005676749655713,0
2023-07-28 10:53:45,618.4,3448729,2,617.55,783326,1435832,0.30005676749655713,0
2023-07-28 10:53:46,618.45,3449737,1,617.55,783319,1438738,0.30816640986133986,0
2023-07-28 10:53:47,618.6,3450571,654,617.55,784336,1438933,0.33249533695565137,0
2023-07-28 10:53:48,618.65,3455669,202,617.55,787538,1436039,0.34060497932041567,0
2023-07-28 10:53:49,618.65,3456377,16,617.55,784556,1433168,0.34060497932041567,0
2023-07-28 10:53:50,618.65,3456905,3,617.55,784142,1395645,0.34060497932041567,0
2023-07-28 10:53:51,618.65,3456915,1,617.55,784186,1433345,0.34060497932041567,0
2023-07-28 10:53:52,618.7,3457643,3,617.55,785809,1430820,0.34871462168519846,0
2023-07-28 10:53:53,618.75,3458260,115,617.55,784978,1432036,0.3568242640499628,0
2023-07-28 10:53:54,618.75,3458397,6,617.55,785249,1432009,0.3568242640499628,0
2023-07-28 10:53:55,618.75,3458434,47,617.55,785679,1440251,0.3568242640499628,0
2023-07-28 10:53:55,618.75,3458434,19,617.55,785679,1440251,0.3568242640499628,0
2023-07-28 10:53:57,618.75,3461578,2,617.55,782102,1438026,0.3568242640499628,0
2023-07-28 10:53:57,618.65,3461578,6,617.55,782102,1438026,0.34060497932041567,0
2023-07-28 10:53:58,618.8,3461592,219,617.55,782397,1438722,0.3649339064147271,0
2023-07-28 10:53:59,618.65,3461934,100,617.55,782122,1439337,0.34060497932041567,0
2023-07-28 10:54:00,618.8,3462174,146,617.55,781979,1439321,0.3649339064147271,0
2023-07-28 10:54:01,618.8,3462201,3,617.55,781393,1441217,0.3649339064147271,0
2023-07-28 10:54:02,618.75,3462205,1,617.55,773580,1441944,0.3568242640499628,0
2023-07-28 10:54:03,618.65,3462423,40,617.55,779885,1439757,0.34060497932041567,0
2023-07-28 10:54:03,618.7,3462423,1,617.55,779885,1439757,0.34871462168519846,0
2023-07-28 10:54:06,618.65,3462426,1,617.55,779884,1439719,0.34060497932041567,0
2023-07-28 10:54:06,618.65,3462453,25,617.55,779992,1439719,0.34060497932041567,0
2023-07-28 10:54:07,618.75,3463974,1,617.55,780429,1447283,0.3568242640499628,0
2023-07-28 10:54:08,618.75,3469968,58,617.55,779990,1438716,0.3568242640499628,0
2023-07-28 10:54:09,618.65,3469992,1,617.55,782172,1438266,0.34060497932041567,0
2023-07-28 10:54:10,618.5,3471479,279,617.55,781730,1437661,0.3162760522261042,0
2023-07-28 10:54:11,618.5,3471999,109,617.55,780900,1441130,0.3162760522261042,0
2023-07-28 10:54:11,618.5,3471999,11,617.55,780900,1441130,0.3162760522261042,0
2023-07-28 10:54:13,618.7,3472234,1,617.55,779829,1440671,0.34871462168519846,0
2023-07-28 10:54:13,618.7,3472235,1,617.55,780377,1448168,0.34871462168519846,0
2023-07-28 10:54:15,618.5,3472417,17,617.55,781279,1439754,0.3162760522261042,0
2023-07-28 10:54:15,618.7,3472417,4,617.55,781279,1439754,0.34871462168519846,0
2023-07-28 10:54:16,618.5,3472423,1,617.55,780868,1440225,0.3162760522261042,0
2023-07-28 10:54:17,618.7,3472496,7,617.55,781076,1440134,0.34871462168519846,0
2023-07-28 10:54:18,618.5,3472497,1,617.55,781006,1440291,0.3162760522261042,0
2023-07-28 10:54:18,618.75,3472497,1,617.55,781006,1440291,0.3568242640499628,0
2023-07-28 10:54:19,618.5,3473224,1,617.56,781189,1439326,0.3162760522261042,0
2023-07-28 10:54:20,618.75,3473234,5,617.56,781198,1439484,0.3568242640499628,0
2023-07-28 10:54:21,618.75,3473241,1,617.56,781898,1440375,0.3568242640499628,0
2023-07-28 10:54:22,618.65,3473242,1,617.56,781674,1441631,0.34060497932041567,0
2023-07-28 10:54:22,618.65,3473242,1,617.56,781674,1441631,0.34060497932041567,0
2023-07-28 10:54:24,618.5,3473244,1,617.56,781557,1441300,0.3162760522261042,0
2023-07-28 10:54:24,618.6,3473244,1,617.56,781557,1441300,0.33249533695565137,0
2023-07-28 10:54:25,618.5,3473249,3,617.56,781499,1440891,0.3162760522261042,0
2023-07-28 10:54:26,618.6,3473250,1,617.56,781500,1440894,0.33249533695565137,0
2023-07-28 10:54:27,618.6,3473255,1,617.56,781541,1440890,0.33249533695565137,0
2023-07-28 10:54:27,618.5,3473255,12,617.56,781541,1440890,0.3162760522261042,0
2023-07-28 10:54:28,618.55,3473271,1,617.56,781651,1450138,0.3243856945908686,0
2023-07-28 10:54:29,618.55,3473278,1,617.56,783028,1450235,0.3243856945908686,0
2023-07-28 10:54:30,618.6,3473480,1,617.56,783053,1444841,0.33249533695565137,0
2023-07-28 10:54:30,618.55,3473480,1,617.56,783053,1444841,0.3243856945908686,0
2023-07-28 10:54:32,618.55,3473495,1,617.56,783049,1445308,0.3243856945908686,0
2023-07-28 10:54:32,618.6,3473496,1,617.56,783972,1445880,0.33249533695565137,0
2023-07-28 10:54:33,618.55,3473501,1,617.56,783971,1445878,0.3243856945908686,0
2023-07-28 10:54:34,618.65,3473657,1,617.56,782492,1447577,0.34060497932041567,0
2023-07-28 10:54:35,618.55,3473679,1,617.56,782819,1448007,0.3243856945908686,0
2023-07-28 10:54:36,618.55,3473687,6,617.56,785686,1443251,0.3243856945908686,0
2023-07-28 10:54:36,618.6,3473687,1,617.56,785686,1443251,0.33249533695565137,0
2023-07-28 10:54:38,618.65,3473761,8,617.56,785035,1445976,0.34060497932041567,0
2023-07-28 10:54:38,618.55,3473800,1,617.56,785045,1445191,0.3243856945908686,0
2023-07-28 10:54:38,618.65,3473800,1,617.56,785045,1445191,0.34060497932041567,0
2023-07-28 10:54:39,618.65,3473802,1,617.56,786124,1445106,0.34060497932041567,0
2023-07-28 10:54:41,618.65,3473803,1,617.56,786197,1445074,0.34060497932041567,0
2023-07-28 10:54:41,618.55,3473803,1,617.56,786197,1445074,0.3243856945908686,0
2023-07-28 10:54:41,618.55,3473804,1,617.56,784687,1445128,0.3243856945908686,0
2023-07-28 10:54:41,618.55,3473804,11,617.56,784687,1445128,0.3243856945908686,0
2023-07-28 10:54:43,618.55,3473827,1,617.56,785741,1445141,0.3243856945908686,0
2023-07-28 10:54:44,618.65,3473837,3,617.56,785739,1446007,0.34060497932041567,0
2023-07-28 10:54:45,618.55,3473988,3,617.56,785726,1445871,0.3243856945908686,0
2023-07-28 10:54:46,618.55,3473991,1,617.56,785725,1445523,0.3243856945908686,0
2023-07-28 10:54:47,618.55,3473992,1,617.56,785725,1445721,0.3243856945908686,0
2023-07-28 10:54:48,618.55,3474008,3,617.56,785745,1446741,0.3243856945908686,0
2023-07-28 10:54:49,618.55,3474009,1,617.56,786928,1447418,0.3243856945908686,0
2023-07-28 10:54:50,618.55,3474050,24,617.56,786308,1447406,0.3243856945908686,0
2023-07-28 10:54:50,618.65,3474050,2,617.56,786056,1447496,0.34060497932041567,0
2023-07-28 10:54:52,618.65,3474055,1,617.56,786649,1447288,0.34060497932041567,0
2023-07-28 10:54:53,618.55,3474058,2,617.56,786240,1449444,0.3243856945908686,0
2023-07-28 10:54:54,618.55,3474066,7,617.56,788447,1450323,0.3243856945908686,0
2023-07-28 10:54:55,618.55,3474077,10,617.56,788376,1450485,0.3243856945908686,0
2023-07-28 10:54:56,618.6,3474082,1,617.56,788314,1450384,0.33249533695565137,0
2023-07-28 10:54:57,618.55,3474120,11,617.56,785916,1450373,0.3243856945908686,0
2023-07-28 10:54:57,618.6,3474120,1,617.56,785872,1451582,0.33249533695565137,0
2023-07-28 10:54:57,618.6,3474120,1,617.56,785872,1451582,0.33249533695565137,0
2023-07-28 10:55:00,618.65,3474378,1,617.56,785567,1451393,0.34060497932041567,0
2023-07-28 10:55:00,618.55,3474393,1,617.56,786135,1451428,0.3243856945908686,0
2023-07-28 10:55:02,618.6,3474445,1,617.56,785912,1456805,0.33249533695565137,0
2023-07-28 10:55:03,618.65,3474554,1,617.56,785765,1450489,0.34060497932041567,0
2023-07-28 10:55:04,618.65,3474560,1,617.56,785771,1456327,0.34060497932041567,0
2023-07-28 10:55:05,618.6,3474658,7,617.56,785669,1457191,0.33249533695565137,0
2023-07-28 10:55:06,618.6,3474666,1,617.56,787349,1457778,0.33249533695565137,0
2023-07-28 10:55:07,618.6,3474718,16,617.56,787302,1457672,0.33249533695565137,0
2023-07-28 10:55:07,618.65,3474718,11,617.56,787302,1457672,0.34060497932041567,0
2023-07-28 10:55:07,618.65,3474718,1,617.56,787302,1457672,0.34060497932041567,0
2023-07-28 10:55:09,618.65,3474732,1,617.56,787421,1457714,0.34060497932041567,0
2023-07-28 10:55:11,618.65,3474743,1,617.56,787420,1457542,0.34060497932041567,0
2023-07-28 10:55:11,618.6,3474743,5,617.56,787420,1457542,0.33249533695565137,0
2023-07-28 10:55:12,618.6,3474770,1,617.56,787498,1458668,0.33249533695565137,0
2023-07-28 10:55:12,618.6,3474831,11,617.56,787439,1457171,0.33249533695565137,0
2023-07-28 10:55:13,618.65,3474860,1,617.56,787971,1454202,0.34060497932041567,0
2023-07-28 10:55:14,618.65,3474862,1,617.56,788855,1457200,0.34060497932041567,0
2023-07-28 10:55:15,618.6,3474865,1,617.56,787604,1457149,0.33249533695565137,0
2023-07-28 10:55:15,618.65,3474865,1,617.56,787604,1457149,0.34060497932041567,0
2023-07-28 10:55:16,618.65,3474868,1,617.56,787293,1457274,0.34060497932041567,0
2023-07-28 10:55:16,618.65,3474868,5,617.56,787293,1457274,0.34060497932041567,0
2023-07-28 10:55:18,618.65,3474998,1,617.56,787287,1458953,0.34060497932041567,0
2023-07-28 10:55:19,618.6,3475027,1,617.56,787260,1457136,0.33249533695565137,0
2023-07-28 10:55:19,618.65,3475027,2,617.56,787260,1457136,0.34060497932041567,0
2023-07-28 10:55:20,618.6,3475309,1,617.56,787041,1459015,0.33249533695565137,0
2023-07-28 10:55:20,618.6,3475309,1,617.56,787041,1459015,0.33249533695565137,0
2023-07-28 10:55:22,618.6,3475684,11,617.56,784456,1462407,0.33249533695565137,0
2023-07-28 10:55:23,618.6,3475883,1,617.56,784539,1459250,0.33249533695565137,0
2023-07-28 10:55:23,618.6,3475883,3,617.56,784539,1459250,0.33249533695565137,0
2023-07-28 10:55:25,618.6,3476058,48,617.56,784487,1460668,0.33249533695565137,0
2023-07-28 10:55:27,618.5,3477131,6,617.56,783740,1457980,0.3162760522261042,0
2023-07-28 10:55:27,618.5,3477147,1,617.56,783778,1459564,0.3162760522261042,0
2023-07-28 10:55:27,618.5,3477147,16,617.56,783778,1459564,0.3162760522261042,0
2023-07-28 10:55:28,618.5,3477167,16,617.56,784166,1458767,0.3162760522261042,0
2023-07-28 10:55:29,618.55,3477168,1,617.56,785666,1459250,0.3243856945908686,0
2023-07-28 10:55:29,618.5,3477169,1,617.56,785666,1460107,0.3162760522261042,0
2023-07-28 10:55:31,618.55,3477387,1,617.56,786863,1459983,0.3243856945908686,0
2023-07-28 10:55:32,618.65,3477393,1,617.56,786872,1459993,0.34060497932041567,0
2023-07-28 10:55:33,618.65,3477546,123,617.56,786730,1467166,0.34060497932041567,0
2023-07-28 10:55:34,618.7,3477547,1,617.56,786676,1467165,0.34871462168519846,0
2023-07-28 10:55:35,618.55,3477573,1,617.56,787188,1459777,0.3243856945908686,0
2023-07-28 10:55:36,618.65,3477598,2,617.56,786925,1460071,0.34060497932041567,0
2023-07-28 10:55:37,618.7,3477619,1,617.56,786453,1465259,0.34871462168519846,0
2023-07-28 10:55:38,618.65,3478060,430,617.56,787136,1459043,0.34060497932041567,0
2023-07-28 10:55:39,618.65,3478069,1,617.56,787280,1459278,0.34060497932041567,0
2023-07-28 10:55:40,618.7,3479073,1,617.56,786698,1459285,0.34871462168519846,0
2023-07-28 10:55:40,618.55,3479073,1,617.56,786698,1459285,0.3243856945908686,0
2023-07-28 10:55:42,618.55,3479262,11,617.56,786749,1459575,0.3243856945908686,0
2023-07-28 10:55:42,618.55,3479262,1,617.56,785962,1461587,0.3243856945908686,0
2023-07-28 10:55:44,618.55,3479273,10,617.56,785857,1461586,0.3243856945908686,0
2023-07-28 10:55:44,618.55,3479273,1,617.56,785857,1461586,0.3243856945908686,0
2023-07-28 10:55:45,618.55,3479777,1,617.56,784924,1467562,0.3243856945908686,0
2023-07-28 10:55:46,618.55,3479789,1,617.56,785259,1467683,0.3243856945908686,0
2023-07-28 10:55:47,618.6,3479802,1,617.56,785355,1463471,0.33249533695565137,0
2023-07-28 10:55:48,618.6,3479853,5,617.56,785396,1463223,0.33249533695565137,0
2023-07-28 10:55:49,618.6,3479856,3,617.56,785349,1461792,0.33249533695565137,0
2023-07-28 10:55:50,618.6,3479862,1,617.56,785049,1462506,0.33249533695565137,0
2023-07-28 10:55:51,618.6,3479893,10,617.56,785698,1467193,0.33249533695565137,0
2023-07-28 10:55:52,618.6,3479906,5,617.56,785945,1467313,0.33249533695565137,0
2023-07-28 10:55:53,618.6,3479916,3,617.56,785937,1467248,0.33249533695565137,0
2023-07-28 10:55:55,618.6,3479917,1,617.56,785960,1467248,0.33249533695565137,0
2023-07-28 10:55:55,618.6,3479943,1,617.56,785670,1463591,0.33249533695565137,0
2023-07-28 10:55:56,618.6,3480296,3,617.56,785359,1462271,0.33249533695565137,0
2023-07-28 10:55:57,618.55,3480307,11,617.56,785469,1461775,0.3243856945908686,0
2023-07-28 10:55:57,618.55,3480307,1,617.56,785469,1461775,0.3243856945908686,0
2023-07-28 10:55:58,618.55,3480308,1,617.56,785284,1461764,0.3243856945908686,0
2023-07-28 10:55:58,618.55,3480308,1,617.56,785136,1461823,0.3243856945908686,0
2023-07-28 10:56:01,618.55,3480873,49,617.56,781617,1464817,0.3243856945908686,0
2023-07-28 10:56:02,618.55,3480879,1,617.56,783511,1471702,0.3243856945908686,0
2023-07-28 10:56:03,618.45,3482451,14,617.56,781360,1465799,0.30816640986133986,0
2023-07-28 10:56:04,618.4,3483010,15,617.56,780022,1464638,0.30005676749655713,0
2023-07-28 10:56:05,618.25,3484128,209,617.56,778481,1462375,0.2757278404022457,0
2023-07-28 10:56:07,618.25,3484132,1,617.56,778383,1463255,0.2757278404022457,0
2023-07-28 10:56:07,618.25,3484140,5,617.56,778288,1463619,0.2757278404022457,0
2023-07-28 10:56:08,618.4,3484328,17,617.56,778141,1463628,0.30005676749655713,0
2023-07-28 10:56:10,618.4,3484363,3,617.56,777742,1463785,0.30005676749655713,0
2023-07-28 10:56:10,618.35,3484369,1,617.56,777465,1462367,0.2919471251317928,0
2023-07-28 10:56:12,618.25,3484503,15,617.56,777067,1465988,0.2757278404022457,0
2023-07-28 10:56:12,618.25,3484517,1,617.56,780455,1466185,0.2757278404022457,0
2023-07-28 10:56:14,618.4,3484539,1,617.56,780365,1463160,0.30005676749655713,0
2023-07-28 10:56:14,618.4,3484539,2,617.56,780365,1463160,0.30005676749655713,0
2023-07-28 10:56:15,618.25,3484567,1,617.56,780345,1465014,0.2757278404022457,0
2023-07-28 10:56:15,618.25,3484567,505,617.56,780345,1465014,0.2757278404022457,0
2023-07-28 10:56:15,618.25,3485072,505,617.56,779846,1464994,0.2757278404022457,0
2023-07-28 10:56:17,618.4,3485270,1,617.56,780252,1463381,0.30005676749655713,0
2023-07-28 10:56:17,618.25,3485471,200,617.56,780986,1464074,0.2757278404022457,0
2023-07-28 10:56:17,618.25,3485471,90,617.56,780986,1464074,0.2757278404022457,0
2023-07-28 10:56:19,618.4,3485563,1,617.56,780297,1462950,0.30005676749655713,0
2023-07-28 10:56:20,618.25,3485564,1,617.56,780199,1463283,0.2757278404022457,0
2023-07-28 10:56:20,618.35,3485564,3,617.56,780199,1463283,0.2919471251317928,0
2023-07-28 10:56:21,618.35,3485624,1,617.56,780663,1464866,0.2919471251317928,0
2023-07-28 10:56:21,618.25,3485624,72,617.56,780663,1464866,0.2757278404022457,0
2023-07-28 10:56:21,618.4,3485732,20,617.56,780330,1463332,0.30005676749655713,0
2023-07-28 10:56:23,618.25,3485885,130,617.56,780620,1465208,0.2757278404022457,0
2023-07-28 10:56:23,618.4,3485885,143,617.56,780620,1465208,0.30005676749655713,0
2023-07-28 10:56:23,618.4,3485885,143,617.56,780620,1465208,0.30005676749655713,0
2023-07-28 10:56:23,618.25,3485885,1,617.56,780620,1465208,0.2757278404022457,0
2023-07-28 10:56:25,618.4,3486063,1,617.56,780295,1465001,0.30005676749655713,0
2023-07-28 10:56:25,618.25,3486063,3,617.56,780295,1465001,0.2757278404022457,0
2023-07-28 10:56:26,618.4,3486125,100,617.56,781843,1463729,0.30005676749655713,0
2023-07-28 10:56:27,618.25,3487256,10,617.56,781712,1462193,0.2757278404022457,0
2023-07-28 10:56:27,618.25,3487256,12,617.56,781712,1462193,0.2757278404022457,0
2023-07-28 10:56:28,618.4,3487572,202,617.56,781442,1462146,0.30005676749655713,0
2023-07-28 10:56:29,618.4,3487796,2,617.56,781532,1463425,0.30005676749655713,0
2023-07-28 10:56:29,618.4,3487796,2,617.56,781532,1463425,0.30005676749655713,0
2023-07-28 10:56:30,618.25,3487797,1,617.56,780076,1463951,0.2757278404022457,0
2023-07-28 10:56:31,618.35,3487826,6,617.56,779599,1465175,0.2919471251317928,0
2023-07-28 10:56:32,618.25,3487831,1,617.56,779832,1465456,0.2757278404022457,0
2023-07-28 10:56:34,618.35,3487848,3,617.56,779934,1465378,0.2919471251317928,0
2023-07-28 10:56:34,618.35,3487850,1,617.56,779943,1465130,0.2919471251317928,0
2023-07-28 10:56:35,618.25,3487883,10,617.56,779867,1465350,0.2757278404022457,0
2023-07-28 10:56:36,618.15,3489502,5,617.56,775375,1470979,0.25950855567269854,0
2023-07-28 10:56:37,618.15,3490544,50,617.56,779433,1472292,0.25950855567269854,0
2023-07-28 10:56:39,618.1,3490644,3,617.56,779030,1470039,0.2513989133079342,0
2023-07-28 10:56:39,618.15,3490649,1,617.56,778969,1469766,0.25950855567269854,0
2023-07-28 10:56:40,618.0,3491907,3,617.56,778311,1467177,0.2351796285783871,0
2023-07-28 10:56:42,618.0,3491912,3,617.56,777861,1466359,0.2351796285783871,0
2023-07-28 10:56:42,618.0,3492048,5,617.56,777727,1465950,0.2351796285783871,0
2023-07-28 10:56:44,618.0,3492359,308,617.56,770936,1466983,0.2351796285783871,0
2023-07-28 10:56:45,618.0,3492363,1,617.56,778393,1469450,0.2351796285783871,0
2023-07-28 10:56:45,618.0,3492363,4,617.56,778393,1469450,0.2351796285783871,0
2023-07-28 10:56:46,618.0,3492608,2,617.56,778163,1469312,0.2351796285783871,0
2023-07-28 10:56:46,618.0,3492608,2,617.56,778164,1469311,0.2351796285783871,0
2023-07-28 10:56:48,618.0,3492624,2,617.56,777987,1466676,0.2351796285783871,0
2023-07-28 10:56:48,618.05,3492624,1000,617.56,777987,1466676,0.24328927094315142,0
2023-07-28 10:56:49,618.05,3493788,13,617.56,778006,1463854,0.24328927094315142,0
2023-07-28 10:56:49,618.05,3493791,1,617.56,777524,1465446,0.24328927094315142,0
2023-07-28 10:56:51,618.05,3494020,1,617.56,778086,1464364,0.24328927094315142,0
2023-07-28 10:56:52,618.0,3494033,6,617.56,778124,1464513,0.2351796285783871,0
2023-07-28 10:56:53,618.0,3495558,58,617.56,776345,1463572,0.2351796285783871,0
2023-07-28 10:56:53,617.9,3495558,1006,617.56,776345,1463572,0.21896034384883997,0
2023-07-28 10:56:54,617.9,3503867,138,617.56,775147,1461930,0.21896034384883997,0
2023-07-28 10:56:54,617.95,3503888,20,617.56,774518,1465898,0.22706998621362276,0
2023-07-28 10:56:56,618.0,3504551,165,617.56,780945,1466531,0.2351796285783871,0
2023-07-28 10:56:57,618.15,3504995,5,617.56,781346,1467070,0.25950855567269854,0
2023-07-28 10:56:57,618.05,3504995,9,617.56,781346,1467070,0.24328927094315142,0
2023-07-28 10:56:58,618.0,3505015,1,617.56,781352,1467518,0.2351796285783871,0
2023-07-28 10:56:59,618.15,3505717,11,617.56,781636,1467314,0.25950855567269854,0
2023-07-28 10:57:00,618.15,3505745,3,617.56,781842,1467371,0.25950855567269854,0
2023-07-28 10:57:01,618.15,3505827,6,617.56,781875,1462969,0.25950855567269854,0
2023-07-28 10:57:02,618.15,3505829,1,617.56,781930,1467981,0.25950855567269854,0
2023-07-28 10:57:02,618.15,3505829,31,617.56,781930,1467981,0.25950855567269854,0
2023-07-28 10:57:03,618.15,3505886,5,617.56,781050,1467674,0.25950855567269854,0
2023-07-28 10:57:03,618.15,3505886,5,617.56,781056,1469033,0.25950855567269854,0
2023-07-28 10:57:04,618.05,3505891,1,617.56,780914,1468438,0.24328927094315142,0
2023-07-28 10:57:04,618.15,3505891,5,617.56,780914,1468438,0.25950855567269854,0
2023-07-28 10:57:06,618.15,3505903,1,617.56,780885,1469320,0.25950855567269854,0
2023-07-28 10:57:06,618.15,3505903,1,617.56,780885,1469320,0.25950855567269854,0
2023-07-28 10:57:07,618.05,3505904,1,617.56,780746,1469431,0.24328927094315142,0
2023-07-28 10:57:08,618.05,3505905,1,617.56,780745,1469530,0.24328927094315142,0
2023-07-28 10:57:09,618.15,3505925,1,617.56,780737,1469353,0.25950855567269854,0
2023-07-28 10:57:10,618.05,3506091,4,617.56,780724,1469360,0.24328927094315142,0
2023-07-28 10:57:11,618.05,3506097,2,617.56,780721,1469362,0.24328927094315142,0
2023-07-28 10:57:12,618.05,3506110,11,617.56,780635,1469315,0.24328927094315142,0
2023-07-28 10:57:14,618.05,3506414,3,617.56,780093,1470310,0.24328927094315142,0
2023-07-28 10:57:15,617.85,3506920,5,617.56,778330,1478786,0.21085070148407564,0
2023-07-28 10:57:16,617.85,3507151,2,617.56,778071,1474308,0.21085070148407564,0
2023-07-28 10:57:16,617.75,3507151,1,617.56,778071,1474308,0.19463141675452852,0
2023-07-28 10:57:16,617.95,3507151,1,617.56,778071,1474308,0.22706998621362276,0
2023-07-28 10:57:18,617.9,3507312,7,617.56,779536,1474903,0.21896034384883997,0
2023-07-28 10:57:19,617.75,3507316,1,617.56,780031,1474941,0.19463141675452852,0
2023-07-28 10:57:20,617.75,3507324,1,617.56,766643,1474820,0.19463141675452852,0
2023-07-28 10:57:22,617.75,3507384,42,617.56,765371,1473831,0.19463141675452852,0
2023-07-28 10:57:22,617.75,3507384,198,617.56,765371,1473831,0.19463141675452852,0
2023-07-28 10:57:23,617.6,3511710,339,617.56,761401,1475289,0.17030248966021705,0
2023-07-28 10:57:24,617.6,3511711,1,617.56,761500,1475643,0.17030248966021705,0
2023-07-28 10:57:25,617.6,3512065,4,617.56,761443,1476583,0.17030248966021705,0
2023-07-28 10:57:26,617.6,3512067,1,617.56,764779,1475646,0.17030248966021705,0
2023-07-28 10:57:27,617.6,3512079,3,617.56,766110,1475710,0.17030248966021705,0
2023-07-28 10:57:29,617.6,3512158,20,617.56,779997,1477241,0.17030248966021705,0
2023-07-28 10:57:29,617.7,3512385,2,617.56,779510,1477400,0.18652177438976417,0
2023-07-28 10:57:30,617.65,3512442,21,617.56,781103,1475351,0.1784121320249814,0
2023-07-28 10:57:31,617.8,3512500,1,617.56,781529,1475327,0.20274105911929285,0
2023-07-28 10:57:33,617.85,3514167,1,617.56,784465,1473545,0.21085070148407564,0
2023-07-28 10:57:33,617.9,3514170,1,617.56,784920,1474152,0.21896034384883997,0
2023-07-28 10:57:34,617.75,3514391,2,617.56,784291,1473773,0.19463141675452852,0
2023-07-28 10:57:35,617.75,3514421,5,617.56,783535,1473804,0.19463141675452852,0
2023-07-28 10:57:36,617.75,3514480,18,617.56,784037,1473541,0.19463141675452852,0
2023-07-28 10:57:37,617.75,3514527,3,617.56,784545,1473421,0.19463141675452852,0
2023-07-28 10:57:37,617.75,3514527,3,617.56,784545,1473421,0.19463141675452852,0
2023-07-28 10:57:38,617.9,3514529,13,617.56,784056,1472959,0.21896034384883997,0
2023-07-28 10:57:38,617.9,3514529,2,617.56,784056,1472959,0.21896034384883997,0
2023-07-28 10:57:40,617.9,3514593,1,617.56,784408,1473504,0.21896034384883997,0
2023-07-28 10:57:40,617.9,3514593,14,617.56,784408,1473504,0.21896034384883997,0
2023-07-28 10:57:42,617.75,3515011,11,617.56,786825,1472994,0.19463141675452852,0
2023-07-28 10:57:44,617.9,3515063,20,617.56,786685,1472480,0.21896034384883997,0
2023-07-28 10:57:44,617.75,3515083,12,617.56,786575,1472470,0.19463141675452852,0
2023-07-28 10:57:46,617.75,3515105,3,617.56,786510,1472355,0.19463141675452852,0
2023-07-28 10:57:46,617.75,3515108,2,617.56,785009,1472924,0.19463141675452852,0
2023-07-28 10:57:47,617.9,3515109,1,617.56,784468,1471102,0.21896034384883997,0
2023-07-28 10:57:48,617.9,3515114,1,617.56,784681,1473102,0.21896034384883997,0
2023-07-28 10:57:50,617.75,3515166,35,617.56,784370,1472762,0.19463141675452852,0
2023-07-28 10:57:50,617.75,3515166,1,617.56,784370,1472762,0.19463141675452852,0
2023-07-28 10:57:51,617.8,3515182,1,617.56,785179,1472872,0.20274105911929285,0
2023-07-28 10:57:51,617.75,3515768,11,617.56,785621,1471928,0.19463141675452852,0
2023-07-28 10:57:52,617.75,3515775,3,617.56,785625,1471897,0.19463141675452852,0
2023-07-28 10:57:53,617.75,3516258,3,617.56,785656,1471527,0.19463141675452852,0
2023-07-28 10:57:53,617.85,3516258,14,617.56,785656,1471527,0.21085070148407564,0
2023-07-28 10:57:56,617.85,3516433,1,617.56,785372,1472373,0.21085070148407564,0
2023-07-28 10:57:57,617.85,3516517,59,617.56,785890,1472335,0.21085070148407564,0
2023-07-28 10:57:57,617.75,3516541,11,617.56,786381,1472063,0.19463141675452852,0
2023-07-28 10:57:59,617.85,3516597,5,617.56,786373,1472384,0.21085070148407564,0
2023-07-28 10:58:00,617.75,3517400,1,617.56,781076,1472811,0.19463141675452852,0
2023-07-28 10:58:01,617.85,3517947,5,617.56,783184,1472189,0.21085070148407564,0
2023-07-28 10:58:02,617.85,3517949,2,617.56,783222,1471956,0.21085070148407564,0
2023-07-28 10:58:03,617.85,3517973,2,617.56,783221,1471954,0.21085070148407564,0
2023-07-28 10:58:03,617.75,3517974,1,617.56,783761,1472483,0.19463141675452852,0
2023-07-28 10:58:05,617.85,3518405,81,617.56,783406,1471635,0.21085070148407564,0
2023-07-28 10:58:05,617.75,3518439,20,617.56,783201,1472158,0.19463141675452852,0
2023-07-28 10:58:07,617.8,3518542,1,617.56,783259,1472058,0.20274105911929285,0
2023-07-28 10:58:08,617.75,3518653,100,617.56,783587,1469048,0.19463141675452852,0
2023-07-28 10:58:08,617.75,3518653,11,617.56,783587,1469048,0.19463141675452852,0
2023-07-28 10:58:09,617.8,3519170,24,617.56,780485,1475221,0.20274105911929285,0
2023-07-28 10:58:10,617.75,3519381,1,617.56,782131,1475251,0.19463141675452852,0
2023-07-28 10:58:11,617.85,3519506,40,617.56,783096,1474632,0.21085070148407564,0
2023-07-28 10:58:11,617.8,3519506,1,617.56,783096,1474632,0.20274105911929285,0
2023-07-28 10:58:12,617.8,3519530,1,617.56,783541,1474595,0.20274105911929285,0
2023-07-28 10:58:13,617.8,3519543,1,617.56,784311,1474320,0.20274105911929285,0
2023-07-28 10:58:14,617.8,3519796,1,617.56,784312,1474163,0.20274105911929285,0
2023-07-28 10:58:14,617.65,3519796,100,617.56,784312,1474163,0.1784121320249814,0
2023-07-28 10:58:15,617.65,3519921,21,617.56,784191,1474162,0.1784121320249814,0
2023-07-28 10:58:15,617.65,3519921,5,617.56,784191,1474162,0.1784121320249814,0
2023-07-28 10:58:16,617.8,3519943,3,617.56,785438,1474512,0.20274105911929285,0
2023-07-28 10:58:16,617.8,3519945,1,617.56,785438,1474511,0.20274105911929285,0
2023-07-28 10:58:16,617.8,3519945,1,617.56,785438,1474511,0.20274105911929285,0
2023-07-28 10:58:17,617.8,3519946,1,617.56,785426,1474568,0.20274105911929285,0
2023-07-28 10:58:19,617.8,3520002,1,617.56,783488,1475181,0.20274105911929285,0
2023-07-28 10:58:20,617.85,3520019,10,617.56,786586,1475046,0.21085070148407564,0
2023-07-28 10:58:21,617.8,3520041,1,617.56,786246,1475029,0.20274105911929285,0
2023-07-28 10:58:21,617.65,3520041,1,617.56,786246,1475029,0.1784121320249814,0
2023-07-28 10:58:23,617.75,3520178,1,617.56,786772,1474662,0.19463141675452852,0
2023-07-28 10:58:23,617.65,3520178,4,617.56,786772,1474662,0.1784121320249814,0
2023-07-28 10:58:24,617.65,3520236,50,617.56,788266,1473630,0.1784121320249814,0
2023-07-28 10:58:24,617.75,3520236,1,617.56,788266,1473630,0.19463141675452852,0
2023-07-28 10:58:24,617.75,3520243,1,617.56,788267,1473445,0.19463141675452852,0
2023-07-28 10:58:26,617.65,3520368,5,617.56,789433,1473592,0.1784121320249814,0
2023-07-28 10:58:26,617.75,3520371,1,617.56,789855,1474872,0.19463141675452852,0
2023-07-28 10:58:27,617.75,3520407,5,617.56,789828,1473931,0.19463141675452852,0
2023-07-28 10:58:28,617.65,3521229,1,617.56,788851,1473802,0.1784121320249814,0
2023-07-28 10:58:30,617.75,3521235,1,617.56,787552,1473829,0.19463141675452852,0
2023-07-28 10:58:30,617.7,3521235,4,617.56,787552,1473829,0.18652177438976417,0
2023-07-28 10:58:31,617.8,3521389,1,617.56,787950,1473756,0.20274105911929285,0
2023-07-28 10:58:31,617.8,3521389,14,617.56,787950,1473756,0.20274105911929285,0
2023-07-28 10:58:32,617.8,3521555,1,617.56,787830,1474066,0.20274105911929285,0
2023-07-28 10:58:33,617.75,3521608,1,617.56,787652,1474077,0.19463141675452852,0
2023-07-28 10:58:34,617.7,3521707,6,617.56,787296,1473179,0.18652177438976417,0
2023-07-28 10:58:36,617.8,3521840,1,617.56,789404,1472762,0.20274105911929285,0
2023-07-28 10:58:36,617.7,3521865,2,617.56,789380,1472440,0.18652177438976417,0
2023-07-28 10:58:37,617.8,3521870,1,617.56,789205,1472491,0.20274105911929285,0
2023-07-28 10:58:38,617.7,3523481,40,617.56,790140,1472318,0.18652177438976417,0
2023-07-28 10:58:39,617.75,3523482,1,617.56,789956,1471300,0.19463141675452852,0
2023-07-28 10:58:41,617.75,3523702,1,617.56,793691,1471088,0.19463141675452852,0
2023-07-28 10:58:41,617.75,3523702,1,617.56,793691,1471088,0.19463141675452852,0
2023-07-28 10:58:41,617.75,3523702,1,617.56,793692,1471089,0.19463141675452852,0
2023-07-28 10:58:41,617.75,3523702,11,617.56,793692,1471089,0.19463141675452852,0
2023-07-28 10:58:43,617.8,3523779,1,617.56,793787,1470889,0.20274105911929285,0
2023-07-28 10:58:43,617.85,3523779,22,617.56,793787,1470889,0.21085070148407564,0
2023-07-28 10:58:43,617.75,3523779,237,617.56,793787,1470889,0.19463141675452852,0
2023-07-28 10:58:45,617.85,3524627,1,617.56,793162,1470062,0.21085070148407564,0
2023-07-28 10:58:45,617.75,3524627,4,617.56,793162,1470062,0.19463141675452852,0
2023-07-28 10:58:46,617.8,3524639,6,617.56,793336,1469935,0.20274105911929285,0
2023-07-28 10:58:46,617.8,3524641,1,617.56,793172,1469947,0.20274105911929285,0
2023-07-28 10:58:46,617.8,3524641,5,617.56,793172,1469947,0.20274105911929285,0
2023-07-28 10:58:48,617.85,3524662,6,617.56,792730,1469955,0.21085070148407564,0
2023-07-28 10:58:49,617.85,3524677,1,617.56,792692,1469881,0.21085070148407564,0
2023-07-28 10:58:49,617.85,3524677,24,617.56,792692,1469881,0.21085070148407564,0
2023-07-28 10:58:51,617.85,3524716,5,617.56,792704,1469625,0.21085070148407564,0
2023-07-28 10:58:51,617.8,3524721,1,617.56,792563,1471110,0.20274105911929285,0
2023-07-28 10:58:53,617.8,3524748,13,617.56,792050,1471672,0.20274105911929285,0
2023-07-28 10:58:53,617.85,3524752,1,617.56,792204,1471675,0.21085070148407564,0
2023-07-28 10:58:55,617.85,3524785,3,617.56,789870,1470779,0.21085070148407564,0
2023-07-28 10:58:55,617.8,3524790,5,617.56,789726,1470803,0.20274105911929285,0
2023-07-28 10:58:57,617.85,3524832,4,617.56,789687,1470798,0.21085070148407564,0
2023-07-28 10:58:57,617.8,3524895,11,617.56,789682,1470749,0.20274105911929285,0
2023-07-28 10:58:58,617.8,3524900,1,617.56,789837,1470843,0.20274105911929285,0
2023-07-28 10:58:58,617.85,3524900,2,617.56,789837,1470843,0.21085070148407564,0
2023-07-28 10:59:00,617.8,3525107,4,617.56,789316,1470739,0.20274105911929285,0
2023-07-28 10:59:01,617.85,3525267,3,617.56,789425,1470445,0.21085070148407564,0
2023-07-28 10:59:02,617.85,3525291,6,617.56,789835,1470421,0.21085070148407564,0
2023-07-28 10:59:04,617.8,3525491,2,617.56,789326,1470599,0.20274105911929285,0
2023-07-28 10:59:05,617.8,3525511,2,617.56,788235,1470460,0.20274105911929285,0
2023-07-28 10:59:05,617.75,3525586,29,617.56,788175,1470264,0.19463141675452852,0
2023-07-28 10:59:06,617.75,3525588,1,617.56,788413,1469864,0.19463141675452852,0
2023-07-28 10:59:06,617.85,3525588,1,617.56,788413,1469864,0.21085070148407564,0
2023-07-28 10:59:06,617.75,3525588,1,617.56,788413,1469864,0.19463141675452852,0
2023-07-28 10:59:06,617.75,3525588,140,617.56,788413,1469864,0.19463141675452852,0
2023-07-28 10:59:06,617.75,3525588,4,617.56,788413,1469864,0.19463141675452852,0
2023-07-28 10:59:11,617.9,3526154,18,617.56,788701,1470127,0.21896034384883997,0
2023-07-28 10:59:11,617.75,3526154,11,617.56,788701,1470127,0.19463141675452852,0
2023-07-28 10:59:11,617.8,3526154,1,617.56,788701,1470127,0.20274105911929285,0
2023-07-28 10:59:11,617.8,3526154,1,617.56,788701,1470127,0.20274105911929285,0
2023-07-28 10:59:15,617.7,3528647,1,617.56,789108,1471155,0.18652177438976417,0
2023-07-28 10:59:15,617.75,3528647,1,617.56,789108,1471155,0.19463141675452852,0
2023-07-28 10:59:15,617.7,3528647,299,617.56,789108,1471155,0.18652177438976417,0
2023-07-28 10:59:15,617.7,3528647,1,617.56,789108,1471155,0.18652177438976417,0
2023-07-28 10:59:20,617.7,3529591,1,617.56,788751,1471780,0.18652177438976417,0
2023-07-28 10:59:20,617.7,3529591,1,617.56,788751,1471780,0.18652177438976417,0
2023-07-28 10:59:20,617.7,3529591,1,617.56,788751,1471780,0.18652177438976417,0
2023-07-28 10:59:20,617.7,3529591,10,617.56,788751,1471780,0.18652177438976417,0
2023-07-28 10:59:20,617.7,3529591,10,617.56,788751,1471780,0.18652177438976417,0
2023-07-28 10:59:20,617.7,3529591,10,617.56,788751,1471780,0.18652177438976417,0
2023-07-28 10:59:24,617.8,3530491,1,617.56,788601,1470461,0.20274105911929285,0
2023-07-28 10:59:24,617.8,3530491,1,617.56,788601,1470461,0.20274105911929285,0
2023-07-28 10:59:24,617.65,3530491,162,617.56,788601,1470461,0.1784121320249814,0
2023-07-28 10:59:24,617.65,3530491,162,617.56,788601,1470461,0.1784121320249814,0
2023-07-28 10:59:24,617.75,3530491,3,617.56,788601,1470461,0.19463141675452852,0
2023-07-28 10:59:24,617.75,3530491,2,617.56,788601,1470461,0.19463141675452852,0
2023-07-28 10:59:29,617.8,3530873,1,617.56,786232,1472186,0.20274105911929285,0
2023-07-28 10:59:29,617.8,3530873,3,617.56,786232,1472186,0.20274105911929285,0
2023-07-28 10:59:29,617.9,3530873,1,617.56,786232,1472186,0.21896034384883997,0
2023-07-28 10:59:29,617.85,3530873,32,617.56,786232,1472186,0.21085070148407564,0
2023-07-28 10:59:33,617.85,3532270,1,617.56,787054,1473643,0.21085070148407564,0
2023-07-28 10:59:33,617.85,3532270,65,617.56,787054,1473643,0.21085070148407564,0
2023-07-28 10:59:33,617.8,3532270,6,617.56,787054,1473643,0.20274105911929285,0
2023-07-28 10:59:33,617.8,3532270,6,617.56,787054,1473643,0.20274105911929285,0
2023-07-28 10:59:33,617.8,3532270,27,617.56,787054,1473643,0.20274105911929285,0
2023-07-28 10:59:37,617.8,3532489,100,617.56,788201,1471486,0.20274105911929285,0
2023-07-28 10:59:37,617.8,3532489,15,617.56,788201,1471486,0.20274105911929285,0
2023-07-28 10:59:37,617.85,3532489,2,617.56,788201,1471486,0.21085070148407564,0
2023-07-28 10:59:37,617.85,3532489,2,617.56,788201,1471486,0.21085070148407564,0
2023-07-28 10:59:37,617.9,3532489,1,617.56,788201,1471486,0.21896034384883997,0
2023-07-28 10:59:43,617.9,3532746,10,617.56,789397,1474843,0.21896034384883997,0
2023-07-28 10:59:43,617.9,3532746,120,617.56,789397,1474843,0.21896034384883997,0
2023-07-28 10:59:43,617.9,3532746,1,617.56,789397,1474843,0.21896034384883997,0
2023-07-28 10:59:43,617.8,3532746,1,617.56,789397,1474843,0.20274105911929285,0
2023-07-28 10:59:43,617.9,3532746,31,617.56,789397,1474843,0.21896034384883997,0
2023-07-28 10:59:47,617.9,3533463,1,617.56,787872,1474613,0.21896034384883997,0
2023-07-28 10:59:47,617.7,3533463,40,617.56,787872,1474613,0.18652177438976417,0
2023-07-28 10:59:47,617.7,3533463,10,617.56,787872,1474613,0.18652177438976417,0
2023-07-28 10:59:47,617.9,3533463,1,617.56,787872,1474613,0.21896034384883997,0
2023-07-28 10:59:47,617.95,3533463,2,617.56,787872,1474613,0.22706998621362276,0
2023-07-28 10:59:52,617.85,3534115,1,617.56,790205,1474302,0.21085070148407564,0
2023-07-28 10:59:52,617.95,3534115,1,617.56,790205,1474302,0.22706998621362276,0
2023-07-28 10:59:52,617.95,3534115,1,617.56,790205,1474302,0.22706998621362276,0
2023-07-28 10:59:52,617.95,3534115,1,617.56,790205,1474302,0.22706998621362276,0
2023-07-28 10:59:56,617.85,3534967,4,617.56,789501,1473938,0.21085070148407564,0
2023-07-28 10:59:56,617.85,3534967,11,617.56,789501,1473938,0.21085070148407564,0
2023-07-28 10:59:56,617.85,3534967,1,617.56,789501,1473938,0.21085070148407564,0
2023-07-28 10:59:56,617.85,3534967,5,617.56,789501,1473938,0.21085070148407564,0
2023-07-28 10:59:56,617.85,3534967,5,617.56,789501,1473938,0.21085070148407564,0
2023-07-28 10:59:56,617.85,3534967,5,617.56,789501,1473938,0.21085070148407564,0
2023-07-28 10:59:56,617.9,3534967,1,617.56,789501,1473938,0.21896034384883997,0
2023-07-28 10:59:56,617.9,3534967,4,617.56,789501,1473938,0.21896034384883997,0
2023-07-28 10:59:56,617.95,3534967,1,617.56,789501,1473938,0.22706998621362276,0
2023-07-28 11:00:05,617.95,3536528,221,617.56,782608,1472619,0.22706998621362276,0
2023-07-28 11:00:05,617.95,3536528,36,617.56,782608,1472619,0.22706998621362276,0
2023-07-28 11:00:07,617.9,3537791,5,617.56,783316,1472360,0.21896034384883997,0
2023-07-28 11:00:08,617.95,3538941,2,617.56,782817,1472722,0.22706998621362276,0
2023-07-28 11:00:08,618.0,3538941,10,617.56,782817,1472722,0.2351796285783871,0
2023-07-28 11:00:08,618.0,3545396,10,617.56,781591,1469329,0.2351796285783871,0
2023-07-28 11:00:10,618.1,3546694,5,617.56,781916,1471324,0.2513989133079342,0
2023-07-28 11:00:10,618.0,3547353,1,617.56,782675,1469275,0.2351796285783871,0
2023-07-28 11:00:10,618.15,3547353,1,617.56,782675,1469275,0.25950855567269854,0
2023-07-28 11:00:12,618.15,3547551,18,617.56,793771,1469984,0.25950855567269854,0
2023-07-28 11:00:12,618.0,3547551,11,617.56,793771,1469984,0.2351796285783871,0
2023-07-28 11:00:13,618.0,3547939,20,617.56,793789,1469476,0.2351796285783871,0
2023-07-28 11:00:13,618.15,3547939,2,617.56,793789,1469476,0.25950855567269854,0
2023-07-28 11:00:13,618.15,3547939,1,617.56,793789,1469476,0.25950855567269854,0
2023-07-28 11:00:15,618.0,3548194,1,617.56,793457,1469402,0.2351796285783871,0
2023-07-28 11:00:15,618.15,3548194,59,617.56,793457,1469402,0.25950855567269854,0
2023-07-28 11:00:17,618.15,3548521,10,617.56,795060,1470581,0.25950855567269854,0
2023-07-28 11:00:17,618.2,3548521,37,617.56,795060,1470581,0.2676181980374813,0
2023-07-28 11:00:18,618.2,3548692,37,617.56,794292,1470836,0.2676181980374813,0
2023-07-28 11:00:19,618.0,3549347,81,617.56,792077,1472538,0.2351796285783871,0
2023-07-28 11:00:19,618.0,3549347,4,617.56,792077,1472538,0.2351796285783871,0
2023-07-28 11:00:21,618.15,3549402,2,617.56,793379,1472674,0.25950855567269854,0
2023-07-28 11:00:22,618.2,3549411,1,617.56,789429,1469947,0.2676181980374813,0
2023-07-28 11:00:22,618.15,3549411,181,617.56,789429,1469947,0.25950855567269854,0
2023-07-28 11:00:23,618.15,3549675,4,617.56,793205,1473449,0.25950855567269854,0
2023-07-28 11:00:24,618.15,3549743,1,617.56,793783,1473878,0.25950855567269854,0
2023-07-28 11:00:26,618.0,3550241,99,617.56,790313,1471850,0.2351796285783871,0
2023-07-28 11:00:26,618.0,3550242,1,617.56,793226,1471925,0.2351796285783871,0
2023-07-28 11:00:27,618.0,3550463,12,617.56,793387,1471859,0.2351796285783871,0
2023-07-28 11:00:29,618.0,3550470,1,617.56,793672,1471864,0.2351796285783871,0
2023-07-28 11:00:30,618.0,3550472,1,617.56,793026,1471856,0.2351796285783871,0
2023-07-28 11:00:31,618.15,3551491,31,617.56,793332,1470272,0.25950855567269854,0
2023-07-28 11:00:32,618.0,3551610,3,617.57,793005,1470058,0.2351796285783871,0
2023-07-28 11:00:32,618.05,3551610,1,617.57,793005,1470058,0.24328927094315142,0
2023-07-28 11:00:33,618.05,3551695,2,617.57,787932,1470560,0.24328927094315142,0
2023-07-28 11:00:33,618.05,3551695,2,617.57,787932,1470560,0.24328927094315142,0
2023-07-28 11:00:34,618.05,3551698,1,617.57,794509,1470651,0.24328927094315142,0
2023-07-28 11:00:34,618.05,3551698,1,617.57,794509,1470651,0.24328927094315142,0
2023-07-28 11:00:34,618.0,3551698,5,617.57,794509,1470651,0.2351796285783871,0
2023-07-28 11:00:36,618.0,3552953,7,617.57,789699,1473516,0.2351796285783871,0
2023-07-28 11:00:36,617.85,3552953,17,617.57,789699,1473516,0.21085070148407564,0
2023-07-28 11:00:36,617.85,3553102,17,617.57,787361,1473006,0.21085070148407564,0
2023-07-28 11:00:38,618.0,3553238,3,617.57,788822,1474517,0.2351796285783871,0
2023-07-28 11:00:38,618.0,3553238,50,617.57,788822,1474517,0.2351796285783871,0
2023-07-28 11:00:39,618.0,3553308,17,617.57,788731,1474595,0.2351796285783871,0
2023-07-28 11:00:40,618.0,3554038,21,617.57,786871,1472436,0.2351796285783871,0
2023-07-28 11:00:41,618.0,3554271,1,617.57,787702,1472753,0.2351796285783871,0
2023-07-28 11:00:42,618.0,3554295,4,617.57,789107,1472362,0.2351796285783871,0
2023-07-28 11:00:42,617.8,3554295,11,617.57,789107,1472362,0.20274105911929285,0
2023-07-28 11:00:43,617.8,3554326,14,617.57,789165,1472694,0.20274105911929285,0
2023-07-28 11:00:43,618.0,3554326,1,617.57,789165,1472694,0.2351796285783871,0
2023-07-28 11:00:43,617.95,3554326,85,617.57,789165,1472694,0.22706998621362276,0
2023-07-28 11:00:45,617.8,3555218,4,617.57,788001,1469426,0.20274105911929285,0
2023-07-28 11:00:45,617.8,3555218,4,617.57,788001,1469426,0.20274105911929285,0
2023-07-28 11:00:46,617.85,3555219,1,617.57,788920,1471781,0.21085070148407564,0
2023-07-28 11:00:47,618.0,3555226,1,617.57,788766,1472030,0.2351796285783871,0
2023-07-28 11:00:48,617.95,3555423,5,617.57,789022,1471596,0.22706998621362276,0
2023-07-28 11:00:48,617.95,3555423,2,617.57,789022,1471596,0.22706998621362276,0
2023-07-28 11:00:49,618.0,3555501,76,617.57,788920,1471823,0.2351796285783871,0
2023-07-28 11:00:49,617.95,3555563,4,617.57,789360,1471697,0.22706998621362276,0
2023-07-28 11:00:49,617.95,3555563,4,617.57,789360,1471697,0.22706998621362276,0
2023-07-28 11:00:51,617.95,3555645,10,617.57,775881,1468794,0.22706998621362276,0
2023-07-28 11:00:51,617.95,3555645,10,617.57,775881,1468794,0.22706998621362276,0
2023-07-28 11:00:52,618.0,3555646,1,617.57,775907,1468793,0.2351796285783871,0
2023-07-28 11:00:52,618.0,3555837,50,617.57,775765,1468482,0.2351796285783871,0
2023-07-28 11:00:53,618.0,3555870,5,617.57,777270,1469273,0.2351796285783871,0
2023-07-28 11:00:55,618.0,3555895,6,617.57,777278,1469038,0.2351796285783871,0
2023-07-28 11:00:55,617.95,3555902,5,617.57,777101,1469136,0.22706998621362276,0
2023-07-28 11:00:57,617.95,3555909,1,617.57,777451,1469140,0.22706998621362276,0
2023-07-28 11:00:57,617.95,3556572,11,617.57,790864,1466812,0.22706998621362276,0
2023-07-28 11:00:59,618.1,3556742,1,617.57,792877,1467788,0.2513989133079342,0
2023-07-28 11:00:59,618.1,3556762,1,617.57,792968,1467306,0.2513989133079342,0
2023-07-28 11:00:59,617.95,3556762,4,617.57,792968,1467306,0.22706998621362276,0
2023-07-28 11:01:00,618.1,3556769,1,617.57,791206,1466957,0.2513989133079342,0
2023-07-28 11:01:02,618.1,3556772,2,617.57,791234,1467586,0.2513989133079342,0
2023-07-28 11:01:02,617.95,3556772,1,617.57,791234,1467586,0.22706998621362276,0
2023-07-28 11:01:03,617.95,3557839,1,617.57,791893,1467082,0.22706998621362276,0
2023-07-28 11:01:04,617.95,3557840,1,617.57,791927,1467022,0.22706998621362276,0
2023-07-28 11:01:06,618.05,3558132,1,617.57,791662,1466900,0.24328927094315142,0
2023-07-28 11:01:06,618.05,3558132,1,617.57,791662,1466900,0.24328927094315142,0
2023-07-28 11:01:07,617.95,3558135,2,617.57,786513,1462796,0.22706998621362276,0
2023-07-28 11:01:07,618.05,3558135,1,617.57,786513,1462796,0.24328927094315142,0
2023-07-28 11:01:08,618.05,3558153,2,617.57,786902,1462239,0.24328927094315142,0
2023-07-28 11:01:08,618.1,3558153,1,617.57,786903,1463739,0.2513989133079342,0
2023-07-28 11:01:08,618.1,3558153,1,617.57,786903,1463739,0.2513989133079342,0
2023-07-28 11:01:10,618.05,3558234,4,617.57,786829,1464086,0.24328927094315142,0
2023-07-28 11:01:10,618.05,3558234,4,617.57,786829,1464086,0.24328927094315142,0
2023-07-28 11:01:11,618.05,3558238,1,617.57,787567,1464127,0.24328927094315142,0
2023-07-28 11:01:13,618.1,3558250,1,617.57,788060,1464066,0.2513989133079342,0
2023-07-28 11:01:13,618.1,3558250,1,617.57,788060,1464066,0.2513989133079342,0
2023-07-28 11:01:14,618.05,3558518,3,617.57,787907,1463850,0.24328927094315142,0
2023-07-28 11:01:15,618.05,3558559,5,617.57,788055,1462383,0.24328927094315142,0
2023-07-28 11:01:15,618.1,3558562,3,617.57,788059,1462381,0.2513989133079342,0
2023-07-28 11:01:16,618.15,3558683,1,617.57,787949,1464008,0.25950855567269854,0
2023-07-28 11:01:17,618.05,3558773,38,617.57,788859,1463955,0.24328927094315142,0
2023-07-28 11:01:18,618.15,3558797,2,617.57,787100,1463538,0.25950855567269854,0
2023-07-28 11:01:18,618.05,3558797,74,617.57,787100,1463538,0.24328927094315142,0
2023-07-28 11:01:20,618.15,3558899,1,617.57,788962,1463537,0.25950855567269854,0
2023-07-28 11:01:21,618.15,3558909,1,617.57,788628,1464018,0.25950855567269854,0
2023-07-28 11:01:21,618.05,3558909,2,617.57,788628,1464018,0.24328927094315142,0
2023-07-28 11:01:22,618.05,3558917,1,617.57,788667,1464750,0.24328927094315142,0
2023-07-28 11:01:23,618.05,3558969,42,617.57,788722,1464865,0.24328927094315142,0
2023-07-28 11:01:23,618.2,3558981,2,617.57,793314,1468830,0.2676181980374813,0
2023-07-28 11:01:25,618.2,3559101,4,617.57,792836,1469326,0.2676181980374813,0
2023-07-28 11:01:26,618.05,3559148,20,617.57,792933,1468860,0.24328927094315142,0
2023-07-28 11:01:26,618.05,3559148,1,617.57,792933,1468860,0.24328927094315142,0
2023-07-28 11:01:26,618.05,3559149,1,617.57,792270,1469410,0.24328927094315142,0
2023-07-28 11:01:28,618.2,3559167,6,617.57,792286,1469403,0.2676181980374813,0
2023-07-28 11:01:29,618.2,3559173,1,617.57,792362,1469401,0.2676181980374813,0
2023-07-28 11:01:29,618.05,3559173,1,617.57,792362,1469401,0.24328927094315142,0
2023-07-28 11:01:29,618.15,3559173,2,617.57,792362,1469401,0.25950855567269854,0
2023-07-28 11:01:31,618.05,3559199,2,617.57,791307,1469020,0.24328927094315142,0
2023-07-28 11:01:31,618.05,3559199,2,617.57,791307,1469020,0.24328927094315142,0
2023-07-28 11:01:31,618.2,3559199,1,617.57,792807,1469223,0.2676181980374813,0
2023-07-28 11:01:33,618.2,3559200,1,617.57,792559,1469267,0.2676181980374813,0
2023-07-28 11:01:33,618.2,3559200,1,617.57,792559,1469267,0.2676181980374813,0
2023-07-28 11:01:34,618.2,3560301,100,617.57,792811,1466407,0.2676181980374813,0
2023-07-28 11:01:34,618.2,3560301,1,617.57,792811,1466407,0.2676181980374813,0
2023-07-28 11:01:35,618.2,3560616,1,617.57,792819,1466565,0.2676181980374813,0
2023-07-28 11:01:36,618.1,3560618,1,617.57,792936,1467642,0.2513989133079342,0
2023-07-28 11:01:37,618.1,3560723,3,617.57,792861,1467612,0.2513989133079342,0
2023-07-28 11:01:37,618.1,3560723,1,617.57,792861,1467612,0.2513989133079342,0
2023-07-28 11:01:40,618.1,3560823,2,617.57,792696,1467714,0.2513989133079342,0
2023-07-28 11:01:40,618.05,3560823,1,617.57,792696,1467714,0.24328927094315142,0
2023-07-28 11:01:41,618.1,3560825,1,617.57,791695,1468561,0.2513989133079342,0
2023-07-28 11:01:42,618.05,3560843,11,617.57,791683,1468301,0.24328927094315142,0
2023-07-28 11:01:44,618.05,3561425,70,617.57,793378,1468131,0.24328927094315142,0
2023-07-28 11:01:44,618.05,3561425,1,617.57,793378,1468131,0.24328927094315142,0
2023-07-28 11:01:45,618.1,3561548,122,617.57,793467,1470046,0.2513989133079342,0
2023-07-28 11:01:45,618.05,3561717,150,617.57,793312,1469918,0.24328927094315142,0
2023-07-28 11:01:47,618.05,3561761,1,617.57,793273,1469972,0.24328927094315142,0
2023-07-28 11:01:47,618.1,3561761,5,617.57,793273,1469972,0.2513989133079342,0
2023-07-28 11:01:47,618.1,3561766,5,617.57,785729,1470209,0.2513989133079342,0
2023-07-28 11:01:47,618.05,3561766,40,617.57,785729,1470209,0.24328927094315142,0
2023-07-28 11:01:49,618.1,3561887,10,617.57,792359,1470133,0.2513989133079342,0
2023-07-28 11:01:49,618.1,3561889,1,617.57,792359,1470314,0.2513989133079342,0
2023-07-28 11:01:49,618.1,3561889,1,617.57,792359,1470314,0.2513989133079342,0
2023-07-28 11:01:51,618.1,3561910,1,617.57,792351,1470601,0.2513989133079342,0
2023-07-28 11:01:51,618.05,3561916,4,617.57,794016,1470751,0.24328927094315142,0
2023-07-28 11:01:53,618.1,3562321,1,617.57,793634,1470646,0.2513989133079342,0
2023-07-28 11:01:54,618.05,3562384,4,617.57,793769,1470714,0.24328927094315142,0
2023-07-28 11:01:54,618.1,3562723,3,617.57,793839,1470636,0.2513989133079342,0
2023-07-28 11:01:55,618.05,3569172,7,617.57,794628,1470333,0.24328927094315142,0
2023-07-28 11:01:56,618.1,3569783,1,617.57,794532,1466391,0.2513989133079342,0
2023-07-28 11:01:57,618.1,3569841,11,617.57,794526,1468918,0.2513989133079342,0
2023-07-28 11:01:57,618.15,3569841,1,617.57,794526,1468918,0.25950855567269854,0
2023-07-28 11:01:59,618.15,3569993,4,617.57,791978,1472931,0.25950855567269854,0
2023-07-28 11:02:00,618.15,3570200,7,617.57,792652,1470036,0.25950855567269854,0
2023-07-28 11:02:01,618.15,3570207,7,617.57,791883,1470463,0.25950855567269854,0
2023-07-28 11:02:01,618.15,3570207,7,617.57,791968,1470558,0.25950855567269854,0
2023-07-28 11:02:03,618.15,3570209,1,617.57,791970,1470693,0.25950855567269854,0
2023-07-28 11:02:04,618.1,3570224,10,617.57,791977,1470652,0.2513989133079342,0
2023-07-28 11:02:04,618.1,3570224,1,617.57,791977,1470652,0.2513989133079342,0
2023-07-28 11:02:05,618.15,3570230,2,617.57,793464,1470576,0.25950855567269854,0
2023-07-28 11:02:06,618.15,3570257,1,617.57,794244,1467895,0.25950855567269854,0
2023-07-28 11:02:06,618.05,3570257,11,617.57,794244,1467895,0.24328927094315142,0
2023-07-28 11:02:08,618.05,3570490,1,617.57,794469,1469284,0.24328927094315142,0
2023-07-28 11:02:10,618.05,3570520,24,617.57,794541,1468491,0.24328927094315142,0
2023-07-28 11:02:11,618.15,3570530,1,617.57,794379,1468521,0.25950855567269854,0
2023-07-28 11:02:11,618.15,3570532,1,617.57,794049,1469361,0.25950855567269854,0
2023-07-28 11:02:13,618.2,3570581,4,617.57,794518,1469518,0.2676181980374813,0
2023-07-28 11:02:14,618.15,3570589,1,617.57,794463,1468696,0.25950855567269854,0
2023-07-28 11:02:15,618.15,3570593,4,617.57,794464,1468697,0.25950855567269854,0
2023-07-28 11:02:16,618.2,3570898,7,617.57,794395,1468910,0.2676181980374813,0
2023-07-28 11:02:16,618.1,3570904,3,617.57,794268,1468906,0.2513989133079342,0
2023-07-28 11:02:18,618.0,3571062,1,617.57,794258,1468806,0.2351796285783871,0
2023-07-28 11:02:18,618.0,3571063,1,617.57,794259,1468806,0.2351796285783871,0
2023-07-28 11:02:20,618.0,3571694,11,617.57,793726,1468439,0.2351796285783871,0
2023-07-28 11:02:21,618.0,3571701,3,617.57,793111,1468430,0.2351796285783871,0
2023-07-28 11:02:22,618.05,3571703,1,617.57,794230,1467761,0.24328927094315142,0
2023-07-28 11:02:22,618.05,3571703,1,617.57,794230,1467761,0.24328927094315142,0
2023-07-28 11:02:22,618.1,3571703,12,617.57,794230,1467761,0.2513989133079342,0
2023-07-28 11:02:24,618.1,3575116,41,617.57,795494,1466708,0.2513989133079342,0
2023-07-28 11:02:24,618.25,3575467,62,617.57,795387,1467055,0.2757278404022457,0
2023-07-28 11:02:24,618.25,3575467,62,617.57,795387,1467055,0.2757278404022457,0
2023-07-28 11:02:25,618.25,3575525,45,617.57,794490,1467405,0.2757278404022457,0
2023-07-28 11:02:26,618.25,3575656,11,617.57,793743,1468082,0.2757278404022457,0
2023-07-28 11:02:28,618.1,3575886,5,617.57,793955,1468380,0.2513989133079342,0
2023-07-28 11:02:28,618.1,3575887,1,617.57,794440,1477379,0.2513989133079342,0
2023-07-28 11:02:29,618.1,3576027,3,617.57,795067,1473780,0.2513989133079342,0
2023-07-28 11:02:31,618.25,3576051,3,617.57,795668,1476657,0.2757278404022457,0
2023-07-28 11:02:32,618.25,3576665,1,617.57,795012,1477356,0.2757278404022457,0
2023-07-28 11:02:32,618.25,3576665,1,617.57,795112,1477675,0.2757278404022457,0
2023-07-28 11:02:33,618.1,3576857,1,617.57,795270,1476369,0.2513989133079342,0
2023-07-28 11:02:35,618.25,3576886,14,617.57,795253,1477905,0.2757278404022457,0
2023-07-28 11:02:35,618.1,3576886,6,617.57,795253,1477905,0.2513989133079342,0
2023-07-28 11:02:36,618.25,3576897,1,617.57,795846,1477297,0.2757278404022457,0
2023-07-28 11:02:36,618.25,3576897,61,617.57,795846,1477297,0.2757278404022457,0
2023-07-28 11:02:37,618.25,3576984,1,617.57,795822,1477230,0.2757278404022457,0
2023-07-28 11:02:37,618.25,3576984,1,617.57,795822,1477230,0.2757278404022457,0
2023-07-28 11:02:38,618.2,3577031,4,617.57,791930,1477990,0.2676181980374813,0
2023-07-28 11:02:39,618.15,3577037,1,617.57,793457,1478257,0.25950855567269854,0
2023-07-28 11:02:39,618.2,3577037,1,617.57,793457,1478257,0.2676181980374813,0
2023-07-28 11:02:40,618.1,3577049,4,617.57,793451,1478494,0.2513989133079342,0
2023-07-28 11:02:40,618.0,3577049,77,617.57,793451,1478494,0.2351796285783871,0
2023-07-28 11:02:41,618.0,3584573,109,617.57,789241,1474693,0.2351796285783871,0
2023-07-28 11:02:42,618.0,3585259,11,617.57,789170,1476685,0.2351796285783871,0
2023-07-28 11:02:43,617.95,3586204,5,617.57,788934,1477342,0.22706998621362276,0
2023-07-28 11:02:43,617.95,3586204,5,617.57,788493,1478539,0.22706998621362276,0
2023-07-28 11:02:43,617.95,3586204,4,617.57,788493,1478539,0.22706998621362276,0
2023-07-28 11:02:46,618.05,3586233,2,617.57,788585,1477937,0.24328927094315142,0
2023-07-28 11:02:46,618.05,3586233,2,617.57,788585,1477937,0.24328927094315142,0
2023-07-28 11:02:47,617.95,3586441,5,617.57,788604,1477662,0.22706998621362276,0
2023-07-28 11:02:47,617.95,3586441,5,617.57,788604,1477662,0.22706998621362276,0
2023-07-28 11:02:48,618.0,3586527,1,617.57,788800,1478115,0.2351796285783871,0
2023-07-28 11:02:49,618.05,3586530,1,617.57,788097,1477707,0.24328927094315142,0
2023-07-28 11:02:50,617.95,3586534,1,617.57,788651,1479873,0.22706998621362276,0
2023-07-28 11:02:51,617.95,3586555,21,617.57,786085,1481134,0.22706998621362276,0
2023-07-28 11:02:52,617.9,3586575,9,617.57,786360,1480160,0.21896034384883997,0
2023-07-28 11:02:53,617.9,3586584,1,617.57,786476,1480429,0.21896034384883997,0
2023-07-28 11:02:54,617.9,3586589,1,617.57,786431,1480177,0.21896034384883997,0
2023-07-28 11:02:55,617.9,3586598,5,617.57,786264,1480253,0.21896034384883997,0
2023-07-28 11:02:57,617.95,3586600,1,617.57,788072,1480154,0.22706998621362276,0
2023-07-28 11:02:57,617.95,3586600,1,617.57,788072,1480154,0.22706998621362276,0
2023-07-28 11:02:58,617.95,3586613,1,617.57,788059,1480210,0.22706998621362276,0
2023-07-28 11:02:59,617.95,3586619,1,617.57,786556,1481151,0.22706998621362276,0
2023-07-28 11:03:00,617.8,3586717,50,617.57,788644,1479676,0.20274105911929285,0
2023-07-28 11:03:01,617.95,3586734,1,617.57,787441,1479215,0.22706998621362276,0
2023-07-28 11:03:01,617.8,3586734,10,617.57,787441,1479215,0.20274105911929285,0
2023-07-28 11:03:01,617.85,3586745,4,617.57,784755,1480772,0.21085070148407564,0
2023-07-28 11:03:02,617.85,3591170,4,617.57,791161,1477393,0.21085070148407564,0
2023-07-28 11:03:02,617.85,3591170,1,617.57,791161,1477393,0.21085070148407564,0
2023-07-28 11:03:04,618.05,3591475,1,617.57,790052,1480144,0.24328927094315142,0
2023-07-28 11:03:05,617.85,3592665,42,617.57,787991,1479683,0.21085070148407564,0
2023-07-28 11:03:05,617.85,3592665,20,617.57,787991,1479683,0.21085070148407564,0
2023-07-28 11:03:07,617.85,3592688,20,617.57,788590,1479146,0.21085070148407564,0
2023-07-28 11:03:08,618.05,3593943,112,617.57,788942,1477890,0.24328927094315142,0
2023-07-28 11:03:08,617.8,3593943,41,617.57,788942,1477890,0.20274105911929285,0
2023-07-28 11:03:08,617.8,3594065,41,617.57,788796,1480249,0.20274105911929285,0
2023-07-28 11:03:08,617.8,3594065,3,617.57,788796,1480249,0.20274105911929285,0
2023-07-28 11:03:09,617.8,3594270,3,617.57,790715,1478604,0.20274105911929285,0
2023-07-28 11:03:09,617.8,3594270,13,617.57,790715,1478604,0.20274105911929285,0
2023-07-28 11:03:10,617.85,3594321,1,617.57,790710,1476547,0.21085070148407564,0
2023-07-28 11:03:12,617.8,3595400,12,617.57,791391,1473710,0.20274105911929285,0
2023-07-28 11:03:12,617.85,3595400,11,617.57,791391,1473710,0.21085070148407564,0
2023-07-28 11:03:13,618.1,3595412,1,617.57,793855,1475678,0.2513989133079342,0
2023-07-28 11:03:13,618.1,3595423,1,617.57,789397,1476066,0.2513989133079342,0
2023-07-28 11:03:15,617.85,3595598,1,617.57,790316,1475649,0.21085070148407564,0
2023-07-28 11:03:16,618.1,3595606,1,617.57,790692,1476132,0.2513989133079342,0
2023-07-28 11:03:17,617.85,3595709,100,617.57,791322,1475896,0.21085070148407564,0
2023-07-28 11:03:18,617.85,3596144,63,617.57,791270,1476349,0.21085070148407564,0
2023-07-28 11:03:19,618.1,3596150,1,617.57,790366,1476890,0.2513989133079342,0
2023-07-28 11:03:20,618.1,3596189,3,617.57,794119,1475659,0.2513989133079342,0
2023-07-28 11:03:21,617.9,3596247,50,617.57,794785,1475774,0.21896034384883997,0
2023-07-28 11:03:22,617.9,3596255,1,617.57,792704,1475853,0.21896034384883997,0
2023-07-28 11:03:23,617.9,3596325,6,617.57,791572,1475535,0.21896034384883997,0
2023-07-28 11:03:23,618.05,3596448,1,617.57,791768,1476912,0.24328927094315142,0
2023-07-28 11:03:24,617.9,3596452,1,617.57,791814,1476287,0.21896034384883997,0
2023-07-28 11:03:25,617.9,3596459,4,617.57,791856,1476300,0.21896034384883997,0
2023-07-28 11:03:25,618.05,3596459,5,617.57,791856,1476300,0.24328927094315142,0
2023-07-28 11:03:26,618.05,3596464,5,617.57,791164,1476128,0.24328927094315142,0
2023-07-28 11:03:27,617.9,3596476,11,617.57,791160,1476181,0.21896034384883997,0
2023-07-28 11:03:29,617.9,3596483,1,617.57,793121,1477375,0.21896034384883997,0
2023-07-28 11:03:29,617.9,3596483,23,617.57,793121,1477375,0.21896034384883997,0
2023-07-28 11:03:30,617.95,3596507,1,617.57,793340,1477516,0.22706998621362276,0
2023-07-28 11:03:31,617.95,3596515,2,617.57,793799,1475747,0.22706998621362276,0
2023-07-28 11:03:31,617.95,3596515,2,617.57,793799,1475747,0.22706998621362276,0
2023-07-28 11:03:32,617.9,3596516,1,617.57,792721,1475245,0.21896034384883997,0
2023-07-28 11:03:33,617.9,3596955,2,617.57,793529,1474810,0.21896034384883997,0
2023-07-28 11:03:33,618.1,3596955,1,617.57,793529,1474810,0.2513989133079342,0
2023-07-28 11:03:34,618.1,3596957,1,617.57,793539,1474653,0.2513989133079342,0
2023-07-28 11:03:34,618.1,3596957,1,617.57,793539,1474653,0.2513989133079342,0
2023-07-28 11:03:35,617.9,3596972,2,617.57,792953,1475147,0.21896034384883997,0
2023-07-28 11:03:36,618.05,3596974,1,617.57,790541,1477156,0.24328927094315142,0
2023-07-28 11:03:37,618.0,3596981,6,617.57,790396,1477779,0.2351796285783871,0
2023-07-28 11:03:37,617.9,3596981,21,617.57,790396,1477779,0.21896034384883997,0
2023-07-28 11:03:38,618.05,3597023,2,617.57,790474,1475522,0.24328927094315142,0
2023-07-28 11:03:38,617.9,3597027,4,617.57,790470,1475522,0.21896034384883997,0
2023-07-28 11:03:39,618.05,3597032,1,617.57,790593,1476114,0.24328927094315142,0
2023-07-28 11:03:40,618.05,3597039,1,617.57,790537,1476186,0.24328927094315142,0
2023-07-28 11:03:41,617.95,3597042,1,617.57,792080,1477525,0.22706998621362276,0
2023-07-28 11:03:42,617.9,3597053,11,617.57,791570,1477534,0.21896034384883997,0
2023-07-28 11:03:43,617.9,3597059,3,617.57,791612,1477889,0.21896034384883997,0
2023-07-28 11:03:45,617.95,3597116,5,617.57,791676,1477832,0.22706998621362276,0
2023-07-28 11:03:45,617.9,3597198,48,617.57,792470,1477177,0.21896034384883997,0
2023-07-28 11:03:45,617.9,3597198,1,617.57,792470,1477177,0.21896034384883997,0
2023-07-28 11:03:46,617.95,3597200,1,617.57,792519,1477521,0.22706998621362276,0
2023-07-28 11:03:48,617.95,3597411,1,617.57,793106,1477789,0.22706998621362276,0
2023-07-28 11:03:49,617.9,3597489,50,617.57,793016,1477771,0.21896034384883997,0
2023-07-28 11:03:50,617.95,3597497,3,617.57,794160,1475705,0.22706998621362276,0
2023-07-28 11:03:50,617.95,3597497,6,617.57,794160,1475705,0.22706998621362276,0
2023-07-28 11:03:51,617.95,3597507,6,617.57,793890,1475608,0.22706998621362276,0
2023-07-28 11:03:51,617.95,3597512,5,617.57,793767,1475611,0.22706998621362276,0
2023-07-28 11:03:52,617.95,3597514,1,617.57,794268,1475609,0.22706998621362276,0
2023-07-28 11:03:52,617.95,3597514,5,617.57,794268,1475609,0.22706998621362276,0
2023-07-28 11:03:54,617.9,3597530,2,617.57,793537,1476627,0.21896034384883997,0
2023-07-28 11:03:54,617.9,3597530,2,617.57,793331,1476682,0.21896034384883997,0
2023-07-28 11:03:54,617.9,3597530,1,617.57,793331,1476682,0.21896034384883997,0
2023-07-28 11:03:56,617.95,3597542,2,617.57,793947,1476733,0.22706998621362276,0
2023-07-28 11:03:58,617.9,3597557,3,617.57,793874,1476738,0.21896034384883997,0
2023-07-28 11:03:58,617.9,3597557,3,617.57,793874,1476738,0.21896034384883997,0
2023-07-28 11:03:59,617.95,3597609,20,617.57,794821,1474418,0.22706998621362276,0
2023-07-28 11:03:59,617.95,3597613,4,617.57,795114,1476071,0.22706998621362276,0
2023-07-28 11:04:00,617.9,3597618,4,617.57,795122,1476329,0.21896034384883997,0
2023-07-28 11:04:01,617.95,3597619,1,617.57,795121,1476077,0.22706998621362276,0
2023-07-28 11:04:02,617.95,3597625,1,617.57,794491,1476076,0.22706998621362276,0
2023-07-28 11:04:03,617.95,3597632,2,617.57,794241,1476069,0.22706998621362276,0
2023-07-28 11:04:04,617.95,3597633,1,617.57,794200,1476125,0.22706998621362276,0
2023-07-28 11:04:05,617.95,3597649,1,617.57,793913,1475972,0.22706998621362276,0
2023-07-28 11:04:07,617.9,3597669,5,617.57,793907,1474323,0.21896034384883997,0
2023-07-28 11:04:07,617.95,3597671,2,617.57,793906,1475826,0.22706998621362276,0
2023-07-28 11:04:07,617.95,3597671,2,617.57,793906,1475826,0.22706998621362276,0
2023-07-28 11:04:08,617.95,3597675,2,617.57,793934,1475692,0.22706998621362276,0
2023-07-28 11:04:10,617.95,3597766,35,617.57,794004,1475603,0.22706998621362276,0
2023-07-28 11:04:10,617.95,3597795,3,617.57,794298,1475017,0.22706998621362276,0
2023-07-28 11:04:10,618.1,3597795,5,617.57,794298,1475017,0.2513989133079342,0
2023-07-28 11:04:12,618.1,3597864,1,617.57,795956,1472214,0.2513989133079342,0
2023-07-28 11:04:12,618.0,3597876,11,617.57,796072,1469449,0.2351796285783871,0
2023-07-28 11:04:13,618.05,3597979,100,617.57,797268,1472297,0.24328927094315142,0
2023-07-28 11:04:14,618.05,3597995,1,617.57,797323,1472285,0.24328927094315142,0
2023-07-28 11:04:16,618.05,3598005,2,617.57,796427,1472602,0.24328927094315142,0
2023-07-28 11:04:17,618.05,3598016,3,617.57,796606,1472593,0.24328927094315142,0
2023-07-28 11:04:18,618.05,3598069,1,617.57,794699,1475127,0.24328927094315142,0
2023-07-28 11:04:19,618.1,3598080,1,617.57,794699,1475385,0.2513989133079342,0
2023-07-28 11:04:19,618.05,3598093,10,617.57,794587,1475337,0.24328927094315142,0
2023-07-28 11:04:19,618.05,3598093,4,617.57,794587,1475337,0.24328927094315142,0
2023-07-28 11:04:19,618.1,3598093,1,617.57,794587,1475337,0.2513989133079342,0
2023-07-28 11:04:19,618.05,3598093,13,617.57,794587,1475337,0.24328927094315142,0
2023-07-28 11:04:23,618.1,3598124,1,617.57,792889,1475149,0.2513989133079342,0
2023-07-28 11:04:23,618.1,3598124,1,617.57,792889,1475149,0.2513989133079342,0
2023-07-28 11:04:23,618.1,3598124,29,617.57,792889,1475149,0.2513989133079342,0
2023-07-28 11:04:25,618.05,3600144,4,617.57,796854,1474956,0.24328927094315142,0
2023-07-28 11:04:25,618.05,3600146,2,617.57,796871,1474863,0.24328927094315142,0
2023-07-28 11:04:25,618.05,3600146,1,617.57,796871,1474863,0.24328927094315142,0
2023-07-28 11:04:27,618.1,3600149,2,617.57,796865,1474611,0.2513989133079342,0
2023-07-28 11:04:27,618.05,3600149,12,617.57,796865,1474611,0.24328927094315142,0
2023-07-28 11:04:27,618.05,3600149,10,617.57,796865,1474611,0.24328927094315142,0
2023-07-28 11:04:29,618.1,3600332,15,617.57,797235,1474439,0.2513989133079342,0
2023-07-28 11:04:30,618.0,3602442,1,617.57,794192,1475258,0.2351796285783871,0
2023-07-28 11:04:30,618.05,3602442,10,617.57,794192,1475258,0.24328927094315142,0
2023-07-28 11:04:30,618.05,3602442,211,617.57,794192,1475258,0.24328927094315142,0
2023-07-28 11:04:32,618.05,3602696,400,617.57,795046,1476452,0.24328927094315142,0
2023-07-28 11:04:32,618.05,3603096,400,617.57,795390,1476096,0.24328927094315142,0
2023-07-28 11:04:34,617.95,3604947,139,617.57,792137,1477029,0.22706998621362276,0
2023-07-28 11:04:34,617.95,3604947,139,617.57,792137,1477029,0.22706998621362276,0
2023-07-28 11:04:35,618.05,3604948,1,617.57,793096,1476450,0.24328927094315142,0
2023-07-28 11:04:35,617.95,3604954,5,617.57,792962,1476502,0.22706998621362276,0
2023-07-28 11:04:35,618.0,3604954,1,617.57,792962,1476502,0.2351796285783871,0
2023-07-28 11:04:37,617.9,3605155,15,617.57,792970,1475465,0.21896034384883997,0
2023-07-28 11:04:37,617.9,3605155,15,617.57,792970,1475465,0.21896034384883997,0
2023-07-28 11:04:38,617.9,3606050,164,617.57,793357,1475390,0.21896034384883997,0
2023-07-28 11:04:39,618.0,3606059,9,617.57,792921,1476951,0.2351796285783871,0
2023-07-28 11:04:39,618.0,3606059,1,617.57,792921,1476951,0.2351796285783871,0
2023-07-28 11:04:40,617.9,3606085,4,617.57,793321,1478729,0.21896034384883997,0
2023-07-28 11:04:40,618.0,3606085,1,617.57,793321,1478729,0.2351796285783871,0
2023-07-28 11:04:41,618.0,3606201,11,617.57,793268,1477571,0.2351796285783871,0
2023-07-28 11:04:42,618.0,3606239,1,617.57,793268,1477533,0.2351796285783871,0
2023-07-28 11:04:42,617.9,3606275,11,617.57,793144,1477999,0.21896034384883997,0
2023-07-28 11:04:42,618.0,3606275,1,617.57,793144,1477999,0.2351796285783871,0
2023-07-28 11:04:44,617.95,3606377,1,617.57,793075,1477799,0.22706998621362276,0
2023-07-28 11:04:45,617.9,3606385,2,617.57,793069,1477799,0.21896034384883997,0
2023-07-28 11:04:46,617.9,3606433,1,617.57,793273,1477565,0.21896034384883997,0
2023-07-28 11:04:46,618.05,3606433,490,617.57,793273,1477565,0.24328927094315142,0
2023-07-28 11:04:47,618.05,3609876,1,617.57,779831,1474048,0.24328927094315142,0
2023-07-28 11:04:48,618.05,3610116,3,617.57,780702,1473849,0.24328927094315142,0
2023-07-28 11:04:49,618.1,3610274,3,617.57,782686,1473862,0.2513989133079342,0
2023-07-28 11:04:50,617.95,3610461,1,617.57,778736,1473641,0.22706998621362276,0
2023-07-28 11:04:50,617.95,3610461,3,617.57,778736,1473641,0.22706998621362276,0
2023-07-28 11:04:51,617.95,3610474,1,617.57,783340,1473739,0.22706998621362276,0
2023-07-28 11:04:51,617.95,3610474,1,617.57,783296,1473889,0.22706998621362276,0
2023-07-28 11:04:53,618.1,3610475,1,617.57,783546,1474434,0.2513989133079342,0
2023-07-28 11:04:54,618.0,3610490,5,617.57,782825,1474219,0.2351796285783871,0
2023-07-28 11:04:55,618.0,3610495,4,617.57,795217,1474222,0.2351796285783871,0
2023-07-28 11:04:56,618.0,3610524,1,617.57,795108,1473995,0.2351796285783871,0
2023-07-28 11:04:56,618.0,3610524,1,617.57,795108,1473995,0.2351796285783871,0
2023-07-28 11:04:57,618.0,3610592,10,617.57,795589,1474130,0.2351796285783871,0
2023-07-28 11:04:57,618.0,3610604,11,617.57,795581,1474509,0.2351796285783871,0
2023-07-28 11:04:59,617.95,3610825,1,617.57,795557,1474289,0.22706998621362276,0
2023-07-28 11:04:59,618.1,3610826,1,617.57,797316,1473718,0.2513989133079342,0
2023-07-28 11:05:00,618.0,3610827,1,617.57,797880,1472043,0.2351796285783871,0
2023-07-28 11:05:01,617.95,3610955,31,617.57,794630,1475715,0.22706998621362276,0
2023-07-28 11:05:03,617.95,3610972,10,617.57,794902,1478047,0.22706998621362276,0
2023-07-28 11:05:04,618.1,3611054,28,617.57,794931,1478139,0.2513989133079342,0
2023-07-28 11:05:04,618.1,3611064,1,617.57,794476,1478229,0.2513989133079342,0
2023-07-28 11:05:05,617.95,3611129,1,617.57,791177,1476782,0.22706998621362276,0
2023-07-28 11:05:05,618.1,3611129,53,617.57,791177,1476782,0.2513989133079342,0
2023-07-28 11:05:07,618.15,3611631,1,617.57,788853,1476593,0.25950855567269854,0
2023-07-28 11:05:07,618.15,3611631,1,617.57,788853,1476593,0.25950855567269854,0
2023-07-28 11:05:08,618.1,3611633,1,617.57,793344,1476465,0.2513989133079342,0
2023-07-28 11:05:09,618.1,3611634,1,617.57,793896,1477351,0.2513989133079342,0
2023-07-28 11:05:09,618.1,3611634,4,617.57,793896,1477351,0.2513989133079342,0
2023-07-28 11:05:10,618.1,3611692,5,617.57,792991,1479053,0.2513989133079342,0
2023-07-28 11:05:11,618.15,3611712,2,617.57,793435,1478090,0.25950855567269854,0
2023-07-28 11:05:12,617.95,3611724,11,617.57,793505,1477994,0.22706998621362276,0
2023-07-28 11:05:13,617.95,3611727,3,617.57,793605,1477851,0.22706998621362276,0
2023-07-28 11:05:15,618.05,3611735,1,617.57,793701,1477673,0.24328927094315142,0
2023-07-28 11:05:15,618.05,3611751,2,617.57,795008,1476380,0.24328927094315142,0
2023-07-28 11:05:15,618.05,3611751,2,617.57,795008,1476380,0.24328927094315142,0
2023-07-28 11:05:17,618.15,3611846,1,617.57,794706,1476063,0.25950855567269854,0
2023-07-28 11:05:18,617.95,3611848,1,617.57,793255,1475748,0.22706998621362276,0
2023-07-28 11:05:18,617.95,3611848,1,617.57,793823,1477244,0.22706998621362276,0
2023-07-28 11:05:18,617.95,3611848,4,617.57,793823,1477244,0.22706998621362276,0
2023-07-28 11:05:20,618.15,3612052,1,617.57,793699,1476935,0.25950855567269854,0
2023-07-28 11:05:20,618.15,3612052,1,617.57,793952,1478611,0.25950855567269854,0
2023-07-28 11:05:20,618.0,3612052,1,617.57,793952,1478611,0.2351796285783871,0
2023-07-28 11:05:23,618.05,3612070,8,617.57,795325,1479200,0.24328927094315142,0
2023-07-28 11:05:23,618.05,3612070,8,617.57,795325,1479200,0.24328927094315142,0
2023-07-28 11:05:24,618.05,3612074,1,617.57,795324,1479157,0.24328927094315142,0
2023-07-28 11:05:24,618.05,3612074,1,617.57,794262,1479374,0.24328927094315142,0
2023-07-28 11:05:24,618.05,3612074,20,617.57,794262,1479374,0.24328927094315142,0
2023-07-28 11:05:26,618.05,3612126,1,617.57,794321,1479243,0.24328927094315142,0
2023-07-28 11:05:26,618.05,3612126,2,617.57,794321,1479243,0.24328927094315142,0
2023-07-28 11:05:27,618.0,3612187,11,617.57,791383,1481356,0.2351796285783871,0
2023-07-28 11:05:28,618.05,3612203,2,617.57,792598,1481552,0.24328927094315142,0
2023-07-28 11:05:28,618.0,3612203,3,617.57,792598,1481552,0.2351796285783871,0
2023-07-28 11:05:29,618.0,3612215,5,617.57,792559,1481380,0.2351796285783871,0
2023-07-28 11:05:29,618.0,3612215,4,617.57,792559,1481382,0.2351796285783871,0
2023-07-28 11:05:31,618.0,3612303,1,617.57,792503,1481967,0.2351796285783871,0
2023-07-28 11:05:32,618.05,3612325,1,617.57,792615,1481979,0.24328927094315142,0
2023-07-28 11:05:32,618.0,3612325,2,617.57,792615,1481979,0.2351796285783871,0
2023-07-28 11:05:32,618.0,3612325,1,617.57,792615,1481979,0.2351796285783871,0
2023-07-28 11:05:35,617.95,3612336,6,617.57,794839,1480110,0.22706998621362276,0
2023-07-28 11:05:36,617.95,3612345,1,617.57,795103,1480866,0.22706998621362276,0
2023-07-28 11:05:36,617.95,3612345,1,617.57,795103,1480866,0.22706998621362276,0
2023-07-28 11:05:37,618.0,3612353,2,617.57,795935,1481193,0.2351796285783871,0
2023-07-28 11:05:37,617.9,3612354,5,617.57,793546,1482225,0.21896034384883997,0
2023-07-28 11:05:39,617.9,3612386,5,617.57,794213,1481152,0.21896034384883997,0
2023-07-28 11:05:40,617.9,3612402,4,617.57,794794,1480882,0.21896034384883997,0
2023-07-28 11:05:40,617.9,3612402,1,617.57,794794,1480882,0.21896034384883997,0
2023-07-28 11:05:40,617.95,3612403,2,617.57,794794,1480886,0.22706998621362276,0
2023-07-28 11:05:41,617.95,3613155,2,617.57,794179,1480798,0.22706998621362276,0
2023-07-28 11:05:41,617.95,3613155,3,617.57,794179,1480798,0.22706998621362276,0
2023-07-28 11:05:43,618.0,3613193,1,617.57,795591,1480834,0.2351796285783871,0
2023-07-28 11:05:43,617.95,3613193,1,617.57,795591,1480834,0.22706998621362276,0
2023-07-28 11:05:44,617.95,3613212,5,617.57,796045,1480885,0.22706998621362276,0
2023-07-28 11:05:45,617.95,3613256,4,617.57,796227,1480881,0.22706998621362276,0
2023-07-28 11:05:45,618.0,3613256,1,617.57,796227,1480881,0.2351796285783871,0
2023-07-28 11:05:46,617.95,3613260,25,617.57,795620,1480308,0.22706998621362276,0
2023-07-28 11:05:46,618.05,3613260,4,617.57,795620,1480308,0.24328927094315142,0
2023-07-28 11:05:47,618.05,3613325,4,617.57,796597,1481793,0.24328927094315142,0
2023-07-28 11:05:49,618.05,3613336,2,617.57,796693,1475967,0.24328927094315142,0
2023-07-28 11:05:50,618.0,3613370,1,617.57,796495,1481573,0.2351796285783871,0
2023-07-28 11:05:51,618.0,3613389,5,617.57,796273,1483077,0.2351796285783871,0
2023-07-28 11:05:52,618.05,3613494,97,617.57,797003,1483118,0.24328927094315142,0
2023-07-28 11:05:53,618.0,3613509,2,617.57,794593,1482341,0.2351796285783871,0
2023-07-28 11:05:53,618.0,3613509,2,617.57,794593,1482341,0.2351796285783871,0
2023-07-28 11:05:54,617.85,3615009,49,617.57,795225,1484209,0.21085070148407564,0
2023-07-28 11:05:54,618.0,3615010,1,617.57,797114,1484747,0.2351796285783871,0
2023-07-28 11:05:56,618.0,3615417,37,617.57,796796,1484714,0.2351796285783871,0
2023-07-28 11:05:56,618.0,3615417,1,617.57,796796,1484714,0.2351796285783871,0
2023-07-28 11:05:56,618.0,3615421,1,617.57,797403,1484999,0.2351796285783871,0
2023-07-28 11:05:58,617.85,3615434,1,617.57,795586,1485031,0.21085070148407564,0
2023-07-28 11:05:59,618.0,3615642,15,617.57,795200,1484907,0.2351796285783871,0
2023-07-28 11:05:59,618.0,3615642,1,617.57,795200,1484907,0.2351796285783871,0
2023-07-28 11:06:00,617.85,3615646,1,617.57,795252,1484906,0.21085070148407564,0
2023-07-28 11:06:00,617.85,3615650,4,617.57,795289,1485006,0.21085070148407564,0
2023-07-28 11:06:01,617.85,3615651,1,617.57,795408,1485108,0.21085070148407564,0
2023-07-28 11:06:03,618.0,3615658,4,617.57,795406,1485112,0.2351796285783871,0
2023-07-28 11:06:03,618.0,3615658,1,617.57,795406,1485112,0.2351796285783871,0
2023-07-28 11:06:03,618.0,3615659,1,617.57,796920,1483921,0.2351796285783871,0
2023-07-28 11:06:03,617.85,3615659,1,617.57,796920,1483921,0.21085070148407564,0
2023-07-28 11:06:05,617.9,3615667,1,617.57,796520,1484704,0.21896034384883997,0
2023-07-28 11:06:06,617.9,3615668,1,617.57,796520,1484645,0.21896034384883997,0
2023-07-28 11:06:07,617.85,3617220,50,617.57,794912,1482942,0.21085070148407564,0
2023-07-28 11:06:07,617.85,3617230,9,617.57,795712,1480918,0.21085070148407564,0
2023-07-28 11:06:08,617.95,3617235,1,617.57,796740,1482049,0.22706998621362276,0
2023-07-28 11:06:09,617.95,3618760,1500,617.57,795516,1484617,0.22706998621362276,0
2023-07-28 11:06:10,617.95,3618815,50,617.57,796248,1484616,0.22706998621362276,0
2023-07-28 11:06:12,617.95,3619451,258,617.57,795752,1481876,0.22706998621362276,0
2023-07-28 11:06:12,617.95,3619451,11,617.57,795752,1481876,0.22706998621362276,0
2023-07-28 11:06:12,617.95,3621063,11,617.57,795556,1483061,0.22706998621362276,0
2023-07-28 11:06:12,618.0,3621063,21,617.57,795556,1483061,0.2351796285783871,0
2023-07-28 11:06:14,618.0,3621291,121,617.57,795635,1483236,0.2351796285783871,0
2023-07-28 11:06:16,618.0,3621453,3,617.57,795590,1483424,0.2351796285783871,0
2023-07-28 11:06:16,617.85,3623974,18,617.57,794765,1481986,0.21085070148407564,0
2023-07-28 11:06:18,618.0,3623982,7,617.57,792844,1481536,0.2351796285783871,0
2023-07-28 11:06:18,617.85,3623982,1,617.57,792844,1481536,0.21085070148407564,0
2023-07-28 11:06:18,618.0,3623982,3,617.57,792844,1481536,0.2351796285783871,0
2023-07-28 11:06:20,617.85,3624335,4,617.57,794562,1483528,0.21085070148407564,0
2023-07-28 11:06:20,617.85,3624339,4,617.57,794953,1483887,0.21085070148407564,0
2023-07-28 11:06:22,617.85,3624589,1,617.57,795445,1483267,0.21085070148407564,0
2023-07-28 11:06:22,618.05,3624589,8,617.57,795445,1483267,0.24328927094315142,0
2023-07-28 11:06:22,617.85,3624589,1,617.57,795445,1483267,0.21085070148407564,0
2023-07-28 11:06:24,618.0,3625172,50,617.57,795312,1484206,0.2351796285783871,0
2023-07-28 11:06:25,618.0,3625228,1,617.57,795144,1484200,0.2351796285783871,0
2023-07-28 11:06:25,617.85,3625231,1,617.57,795142,1484200,0.21085070148407564,0
2023-07-28 11:06:25,617.85,3625231,1,617.57,795142,1484200,0.21085070148407564,0
2023-07-28 11:06:27,618.0,3625257,24,617.57,793890,1483914,0.2351796285783871,0
2023-07-28 11:06:27,617.85,3625257,12,617.57,793890,1483914,0.21085070148407564,0
2023-07-28 11:06:28,618.0,3625291,5,617.57,793865,1483554,0.2351796285783871,0
2023-07-28 11:06:28,617.85,3625291,2,617.57,793865,1483554,0.21085070148407564,0
2023-07-28 11:06:29,618.0,3625534,5,617.57,793148,1484946,0.2351796285783871,0
2023-07-28 11:06:30,617.85,3625573,34,617.57,793168,1484941,0.21085070148407564,0
2023-07-28 11:06:30,617.85,3625573,4,617.57,793168,1484941,0.21085070148407564,0
2023-07-28 11:06:31,617.9,3625578,1,617.57,793573,1485059,0.21896034384883997,0
2023-07-28 11:06:31,617.9,3625578,1,617.57,797089,1481772,0.21896034384883997,0
2023-07-28 11:06:31,617.9,3625578,1,617.57,797089,1481772,0.21896034384883997,0
2023-07-28 11:06:33,617.9,3625595,15,617.57,797140,1481909,0.21896034384883997,0
2023-07-28 11:06:33,618.0,3625595,14,617.57,797140,1481909,0.2351796285783871,0
2023-07-28 11:06:34,618.0,3625627,3,617.57,798663,1483350,0.2351796285783871,0
2023-07-28 11:06:34,617.95,3625627,260,617.57,798663,1483350,0.22706998621362276,0
