2023-07-28 10:49:27,24120.0,9341,2,24044.12,4624,4574,1.04924474906314,0
2023-07-28 10:49:27,24120.0,9341,2,24044.12,4628,4569,1.04924474906314,0
2023-07-28 10:49:27,24120.0,9341,2,24044.12,4625,4571,1.04924474906314,0
2023-07-28 10:49:27,24120.0,9341,2,24044.12,4622,4571,1.04924474906314,0
2023-07-28 10:49:27,24120.0,9341,2,24044.12,4626,4571,1.04924474906314,0
2023-07-28 10:49:27,24120.0,9341,2,24044.12,4625,4571,1.04924474906314,0
2023-07-28 10:49:27,24120.0,9341,2,24044.12,4624,4577,1.04924474906314,0
2023-07-28 10:49:27,24120.0,9341,2,24044.12,4624,4577,1.04924474906314,0
2023-07-28 10:49:27,24120.0,9341,2,24044.12,4624,4577,1.04924474906314,0
2023-07-28 10:49:27,24120.0,9341,2,24044.12,4626,4575,1.04924474906314,0
2023-07-28 10:49:27,24120.0,9341,2,24044.12,4623,4576,1.04924474906314,0
2023-07-28 10:49:27,24120.0,9341,2,24044.12,4624,4575,1.04924474906314,0
2023-07-28 10:49:27,24120.0,9341,2,24044.12,4623,4576,1.04924474906314,0
2023-07-28 10:49:27,24120.0,9341,2,24044.12,4496,4577,1.04924474906314,0
2023-07-28 10:49:27,24120.0,9341,2,24044.12,4621,4577,1.04924474906314,0
2023-07-28 10:49:27,24120.0,9341,2,24044.12,4621,4577,1.04924474906314,0
2023-07-28 10:49:27,24120.0,9341,2,24044.12,4619,4575,1.04924474906314,0
2023-07-28 10:49:27,24120.0,9341,2,24044.12,4623,4578,1.04924474906314,0
2023-07-28 10:49:27,24120.0,9341,2,24044.12,4623,4578,1.04924474906314,0
2023-07-28 10:49:27,24120.0,9341,2,24044.12,4613,4572,1.04924474906314,0
2023-07-28 10:49:27,24120.0,9341,2,24044.12,4613,4572,1.04924474906314,0
2023-07-28 10:49:27,24120.0,9341,2,24044.12,4613,4572,1.04924474906314,0
2023-07-28 10:49:27,24120.0,9341,2,24044.12,4488,4572,1.04924474906314,0
2023-07-28 10:49:27,24120.0,9341,2,24044.12,4613,4571,1.04924474906314,0
2023-07-28 10:49:27,24120.0,9341,2,24044.12,4488,4572,1.04924474906314,0
2023-07-28 10:49:27,24125.0,9341,2,24044.12,4488,4572,1.0701919391023322,0
2023-07-28 10:50:16,24125.0,9343,2,24044.14,4613,4569,1.0701919391023322,0
2023-07-28 10:50:16,24125.0,9343,2,24044.14,4613,4569,1.0701919391023322,0
2023-07-28 10:50:16,24125.0,9343,2,24044.14,4613,4569,1.0701919391023322,0
2023-07-28 10:50:16,24125.0,9343,2,24044.14,4613,4569,1.0701919391023322,0
2023-07-28 10:50:16,24125.0,9343,2,24044.14,4613,4569,1.0701919391023322,0
2023-07-28 10:50:23,24120.0,9344,1,24044.15,4489,4570,1.04924474906314,0
2023-07-28 10:50:23,24120.0,9344,1,24044.15,4489,4570,1.04924474906314,0
2023-07-28 10:50:23,24120.0,9344,1,24044.15,4489,4570,1.04924474906314,0
2023-07-28 10:50:23,24120.0,9344,1,24044.15,4616,4577,1.04924474906314,0
2023-07-28 10:50:23,24120.0,9344,1,24044.15,4616,4577,1.04924474906314,0
2023-07-28 10:50:23,24120.0,9344,1,24044.15,4621,4573,1.04924474906314,0
2023-07-28 10:50:23,24120.0,9344,1,24044.15,4621,4571,1.04924474906314,0
2023-07-28 10:50:23,24120.0,9344,1,24044.15,4621,4568,1.04924474906314,0
2023-07-28 10:50:23,24120.0,9344,1,24044.15,4621,4572,1.04924474906314,0
2023-07-28 10:50:23,24120.0,9344,1,24044.15,4621,4549,1.04924474906314,0
2023-07-28 10:50:23,24120.0,9344,1,24044.15,4621,4579,1.04924474906314,0
2023-07-28 10:50:23,24120.0,9344,1,24044.15,4621,4580,1.04924474906314,0
2023-07-28 10:50:23,24120.0,9344,1,24044.15,4621,4580,1.04924474906314,0
2023-07-28 10:50:23,24120.0,9344,1,24044.15,4621,4580,1.04924474906314,0
2023-07-28 10:50:23,24120.0,9344,1,24044.15,4621,4580,1.04924474906314,0
2023-07-28 10:50:23,24120.0,9344,1,24044.15,4495,4570,1.04924474906314,0
2023-07-28 10:50:23,24120.0,9344,1,24044.15,4620,4570,1.04924474906314,0
2023-07-28 10:50:23,24120.0,9344,1,24044.15,4622,4574,1.04924474906314,0
2023-07-28 10:50:23,24120.0,9344,1,24044.15,4496,4573,1.04924474906314,0
2023-07-28 10:50:23,24120.0,9344,1,24044.15,4621,4573,1.04924474906314,0
2023-07-28 10:50:23,24120.0,9344,1,24044.15,4624,4573,1.04924474906314,0
2023-07-28 10:50:23,24120.0,9344,1,24044.15,4624,4574,1.04924474906314,0
2023-07-28 10:50:23,24120.0,9344,1,24044.15,4624,4574,1.04924474906314,0
2023-07-28 10:50:23,24120.0,9344,1,24044.15,4623,4574,1.04924474906314,0
2023-07-28 10:50:23,24120.0,9344,1,24044.15,4623,4574,1.04924474906314,0
2023-07-28 10:50:23,24120.0,9344,1,24044.15,4623,4574,1.04924474906314,0
2023-07-28 10:50:23,24120.0,9344,1,24044.15,4597,4588,1.04924474906314,0
2023-07-28 10:50:23,24120.0,9344,1,24044.15,4597,4589,1.04924474906314,0
2023-07-28 10:50:23,24120.0,9344,1,24044.15,4611,4585,1.04924474906314,0
2023-07-28 10:50:23,24120.0,9344,1,24044.15,4598,4583,1.04924474906314,0
2023-07-28 10:50:23,24120.0,9344,1,24044.15,4612,4587,1.04924474906314,0
2023-07-28 10:50:23,24120.0,9344,1,24044.15,4475,4584,1.04924474906314,0
2023-07-28 10:50:23,24120.0,9344,1,24044.15,4579,4577,1.04924474906314,0
2023-07-28 10:50:23,24120.0,9344,1,24044.15,4613,4555,1.04924474906314,0
2023-07-28 10:50:23,24120.0,9344,1,24044.15,4614,4558,1.04924474906314,0
2023-07-28 10:50:23,24120.0,9344,1,24044.15,4594,4556,1.04924474906314,0
2023-07-28 10:50:23,24120.0,9344,2,24044.15,4594,4556,1.04924474906314,0
2023-07-28 10:51:37,24120.0,9346,2,24044.17,4463,4558,1.04924474906314,0
2023-07-28 10:51:37,24120.0,9346,5,24044.17,4463,4558,1.04924474906314,0
2023-07-28 10:51:37,24120.0,9346,1,24044.17,4463,4558,1.04924474906314,0
2023-07-28 10:51:37,24128.1,9346,2,24044.17,4463,4558,1.0831791969266253,0
2023-07-28 10:51:40,24132.95,9363,1,24044.31,4616,4546,1.1034979712646509,0
2023-07-28 10:51:40,24133.0,9363,8,24044.31,4616,4546,1.1037074431650398,0
2023-07-28 10:51:43,24133.0,9373,8,24044.41,4701,4469,1.1037074431650398,0
2023-07-28 10:51:46,24148.95,9374,1,24044.42,4685,4502,1.170528979390066,0
2023-07-28 10:51:46,24148.95,9374,1,24044.42,4563,4501,1.170528979390066,0
2023-07-28 10:51:46,24148.95,9374,1,24044.42,4686,4501,1.170528979390066,0
2023-07-28 10:51:46,24148.95,9374,1,24044.42,4684,4505,1.170528979390066,0
2023-07-28 10:51:46,24148.95,9374,1,24044.42,4682,4514,1.170528979390066,0
2023-07-28 10:51:46,24148.95,9374,1,24044.42,4443,4303,1.170528979390066,0
2023-07-28 10:51:46,24148.95,9374,1,24044.42,4321,4303,1.170528979390066,0
2023-07-28 10:51:46,24148.95,9374,1,24044.42,4446,4303,1.170528979390066,0
2023-07-28 10:51:46,24148.95,9374,1,24044.42,4440,4303,1.170528979390066,0
2023-07-28 10:51:46,24135.2,9374,2,24044.42,4440,4303,1.1129242067822873,0
2023-07-28 10:52:11,24135.2,9378,2,24044.46,4437,4310,1.1129242067822873,0
2023-07-28 10:52:11,24135.2,9378,2,24044.46,4440,4310,1.1129242067822873,0
2023-07-28 10:52:11,24135.2,9378,2,24044.46,4440,4309,1.1129242067822873,0
2023-07-28 10:52:11,24135.2,9378,2,24044.46,4643,4304,1.1129242067822873,0
2023-07-28 10:52:11,24135.2,9378,2,24044.46,4637,4306,1.1129242067822873,0
2023-07-28 10:52:11,24135.2,9378,2,24044.46,4645,4303,1.1129242067822873,0
2023-07-28 10:52:11,24135.2,9378,2,24044.46,4641,4304,1.1129242067822873,0
2023-07-28 10:52:11,24135.2,9378,2,24044.46,4640,4303,1.1129242067822873,0
2023-07-28 10:52:11,24135.2,9378,2,24044.46,4644,4303,1.1129242067822873,0
2023-07-28 10:52:11,24135.2,9378,2,24044.46,4642,4304,1.1129242067822873,0
2023-07-28 10:52:11,24135.2,9378,2,24044.46,4644,4304,1.1129242067822873,0
2023-07-28 10:52:11,24135.2,9378,2,24044.46,4644,4304,1.1129242067822873,0
2023-07-28 10:52:11,24135.2,9378,2,24044.46,4644,4314,1.1129242067822873,0
2023-07-28 10:52:11,24135.2,9378,2,24044.46,4650,4314,1.1129242067822873,0
2023-07-28 10:52:11,24135.2,9378,2,24044.46,4647,4314,1.1129242067822873,0
2023-07-28 10:52:11,24135.2,9378,2,24044.46,4652,4314,1.1129242067822873,0
2023-07-28 10:52:11,24135.2,9378,2,24044.46,4652,4315,1.1129242067822873,0
2023-07-28 10:52:11,24135.2,9378,2,24044.46,4651,4314,1.1129242067822873,0
2023-07-28 10:52:11,24135.2,9378,2,24044.46,4401,4314,1.1129242067822873,0
2023-07-28 10:52:11,24135.2,9378,2,24044.46,4526,4314,1.1129242067822873,0
2023-07-28 10:52:11,24135.2,9378,2,24044.46,4526,4314,1.1129242067822873,0
2023-07-28 10:52:11,24135.2,9378,2,24044.46,4649,4314,1.1129242067822873,0
2023-07-28 10:52:11,24135.2,9378,2,24044.46,4527,4314,1.1129242067822873,0
2023-07-28 10:52:11,24135.2,9378,2,24044.46,4652,4314,1.1129242067822873,0
2023-07-28 10:52:11,24135.2,9378,2,24044.46,4652,4314,1.1129242067822873,0
2023-07-28 10:52:11,24135.2,9378,2,24044.46,4652,4314,1.1129242067822873,0
2023-07-28 10:52:11,24135.2,9378,2,24044.46,4527,4315,1.1129242067822873,0
2023-07-28 10:52:11,24135.2,9378,2,24044.46,4653,4315,1.1129242067822873,0
2023-07-28 10:52:11,24135.2,9378,2,24044.46,4528,4315,1.1129242067822873,0
2023-07-28 10:52:11,24135.2,9378,2,24044.46,4653,4315,1.1129242067822873,0
2023-07-28 10:52:11,24135.2,9378,2,24044.46,4653,4314,1.1129242067822873,0
2023-07-28 10:52:11,24135.2,9378,2,24044.46,4654,4319,1.1129242067822873,0
2023-07-28 10:52:11,24135.2,9378,2,24044.46,4653,4368,1.1129242067822873,0
2023-07-28 10:52:11,24135.2,9378,2,24044.46,4654,4368,1.1129242067822873,0
2023-07-28 10:52:11,24135.2,9378,2,24044.46,4654,4368,1.1129242067822873,0
2023-07-28 10:52:11,24135.2,9378,2,24044.46,4654,4368,1.1129242067822873,0
2023-07-28 10:52:11,24135.2,9378,2,24044.46,4654,4370,1.1129242067822873,0
2023-07-28 10:52:11,24135.2,9378,2,24044.46,4654,4370,1.1129242067822873,0
2023-07-28 10:52:11,24135.2,9378,2,24044.46,4654,4370,1.1129242067822873,0
2023-07-28 10:52:11,24135.2,9378,2,24044.46,4654,4370,1.1129242067822873,0
2023-07-28 10:52:11,24135.2,9378,2,24044.46,4654,4370,1.1129242067822873,0
2023-07-28 10:52:11,24135.2,9378,2,24044.46,4654,4372,1.1129242067822873,0
2023-07-28 10:53:00,24135.2,9379,1,24044.47,4650,4383,1.1129242067822873,0
2023-07-28 10:53:00,24139.95,9379,2,24044.47,4650,4383,1.13282403731952,0
2023-07-28 10:53:01,24139.95,9391,2,24044.59,4702,4375,1.13282403731952,0
2023-07-28 10:53:01,24139.95,9404,13,24044.72,4485,4390,1.13282403731952,0
2023-07-28 10:53:01,24139.95,9404,13,24044.72,4634,4390,1.13282403731952,0
2023-07-28 10:53:01,24139.95,9404,13,24044.72,4638,4388,1.13282403731952,0
2023-07-28 10:53:01,24139.95,9404,13,24044.72,4513,4386,1.13282403731952,0
2023-07-28 10:53:01,24139.95,9404,13,24044.72,4638,4387,1.13282403731952,0
2023-07-28 10:53:01,24139.95,9404,13,24044.72,4638,4386,1.13282403731952,0
2023-07-28 10:53:01,24139.95,9404,13,24044.72,4638,4387,1.13282403731952,0
2023-07-28 10:53:01,24139.95,9404,13,24044.72,4640,4387,1.13282403731952,0
2023-07-28 10:53:01,24139.95,9404,13,24044.72,4640,4387,1.13282403731952,0
2023-07-28 10:53:01,24139.95,9404,13,24044.72,4645,4384,1.13282403731952,0
2023-07-28 10:53:01,24139.95,9404,13,24044.72,4645,4384,1.13282403731952,0
2023-07-28 10:53:01,24139.95,9404,13,24044.72,4642,4384,1.13282403731952,0
2023-07-28 10:53:01,24139.95,9404,13,24044.72,4645,4384,1.13282403731952,0
2023-07-28 10:53:01,24125.65,9404,1,24044.72,4645,4384,1.0729150738074333,0
2023-07-28 10:53:14,24125.65,9414,1,24044.81,4699,4406,1.0729150738074333,0
2023-07-28 10:53:14,24125.65,9414,1,24044.81,4705,4406,1.0729150738074333,0
2023-07-28 10:53:14,24125.65,9414,1,24044.81,4708,4406,1.0729150738074333,0
2023-07-28 10:53:14,24125.65,9414,1,24044.81,4702,4406,1.0729150738074333,0
2023-07-28 10:53:14,24125.65,9414,1,24044.81,4702,4406,1.0729150738074333,0
2023-07-28 10:53:14,24125.65,9414,1,24044.81,4702,4409,1.0729150738074333,0
2023-07-28 10:53:14,24125.65,9414,1,24044.81,4705,4409,1.0729150738074333,0
2023-07-28 10:53:14,24125.65,9414,1,24044.81,4702,4409,1.0729150738074333,0
2023-07-28 10:53:14,24125.65,9414,1,24044.81,4702,4409,1.0729150738074333,0
2023-07-28 10:53:14,24125.65,9414,1,24044.81,4708,4409,1.0729150738074333,0
2023-07-28 10:53:14,24125.65,9414,1,24044.81,4708,4409,1.0729150738074333,0
2023-07-28 10:53:14,24125.65,9414,1,24044.81,4704,4409,1.0729150738074333,0
2023-07-28 10:53:14,24125.65,9414,1,24044.81,4704,4409,1.0729150738074333,0
2023-07-28 10:53:14,24125.65,9414,1,24044.81,4707,4409,1.0729150738074333,0
2023-07-28 10:53:14,24125.65,9414,1,24044.81,4707,4409,1.0729150738074333,0
2023-07-28 10:53:14,24125.65,9414,1,24044.81,4707,4409,1.0729150738074333,0
2023-07-28 10:53:14,24125.65,9414,1,24044.81,4707,4409,1.0729150738074333,0
2023-07-28 10:53:14,24125.65,9414,1,24044.81,4704,4409,1.0729150738074333,0
2023-07-28 10:53:14,24125.65,9414,1,24044.81,4704,4409,1.0729150738074333,0
2023-07-28 10:53:14,24125.65,9414,1,24044.81,4704,4409,1.0729150738074333,0
2023-07-28 10:53:14,24125.65,9414,1,24044.81,4707,4409,1.0729150738074333,0
2023-07-28 10:53:14,24125.65,9414,1,24044.81,4704,4409,1.0729150738074333,0
2023-07-28 10:53:14,24125.65,9414,1,24044.81,4704,4409,1.0729150738074333,0
2023-07-28 10:53:14,24125.65,9414,1,24044.81,4704,4409,1.0729150738074333,0
2023-07-28 10:53:14,24125.65,9414,1,24044.81,4708,4409,1.0729150738074333,0
2023-07-28 10:53:14,24125.65,9414,1,24044.81,4705,4409,1.0729150738074333,0
2023-07-28 10:53:14,24125.65,9414,1,24044.81,4708,4409,1.0729150738074333,0
2023-07-28 10:53:14,24125.65,9414,1,24044.81,4707,4409,1.0729150738074333,0
2023-07-28 10:53:14,24125.65,9414,1,24044.81,4704,4411,1.0729150738074333,0
2023-07-28 10:53:14,24125.65,9414,1,24044.81,4707,4411,1.0729150738074333,0
2023-07-28 10:53:14,24125.65,9414,1,24044.81,4704,4410,1.0729150738074333,0
2023-07-28 10:53:14,24125.65,9414,1,24044.81,4701,4410,1.0729150738074333,0
2023-07-28 10:53:14,24125.65,9414,1,24044.81,4706,4410,1.0729150738074333,0
2023-07-28 10:53:14,24125.65,9414,1,24044.81,4703,4410,1.0729150738074333,0
2023-07-28 10:53:14,24125.65,9414,1,24044.81,4706,4410,1.0729150738074333,0
2023-07-28 10:53:14,24125.65,9414,1,24044.81,4616,4419,1.0729150738074333,0
2023-07-28 10:53:14,24125.65,9414,1,24044.81,4633,4417,1.0729150738074333,0
2023-07-28 10:53:49,24127.1,9418,2,24044.84,4679,4411,1.078989758918787,0
2023-07-28 10:53:49,24127.1,9418,2,24044.84,4689,4411,1.078989758918787,0
2023-07-28 10:53:49,24127.1,9418,2,24044.84,4673,4412,1.078989758918787,0
2023-07-28 10:53:49,24127.1,9418,2,24044.84,4673,4412,1.078989758918787,0
2023-07-28 10:53:49,24127.1,9418,2,24044.84,4666,4414,1.078989758918787,0
2023-07-28 10:53:49,24127.1,9418,2,24044.84,4781,4408,1.078989758918787,0
2023-07-28 10:53:49,24127.1,9418,2,24044.84,4807,4401,1.078989758918787,0
2023-07-28 10:53:49,24127.1,9418,2,24044.84,4798,4402,1.078989758918787,0
2023-07-28 10:53:49,24127.1,9418,2,24044.84,4799,4410,1.078989758918787,0
2023-07-28 10:53:49,24127.1,9418,2,24044.84,4799,4409,1.078989758918787,0
2023-07-28 10:53:49,24127.1,9418,2,24044.84,4683,4397,1.078989758918787,0
2023-07-28 10:53:49,24127.1,9418,2,24044.84,4824,4391,1.078989758918787,0
2023-07-28 10:53:49,24127.1,9418,2,24044.84,4824,4391,1.078989758918787,0
2023-07-28 10:53:49,24127.1,9418,2,24044.84,4696,4392,1.078989758918787,0
2023-07-28 10:53:49,24127.1,9418,2,24044.84,4683,4395,1.078989758918787,0
2023-07-28 10:53:49,24127.1,9418,2,24044.84,4806,4395,1.078989758918787,0
2023-07-28 10:53:49,24127.1,9418,2,24044.84,4805,4396,1.078989758918787,0
2023-07-28 10:53:49,24127.1,9418,2,24044.84,4805,4396,1.078989758918787,0
2023-07-28 10:53:49,24127.1,9418,2,24044.84,4804,4372,1.078989758918787,0
2023-07-28 10:53:49,24127.1,9418,2,24044.84,4810,4395,1.078989758918787,0
2023-07-28 10:53:49,24127.1,9418,2,24044.84,4809,4394,1.078989758918787,0
2023-07-28 10:53:49,24127.1,9418,2,24044.84,4809,4394,1.078989758918787,0
2023-07-28 10:53:49,24127.1,9418,2,24044.84,4809,4394,1.078989758918787,0
2023-07-28 10:53:49,24127.1,9418,2,24044.84,4810,4397,1.078989758918787,0
2023-07-28 10:54:22,24127.55,9419,1,24044.85,4806,4400,1.0808750060223171,0
2023-07-28 10:54:22,24127.55,9419,1,24044.85,4809,4401,1.0808750060223171,0
2023-07-28 10:54:22,24127.55,9419,1,24044.85,4811,4400,1.0808750060223171,0
2023-07-28 10:54:22,24127.55,9419,1,24044.85,4811,4400,1.0808750060223171,0
2023-07-28 10:54:22,24127.55,9419,1,24044.85,4811,4400,1.0808750060223171,0
2023-07-28 10:54:22,24127.55,9419,1,24044.85,4811,4400,1.0808750060223171,0
2023-07-28 10:54:22,24127.55,9419,1,24044.85,4686,4400,1.0808750060223171,0
2023-07-28 10:54:22,24127.55,9419,1,24044.85,4811,4400,1.0808750060223171,0
2023-07-28 10:54:22,24127.55,9419,1,24044.85,4686,4400,1.0808750060223171,0
2023-07-28 10:54:22,24127.55,9419,1,24044.85,4811,4400,1.0808750060223171,0
2023-07-28 10:54:22,24127.55,9419,1,24044.85,4811,4400,1.0808750060223171,0
2023-07-28 10:54:22,24127.55,9419,1,24044.85,4811,4401,1.0808750060223171,0
2023-07-28 10:54:22,24127.55,9419,1,24044.85,4809,4401,1.0808750060223171,0
2023-07-28 10:54:22,24140.95,9419,22,24044.85,4809,4401,1.1370134753273584,0
2023-07-28 10:54:37,24140.95,9444,22,24045.11,4805,4398,1.1370134753273584,0
2023-07-28 10:54:37,24140.95,9444,22,24045.11,4798,4447,1.1370134753273584,0
2023-07-28 10:54:37,24140.95,9444,22,24045.11,4798,4447,1.1370134753273584,0
2023-07-28 10:54:37,24127.65,9444,22,24045.11,4798,4447,1.0812939498231102,0
2023-07-28 10:54:40,24127.65,9471,22,24045.34,4801,4437,1.0812939498231102,0
2023-07-28 10:54:40,24127.65,9471,22,24045.34,4802,4438,1.0812939498231102,0
2023-07-28 10:54:40,24127.65,9471,22,24045.34,4802,4438,1.0812939498231102,0
2023-07-28 10:54:40,24127.65,9471,22,24045.34,4673,4445,1.0812939498231102,0
2023-07-28 10:54:40,24127.65,9471,22,24045.34,4796,4446,1.0812939498231102,0
2023-07-28 10:54:40,24127.65,9471,22,24045.34,4799,4449,1.0812939498231102,0
2023-07-28 10:54:40,24127.65,9471,22,24045.34,4799,4448,1.0812939498231102,0
2023-07-28 10:54:40,24127.65,9471,22,24045.34,4800,4447,1.0812939498231102,0
2023-07-28 10:54:40,24127.65,9471,22,24045.34,4807,4439,1.0812939498231102,0
2023-07-28 10:54:40,24127.65,9471,22,24045.34,4807,4439,1.0812939498231102,0
2023-07-28 10:54:40,24127.65,9471,22,24045.34,4807,4439,1.0812939498231102,0
2023-07-28 10:54:40,24127.65,9471,22,24045.34,4807,4439,1.0812939498231102,0
2023-07-28 10:54:40,24127.65,9471,22,24045.34,4807,4454,1.0812939498231102,0
2023-07-28 10:54:40,24127.65,9471,22,24045.34,4810,4455,1.0812939498231102,0
2023-07-28 10:54:40,24127.65,9471,22,24045.34,4807,4473,1.0812939498231102,0
2023-07-28 10:54:40,24127.65,9471,22,24045.34,4682,4475,1.0812939498231102,0
2023-07-28 10:54:40,24127.65,9471,22,24045.34,4807,4474,1.0812939498231102,0
2023-07-28 10:54:40,24127.65,9471,22,24045.34,4805,4486,1.0812939498231102,0
2023-07-28 10:54:40,24127.65,9471,22,24045.34,4805,4506,1.0812939498231102,0
2023-07-28 10:54:40,24127.65,9471,22,24045.34,4679,4510,1.0812939498231102,0
2023-07-28 10:54:40,24127.65,9471,22,24045.34,4784,4562,1.0812939498231102,0
2023-07-28 10:54:40,24127.65,9471,22,24045.34,4782,4582,1.0812939498231102,0
2023-07-28 10:54:40,24127.65,9471,22,24045.34,4783,4585,1.0812939498231102,0
2023-07-28 10:54:40,24127.65,9471,22,24045.34,4783,4585,1.0812939498231102,0
2023-07-28 10:54:40,24127.65,9471,22,24045.34,4687,4597,1.0812939498231102,0
2023-07-28 10:54:40,24127.65,9471,22,24045.34,4810,4597,1.0812939498231102,0
2023-07-28 10:54:40,24127.65,9471,22,24045.34,4809,4603,1.0812939498231102,0
2023-07-28 10:54:40,24127.65,9471,22,24045.34,4809,4563,1.0812939498231102,0
2023-07-28 10:54:40,24127.65,9471,22,24045.34,4806,4582,1.0812939498231102,0
2023-07-28 10:54:40,24127.65,9471,22,24045.34,4806,4582,1.0812939498231102,0
2023-07-28 10:54:40,24127.65,9471,22,24045.34,4803,4583,1.0812939498231102,0
2023-07-28 10:55:15,24141.15,9476,1,24045.39,4810,4581,1.137851362928929,0
2023-07-28 10:55:15,24141.15,9476,1,24045.39,4810,4583,1.137851362928929,0
2023-07-28 10:55:15,24141.15,9476,1,24045.39,4809,4582,1.137851362928929,0
2023-07-28 10:55:15,24141.15,9476,1,24045.39,4839,4599,1.137851362928929,0
2023-07-28 10:55:15,24141.15,9476,1,24045.39,4833,4615,1.137851362928929,0
2023-07-28 10:55:15,24141.15,9476,1,24045.39,4837,4616,1.137851362928929,0
2023-07-28 10:55:15,24141.15,9476,1,24045.39,4829,4618,1.137851362928929,0
2023-07-28 10:55:15,24141.15,9476,1,24045.39,4809,4626,1.137851362928929,0
2023-07-28 10:55:15,24141.15,9476,1,24045.39,4823,4619,1.137851362928929,0
2023-07-28 10:55:15,24141.15,9476,1,24045.39,4828,4618,1.137851362928929,0
2023-07-28 10:55:15,24141.15,9476,1,24045.39,4829,4617,1.137851362928929,0
2023-07-28 10:55:15,24141.15,9476,1,24045.39,4829,4622,1.137851362928929,0
2023-07-28 10:55:15,24141.15,9476,1,24045.39,4703,4622,1.137851362928929,0
2023-07-28 10:55:15,24141.15,9476,1,24045.39,4828,4618,1.137851362928929,0
2023-07-28 10:55:15,24141.15,9476,1,24045.39,4828,4633,1.137851362928929,0
2023-07-28 10:55:15,24135.0,9476,1,24045.39,4828,4633,1.1120863191807167,0
2023-07-28 10:55:32,24135.0,9477,1,24045.4,4826,4638,1.1120863191807167,0
2023-07-28 10:55:32,24135.0,9477,1,24045.4,4825,4648,1.1120863191807167,0
2023-07-28 10:55:32,24135.0,9477,1,24045.4,4824,4649,1.1120863191807167,0
2023-07-28 10:55:32,24135.0,9477,1,24045.4,4824,4648,1.1120863191807167,0
2023-07-28 10:55:32,24135.0,9477,1,24045.4,4699,4649,1.1120863191807167,0
2023-07-28 10:55:32,24135.0,9477,1,24045.4,4824,4648,1.1120863191807167,0
2023-07-28 10:55:32,24135.0,9477,1,24045.4,4824,4647,1.1120863191807167,0
2023-07-28 10:55:32,24135.0,9477,1,24045.4,4699,4647,1.1120863191807167,0
2023-07-28 10:55:32,24135.0,9477,1,24045.4,4699,4648,1.1120863191807167,0
2023-07-28 10:55:32,24135.0,9477,1,24045.4,4824,4649,1.1120863191807167,0
2023-07-28 10:55:32,24135.0,9477,1,24045.4,4824,4650,1.1120863191807167,0
2023-07-28 10:55:32,24135.0,9477,1,24045.4,4816,4651,1.1120863191807167,0
2023-07-28 10:55:32,24135.0,9477,1,24045.4,4816,4649,1.1120863191807167,0
2023-07-28 10:55:32,24135.0,9477,1,24045.4,4822,4639,1.1120863191807167,0
2023-07-28 10:55:32,24135.0,9477,1,24045.4,4824,4640,1.1120863191807167,0
2023-07-28 10:55:32,24135.0,9477,1,24045.4,4824,4640,1.1120863191807167,0
2023-07-28 10:55:32,24135.0,9477,1,24045.4,4824,4638,1.1120863191807167,0
2023-07-28 10:55:32,24135.0,9477,1,24045.4,4824,4637,1.1120863191807167,0
2023-07-28 10:55:32,24135.0,9477,1,24045.4,4824,4637,1.1120863191807167,0
2023-07-28 10:55:32,24135.0,9477,1,24045.4,4699,4639,1.1120863191807167,0
2023-07-28 10:55:32,24135.0,9477,1,24045.4,4824,4639,1.1120863191807167,0
2023-07-28 10:55:32,24135.0,9477,1,24045.4,4824,4639,1.1120863191807167,0
2023-07-28 10:55:32,24135.0,9477,1,24045.4,4824,4639,1.1120863191807167,0
2023-07-28 10:55:32,24135.0,9477,1,24045.4,4824,4639,1.1120863191807167,0
2023-07-28 10:55:32,24135.0,9477,1,24045.4,4824,4640,1.1120863191807167,0
2023-07-28 10:55:32,24135.0,9477,1,24045.4,4824,4640,1.1120863191807167,0
2023-07-28 10:55:32,24135.0,9477,1,24045.4,4824,4640,1.1120863191807167,0
2023-07-28 10:55:32,24135.0,9477,1,24045.4,4824,4641,1.1120863191807167,0
2023-07-28 10:55:32,24135.0,9477,1,24045.4,4824,4641,1.1120863191807167,0
2023-07-28 10:55:32,24135.0,9477,1,24045.4,4824,4641,1.1120863191807167,0
2023-07-28 10:55:32,24135.0,9477,1,24045.4,4824,4641,1.1120863191807167,0
2023-07-28 10:55:32,24135.0,9477,1,24045.4,4824,4638,1.1120863191807167,0
2023-07-28 10:55:32,24135.0,9477,1,24045.4,4702,4639,1.1120863191807167,0
2023-07-28 10:55:32,24135.0,9477,1,24045.4,4824,4643,1.1120863191807167,0
2023-07-28 10:55:32,24135.0,9477,1,24045.4,4827,4644,1.1120863191807167,0
2023-07-28 10:55:32,24135.0,9477,1,24045.4,4827,4643,1.1120863191807167,0
2023-07-28 10:55:32,24135.0,9477,1,24045.4,4702,4642,1.1120863191807167,0
2023-07-28 10:55:32,24135.0,9477,1,24045.4,4817,4642,1.1120863191807167,0
2023-07-28 10:55:32,24135.0,9477,1,24045.4,4817,4642,1.1120863191807167,0
2023-07-28 10:55:32,24135.0,9477,1,24045.4,4695,4642,1.1120863191807167,0
2023-07-28 10:55:32,24135.0,9477,1,24045.4,4698,4642,1.1120863191807167,0
2023-07-28 10:55:32,24135.0,9477,1,24045.4,4826,4640,1.1120863191807167,0
2023-07-28 10:55:32,24135.0,9477,1,24045.4,4826,4640,1.1120863191807167,0
2023-07-28 10:55:32,24135.0,9477,1,24045.4,4826,4639,1.1120863191807167,0
2023-07-28 10:55:32,24135.0,9477,1,24045.4,4826,4639,1.1120863191807167,0
2023-07-28 10:55:32,24135.0,9477,1,24045.4,4826,4639,1.1120863191807167,0
2023-07-28 10:55:32,24135.0,9477,1,24045.4,4826,4639,1.1120863191807167,0
2023-07-28 10:55:32,24135.0,9477,1,24045.4,4826,4639,1.1120863191807167,0
2023-07-28 10:55:32,24135.0,9477,1,24045.4,4819,4640,1.1120863191807167,0
2023-07-28 10:55:32,24135.0,9477,1,24045.4,4819,4640,1.1120863191807167,0
2023-07-28 10:55:32,24135.0,9477,1,24045.4,4819,4641,1.1120863191807167,0
2023-07-28 10:55:32,24135.0,9477,1,24045.4,4695,4646,1.1120863191807167,0
2023-07-28 10:55:32,24135.0,9477,1,24045.4,4820,4646,1.1120863191807167,0
2023-07-28 10:55:32,24135.0,9477,1,24045.4,4820,4646,1.1120863191807167,0
2023-07-28 10:55:32,24135.0,9477,1,24045.4,4817,4646,1.1120863191807167,0
2023-07-28 10:55:32,24135.0,9477,1,24045.4,4817,4646,1.1120863191807167,0
2023-07-28 10:55:32,24135.0,9477,1,24045.4,4694,4646,1.1120863191807167,0
2023-07-28 10:55:32,24135.0,9477,1,24045.4,4820,4646,1.1120863191807167,0
2023-07-28 10:55:32,24135.0,9477,1,24045.4,4819,4573,1.1120863191807167,0
2023-07-28 10:55:32,24135.0,9477,1,24045.4,4815,4603,1.1120863191807167,0
2023-07-28 10:55:32,24135.0,9477,1,24045.4,4814,4604,1.1120863191807167,0
2023-07-28 10:55:32,24135.0,9477,1,24045.4,4813,4604,1.1120863191807167,0
2023-07-28 10:55:32,24127.65,9477,1,24045.4,4813,4607,1.0812939498231102,0
2023-07-28 10:56:42,24127.65,9478,1,24045.41,4784,4608,1.0812939498231102,0
2023-07-28 10:56:42,24127.65,9478,1,24045.41,4798,4605,1.0812939498231102,0
2023-07-28 10:56:42,24127.65,9478,1,24045.41,4800,4602,1.0812939498231102,0
2023-07-28 10:56:42,24127.65,9478,1,24045.41,4800,4602,1.0812939498231102,0
2023-07-28 10:56:42,24127.65,9478,1,24045.41,4799,4602,1.0812939498231102,0
2023-07-28 10:56:42,24127.65,9478,1,24045.41,4799,4602,1.0812939498231102,0
2023-07-28 10:56:42,24127.65,9478,1,24045.41,4673,4605,1.0812939498231102,0
2023-07-28 10:56:42,24127.65,9478,1,24045.41,4798,4605,1.0812939498231102,0
2023-07-28 10:56:42,24127.65,9478,1,24045.41,4799,4602,1.0812939498231102,0
2023-07-28 10:56:57,24127.65,9479,1,24045.42,4800,4598,1.0812939498231102,0
2023-07-28 10:56:58,24127.65,9481,2,24045.44,4799,4608,1.0812939498231102,0
2023-07-28 10:56:58,24127.65,9481,2,24045.44,4799,4613,1.0812939498231102,0
2023-07-28 10:56:58,24127.65,9481,2,24045.44,4798,4622,1.0812939498231102,0
2023-07-28 10:56:58,24127.65,9481,2,24045.44,4778,4619,1.0812939498231102,0
2023-07-28 10:56:58,24127.65,9481,2,24045.44,4779,4620,1.0812939498231102,0
2023-07-28 10:56:58,24127.65,9481,2,24045.44,4781,4621,1.0812939498231102,0
2023-07-28 10:56:58,24127.65,9481,2,24045.44,4778,4617,1.0812939498231102,0
2023-07-28 10:56:58,24127.65,9481,2,24045.44,4653,4629,1.0812939498231102,0
2023-07-28 10:56:58,24127.65,9481,2,24045.44,4653,4629,1.0812939498231102,0
2023-07-28 10:57:19,24127.65,9483,2,24045.45,4771,4601,1.0812939498231102,0
2023-07-28 10:57:19,24127.65,9483,2,24045.45,4641,4602,1.0812939498231102,0
2023-07-28 10:57:19,24127.65,9483,2,24045.45,4766,4599,1.0812939498231102,0
2023-07-28 10:57:19,24120.0,9483,4,24045.45,4766,4599,1.04924474906314,0
2023-07-28 10:57:34,24119.65,9490,2,24045.51,4601,4611,1.0477784457604027,0
2023-07-28 10:57:34,24120.0,9490,26,24045.51,4601,4611,1.04924474906314,0
2023-07-28 10:57:40,24120.0,9821,26,24048.02,4382,4619,1.04924474906314,0
2023-07-28 10:57:40,24120.0,9821,26,24048.02,4384,4605,1.04924474906314,0
2023-07-28 10:57:40,24120.0,9821,26,24048.02,4392,4613,1.04924474906314,0
2023-07-28 10:57:40,24130.9,9821,5,24048.02,4392,4613,1.094909623348585,0
2023-07-28 10:57:51,24130.9,9846,5,24048.22,4407,4619,1.094909623348585,0
2023-07-28 10:57:51,24130.9,9846,5,24048.22,4413,4624,1.094909623348585,0
2023-07-28 10:57:51,24130.9,9846,5,24048.22,4416,4624,1.094909623348585,0
2023-07-28 10:57:51,24130.9,9846,5,24048.22,4413,4620,1.094909623348585,0
2023-07-28 10:57:51,24130.9,9846,5,24048.22,4410,4620,1.094909623348585,0
2023-07-28 10:57:51,24130.9,9846,5,24048.22,4412,4622,1.094909623348585,0
2023-07-28 10:57:51,24130.9,9846,5,24048.22,4412,4622,1.094909623348585,0
2023-07-28 10:57:51,24130.9,9846,5,24048.22,4161,4621,1.094909623348585,0
2023-07-28 10:57:51,24130.9,9846,5,24048.22,4406,4624,1.094909623348585,0
2023-07-28 10:57:51,24130.9,9846,5,24048.22,4412,4621,1.094909623348585,0
2023-07-28 10:57:51,24130.9,9846,5,24048.22,4283,4623,1.094909623348585,0
2023-07-28 10:57:51,24130.9,9846,5,24048.22,4411,4621,1.094909623348585,0
2023-07-28 10:57:51,24130.9,9846,5,24048.22,4414,4617,1.094909623348585,0
2023-07-28 10:57:51,24130.9,9846,5,24048.22,4411,4617,1.094909623348585,0
2023-07-28 10:57:51,24121.15,9846,2,24048.22,4417,4616,1.0540626027721602,0
2023-07-28 10:58:20,24121.15,9848,2,24048.24,4408,4628,1.0540626027721602,0
2023-07-28 10:58:20,24121.15,9848,2,24048.24,4411,4630,1.0540626027721602,0
2023-07-28 10:58:20,24123.45,9848,3,24048.24,4411,4630,1.0636983101901856,0
2023-07-28 10:58:23,24123.45,9851,3,24048.26,4406,4619,1.0636983101901856,0
2023-07-28 10:58:23,24123.45,9851,3,24048.26,4410,4618,1.0636983101901856,0
2023-07-28 10:58:23,24123.45,9851,3,24048.26,4409,4613,1.0636983101901856,0
2023-07-28 10:58:23,24123.45,9851,3,24048.26,4305,4615,1.0636983101901856,0
2023-07-28 10:58:23,24123.45,9851,3,24048.26,4432,4616,1.0636983101901856,0
2023-07-28 10:58:23,24123.45,9851,3,24048.26,4433,4615,1.0636983101901856,0
2023-07-28 10:58:23,24123.45,9851,3,24048.26,4433,4615,1.0636983101901856,0
2023-07-28 10:58:23,24123.45,9851,3,24048.26,4437,4615,1.0636983101901856,0
2023-07-28 10:58:23,24123.45,9851,3,24048.26,4417,4612,1.0636983101901856,0
2023-07-28 10:58:23,24123.45,9851,3,24048.26,4415,4615,1.0636983101901856,0
2023-07-28 10:58:23,24123.45,9851,3,24048.26,4435,4615,1.0636983101901856,0
2023-07-28 10:58:23,24123.45,9851,3,24048.26,4436,4618,1.0636983101901856,0
2023-07-28 10:58:23,24123.45,9851,3,24048.26,4417,4618,1.0636983101901856,0
2023-07-28 10:58:23,24123.45,9851,3,24048.26,4435,4616,1.0636983101901856,0
2023-07-28 10:58:23,24123.45,9851,3,24048.26,4414,4619,1.0636983101901856,0
2023-07-28 10:58:23,24123.45,9851,3,24048.26,4430,4619,1.0636983101901856,0
2023-07-28 10:58:23,24123.45,9851,3,24048.26,4431,4619,1.0636983101901856,0
2023-07-28 10:58:23,24123.45,9851,3,24048.26,4429,4619,1.0636983101901856,0
2023-07-28 10:58:23,24123.45,9851,3,24048.26,4415,4616,1.0636983101901856,0
2023-07-28 10:58:23,24123.45,9851,3,24048.26,4433,4619,1.0636983101901856,0
2023-07-28 10:58:23,24123.45,9851,3,24048.26,4414,4616,1.0636983101901856,0
2023-07-28 10:58:23,24123.45,9851,1,24048.26,4413,4619,1.0636983101901856,0
2023-07-28 10:58:48,24123.45,9852,1,24048.27,4414,4618,1.0636983101901856,0
2023-07-28 10:58:48,24123.45,9852,1,24048.27,4413,4616,1.0636983101901856,0
2023-07-28 10:58:48,24123.45,9852,1,24048.27,4413,4616,1.0636983101901856,0
2023-07-28 10:58:48,24123.45,9852,1,24048.27,4414,4616,1.0636983101901856,0
2023-07-28 10:58:48,24123.45,9852,1,24048.27,4414,4619,1.0636983101901856,0
2023-07-28 10:58:48,24123.45,9852,1,24048.27,4415,4617,1.0636983101901856,0
2023-07-28 10:58:48,24123.45,9852,1,24048.27,4429,4616,1.0636983101901856,0
2023-07-28 10:58:48,24123.45,9852,1,24048.27,4428,4618,1.0636983101901856,0
2023-07-28 10:58:48,24123.45,9852,1,24048.27,4430,4616,1.0636983101901856,0
2023-07-28 10:58:48,24123.45,9852,1,24048.27,4429,4617,1.0636983101901856,0
2023-07-28 10:58:48,24123.45,9852,1,24048.27,4429,4616,1.0636983101901856,0
2023-07-28 10:58:48,24123.45,9852,1,24048.27,4430,4616,1.0636983101901856,0
2023-07-28 10:58:48,24123.45,9852,1,24048.27,4416,4619,1.0636983101901856,0
2023-07-28 10:58:48,24123.45,9852,1,24048.27,4433,4617,1.0636983101901856,0
2023-07-28 10:58:48,24123.45,9852,1,24048.27,4443,4615,1.0636983101901856,0
2023-07-28 10:58:48,24123.45,9852,1,24048.27,4420,4614,1.0636983101901856,0
2023-07-28 10:58:48,24123.45,9852,1,24048.27,4423,4615,1.0636983101901856,0
2023-07-28 10:58:48,24123.45,9852,1,24048.27,4437,4613,1.0636983101901856,0
2023-07-28 10:58:48,24123.45,9852,1,24048.27,4437,4619,1.0636983101901856,0
2023-07-28 10:58:48,24123.45,9852,1,24048.27,4419,4615,1.0636983101901856,0
2023-07-28 10:58:48,24123.45,9852,1,24048.27,4434,4620,1.0636983101901856,0
2023-07-28 10:58:48,24123.45,9852,1,24048.27,4435,4620,1.0636983101901856,0
2023-07-28 10:58:48,24123.45,9852,1,24048.27,4434,4617,1.0636983101901856,0
2023-07-28 10:58:48,24123.45,9852,1,24048.27,4433,4619,1.0636983101901856,0
2023-07-28 10:58:48,24123.45,9852,1,24048.27,4433,4619,1.0636983101901856,0
2023-07-28 10:58:48,24123.45,9852,1,24048.27,4434,4615,1.0636983101901856,0
2023-07-28 10:58:48,24123.45,9852,1,24048.27,4436,4616,1.0636983101901856,0
2023-07-28 10:58:48,24123.45,9852,1,24048.27,4437,4611,1.0636983101901856,0
2023-07-28 10:58:48,24123.45,9852,1,24048.27,4438,4611,1.0636983101901856,0
2023-07-28 10:58:48,24123.45,9852,1,24048.27,4438,4611,1.0636983101901856,0
2023-07-28 10:58:48,24123.45,9852,1,24048.27,4438,4611,1.0636983101901856,0
2023-07-28 10:59:22,24135.0,9853,1,24048.28,4436,4623,1.1120863191807167,0
2023-07-28 10:59:22,24135.0,9853,1,24048.28,4436,4627,1.1120863191807167,0
2023-07-28 10:59:22,24135.0,9853,1,24048.28,4436,4627,1.1120863191807167,0
2023-07-28 10:59:22,24135.0,9853,1,24048.28,4417,4627,1.1120863191807167,0
2023-07-28 10:59:22,24135.0,9853,1,24048.28,4417,4626,1.1120863191807167,0
2023-07-28 10:59:22,24135.0,9853,1,24048.28,4296,4615,1.1120863191807167,0
2023-07-28 10:59:22,24135.0,9853,1,24048.28,4420,4615,1.1120863191807167,0
2023-07-28 10:59:22,24135.0,9853,1,24048.28,4421,4616,1.1120863191807167,0
2023-07-28 10:59:22,24135.0,9853,1,24048.28,4421,4620,1.1120863191807167,0
2023-07-28 10:59:22,24135.0,9853,1,24048.28,4421,4617,1.1120863191807167,0
2023-07-28 10:59:22,24135.0,9853,1,24048.28,4295,4617,1.1120863191807167,0
2023-07-28 10:59:22,24135.0,9853,1,24048.28,4420,4617,1.1120863191807167,0
2023-07-28 10:59:22,24135.0,9853,1,24048.28,4421,4617,1.1120863191807167,0
2023-07-28 10:59:22,24135.0,9853,1,24048.28,4417,4617,1.1120863191807167,0
2023-07-28 10:59:22,24135.0,9853,1,24048.28,4435,4617,1.1120863191807167,0
2023-07-28 10:59:22,24135.0,9853,1,24048.28,4433,4609,1.1120863191807167,0
2023-07-28 10:59:22,24135.0,9853,1,24048.28,4314,4607,1.1120863191807167,0
2023-07-28 10:59:22,24135.0,9853,1,24048.28,4289,4605,1.1120863191807167,0
2023-07-28 10:59:22,24135.0,9853,1,24048.28,4430,4614,1.1120863191807167,0
2023-07-28 10:59:22,24135.0,9853,1,24048.28,4433,4613,1.1120863191807167,0
2023-07-28 10:59:22,24135.0,9853,1,24048.28,4422,4601,1.1120863191807167,0
2023-07-28 10:59:22,24135.0,9853,1,24048.28,4422,4608,1.1120863191807167,0
2023-07-28 10:59:22,24135.0,9853,1,24048.28,4419,4609,1.1120863191807167,0
2023-07-28 10:59:22,24135.0,9853,1,24048.28,4419,4607,1.1120863191807167,0
2023-07-28 10:59:22,24135.0,9853,1,24048.28,4423,4618,1.1120863191807167,0
2023-07-28 10:59:22,24135.0,9853,1,24048.28,4420,4627,1.1120863191807167,0
2023-07-28 10:59:22,24135.0,9853,1,24048.28,4423,4628,1.1120863191807167,0
2023-07-28 10:59:22,24135.0,9853,1,24048.28,4423,4627,1.1120863191807167,0
2023-07-28 10:59:22,24135.0,9853,1,24048.28,4420,4618,1.1120863191807167,0
2023-07-28 10:59:22,24135.0,9853,1,24048.28,4298,4628,1.1120863191807167,0
2023-07-28 10:59:22,24135.0,9853,1,24048.28,4298,4637,1.1120863191807167,0
2023-07-28 10:59:22,24135.0,9853,1,24048.28,4420,4637,1.1120863191807167,0
2023-07-28 10:59:22,24135.0,9853,1,24048.28,4423,4627,1.1120863191807167,0
2023-07-28 10:59:22,24135.0,9853,1,24048.28,4420,4628,1.1120863191807167,0
2023-07-28 10:59:22,24135.0,9853,1,24048.28,4419,4628,1.1120863191807167,0
2023-07-28 10:59:22,24135.0,9853,1,24048.28,4422,4628,1.1120863191807167,0
2023-07-28 10:59:22,24135.0,9853,1,24048.28,4297,4617,1.1120863191807167,0
2023-07-28 10:59:22,24135.0,9853,1,24048.28,4422,4617,1.1120863191807167,0
2023-07-28 10:59:22,24135.0,9853,1,24048.28,4416,4633,1.1120863191807167,0
2023-07-28 10:59:22,24135.0,9853,1,24048.28,4416,4624,1.1120863191807167,0
2023-07-28 10:59:22,24135.0,9853,1,24048.28,4416,4626,1.1120863191807167,0
2023-07-28 10:59:22,24135.0,9853,1,24048.28,4291,4634,1.1120863191807167,0
2023-07-28 10:59:22,24135.0,9853,1,24048.28,4412,4624,1.1120863191807167,0
2023-07-28 10:59:22,24135.0,9853,1,24048.28,4426,4633,1.1120863191807167,0
2023-07-28 10:59:22,24135.0,9853,1,24048.28,4440,4623,1.1120863191807167,0
2023-07-28 10:59:22,24135.0,9853,1,24048.28,4315,4625,1.1120863191807167,0
2023-07-28 10:59:22,24135.0,9853,1,24048.28,4440,4634,1.1120863191807167,0
2023-07-28 10:59:22,24135.0,9853,1,24048.28,4189,4633,1.1120863191807167,0
2023-07-28 10:59:22,24135.0,9853,1,24048.28,4439,4623,1.1120863191807167,0
2023-07-28 10:59:22,24135.0,9853,1,24048.28,4318,4633,1.1120863191807167,0
2023-07-28 11:00:15,24128.45,9863,10,24048.36,4318,4642,1.0846455002293778,0
2023-07-28 11:00:15,24135.0,9864,1,24048.37,4446,4610,1.1120863191807167,0
2023-07-28 11:00:15,24135.0,9864,1,24048.37,4446,4611,1.1120863191807167,0
2023-07-28 11:00:15,24135.0,9864,1,24048.37,4447,4608,1.1120863191807167,0
2023-07-28 11:00:15,24135.0,9864,1,24048.37,4448,4607,1.1120863191807167,0
2023-07-28 11:00:15,24135.0,9864,1,24048.37,4445,4610,1.1120863191807167,0
2023-07-28 11:00:15,24135.0,9864,1,24048.37,4193,4610,1.1120863191807167,0
2023-07-28 11:00:15,24128.45,9864,2,24048.37,4194,4610,1.0846455002293778,0
2023-07-28 11:00:22,24128.45,9873,2,24048.44,4408,4618,1.0846455002293778,0
2023-07-28 11:00:22,24128.45,9873,2,24048.44,4408,4618,1.0846455002293778,0
2023-07-28 11:00:22,24128.45,9873,2,24048.44,4425,4690,1.0846455002293778,0
2023-07-28 11:00:22,24128.45,9873,2,24048.44,4424,4690,1.0846455002293778,0
2023-07-28 11:00:22,24128.45,9873,2,24048.44,4424,4690,1.0846455002293778,0
2023-07-28 11:00:22,24128.45,9873,2,24048.44,4253,4708,1.0846455002293778,0
2023-07-28 11:00:29,24123.5,9874,1,24048.45,4412,4706,1.0639077820905745,0
2023-07-28 11:00:29,24123.5,9874,1,24048.45,4153,4708,1.0639077820905745,0
2023-07-28 11:00:29,24123.5,9874,1,24048.45,4413,4698,1.0639077820905745,0
2023-07-28 11:00:29,24123.5,9874,1,24048.45,4434,4698,1.0639077820905745,0
2023-07-28 11:00:29,24123.5,9874,1,24048.45,4435,4695,1.0639077820905745,0
2023-07-28 11:00:29,24123.5,9874,1,24048.45,4416,4696,1.0639077820905745,0
2023-07-28 11:00:29,24123.5,9874,1,24048.45,4417,4695,1.0639077820905745,0
2023-07-28 11:00:29,24135.0,9874,4,24048.45,4417,4696,1.1120863191807167,0
2023-07-28 11:00:37,24123.65,9883,1,24048.53,4424,4682,1.0645361977917565,0
2023-07-28 11:00:39,24123.65,9892,2,24048.6,4419,4682,1.0645361977917565,0
2023-07-28 11:00:39,24123.65,9892,2,24048.6,4292,4685,1.0645361977917565,0
2023-07-28 11:00:39,24123.65,9892,2,24048.6,4415,4685,1.0645361977917565,0
2023-07-28 11:00:39,24123.65,9892,2,24048.6,4417,4684,1.0645361977917565,0
2023-07-28 11:00:42,24130.95,9897,1,24048.64,4375,4721,1.095119095248974,0
2023-07-28 11:00:42,24130.95,9897,1,24048.64,4405,4714,1.095119095248974,0
2023-07-28 11:00:42,24130.95,9897,1,24048.64,4286,4711,1.095119095248974,0
2023-07-28 11:00:42,24130.95,9897,1,24048.64,4414,4710,1.095119095248974,0
2023-07-28 11:00:47,24130.4,9906,1,24048.71,4405,4692,1.0928149043446658,0
2023-07-28 11:00:47,24132.2,9907,1,24048.72,4413,4699,1.100355892758772,0
2023-07-28 11:00:48,24120.0,9917,10,24048.79,4291,4719,1.04924474906314,0
2023-07-28 11:00:48,24120.0,9917,10,24048.79,4288,4719,1.04924474906314,0
2023-07-28 11:00:48,24120.0,9917,10,24048.79,4437,4725,1.04924474906314,0
2023-07-28 11:00:48,24120.0,9917,10,24048.79,4312,4724,1.04924474906314,0
2023-07-28 11:00:48,24120.0,9917,10,24048.79,4432,4724,1.04924474906314,0
2023-07-28 11:00:48,24120.0,9917,10,24048.79,4431,4734,1.04924474906314,0
2023-07-28 11:00:48,24120.0,9917,10,24048.79,4312,4734,1.04924474906314,0
2023-07-28 11:00:48,24120.0,9917,10,24048.79,4312,4734,1.04924474906314,0
2023-07-28 11:00:48,24132.65,9917,1,24048.79,4312,4734,1.1022411398623024,0
2023-07-28 11:00:58,24132.65,9918,1,24048.8,4402,4749,1.1022411398623024,0
2023-07-28 11:00:58,24132.65,9918,1,24048.8,4405,4748,1.1022411398623024,0
2023-07-28 11:00:58,24132.65,9918,1,24048.8,4432,4746,1.1022411398623024,0
2023-07-28 11:00:58,24132.65,9918,1,24048.8,4432,4746,1.1022411398623024,0
2023-07-28 11:01:03,24133.05,9934,1,24048.93,4327,4735,1.1039169150654287,0
2023-07-28 11:01:03,24133.75,9935,1,24048.94,4330,4726,1.1068495216709184,0
2023-07-28 11:01:03,24133.75,9935,1,24048.94,4440,4725,1.1068495216709184,0
2023-07-28 11:01:03,24133.75,9935,1,24048.94,4440,4725,1.1068495216709184,0
2023-07-28 11:01:03,24133.75,9935,1,24048.94,4440,4725,1.1068495216709184,0
2023-07-28 11:01:03,24133.75,9935,1,24048.94,4390,4753,1.1068495216709184,0
2023-07-28 11:01:03,24133.75,9935,1,24048.94,4426,4727,1.1068495216709184,0
2023-07-28 11:01:10,24135.0,9954,7,24049.11,4422,4720,1.1120863191807167,0
2023-07-28 11:01:10,24135.0,9954,1,24049.11,4422,4720,1.1120863191807167,0
2023-07-28 11:01:11,24135.0,9955,1,24049.11,4446,4716,1.1120863191807167,0
2023-07-28 11:01:11,24135.0,9955,1,24049.11,4431,4718,1.1120863191807167,0
2023-07-28 11:01:11,24135.0,9955,1,24049.11,4431,4718,1.1120863191807167,0
2023-07-28 11:01:11,24135.0,9955,1,24049.11,4431,4718,1.1120863191807167,0
2023-07-28 11:01:11,24135.0,9955,1,24049.11,4431,4718,1.1120863191807167,0
2023-07-28 11:01:11,24135.0,9955,1,24049.11,4432,4718,1.1120863191807167,0
2023-07-28 11:01:18,24148.95,10049,3,24049.93,4482,4569,1.170528979390066,0
2023-07-28 11:01:18,24148.95,10049,1,24049.93,4482,4569,1.170528979390066,0
2023-07-28 11:01:18,24174.45,10049,4,24049.93,4482,4569,1.277359648589946,0
2023-07-28 11:01:19,24174.45,10265,4,24052.12,4470,4372,1.277359648589946,0
2023-07-28 11:01:21,24177.8,10319,5,24052.76,4471,4321,1.2913942659161988,0
2023-07-28 11:01:21,24177.8,10319,5,24052.76,4477,4331,1.2913942659161988,0
2023-07-28 11:01:21,24177.8,10319,5,24052.76,4477,4335,1.2913942659161988,0
2023-07-28 11:01:21,24177.8,10319,5,24052.76,4480,4354,1.2913942659161988,0
2023-07-28 11:01:21,24177.8,10319,5,24052.76,4352,4354,1.2913942659161988,0
2023-07-28 11:01:21,24177.8,10319,5,24052.76,4480,4355,1.2913942659161988,0
2023-07-28 11:01:21,24156.5,10319,1,24052.76,4361,4354,1.202159236349243,0
2023-07-28 11:01:28,24156.5,10321,1,24052.78,4480,4354,1.202159236349243,0
2023-07-28 11:01:28,24156.5,10321,1,24052.78,4480,4355,1.202159236349243,0
2023-07-28 11:01:28,24156.5,10321,1,24052.78,4489,4356,1.202159236349243,0
2023-07-28 11:01:28,24156.5,10321,1,24052.78,4491,4360,1.202159236349243,0
2023-07-28 11:01:33,24156.3,10322,1,24052.79,4491,4362,1.2013213487476724,0
2023-07-28 11:01:33,24156.3,10322,1,24052.79,4491,4363,1.2013213487476724,0
2023-07-28 11:01:33,24156.3,10322,1,24052.79,4490,4362,1.2013213487476724,0
2023-07-28 11:01:33,24156.3,10322,1,24052.79,4490,4363,1.2013213487476724,0
2023-07-28 11:01:33,24156.3,10322,1,24052.79,4491,4366,1.2013213487476724,0
2023-07-28 11:01:33,24174.3,10322,3,24052.79,4491,4366,1.2767312328887641,0
2023-07-28 11:01:37,24158.95,10331,1,24052.9,4486,4363,1.2124233594684501,0
2023-07-28 11:01:38,24158.95,10333,1,24052.92,4491,4370,1.2124233594684501,0
2023-07-28 11:01:38,24158.95,10333,1,24052.92,4498,4372,1.2124233594684501,0
2023-07-28 11:01:38,24158.95,10333,1,24052.92,4499,4370,1.2124233594684501,0
2023-07-28 11:01:38,24158.95,10333,1,24052.92,4239,4370,1.2124233594684501,0
2023-07-28 11:01:38,24158.95,10333,1,24052.92,4482,4371,1.2124233594684501,0
2023-07-28 11:01:38,24158.95,10333,1,24052.92,4248,4371,1.2124233594684501,0
2023-07-28 11:01:38,24158.95,10333,1,24052.92,4480,4377,1.2124233594684501,0
2023-07-28 11:01:38,24158.95,10333,1,24052.92,4235,4376,1.2124233594684501,0
2023-07-28 11:01:38,24158.95,10333,1,24052.92,4486,4373,1.2124233594684501,0
2023-07-28 11:01:38,24158.95,10333,1,24052.92,4232,4374,1.2124233594684501,0
2023-07-28 11:01:38,24158.95,10333,1,24052.92,4495,4373,1.2124233594684501,0
2023-07-28 11:01:38,24158.95,10333,1,24052.92,4495,4373,1.2124233594684501,0
2023-07-28 11:01:38,24158.95,10333,1,24052.92,4358,4374,1.2124233594684501,0
2023-07-28 11:01:38,24158.95,10333,1,24052.92,4353,4372,1.2124233594684501,0
2023-07-28 11:02:09,24160.9,10341,8,24053.0,4493,4362,1.2205927635837381,0
2023-07-28 11:02:09,24160.9,10341,8,24053.0,4493,4372,1.2205927635837381,0
2023-07-28 11:02:09,24160.9,10341,8,24053.0,4493,4371,1.2205927635837381,0
2023-07-28 11:02:09,24160.9,10341,8,24053.0,4488,4371,1.2205927635837381,0
2023-07-28 11:02:09,24160.9,10341,8,24053.0,4488,4371,1.2205927635837381,0
2023-07-28 11:02:09,24160.9,10341,8,24053.0,4512,4360,1.2205927635837381,0
2023-07-28 11:02:17,24159.3,10343,2,24053.02,4516,4364,1.2138896627711877,0
2023-07-28 11:02:17,24159.3,10343,2,24053.02,4507,4367,1.2138896627711877,0
2023-07-28 11:02:17,24159.3,10343,2,24053.02,4507,4378,1.2138896627711877,0
2023-07-28 11:02:21,24178.8,10344,1,24053.03,4507,4359,1.2955837039240372,0
2023-07-28 11:02:21,24178.8,10344,1,24053.03,4507,4368,1.2955837039240372,0
2023-07-28 11:02:21,24178.8,10344,1,24053.03,4507,4368,1.2955837039240372,0
2023-07-28 11:02:21,24178.8,10344,1,24053.03,4507,4368,1.2955837039240372,0
2023-07-28 11:02:21,24178.8,10344,1,24053.03,4509,4367,1.2955837039240372,0
2023-07-28 11:02:21,24178.8,10344,1,24053.03,4509,4368,1.2955837039240372,0
2023-07-28 11:02:21,24178.8,10344,1,24053.03,4497,4367,1.2955837039240372,0
2023-07-28 11:02:21,24161.25,10344,2,24053.03,4497,4367,1.2220590668864757,0
2023-07-28 11:02:26,24161.25,10346,2,24053.06,4488,4375,1.2220590668864757,0
2023-07-28 11:02:26,24161.25,10346,2,24053.06,4488,4375,1.2220590668864757,0
2023-07-28 11:02:26,24161.25,10346,2,24053.06,4487,4378,1.2220590668864757,0
2023-07-28 11:02:26,24161.25,10346,2,24053.06,4482,4390,1.2220590668864757,0
2023-07-28 11:02:26,24161.25,10346,2,24053.06,4485,4389,1.2220590668864757,0
2023-07-28 11:02:26,24161.25,10346,2,24053.06,4485,4394,1.2220590668864757,0
2023-07-28 11:02:26,24161.25,10346,2,24053.06,4239,4384,1.2220590668864757,0
2023-07-28 11:02:26,24161.25,10346,2,24053.06,4489,4394,1.2220590668864757,0
2023-07-28 11:02:26,24161.25,10346,2,24053.06,4364,4385,1.2220590668864757,0
2023-07-28 11:02:26,24161.25,10346,2,24053.06,4489,4369,1.2220590668864757,0
2023-07-28 11:02:26,24161.25,10346,2,24053.06,4488,4369,1.2220590668864757,0
2023-07-28 11:02:26,24161.25,10346,2,24053.06,4492,4375,1.2220590668864757,0
2023-07-28 11:02:37,24179.95,10386,1,24053.54,4490,4333,1.3004015576330574,0
2023-07-28 11:02:37,24170.8,10386,2,24053.54,4490,4333,1.2620681998613297,0
2023-07-28 11:02:38,24170.8,10390,2,24053.59,4490,4350,1.2620681998613297,0
2023-07-28 11:02:38,24170.8,10390,2,24053.59,4490,4350,1.2620681998613297,0
2023-07-28 11:02:39,24170.8,10392,2,24053.61,4234,4346,1.2620681998613297,0
2023-07-28 11:02:39,24170.8,10392,2,24053.61,4517,4328,1.2620681998613297,0
2023-07-28 11:02:39,24170.8,10392,2,24053.61,4511,4326,1.2620681998613297,0
2023-07-28 11:02:39,24170.8,10392,2,24053.61,4523,4323,1.2620681998613297,0
2023-07-28 11:02:39,24170.8,10392,2,24053.61,4524,4323,1.2620681998613297,0
2023-07-28 11:02:39,24170.8,10392,2,24053.61,4524,4320,1.2620681998613297,0
2023-07-28 11:02:39,24170.8,10392,2,24053.61,4525,4321,1.2620681998613297,0
2023-07-28 11:02:39,24170.8,10392,2,24053.61,4524,4321,1.2620681998613297,0
2023-07-28 11:02:39,24179.95,10392,2,24053.61,4524,4321,1.3004015576330574,0
2023-07-28 11:02:51,24179.95,10394,2,24053.63,4524,4322,1.3004015576330574,0
2023-07-28 11:02:51,24179.95,10394,2,24053.63,4524,4322,1.3004015576330574,0
2023-07-28 11:02:51,24179.95,10394,2,24053.63,4524,4323,1.3004015576330574,0
2023-07-28 11:02:51,24179.95,10394,2,24053.63,4524,4323,1.3004015576330574,0
2023-07-28 11:02:51,24179.95,10394,2,24053.63,4524,4323,1.3004015576330574,0
2023-07-28 11:02:51,24179.95,10394,2,24053.63,4505,4318,1.3004015576330574,0
2023-07-28 11:02:51,24179.95,10394,2,24053.63,4507,4318,1.3004015576330574,0
2023-07-28 11:02:51,24179.95,10394,2,24053.63,4509,4318,1.3004015576330574,0
2023-07-28 11:02:51,24179.95,10394,2,24053.63,4509,4318,1.3004015576330574,0
2023-07-28 11:02:51,24179.95,10394,2,24053.63,4509,4318,1.3004015576330574,0
2023-07-28 11:02:51,24179.95,10394,2,24053.63,4509,4318,1.3004015576330574,0
2023-07-28 11:02:51,24179.95,10394,2,24053.63,4509,4317,1.3004015576330574,0
2023-07-28 11:03:05,24179.95,10404,4,24053.75,4511,4318,1.3004015576330574,0
2023-07-28 11:03:05,24179.95,10404,4,24053.75,4512,4325,1.3004015576330574,0
2023-07-28 11:03:05,24179.95,10404,4,24053.75,4536,4325,1.3004015576330574,0
2023-07-28 11:03:05,24179.95,10404,4,24053.75,4536,4326,1.3004015576330574,0
2023-07-28 11:03:05,24179.95,10404,4,24053.75,4537,4376,1.3004015576330574,0
2023-07-28 11:03:05,24179.95,10404,4,24053.75,4537,4376,1.3004015576330574,0
2023-07-28 11:03:05,24179.95,10404,4,24053.75,4412,4376,1.3004015576330574,0
2023-07-28 11:03:05,24179.95,10404,4,24053.75,4411,4376,1.3004015576330574,0
2023-07-28 11:03:17,24170.0,10405,1,24053.76,4410,4375,1.258716649455062,0
2023-07-28 11:03:17,24170.0,10405,2,24053.76,4410,4375,1.258716649455062,0
2023-07-28 11:03:18,24170.0,10410,2,24053.82,4528,4386,1.258716649455062,0
2023-07-28 11:03:18,24170.0,10410,2,24053.82,4529,4382,1.258716649455062,0
2023-07-28 11:03:18,24170.0,10410,2,24053.82,4531,4383,1.258716649455062,0
2023-07-28 11:03:18,24170.0,10410,2,24053.82,4506,4390,1.258716649455062,0
2023-07-28 11:03:18,24170.0,10410,2,24053.82,4391,4351,1.258716649455062,0
2023-07-28 11:03:18,24170.0,10410,2,24053.82,4540,4377,1.258716649455062,0
2023-07-28 11:03:18,24170.0,10410,2,24053.82,4415,4377,1.258716649455062,0
2023-07-28 11:03:18,24170.0,10410,2,24053.82,4540,4377,1.258716649455062,0
2023-07-28 11:03:18,24170.0,10410,2,24053.82,4540,4377,1.258716649455062,0
2023-07-28 11:03:18,24170.0,10410,2,24053.82,4539,4377,1.258716649455062,0
2023-07-28 11:03:18,24184.85,10410,3,24053.82,4539,4377,1.3209298038714568,0
2023-07-28 11:03:29,24184.85,10460,3,24054.43,4544,4364,1.3209298038714568,0
2023-07-28 11:03:29,24184.85,10460,3,24054.43,4542,4363,1.3209298038714568,0
2023-07-28 11:03:29,24184.85,10460,3,24054.43,4541,4362,1.3209298038714568,0
2023-07-28 11:03:29,24184.85,10460,3,24054.43,4539,4362,1.3209298038714568,0
2023-07-28 11:03:29,24184.85,10460,3,24054.43,4409,4363,1.3209298038714568,0
2023-07-28 11:03:29,24184.85,10460,3,24054.43,4409,4363,1.3209298038714568,0
2023-07-28 11:03:29,24184.85,10460,3,24054.43,4534,4363,1.3209298038714568,0
2023-07-28 11:03:29,24184.85,10460,3,24054.43,4408,4366,1.3209298038714568,0
2023-07-28 11:03:44,24167.65,10462,2,24054.45,4530,4379,1.2488714701366477,0
2023-07-28 11:03:44,24167.65,10462,2,24054.45,4540,4372,1.2488714701366477,0
2023-07-28 11:03:44,24167.65,10462,2,24054.45,4533,4372,1.2488714701366477,0
2023-07-28 11:03:44,24167.65,10462,2,24054.45,4533,4373,1.2488714701366477,0
2023-07-28 11:03:44,24167.65,10462,2,24054.45,4533,4370,1.2488714701366477,0
2023-07-28 11:03:44,24167.65,10462,2,24054.45,4533,4424,1.2488714701366477,0
2023-07-28 11:03:44,24167.65,10462,2,24054.45,4532,4424,1.2488714701366477,0
2023-07-28 11:03:44,24167.65,10462,2,24054.45,4532,4424,1.2488714701366477,0
2023-07-28 11:03:44,24167.65,10462,2,24054.45,4532,4421,1.2488714701366477,0
2023-07-28 11:03:44,24167.65,10462,2,24054.45,4532,4421,1.2488714701366477,0
2023-07-28 11:03:44,24167.65,10462,2,24054.45,4532,4421,1.2488714701366477,0
2023-07-28 11:03:44,24167.65,10462,2,24054.45,4494,4439,1.2488714701366477,0
2023-07-28 11:03:44,24167.65,10462,2,24054.45,4537,4444,1.2488714701366477,0
2023-07-28 11:03:44,24167.65,10462,2,24054.45,4535,4442,1.2488714701366477,0
2023-07-28 11:03:44,24167.65,10462,2,24054.45,4535,4431,1.2488714701366477,0
2023-07-28 11:03:44,24167.65,10462,2,24054.45,4534,4432,1.2488714701366477,0
2023-07-28 11:03:44,24165.55,10462,2,24054.45,4543,4430,1.240073650320178,0
2023-07-28 11:04:04,24165.55,10466,2,24054.49,4558,4431,1.240073650320178,0
2023-07-28 11:04:04,24165.55,10466,2,24054.49,4569,4433,1.240073650320178,0
2023-07-28 11:04:04,24165.55,10466,2,24054.49,4572,4427,1.240073650320178,0
2023-07-28 11:04:04,24165.55,10466,2,24054.49,4572,4429,1.240073650320178,0
2023-07-28 11:04:04,24165.55,10466,2,24054.49,4571,4427,1.240073650320178,0
2023-07-28 11:04:04,24166.0,10466,12,24054.49,4571,4427,1.2419588974237081,0
2023-07-28 11:04:24,24166.0,10478,12,24054.62,4525,4457,1.2419588974237081,0
2023-07-28 11:04:24,24166.0,10478,12,24054.62,4417,4456,1.2419588974237081,0
2023-07-28 11:04:24,24166.0,10478,12,24054.62,4524,4453,1.2419588974237081,0
2023-07-28 11:04:24,24165.05,10478,2,24054.62,4524,4453,1.2379789313162586,0
2023-07-28 11:04:40,24165.05,10480,2,24054.64,4520,4450,1.2379789313162586,0
2023-07-28 11:04:40,24165.05,10480,12,24054.64,4520,4450,1.2379789313162586,0
2023-07-28 11:04:40,24166.0,10480,3,24054.64,4520,4450,1.2419588974237081,0
2023-07-28 11:04:44,24166.0,10495,3,24054.8,4530,4460,1.2419588974237081,0
2023-07-28 11:04:44,24166.0,10495,3,24054.8,4538,4461,1.2419588974237081,0
2023-07-28 11:04:44,24166.0,10495,3,24054.8,4535,4460,1.2419588974237081,0
2023-07-28 11:04:44,24166.0,10495,3,24054.8,4539,4462,1.2419588974237081,0
2023-07-28 11:04:44,24166.0,10495,3,24054.8,4536,4464,1.2419588974237081,0
2023-07-28 11:04:44,24166.0,10495,3,24054.8,4537,4464,1.2419588974237081,0
2023-07-28 11:04:44,24166.0,10495,3,24054.8,4538,4465,1.2419588974237081,0
2023-07-28 11:04:44,24166.0,10495,3,24054.8,4536,4467,1.2419588974237081,0
2023-07-28 11:04:44,24166.0,10495,3,24054.8,4525,4466,1.2419588974237081,0
2023-07-28 11:04:44,24166.0,10495,3,24054.8,4532,4465,1.2419588974237081,0
2023-07-28 11:04:44,24166.0,10495,3,24054.8,4516,4464,1.2419588974237081,0
2023-07-28 11:04:44,24166.0,10495,3,24054.8,4523,4464,1.2419588974237081,0
2023-07-28 11:04:44,24166.0,10495,3,24054.8,4397,4464,1.2419588974237081,0
2023-07-28 11:04:44,24166.0,10495,3,24054.8,4515,4466,1.2419588974237081,0
2023-07-28 11:04:44,24166.0,10495,3,24054.8,4522,4466,1.2419588974237081,0
2023-07-28 11:04:44,24166.0,10495,3,24054.8,4515,4466,1.2419588974237081,0
2023-07-28 11:04:44,24166.0,10495,3,24054.8,4518,4469,1.2419588974237081,0
2023-07-28 11:04:44,24166.0,10495,3,24054.8,4530,4467,1.2419588974237081,0
2023-07-28 11:04:44,24166.0,10495,3,24054.8,4512,4467,1.2419588974237081,0
2023-07-28 11:04:44,24166.0,10495,3,24054.8,4513,4471,1.2419588974237081,0
2023-07-28 11:04:44,24166.0,10495,3,24054.8,4512,4481,1.2419588974237081,0
2023-07-28 11:04:44,24166.0,10495,1,24054.8,4514,4481,1.2419588974237081,0
2023-07-28 11:04:44,24166.0,10495,1,24054.8,4514,4481,1.2419588974237081,0
2023-07-28 11:05:23,24160.45,10502,2,24054.87,4507,4484,1.218707516480208,0
2023-07-28 11:05:23,24160.45,10502,2,24054.87,4381,4497,1.218707516480208,0
2023-07-28 11:05:23,24160.45,10502,2,24054.87,4381,4497,1.218707516480208,0
2023-07-28 11:05:23,24160.45,10502,2,24054.87,4381,4497,1.218707516480208,0
2023-07-28 11:05:23,24160.45,10502,2,24054.87,4526,4486,1.218707516480208,0
2023-07-28 11:05:23,24160.45,10502,2,24054.87,4527,4486,1.218707516480208,0
2023-07-28 11:05:23,24160.45,10502,2,24054.87,4527,4486,1.218707516480208,0
2023-07-28 11:05:23,24160.45,10502,2,24054.87,4526,4488,1.218707516480208,0
2023-07-28 11:05:23,24160.45,10502,2,24054.87,4527,4485,1.218707516480208,0
2023-07-28 11:05:23,24160.45,10502,2,24054.87,4527,4485,1.218707516480208,0
2023-07-28 11:05:23,24160.45,10502,2,24054.87,4527,4488,1.218707516480208,0
2023-07-28 11:05:23,24160.45,10502,2,24054.87,4527,4482,1.218707516480208,0
2023-07-28 11:05:23,24160.45,10502,2,24054.87,4527,4488,1.218707516480208,0
2023-07-28 11:05:23,24160.45,10502,2,24054.87,4527,4484,1.218707516480208,0
2023-07-28 11:05:23,24160.45,10502,2,24054.87,4528,4484,1.218707516480208,0
2023-07-28 11:05:23,24166.0,10502,1,24054.87,4403,4485,1.2419588974237081,0
2023-07-28 11:05:37,24166.0,10507,1,24054.92,4405,4480,1.2419588974237081,0
2023-07-28 11:05:37,24166.0,10507,1,24054.92,4522,4480,1.2419588974237081,0
2023-07-28 11:05:37,24166.0,10507,1,24054.92,4528,4483,1.2419588974237081,0
2023-07-28 11:05:37,24166.0,10507,1,24054.92,4528,4484,1.2419588974237081,0
2023-07-28 11:05:37,24166.0,10507,1,24054.92,4528,4486,1.2419588974237081,0
2023-07-28 11:05:37,24166.0,10507,1,24054.92,4403,4482,1.2419588974237081,0
2023-07-28 11:05:37,24166.0,10507,1,24054.92,4528,4480,1.2419588974237081,0
2023-07-28 11:05:37,24166.0,10507,1,24054.92,4528,4492,1.2419588974237081,0
2023-07-28 11:05:37,24166.0,10507,1,24054.92,4526,4490,1.2419588974237081,0
2023-07-28 11:05:37,24166.0,10507,1,24054.92,4403,4490,1.2419588974237081,0
2023-07-28 11:05:37,24166.0,10507,1,24054.92,4528,4490,1.2419588974237081,0
2023-07-28 11:05:37,24166.0,10507,1,24054.92,4403,4486,1.2419588974237081,0
2023-07-28 11:05:37,24166.0,10507,1,24054.92,4403,4493,1.2419588974237081,0
2023-07-28 11:05:37,24166.0,10507,1,24054.92,4524,4495,1.2419588974237081,0
2023-07-28 11:05:37,24166.0,10507,1,24054.92,4522,4494,1.2419588974237081,0
2023-07-28 11:05:37,24166.0,10507,1,24054.92,4520,4495,1.2419588974237081,0
2023-07-28 11:05:37,24166.0,10507,1,24054.92,4520,4496,1.2419588974237081,0
2023-07-28 11:05:37,24166.0,10507,1,24054.92,4502,4503,1.2419588974237081,0
2023-07-28 11:05:37,24166.0,10507,1,24054.92,4503,4493,1.2419588974237081,0
2023-07-28 11:05:37,24166.0,10507,1,24054.92,4503,4491,1.2419588974237081,0
2023-07-28 11:05:37,24166.0,10507,1,24054.92,4504,4497,1.2419588974237081,0
2023-07-28 11:05:37,24166.0,10507,1,24054.92,4504,4490,1.2419588974237081,0
2023-07-28 11:05:37,24166.0,10507,1,24054.92,4503,4487,1.2419588974237081,0
2023-07-28 11:05:37,24166.0,10507,1,24054.92,4378,4491,1.2419588974237081,0
2023-07-28 11:05:37,24166.0,10507,1,24054.92,4502,4495,1.2419588974237081,0
2023-07-28 11:05:37,24166.0,10507,1,24054.92,4503,4492,1.2419588974237081,0
2023-07-28 11:05:37,24166.0,10507,1,24054.92,4501,4494,1.2419588974237081,0
2023-07-28 11:05:37,24166.0,10507,1,24054.92,4507,4487,1.2419588974237081,0
2023-07-28 11:05:37,24166.0,10507,1,24054.92,4505,4493,1.2419588974237081,0
2023-07-28 11:05:37,24166.0,10507,1,24054.92,4506,4492,1.2419588974237081,0
2023-07-28 11:06:09,24152.35,10511,2,24054.96,4498,4490,1.1847730686167075,0
2023-07-28 11:06:09,24152.35,10511,2,24054.96,4499,4500,1.1847730686167075,0
2023-07-28 11:06:09,24152.35,10511,2,24054.96,4378,4501,1.1847730686167075,0
2023-07-28 11:06:09,24152.35,10511,2,24054.96,4504,4496,1.1847730686167075,0
2023-07-28 11:06:09,24152.35,10511,2,24054.96,4500,4506,1.1847730686167075,0
2023-07-28 11:06:09,24152.35,10511,2,24054.96,4479,4513,1.1847730686167075,0
2023-07-28 11:06:09,24152.35,10511,2,24054.96,4499,4519,1.1847730686167075,0
2023-07-28 11:06:09,24152.35,10511,2,24054.96,4503,4520,1.1847730686167075,0
2023-07-28 11:06:09,24152.35,10511,2,24054.96,4226,4512,1.1847730686167075,0
2023-07-28 11:06:09,24152.35,10511,2,24054.96,4476,4512,1.1847730686167075,0
2023-07-28 11:06:09,24152.35,10511,2,24054.96,4352,4512,1.1847730686167075,0
2023-07-28 11:06:09,24152.35,10511,2,24054.96,4482,4506,1.1847730686167075,0
2023-07-28 11:06:09,24152.35,10511,2,24054.96,4482,4507,1.1847730686167075,0
2023-07-28 11:06:09,24152.35,10511,2,24054.96,4354,4508,1.1847730686167075,0
2023-07-28 11:06:25,24165.85,10514,1,24054.99,4480,4505,1.2413304817225264,0
2023-07-28 11:06:25,24165.85,10514,1,24054.99,4477,4506,1.2413304817225264,0
2023-07-28 11:06:25,24165.85,10514,1,24054.99,4370,4507,1.2413304817225264,0
2023-07-28 11:06:25,24165.85,10514,1,24054.99,4369,4508,1.2413304817225264,0
2023-07-28 11:06:25,24165.85,10514,1,24054.99,4374,4507,1.2413304817225264,0
2023-07-28 11:06:25,24165.85,10514,1,24054.99,4358,4506,1.2413304817225264,0
2023-07-28 11:06:25,24165.85,10514,1,24054.99,4486,4505,1.2413304817225264,0
2023-07-28 11:06:25,24165.85,10514,1,24054.99,4486,4507,1.2413304817225264,0
2023-07-28 11:06:25,24165.85,10514,1,24054.99,4485,4507,1.2413304817225264,0
2023-07-28 11:06:25,24165.85,10514,1,24054.99,4486,4507,1.2413304817225264,0
2023-07-28 11:06:25,24165.85,10514,1,24054.99,4499,4502,1.2413304817225264,0
2023-07-28 11:06:25,24165.85,10514,1,24054.99,4497,4500,1.2413304817225264,0
2023-07-28 11:06:25,24165.85,10514,1,24054.99,4247,4500,1.2413304817225264,0
2023-07-28 11:06:25,24165.85,10514,1,24054.99,4369,4507,1.2413304817225264,0
2023-07-28 11:06:25,24165.85,10514,1,24054.99,4369,4505,1.2413304817225264,0
2023-07-28 11:06:25,24165.85,10514,1,24054.99,4496,4504,1.2413304817225264,0
2023-07-28 11:06:25,24165.85,10514,1,24054.99,4498,4503,1.2413304817225264,0
2023-07-28 11:06:25,24165.85,10514,1,24054.99,4498,4497,1.2413304817225264,0
2023-07-28 11:06:25,24165.85,10514,1,24054.99,4498,4502,1.2413304817225264,0
2023-07-28 11:06:25,24165.85,10514,1,24054.99,4497,4503,1.2413304817225264,0
2023-07-28 11:06:25,24165.85,10514,1,24054.99,4498,4505,1.2413304817225264,0
2023-07-28 11:06:25,24165.85,10514,1,24054.99,4496,4504,1.2413304817225264,0
2023-07-28 11:06:25,24165.85,10514,1,24054.99,4246,4503,1.2413304817225264,0
2023-07-28 11:06:25,24165.85,10514,1,24054.99,4497,4503,1.2413304817225264,0
2023-07-28 11:06:25,24165.85,10514,1,24054.99,4373,4503,1.2413304817225264,0
2023-07-28 11:06:25,24165.85,10514,1,24054.99,4373,4503,1.2413304817225264,0
2023-07-28 11:06:25,24165.85,10514,1,24054.99,4498,4503,1.2413304817225264,0
2023-07-28 11:06:25,24165.85,10514,1,24054.99,4497,4503,1.2413304817225264,0
2023-07-28 11:06:25,24165.85,10514,1,24054.99,4371,4503,1.2413304817225264,0
2023-07-28 11:06:25,24165.85,10514,1,24054.99,4497,4502,1.2413304817225264,0
2023-07-28 11:06:25,24165.85,10514,1,24054.99,4497,4503,1.2413304817225264,0
2023-07-28 11:06:25,24165.85,10514,1,24054.99,4498,4503,1.2413304817225264,0
2023-07-28 11:06:25,24165.85,10514,1,24054.99,4372,4502,1.2413304817225264,0
2023-07-28 11:06:25,24165.85,10514,1,24054.99,4503,4492,1.2413304817225264,0
2023-07-28 11:06:25,24165.85,10514,1,24054.99,4379,4494,1.2413304817225264,0
2023-07-28 11:06:25,24165.85,10514,1,24054.99,4504,4494,1.2413304817225264,0
2023-07-28 11:06:25,24165.85,10514,1,24054.99,4378,4494,1.2413304817225264,0
2023-07-28 11:06:25,24165.85,10514,1,24054.99,4504,4494,1.2413304817225264,0
2023-07-28 11:06:25,24165.85,10514,1,24054.99,4504,4494,1.2413304817225264,0
2023-07-28 11:06:25,24165.85,10514,1,24054.99,4503,4494,1.2413304817225264,0
2023-07-28 11:06:25,24165.85,10514,1,24054.99,4504,4494,1.2413304817225264,0
2023-07-28 11:06:25,24165.85,10514,1,24054.99,4379,4494,1.2413304817225264,0
2023-07-28 11:06:25,24165.85,10514,1,24054.99,4504,4494,1.2413304817225264,0
2023-07-28 11:06:25,24165.85,10514,1,24054.99,4504,4496,1.2413304817225264,0
2023-07-28 11:06:25,24165.85,10514,1,24054.99,4504,4494,1.2413304817225264,0
2023-07-28 11:06:25,24165.85,10514,1,24054.99,4504,4494,1.2413304817225264,0
2023-07-28 11:06:25,24165.85,10514,1,24054.99,4504,4494,1.2413304817225264,0
2023-07-28 11:06:25,24165.85,10514,1,24054.99,4504,4494,1.2413304817225264,0
2023-07-28 11:06:25,24165.85,10514,1,24054.99,4499,4494,1.2413304817225264,0
2023-07-28 11:06:25,24165.85,10514,1,24054.99,4499,4494,1.2413304817225264,0
2023-07-28 11:06:25,24165.85,10514,1,24054.99,4499,4494,1.2413304817225264,0
2023-07-28 11:06:25,24165.85,10514,1,24054.99,4499,4494,1.2413304817225264,0
2023-07-28 11:06:25,24165.85,10514,1,24054.99,4498,4497,1.2413304817225264,0
2023-07-28 11:06:25,24165.85,10514,1,24054.99,4495,4493,1.2413304817225264,0
2023-07-28 11:06:25,24165.85,10514,1,24054.99,4496,4490,1.2413304817225264,0
2023-07-28 11:06:25,24165.85,10514,1,24054.99,4477,4487,1.2413304817225264,0
2023-07-28 11:06:25,24165.85,10514,1,24054.99,4478,4493,1.2413304817225264,0
2023-07-28 11:06:25,24165.85,10514,1,24054.99,4476,4494,1.2413304817225264,0
2023-07-28 11:06:25,24165.85,10514,1,24054.99,4349,4491,1.2413304817225264,0
2023-07-28 11:06:25,24165.85,10514,1,24054.99,4474,4491,1.2413304817225264,0
2023-07-28 11:06:25,24165.85,10514,1,24054.99,4520,4488,1.2413304817225264,0
2023-07-28 11:06:25,24165.85,10514,1,24054.99,4392,4488,1.2413304817225264,0
2023-07-28 11:06:25,24165.85,10514,1,24054.99,4522,4490,1.2413304817225264,0
2023-07-28 11:06:25,24165.85,10514,1,24054.99,4521,4489,1.2413304817225264,0
2023-07-28 11:06:25,24165.85,10514,1,24054.99,4521,4488,1.2413304817225264,0
2023-07-28 11:06:25,24165.85,10514,1,24054.99,4521,4489,1.2413304817225264,0
2023-07-28 11:06:25,24165.85,10514,1,24054.99,4521,4490,1.2413304817225264,0
2023-07-28 11:06:25,24165.85,10514,1,24054.99,4519,4490,1.2413304817225264,0
2023-07-28 11:06:25,24165.85,10514,1,24054.99,4525,4491,1.2413304817225264,0
2023-07-28 11:06:25,24165.85,10514,1,24054.99,4522,4490,1.2413304817225264,0
2023-07-28 11:06:25,24165.85,10514,1,24054.99,4518,4491,1.2413304817225264,0
2023-07-28 11:06:25,24165.85,10514,1,24054.99,4519,4491,1.2413304817225264,0
2023-07-28 11:06:25,24165.85,10514,1,24054.99,4521,4491,1.2413304817225264,0
2023-07-28 11:06:25,24165.85,10514,1,24054.99,4518,4490,1.2413304817225264,0
2023-07-28 11:06:25,24165.85,10514,1,24054.99,4521,4492,1.2413304817225264,0
2023-07-28 11:06:25,24165.85,10514,1,24054.99,4519,4489,1.2413304817225264,0
2023-07-28 11:06:25,24165.85,10514,1,24054.99,4525,4492,1.2413304817225264,0
2023-07-28 11:06:25,24165.85,10514,1,24054.99,4522,4493,1.2413304817225264,0
2023-07-28 11:06:25,24160.0,10514,2,24054.99,4522,4493,1.2168222693766775,0
2023-07-28 11:07:54,24160.0,10520,2,24055.05,4523,4490,1.2168222693766775,0
2023-07-28 11:07:54,24160.0,10520,2,24055.05,4524,4488,1.2168222693766775,0
2023-07-28 11:07:54,24160.0,10520,2,24055.05,4521,4489,1.2168222693766775,0
2023-07-28 11:07:54,24160.0,10520,2,24055.05,4525,4490,1.2168222693766775,0
2023-07-28 11:07:54,24160.0,10520,2,24055.05,4399,4490,1.2168222693766775,0
2023-07-28 11:07:54,24160.0,10520,2,24055.05,4529,4491,1.2168222693766775,0
2023-07-28 11:07:54,24160.0,10520,2,24055.05,4529,4490,1.2168222693766775,0
2023-07-28 11:08:02,24151.9,10530,5,24055.14,4492,4482,1.1828878215131924,0
2023-07-28 11:08:02,24151.9,10530,5,24055.14,4244,4497,1.1828878215131924,0
2023-07-28 11:08:02,24151.9,10530,5,24055.14,4494,4495,1.1828878215131924,0
2023-07-28 11:08:02,24151.9,10530,5,24055.14,4495,4496,1.1828878215131924,0
2023-07-28 11:08:02,24151.9,10530,5,24055.14,4494,4496,1.1828878215131924,0
2023-07-28 11:08:02,24151.9,10530,5,24055.14,4494,4496,1.1828878215131924,0
2023-07-28 11:08:02,24151.9,10530,5,24055.14,4494,4497,1.1828878215131924,0
2023-07-28 11:08:02,24151.9,10530,5,24055.14,4494,4496,1.1828878215131924,0
2023-07-28 11:08:02,24151.9,10530,5,24055.14,4495,4497,1.1828878215131924,0
2023-07-28 11:08:12,24148.3,10532,2,24055.16,4495,4497,1.1678058446849648,0
2023-07-28 11:08:12,24144.95,10532,1,24055.16,4493,4498,1.1537712273587122,0
2023-07-28 11:08:14,24144.95,10542,1,24055.25,4509,4496,1.1537712273587122,0
2023-07-28 11:08:14,24144.95,10542,1,24055.25,4508,4509,1.1537712273587122,0
2023-07-28 11:08:14,24144.95,10542,1,24055.25,4506,4511,1.1537712273587122,0
2023-07-28 11:08:14,24144.95,10542,1,24055.25,4501,4495,1.1537712273587122,0
2023-07-28 11:08:14,24144.95,10542,1,24055.25,4503,4493,1.1537712273587122,0
2023-07-28 11:08:14,24144.95,10542,1,24055.25,4477,4497,1.1537712273587122,0
2023-07-28 11:08:14,24144.95,10542,1,24055.25,4474,4504,1.1537712273587122,0
2023-07-28 11:08:14,24144.95,10542,1,24055.25,4478,4504,1.1537712273587122,0
2023-07-28 11:08:14,24144.95,10542,1,24055.25,4478,4504,1.1537712273587122,0
2023-07-28 11:08:14,24144.95,10542,1,24055.25,4485,4515,1.1537712273587122,0
2023-07-28 11:08:14,24144.95,10542,1,24055.25,4485,4515,1.1537712273587122,0
2023-07-28 11:08:14,24144.95,10542,1,24055.25,4483,4517,1.1537712273587122,0
2023-07-28 11:08:14,24144.95,10542,1,24055.25,4483,4517,1.1537712273587122,0
2023-07-28 11:08:14,24144.95,10542,1,24055.25,4355,4515,1.1537712273587122,0
2023-07-28 11:08:14,24144.95,10542,1,24055.25,4481,4513,1.1537712273587122,0
2023-07-28 11:08:14,24144.95,10542,1,24055.25,4481,4513,1.1537712273587122,0
2023-07-28 11:08:14,24144.95,10542,1,24055.25,4482,4513,1.1537712273587122,0
2023-07-28 11:08:14,24144.95,10542,1,24055.25,4482,4513,1.1537712273587122,0
2023-07-28 11:08:14,24144.95,10542,1,24055.25,4485,4509,1.1537712273587122,0
2023-07-28 11:08:14,24144.95,10542,1,24055.25,4489,4506,1.1537712273587122,0
2023-07-28 11:08:14,24144.95,10542,1,24055.25,4489,4506,1.1537712273587122,0
2023-07-28 11:08:14,24144.95,10542,1,24055.25,4488,4509,1.1537712273587122,0
2023-07-28 11:08:14,24144.95,10542,1,24055.25,4489,4506,1.1537712273587122,0
2023-07-28 11:08:14,24144.95,10542,1,24055.25,4488,4506,1.1537712273587122,0
2023-07-28 11:08:14,24144.95,10542,1,24055.25,4487,4506,1.1537712273587122,0
2023-07-28 11:08:14,24144.95,10542,1,24055.25,4362,4509,1.1537712273587122,0
2023-07-28 11:08:38,24159.9,10545,1,24055.28,4488,4505,1.2164033255758997,0
2023-07-28 11:08:38,24159.9,10545,1,24055.28,4487,4506,1.2164033255758997,0
2023-07-28 11:08:38,24159.9,10545,1,24055.28,4487,4506,1.2164033255758997,0
2023-07-28 11:08:38,24159.9,10545,1,24055.28,4487,4508,1.2164033255758997,0
2023-07-28 11:08:38,24159.9,10545,1,24055.28,4488,4506,1.2164033255758997,0
2023-07-28 11:08:38,24159.9,10545,1,24055.28,4362,4509,1.2164033255758997,0
2023-07-28 11:08:38,24159.9,10545,1,24055.28,4487,4510,1.2164033255758997,0
2023-07-28 11:08:38,24159.9,10545,1,24055.28,4487,4509,1.2164033255758997,0
2023-07-28 11:08:38,24159.9,10545,1,24055.28,4487,4510,1.2164033255758997,0
2023-07-28 11:08:38,24159.9,10545,1,24055.28,4363,4508,1.2164033255758997,0
2023-07-28 11:08:38,24159.9,10545,1,24055.28,4487,4509,1.2164033255758997,0
2023-07-28 11:08:38,24159.9,10545,1,24055.28,4487,4505,1.2164033255758997,0
2023-07-28 11:08:38,24159.9,10545,1,24055.28,4362,4508,1.2164033255758997,0
2023-07-28 11:08:38,24159.9,10545,1,24055.28,4362,4510,1.2164033255758997,0
2023-07-28 11:08:38,24159.9,10545,1,24055.28,4488,4510,1.2164033255758997,0
2023-07-28 11:08:38,24159.9,10545,1,24055.28,4489,4510,1.2164033255758997,0
2023-07-28 11:08:38,24159.9,10545,1,24055.28,4489,4510,1.2164033255758997,0
2023-07-28 11:08:38,24159.9,10545,1,24055.28,4489,4510,1.2164033255758997,0
2023-07-28 11:08:38,24159.9,10545,1,24055.28,4488,4513,1.2164033255758997,0
2023-07-28 11:08:38,24159.9,10545,1,24055.28,4489,4497,1.2164033255758997,0
2023-07-28 11:08:38,24159.9,10545,1,24055.28,4488,4497,1.2164033255758997,0
2023-07-28 11:08:38,24159.9,10545,1,24055.28,4489,4494,1.2164033255758997,0
2023-07-28 11:08:38,24159.9,10545,1,24055.28,4489,4495,1.2164033255758997,0
2023-07-28 11:08:38,24159.9,10545,1,24055.28,4487,4495,1.2164033255758997,0
2023-07-28 11:08:38,24159.9,10545,1,24055.28,4487,4495,1.2164033255758997,0
2023-07-28 11:08:38,24159.9,10545,1,24055.28,4487,4492,1.2164033255758997,0
2023-07-28 11:08:38,24159.9,10545,1,24055.28,4484,4506,1.2164033255758997,0
2023-07-28 11:08:38,24159.9,10545,1,24055.28,4486,4489,1.2164033255758997,0
2023-07-28 11:08:38,24159.9,10545,1,24055.28,4484,4490,1.2164033255758997,0
2023-07-28 11:08:38,24159.9,10545,1,24055.28,4484,4491,1.2164033255758997,0
2023-07-28 11:08:38,24145.7,10545,2,24055.28,4484,4494,1.1569133058645908,0
2023-07-28 11:09:11,24145.7,10547,2,24055.29,4480,4499,1.1569133058645908,0
2023-07-28 11:09:11,24145.7,10547,2,24055.29,4482,4498,1.1569133058645908,0
2023-07-28 11:09:11,24145.7,10547,2,24055.29,4482,4501,1.1569133058645908,0
2023-07-28 11:09:11,24145.7,10547,2,24055.29,4482,4502,1.1569133058645908,0
2023-07-28 11:09:11,24145.7,10547,2,24055.29,4357,4501,1.1569133058645908,0
2023-07-28 11:09:11,24145.7,10547,2,24055.29,4482,4499,1.1569133058645908,0
2023-07-28 11:09:11,24145.7,10547,2,24055.29,4355,4502,1.1569133058645908,0
2023-07-28 11:09:11,24145.7,10547,2,24055.29,4479,4502,1.1569133058645908,0
2023-07-28 11:09:11,24145.7,10547,2,24055.29,4479,4501,1.1569133058645908,0
2023-07-28 11:09:11,24145.7,10547,2,24055.29,4480,4502,1.1569133058645908,0
2023-07-28 11:09:11,24145.7,10547,2,24055.29,4355,4503,1.1569133058645908,0
2023-07-28 11:09:11,24145.7,10547,2,24055.29,4480,4502,1.1569133058645908,0
2023-07-28 11:09:11,24145.7,10547,2,24055.29,4480,4502,1.1569133058645908,0
2023-07-28 11:09:11,24145.7,10547,2,24055.29,4480,4501,1.1569133058645908,0
2023-07-28 11:09:11,24145.7,10547,2,24055.29,4480,4501,1.1569133058645908,0
2023-07-28 11:09:11,24145.7,10547,2,24055.29,4471,4496,1.1569133058645908,0
2023-07-28 11:09:11,24145.7,10547,2,24055.29,4491,4500,1.1569133058645908,0
2023-07-28 11:09:11,24145.7,10547,2,24055.29,4492,4499,1.1569133058645908,0
2023-07-28 11:09:11,24145.7,10547,2,24055.29,4492,4498,1.1569133058645908,0
2023-07-28 11:09:11,24145.7,10547,2,24055.29,4490,4494,1.1569133058645908,0
2023-07-28 11:09:11,24145.7,10547,2,24055.29,4493,4496,1.1569133058645908,0
2023-07-28 11:09:11,24145.7,10547,2,24055.29,4489,4496,1.1569133058645908,0
2023-07-28 11:09:11,24145.7,10547,2,24055.29,4489,4494,1.1569133058645908,0
2023-07-28 11:09:11,24145.7,10547,2,24055.29,4489,4494,1.1569133058645908,0
2023-07-28 11:09:11,24145.7,10547,2,24055.29,4489,4495,1.1569133058645908,0
2023-07-28 11:09:11,24145.7,10547,2,24055.29,4489,4493,1.1569133058645908,0
2023-07-28 11:09:11,24145.7,10547,2,24055.29,4487,4493,1.1569133058645908,0
2023-07-28 11:09:11,24145.7,10547,2,24055.29,4489,4494,1.1569133058645908,0
2023-07-28 11:09:11,24145.7,10547,2,24055.29,4489,4497,1.1569133058645908,0
2023-07-28 11:09:11,24145.7,10547,2,24055.29,4492,4498,1.1569133058645908,0
2023-07-28 11:09:11,24145.7,10547,2,24055.29,4492,4498,1.1569133058645908,0
2023-07-28 11:09:11,24145.7,10547,2,24055.29,4490,4498,1.1569133058645908,0
2023-07-28 11:09:11,24145.7,10547,2,24055.29,4490,4498,1.1569133058645908,0
2023-07-28 11:09:11,24145.7,10547,2,24055.29,4489,4501,1.1569133058645908,0
2023-07-28 11:09:47,24144.25,10552,1,24055.34,4363,4501,1.1508386207532222,0
2023-07-28 11:09:47,24144.25,10552,1,24055.34,4481,4505,1.1508386207532222,0
2023-07-28 11:09:47,24144.25,10552,1,24055.34,4360,4507,1.1508386207532222,0
2023-07-28 11:09:47,24145.7,10552,10,24055.34,4360,4507,1.1569133058645908,0
2023-07-28 11:09:49,24145.7,10562,10,24055.42,4478,4510,1.1569133058645908,0
2023-07-28 11:09:49,24145.7,10562,10,24055.42,4478,4810,1.1569133058645908,0
2023-07-28 11:09:49,24145.7,10562,10,24055.42,4481,4810,1.1569133058645908,0
2023-07-28 11:09:49,24145.7,10562,10,24055.42,4484,4810,1.1569133058645908,0
2023-07-28 11:09:49,24145.7,10562,10,24055.42,4485,4810,1.1569133058645908,0
2023-07-28 11:09:49,24145.7,10562,10,24055.42,4360,4810,1.1569133058645908,0
2023-07-28 11:09:49,24145.7,10562,10,24055.42,4485,4810,1.1569133058645908,0
2023-07-28 11:09:49,24145.7,10562,10,24055.42,4471,4808,1.1569133058645908,0
2023-07-28 11:09:49,24145.7,10562,10,24055.42,4471,4798,1.1569133058645908,0
2023-07-28 11:09:49,24145.7,10562,10,24055.42,4471,4799,1.1569133058645908,0
2023-07-28 11:09:49,24145.7,10562,10,24055.42,4417,4801,1.1569133058645908,0
2023-07-28 11:09:49,24145.7,10562,10,24055.42,4432,4814,1.1569133058645908,0
2023-07-28 11:09:49,24145.7,10562,10,24055.42,4452,4811,1.1569133058645908,0
2023-07-28 11:09:49,24145.7,10562,10,24055.42,4451,4812,1.1569133058645908,0
2023-07-28 11:09:49,24145.7,10562,10,24055.42,4451,4813,1.1569133058645908,0
2023-07-28 11:09:49,24145.7,10562,10,24055.42,4452,4812,1.1569133058645908,0
2023-07-28 11:09:49,24145.7,10562,10,24055.42,4451,4807,1.1569133058645908,0
2023-07-28 11:09:49,24144.25,10562,2,24055.42,4451,4807,1.1508386207532222,0
2023-07-28 11:10:07,24144.25,10565,2,24055.45,4428,4806,1.1508386207532222,0
2023-07-28 11:10:07,24144.25,10565,2,24055.45,4428,4814,1.1508386207532222,0
2023-07-28 11:10:07,24144.25,10565,2,24055.45,4415,4816,1.1508386207532222,0
2023-07-28 11:10:07,24144.25,10565,2,24055.45,4418,4817,1.1508386207532222,0
2023-07-28 11:10:07,24144.25,10565,2,24055.45,4418,4818,1.1508386207532222,0
2023-07-28 11:10:07,24144.25,10565,2,24055.45,4424,4820,1.1508386207532222,0
2023-07-28 11:10:07,24144.25,10565,2,24055.45,4422,4817,1.1508386207532222,0
2023-07-28 11:10:07,24144.25,10565,2,24055.45,4422,4817,1.1508386207532222,0
2023-07-28 11:10:07,24144.25,10565,2,24055.45,4423,4817,1.1508386207532222,0
2023-07-28 11:10:07,24144.25,10565,2,24055.45,4418,4820,1.1508386207532222,0
2023-07-28 11:10:07,24144.25,10565,2,24055.45,4418,4820,1.1508386207532222,0
2023-07-28 11:10:07,24144.25,10565,2,24055.45,4418,4820,1.1508386207532222,0
2023-07-28 11:10:07,24144.25,10565,2,24055.45,4418,4822,1.1508386207532222,0
2023-07-28 11:10:07,24140.2,10565,1,24055.45,4418,4822,1.1338713968214795,0
2023-07-28 11:10:21,24140.2,10566,1,24055.45,4430,4822,1.1338713968214795,0
2023-07-28 11:10:21,24140.2,10566,1,24055.45,4425,4826,1.1338713968214795,0
2023-07-28 11:10:21,24140.2,10566,1,24055.45,4428,4823,1.1338713968214795,0
2023-07-28 11:10:21,24140.2,10566,1,24055.45,4444,4824,1.1338713968214795,0
2023-07-28 11:10:21,24140.2,10566,1,24055.45,4447,4823,1.1338713968214795,0
2023-07-28 11:10:21,24140.2,10566,1,24055.45,4449,4828,1.1338713968214795,0
2023-07-28 11:10:21,24140.2,10566,1,24055.45,4444,4814,1.1338713968214795,0
2023-07-28 11:10:21,24140.2,10566,1,24055.45,4444,4811,1.1338713968214795,0
2023-07-28 11:10:21,24140.2,10566,1,24055.45,4444,4813,1.1338713968214795,0
2023-07-28 11:10:21,24140.2,10566,1,24055.45,4443,4812,1.1338713968214795,0
2023-07-28 11:10:21,24140.2,10566,1,24055.45,4444,4807,1.1338713968214795,0
2023-07-28 11:10:21,24140.2,10566,1,24055.45,4444,4807,1.1338713968214795,0
2023-07-28 11:10:21,24140.2,10566,1,24055.45,4445,4807,1.1338713968214795,0
2023-07-28 11:10:21,24140.2,10566,1,24055.45,4443,4806,1.1338713968214795,0
2023-07-28 11:10:21,24140.2,10566,1,24055.45,4444,4803,1.1338713968214795,0
2023-07-28 11:10:21,24140.2,10566,1,24055.45,4444,4803,1.1338713968214795,0
2023-07-28 11:10:21,24140.2,10566,1,24055.45,4445,4806,1.1338713968214795,0
2023-07-28 11:10:21,24140.2,10566,1,24055.45,4445,4806,1.1338713968214795,0
2023-07-28 11:10:21,24140.2,10566,1,24055.45,4445,4806,1.1338713968214795,0
2023-07-28 11:10:21,24140.2,10566,1,24055.45,4443,4806,1.1338713968214795,0
2023-07-28 11:10:21,24140.2,10566,1,24055.45,4443,4807,1.1338713968214795,0
2023-07-28 11:10:21,24140.2,10566,1,24055.45,4443,4807,1.1338713968214795,0
2023-07-28 11:10:21,24140.2,10566,1,24055.45,4443,4807,1.1338713968214795,0
2023-07-28 11:10:21,24140.2,10566,1,24055.45,4443,4807,1.1338713968214795,0
2023-07-28 11:10:21,24140.2,10566,1,24055.45,4445,4810,1.1338713968214795,0
2023-07-28 11:10:21,24140.2,10566,1,24055.45,4444,4810,1.1338713968214795,0
2023-07-28 11:10:21,24140.2,10566,1,24055.45,4444,4810,1.1338713968214795,0
2023-07-28 11:10:21,24140.2,10566,1,24055.45,4318,4810,1.1338713968214795,0
2023-07-28 11:10:21,24140.2,10566,1,24055.45,4318,4808,1.1338713968214795,0
2023-07-28 11:10:21,24140.2,10566,1,24055.45,4443,4807,1.1338713968214795,0
2023-07-28 11:10:21,24140.2,10566,1,24055.45,4318,4806,1.1338713968214795,0
2023-07-28 11:10:21,24140.2,10566,1,24055.45,4443,4806,1.1338713968214795,0
2023-07-28 11:10:21,24140.2,10566,1,24055.45,4443,4806,1.1338713968214795,0
2023-07-28 11:10:21,24140.2,10566,1,24055.45,4457,4799,1.1338713968214795,0
2023-07-28 11:10:21,24140.2,10566,1,24055.45,4457,4799,1.1338713968214795,0
2023-07-28 11:10:21,24140.2,10566,1,24055.45,4457,4799,1.1338713968214795,0
2023-07-28 11:10:21,24140.2,10566,1,24055.45,4457,4799,1.1338713968214795,0
2023-07-28 11:10:21,24140.2,10566,1,24055.45,4454,4800,1.1338713968214795,0
2023-07-28 11:10:21,24140.2,10566,1,24055.45,4454,4800,1.1338713968214795,0
2023-07-28 11:10:21,24140.2,10566,1,24055.45,4452,4800,1.1338713968214795,0
2023-07-28 11:10:21,24140.2,10566,1,24055.45,4452,4800,1.1338713968214795,0
2023-07-28 11:10:21,24140.2,10566,1,24055.45,4452,4800,1.1338713968214795,0
2023-07-28 11:10:21,24140.2,10566,1,24055.45,4452,4800,1.1338713968214795,0
2023-07-28 11:10:21,24140.2,10566,1,24055.45,4452,4800,1.1338713968214795,0
2023-07-28 11:10:21,24140.2,10566,1,24055.45,4452,4800,1.1338713968214795,0
2023-07-28 11:10:21,24140.2,10566,1,24055.45,4452,4800,1.1338713968214795,0
2023-07-28 11:10:21,24140.2,10566,1,24055.45,4461,4845,1.1338713968214795,0
2023-07-28 11:10:21,24140.2,10566,1,24055.45,4461,4845,1.1338713968214795,0
2023-07-28 11:10:21,24140.2,10566,1,24055.45,4461,4845,1.1338713968214795,0
2023-07-28 11:10:21,24140.2,10566,1,24055.45,4461,4845,1.1338713968214795,0
2023-07-28 11:10:21,24140.2,10566,1,24055.45,4461,4845,1.1338713968214795,0
2023-07-28 11:10:21,24140.2,10566,1,24055.45,4460,4845,1.1338713968214795,0
2023-07-28 11:10:21,24140.2,10566,1,24055.45,4460,4845,1.1338713968214795,0
2023-07-28 11:10:21,24140.2,10566,1,24055.45,4457,4839,1.1338713968214795,0
2023-07-28 11:10:21,24140.2,10566,1,24055.45,4468,4838,1.1338713968214795,0
2023-07-28 11:10:21,24140.2,10566,1,24055.45,4470,4838,1.1338713968214795,0
2023-07-28 11:10:21,24140.2,10566,1,24055.45,4471,4839,1.1338713968214795,0
2023-07-28 11:10:21,24140.1,10566,2,24055.45,4471,4839,1.1334524530206864,0
2023-07-28 11:11:54,24140.1,10571,2,24055.49,4473,4840,1.1334524530206864,0
2023-07-28 11:11:54,24140.1,10571,2,24055.49,4473,4841,1.1334524530206864,0
2023-07-28 11:11:54,24099.0,10571,11,24055.49,4473,4841,0.9612665508985327,0
2023-07-28 11:11:54,24103.45,10571,1,24055.49,4473,4841,0.9799095500334168,0
2023-07-28 11:12:01,24103.45,10627,1,24055.77,4332,4787,0.9799095500334168,0
2023-07-28 11:12:01,24103.5,10627,1,24055.77,4332,4787,0.9801190219338057,0
2023-07-28 11:12:03,24103.5,10632,1,24055.79,4600,5006,0.9801190219338057,0
2023-07-28 11:12:03,24103.5,10632,1,24055.79,4606,5004,0.9801190219338057,0
2023-07-28 11:12:03,24103.5,10632,1,24055.79,4607,5001,0.9801190219338057,0
2023-07-28 11:12:03,24103.5,10632,1,24055.79,4577,4968,0.9801190219338057,0
2023-07-28 11:12:03,24103.5,10632,1,24055.79,4581,5001,0.9801190219338057,0
2023-07-28 11:12:03,24103.5,10632,1,24055.79,4581,5001,0.9801190219338057,0
2023-07-28 11:12:03,24103.5,10632,1,24055.79,4588,5002,0.9801190219338057,0
2023-07-28 11:12:03,24103.5,10632,1,24055.79,4584,5003,0.9801190219338057,0
2023-07-28 11:12:03,24103.5,10632,1,24055.79,4584,5005,0.9801190219338057,0
2023-07-28 11:12:03,24103.5,10632,1,24055.79,4458,5005,0.9801190219338057,0
2023-07-28 11:12:03,24103.5,10632,1,24055.79,4583,5008,0.9801190219338057,0
2023-07-28 11:12:03,24103.5,10632,1,24055.79,4458,5013,0.9801190219338057,0
2023-07-28 11:12:03,24103.5,10632,1,24055.79,4583,5010,0.9801190219338057,0
2023-07-28 11:12:03,24103.5,10632,1,24055.79,4582,4999,0.9801190219338057,0
2023-07-28 11:12:03,24103.5,10632,1,24055.79,4457,5000,0.9801190219338057,0
2023-07-28 11:12:03,24103.5,10632,1,24055.79,4563,5009,0.9801190219338057,0
2023-07-28 11:12:03,24103.5,10632,1,24055.79,4573,5003,0.9801190219338057,0
2023-07-28 11:12:03,24103.5,10632,1,24055.79,4570,5004,0.9801190219338057,0
2023-07-28 11:12:03,24103.5,10632,1,24055.79,4593,5002,0.9801190219338057,0
2023-07-28 11:12:03,24103.5,10632,1,24055.79,4594,5006,0.9801190219338057,0
2023-07-28 11:12:03,24103.5,10632,1,24055.79,4594,5005,0.9801190219338057,0
2023-07-28 11:12:03,24103.5,10632,1,24055.79,4340,5006,0.9801190219338057,0
2023-07-28 11:12:03,24103.5,10632,1,24055.79,4592,5000,0.9801190219338057,0
2023-07-28 11:12:03,24103.5,10632,1,24055.79,4591,5007,0.9801190219338057,0
2023-07-28 11:12:31,24080.05,10666,2,24055.9,4362,4973,0.8818767006499914,0
2023-07-28 11:12:32,24064.95,10677,1,24055.92,4243,4969,0.818616186731637,0
2023-07-28 11:12:32,24064.95,10677,1,24055.92,4408,4967,0.818616186731637,0
2023-07-28 11:12:32,24064.95,10677,1,24055.92,4420,4966,0.818616186731637,0
2023-07-28 11:12:32,24064.95,10677,1,24055.92,4413,4968,0.818616186731637,0
2023-07-28 11:12:32,24064.95,10677,1,24055.92,4408,4966,0.818616186731637,0
2023-07-28 11:12:32,24065.35,10677,1,24055.92,4408,4966,0.8202919619347633,0
2023-07-28 11:12:36,24065.35,10678,1,24055.92,4408,4967,0.8202919619347633,0
2023-07-28 11:12:36,24065.35,10678,1,24055.92,4410,4965,0.8202919619347633,0
2023-07-28 11:12:36,24065.35,10678,1,24055.92,4410,4966,0.8202919619347633,0
2023-07-28 11:12:36,24065.35,10678,1,24055.92,4414,4962,0.8202919619347633,0
2023-07-28 11:12:36,24065.35,10678,1,24055.92,4415,4963,0.8202919619347633,0
2023-07-28 11:12:36,24065.35,10678,1,24055.92,4432,4960,0.8202919619347633,0
2023-07-28 11:12:36,24065.0,10678,21,24055.92,4432,4960,0.8188256586320258,0
2023-07-28 11:12:44,24065.0,10718,21,24055.95,4279,4911,0.8188256586320258,0
2023-07-28 11:12:44,24065.0,10718,21,24055.95,4403,4921,0.8188256586320258,0
2023-07-28 11:12:44,24065.0,10718,21,24055.95,4405,4922,0.8188256586320258,0
2023-07-28 11:12:44,24065.0,10718,21,24055.95,4405,4921,0.8188256586320258,0
2023-07-28 11:12:44,24065.0,10718,21,24055.95,4405,4923,0.8188256586320258,0
2023-07-28 11:12:44,24065.0,10718,21,24055.95,4411,4929,0.8188256586320258,0
2023-07-28 11:12:44,24065.0,10718,21,24055.95,4406,4917,0.8188256586320258,0
2023-07-28 11:12:44,24065.0,10718,21,24055.95,4406,4926,0.8188256586320258,0
2023-07-28 11:12:44,24065.0,10718,21,24055.95,4281,4926,0.8188256586320258,0
2023-07-28 11:12:44,24065.0,10718,21,24055.95,4156,4925,0.8188256586320258,0
2023-07-28 11:12:44,24065.0,10718,21,24055.95,4403,4926,0.8188256586320258,0
2023-07-28 11:12:44,24065.0,10718,21,24055.95,4406,4924,0.8188256586320258,0
2023-07-28 11:12:44,24065.0,10718,21,24055.95,4410,4918,0.8188256586320258,0
2023-07-28 11:12:44,24065.0,10718,21,24055.95,4411,4920,0.8188256586320258,0
2023-07-28 11:12:44,24065.0,10718,21,24055.95,4411,4921,0.8188256586320258,0
2023-07-28 11:12:44,24065.0,10718,21,24055.95,4417,4915,0.8188256586320258,0
2023-07-28 11:13:02,24075.0,10721,3,24055.96,4430,4906,0.8607200387104103,0
2023-07-28 11:13:02,24075.0,10721,3,24055.96,4430,4897,0.8607200387104103,0
2023-07-28 11:13:02,24071.0,10721,1,24055.96,4431,4917,0.8439622866790565,0
2023-07-28 11:13:04,24071.0,10722,1,24055.96,4430,4926,0.8439622866790565,0
2023-07-28 11:13:04,24071.0,10722,1,24055.96,4430,4925,0.8439622866790565,0
2023-07-28 11:13:04,24071.0,10722,1,24055.96,4430,4916,0.8439622866790565,0
2023-07-28 11:13:04,24071.0,10722,1,24055.96,4430,4908,0.8439622866790565,0
2023-07-28 11:13:04,24071.0,10722,1,24055.96,4431,4907,0.8439622866790565,0
2023-07-28 11:13:04,24071.0,10722,1,24055.96,4431,4908,0.8439622866790565,0
2023-07-28 11:13:04,24071.0,10722,1,24055.96,4431,4918,0.8439622866790565,0
2023-07-28 11:13:04,24075.0,10722,1,24055.96,4431,4907,0.8607200387104103,0
2023-07-28 11:13:12,24075.0,10729,1,24055.97,4431,4897,0.8607200387104103,0
2023-07-28 11:13:12,24075.0,10729,1,24055.97,4431,4902,0.8607200387104103,0
2023-07-28 11:13:12,24075.0,10729,1,24055.97,4431,4904,0.8607200387104103,0
2023-07-28 11:13:12,24075.0,10729,1,24055.97,4431,4903,0.8607200387104103,0
2023-07-28 11:13:12,24075.0,10729,1,24055.97,4431,4905,0.8607200387104103,0
2023-07-28 11:13:12,24075.0,10729,1,24055.97,4431,4908,0.8607200387104103,0
2023-07-28 11:13:12,24075.0,10729,1,24055.97,4431,4911,0.8607200387104103,0
2023-07-28 11:13:12,24075.0,10729,1,24055.97,4431,4907,0.8607200387104103,0
2023-07-28 11:13:12,24075.0,10729,1,24055.97,4431,4919,0.8607200387104103,0
2023-07-28 11:13:12,24075.0,10729,1,24055.97,4431,4916,0.8607200387104103,0
2023-07-28 11:13:12,24075.0,10729,1,24055.97,4431,4917,0.8607200387104103,0
2023-07-28 11:13:12,24075.0,10729,1,24055.97,4431,4916,0.8607200387104103,0
2023-07-28 11:13:12,24075.0,10729,1,24055.97,4431,4916,0.8607200387104103,0
2023-07-28 11:13:12,24075.0,10729,1,24055.97,4431,4916,0.8607200387104103,0
2023-07-28 11:13:12,24075.0,10729,1,24055.97,4431,4917,0.8607200387104103,0
2023-07-28 11:13:12,24075.0,10729,1,24055.97,4431,4917,0.8607200387104103,0
2023-07-28 11:13:12,24075.0,10729,1,24055.97,4435,4917,0.8607200387104103,0
2023-07-28 11:13:12,24075.0,10729,1,24055.97,4429,4916,0.8607200387104103,0
2023-07-28 11:13:12,24075.0,10729,1,24055.97,4429,4917,0.8607200387104103,0
2023-07-28 11:13:12,24075.0,10729,1,24055.97,4429,4916,0.8607200387104103,0
2023-07-28 11:13:12,24075.0,10729,1,24055.97,4434,4878,0.8607200387104103,0
2023-07-28 11:13:12,24075.0,10729,1,24055.97,4434,4902,0.8607200387104103,0
2023-07-28 11:13:12,24075.0,10729,1,24055.97,4434,4900,0.8607200387104103,0
2023-07-28 11:13:12,24075.0,10729,1,24055.97,4312,4901,0.8607200387104103,0
2023-07-28 11:13:12,24075.0,10729,1,24055.97,4431,4909,0.8607200387104103,0
2023-07-28 11:13:12,24075.0,10729,1,24055.97,4436,4907,0.8607200387104103,0
2023-07-28 11:13:12,24075.0,10729,1,24055.97,4436,4905,0.8607200387104103,0
2023-07-28 11:13:41,24080.75,10732,2,24055.98,4439,4917,0.8848093072554812,0
2023-07-28 11:13:41,24080.75,10732,2,24055.98,4439,4920,0.8848093072554812,0
2023-07-28 11:13:41,24080.75,10732,2,24055.98,4433,4921,0.8848093072554812,0
2023-07-28 11:13:41,24080.75,10732,2,24055.98,4437,4921,0.8848093072554812,0
2023-07-28 11:13:41,24080.75,10732,2,24055.98,4437,4921,0.8848093072554812,0
2023-07-28 11:13:41,24080.75,10732,2,24055.98,4436,4921,0.8848093072554812,0
2023-07-28 11:13:41,24080.75,10732,2,24055.98,4436,4920,0.8848093072554812,0
2023-07-28 11:13:41,24080.75,10732,2,24055.98,4437,4920,0.8848093072554812,0
2023-07-28 11:13:41,24080.75,10732,2,24055.98,4437,4917,0.8848093072554812,0
2023-07-28 11:13:41,24080.75,10732,2,24055.98,4437,4921,0.8848093072554812,0
2023-07-28 11:13:41,24065.55,10732,2,24055.98,4437,4921,0.8211298495363339,0
2023-07-28 11:13:51,24065.55,10752,2,24056.0,4418,4936,0.8211298495363339,0
2023-07-28 11:13:51,24065.55,10752,2,24056.0,4419,4922,0.8211298495363339,0
2023-07-28 11:13:51,24065.55,10752,2,24056.0,4424,4918,0.8211298495363339,0
2023-07-28 11:13:55,24064.95,10753,1,24056.0,4430,4921,0.818616186731637,0
2023-07-28 11:13:55,24064.95,10753,1,24056.0,4432,4925,0.818616186731637,0
2023-07-28 11:13:55,24064.95,10753,1,24056.0,4452,4922,0.818616186731637,0
2023-07-28 11:13:55,24064.95,10753,1,24056.0,4441,4919,0.818616186731637,0
2023-07-28 11:13:55,24064.95,10753,1,24056.0,4439,4920,0.818616186731637,0
2023-07-28 11:13:55,24064.95,10753,1,24056.0,4438,4923,0.818616186731637,0
2023-07-28 11:14:02,24075.0,10754,1,24056.01,4448,4918,0.8607200387104103,0
2023-07-28 11:14:02,24075.0,10754,1,24056.01,4452,4918,0.8607200387104103,0
2023-07-28 11:14:02,24075.0,10754,1,24056.01,4452,4916,0.8607200387104103,0
2023-07-28 11:14:02,24075.0,10754,1,24056.01,4450,4917,0.8607200387104103,0
2023-07-28 11:14:02,24075.0,10754,1,24056.01,4450,4918,0.8607200387104103,0
2023-07-28 11:14:02,24075.0,10754,1,24056.01,4449,4917,0.8607200387104103,0
2023-07-28 11:14:08,24075.0,10755,1,24056.01,4454,4920,0.8607200387104103,0
2023-07-28 11:14:08,24075.0,10755,1,24056.01,4454,4905,0.8607200387104103,0
2023-07-28 11:14:08,24075.0,10755,1,24056.01,4452,4915,0.8607200387104103,0
2023-07-28 11:14:08,24075.0,10755,1,24056.01,4452,4918,0.8607200387104103,0
2023-07-28 11:14:08,24075.0,10755,1,24056.01,4453,4927,0.8607200387104103,0
2023-07-28 11:14:08,24075.0,10755,1,24056.01,4457,4904,0.8607200387104103,0
2023-07-28 11:14:08,24075.0,10755,1,24056.01,4454,4923,0.8607200387104103,0
2023-07-28 11:14:16,24062.95,10756,1,24056.01,4456,4919,0.8102373107159602,0
2023-07-28 11:14:16,24062.95,10756,1,24056.01,4455,4918,0.8102373107159602,0
2023-07-28 11:14:16,24062.95,10756,1,24056.01,4456,4917,0.8102373107159602,0
2023-07-28 11:14:16,24062.95,10756,1,24056.01,4456,4920,0.8102373107159602,0
2023-07-28 11:14:16,24062.95,10756,1,24056.01,4457,4923,0.8102373107159602,0
2023-07-28 11:14:16,24062.95,10756,1,24056.01,4456,4921,0.8102373107159602,0
2023-07-28 11:14:16,24062.95,10756,1,24056.01,4457,4925,0.8102373107159602,0
2023-07-28 11:14:16,24062.95,10756,1,24056.01,4458,4925,0.8102373107159602,0
2023-07-28 11:14:16,24062.95,10756,1,24056.01,4458,4925,0.8102373107159602,0
2023-07-28 11:14:16,24062.95,10756,1,24056.01,4450,4926,0.8102373107159602,0
2023-07-28 11:14:16,24062.95,10756,1,24056.01,4450,4926,0.8102373107159602,0
2023-07-28 11:14:16,24062.95,10756,1,24056.01,4381,4926,0.8102373107159602,0
2023-07-28 11:14:16,24062.95,10756,1,24056.01,4459,4928,0.8102373107159602,0
2023-07-28 11:14:16,24062.95,10756,1,24056.01,4457,4911,0.8102373107159602,0
2023-07-28 11:14:16,24062.95,10756,1,24056.01,4457,4911,0.8102373107159602,0
2023-07-28 11:14:16,24062.95,10756,1,24056.01,4455,4935,0.8102373107159602,0
2023-07-28 11:14:16,24062.95,10756,1,24056.01,4456,4926,0.8102373107159602,0
2023-07-28 11:14:16,24062.95,10756,1,24056.01,4457,4916,0.8102373107159602,0
2023-07-28 11:14:16,24062.95,10756,1,24056.01,4456,4910,0.8102373107159602,0
2023-07-28 11:14:16,24062.95,10756,1,24056.01,4452,4925,0.8102373107159602,0
2023-07-28 11:14:16,24062.95,10756,1,24056.01,4453,4926,0.8102373107159602,0
2023-07-28 11:14:16,24062.95,10756,1,24056.01,4452,4925,0.8102373107159602,0
2023-07-28 11:14:16,24062.95,10756,1,24056.01,4449,4912,0.8102373107159602,0
2023-07-28 11:14:16,24062.95,10756,1,24056.01,4447,4926,0.8102373107159602,0
2023-07-28 11:14:16,24061.0,10756,4,24056.01,4447,4926,0.8020679066006722,0
2023-07-28 11:14:39,24060.25,10762,1,24056.01,4448,4901,0.7989258280947933,0
2023-07-28 11:14:39,24060.25,10762,1,24056.01,4453,4906,0.7989258280947933,0
2023-07-28 11:14:39,24060.25,10762,1,24056.01,4440,4932,0.7989258280947933,0
2023-07-28 11:14:39,24060.25,10762,1,24056.01,4448,4921,0.7989258280947933,0
2023-07-28 11:14:45,24060.0,10765,2,24056.01,4444,4909,0.7978784685928337,0
2023-07-28 11:14:45,24060.0,10765,2,24056.01,4444,4923,0.7978784685928337,0
2023-07-28 11:14:45,24060.0,10765,2,24056.01,4451,4922,0.7978784685928337,0
2023-07-28 11:14:45,24060.0,10765,2,24056.01,4445,4921,0.7978784685928337,0
2023-07-28 11:14:45,24060.0,10765,2,24056.01,4446,4922,0.7978784685928337,0
2023-07-28 11:14:45,24060.0,10765,2,24056.01,4451,4918,0.7978784685928337,0
2023-07-28 11:14:45,24060.0,10765,2,24056.01,4450,4911,0.7978784685928337,0
2023-07-28 11:14:45,24060.0,10765,1,24056.01,4450,4911,0.7978784685928337,0
2023-07-28 11:14:51,24060.0,10766,1,24056.01,4449,4926,0.7978784685928337,0
2023-07-28 11:14:51,24060.0,10766,1,24056.01,4446,4912,0.7978784685928337,0
2023-07-28 11:14:51,24060.0,10766,1,24056.01,4449,4922,0.7978784685928337,0
2023-07-28 11:14:51,24060.0,10766,1,24056.01,4451,4913,0.7978784685928337,0
2023-07-28 11:14:51,24060.0,10766,1,24056.01,4448,4926,0.7978784685928337,0
2023-07-28 11:14:51,24060.0,10766,1,24056.01,4447,4925,0.7978784685928337,0
2023-07-28 11:14:51,24059.6,10766,1,24056.01,4447,4925,0.7962026933896922,0
2023-07-28 11:14:58,24059.6,10769,1,24056.01,4449,4928,0.7962026933896922,0
2023-07-28 11:14:58,24059.6,10769,1,24056.01,4449,4912,0.7962026933896922,0
2023-07-28 11:14:58,24059.6,10769,1,24056.01,4453,4929,0.7962026933896922,0
2023-07-28 11:14:58,24059.6,10769,1,24056.01,4448,4924,0.7962026933896922,0
2023-07-28 11:14:58,24060.0,10769,1,24056.01,4446,4918,0.7978784685928337,0
2023-07-28 11:15:02,24060.0,10770,1,24056.01,4448,4919,0.7978784685928337,0
2023-07-28 11:15:02,24060.0,10770,1,24056.01,4447,4919,0.7978784685928337,0
2023-07-28 11:15:02,24060.0,10770,1,24056.01,4449,4921,0.7978784685928337,0
2023-07-28 11:15:02,24074.65,10770,1,24056.01,4449,4921,0.8592537354076729,0
2023-07-28 11:15:06,24074.65,10771,1,24056.02,4470,4905,0.8592537354076729,0
2023-07-28 11:15:06,24074.65,10771,1,24056.02,4453,4921,0.8592537354076729,0
2023-07-28 11:15:06,24074.65,10771,1,24056.02,4333,4907,0.8592537354076729,0
2023-07-28 11:15:06,24074.65,10771,1,24056.02,4459,4917,0.8592537354076729,0
2023-07-28 11:15:06,24074.65,10771,1,24056.02,4467,4922,0.8592537354076729,0
2023-07-28 11:15:06,24074.65,10771,1,24056.02,4467,4919,0.8592537354076729,0
2023-07-28 11:15:06,24074.65,10771,1,24056.02,4451,4919,0.8592537354076729,0
2023-07-28 11:15:06,24074.65,10771,1,24056.02,4451,4920,0.8592537354076729,0
2023-07-28 11:15:06,24074.65,10771,1,24056.02,4450,4919,0.8592537354076729,0
2023-07-28 11:15:06,24074.65,10771,1,24056.02,4450,4902,0.8592537354076729,0
2023-07-28 11:15:06,24074.65,10771,1,24056.02,4461,4923,0.8592537354076729,0
2023-07-28 11:15:06,24074.65,10771,1,24056.02,4461,4908,0.8592537354076729,0
2023-07-28 11:15:06,24074.65,10771,1,24056.02,4461,4923,0.8592537354076729,0
2023-07-28 11:15:06,24074.65,10771,1,24056.02,4462,4922,0.8592537354076729,0
2023-07-28 11:15:06,24074.65,10771,1,24056.02,4461,4921,0.8592537354076729,0
2023-07-28 11:15:06,24074.65,10771,1,24056.02,4461,4911,0.8592537354076729,0
2023-07-28 11:15:06,24074.65,10771,1,24056.02,4462,4917,0.8592537354076729,0
2023-07-28 11:15:06,24059.65,10771,2,24056.02,4462,4917,0.7964121652900963,0
2023-07-28 11:15:24,24059.65,10774,2,24056.02,4482,4920,0.7964121652900963,0
2023-07-28 11:15:24,24059.65,10774,2,24056.02,4486,4905,0.7964121652900963,0
2023-07-28 11:15:24,24059.65,10774,2,24056.02,4468,4905,0.7964121652900963,0
2023-07-28 11:15:24,24059.65,10774,3,24056.02,4468,4905,0.7964121652900963,0
2023-07-28 11:15:27,24059.65,10777,3,24056.02,4482,4909,0.7964121652900963,0
2023-07-28 11:15:27,24059.65,10777,3,24056.02,4476,4924,0.7964121652900963,0
2023-07-28 11:15:27,24059.65,10777,3,24056.02,4483,4909,0.7964121652900963,0
2023-07-28 11:15:27,24059.65,10777,3,24056.02,4341,4911,0.7964121652900963,0
2023-07-28 11:15:27,24059.65,10777,3,24056.02,4475,4906,0.7964121652900963,0
2023-07-28 11:15:27,24059.65,10777,3,24056.02,4471,4923,0.7964121652900963,0
2023-07-28 11:15:27,24059.65,10777,3,24056.02,4468,4924,0.7964121652900963,0
2023-07-28 11:15:27,24059.65,10777,3,24056.02,4455,4911,0.7964121652900963,0
2023-07-28 11:15:27,24059.65,10777,3,24056.02,4251,4917,0.7964121652900963,0
2023-07-28 11:15:27,24059.65,10777,3,24056.02,4496,4917,0.7964121652900963,0
2023-07-28 11:15:27,24059.65,10777,3,24056.02,4485,4919,0.7964121652900963,0
2023-07-28 11:15:27,24059.65,10777,3,24056.02,4482,4919,0.7964121652900963,0
2023-07-28 11:15:41,24064.6,10786,4,24056.03,4498,4931,0.8171498834288844,0
2023-07-28 11:15:41,24064.6,10786,4,24056.03,4506,4928,0.8171498834288844,0
2023-07-28 11:15:41,24064.6,10786,4,24056.03,4386,4913,0.8171498834288844,0
2023-07-28 11:15:41,24064.6,10786,4,24056.03,4499,4907,0.8171498834288844,0
2023-07-28 11:15:41,24064.6,10786,4,24056.03,4497,4907,0.8171498834288844,0
2023-07-28 11:15:41,24064.6,10786,4,24056.03,4476,4929,0.8171498834288844,0
2023-07-28 11:15:41,24064.6,10786,4,24056.03,4470,4925,0.8171498834288844,0
2023-07-28 11:15:41,24064.6,10786,4,24056.03,4466,4918,0.8171498834288844,0
2023-07-28 11:15:48,24069.2,10791,5,24056.03,4333,4915,0.8364212982649504,0
2023-07-28 11:15:48,24069.2,10791,5,24056.03,4459,4918,0.8364212982649504,0
2023-07-28 11:15:48,24069.2,10791,5,24056.03,4459,4918,0.8364212982649504,0
2023-07-28 11:15:48,24059.6,10791,1,24056.03,4459,4918,0.7962026933896922,0
2023-07-28 11:15:48,24059.6,10791,1,24056.03,4459,4918,0.7962026933896922,0
2023-07-28 11:15:52,24059.6,10796,1,24056.03,4456,4925,0.7962026933896922,0
2023-07-28 11:15:52,24059.6,10796,1,24056.03,4457,4925,0.7962026933896922,0
2023-07-28 11:15:52,24059.6,10796,1,24056.03,4457,4924,0.7962026933896922,0
2023-07-28 11:15:52,24059.6,10796,1,24056.03,4457,4924,0.7962026933896922,0
2023-07-28 11:15:52,24059.6,10796,1,24056.03,4457,4924,0.7962026933896922,0
2023-07-28 11:15:52,24059.6,10796,1,24056.03,4458,4924,0.7962026933896922,0
2023-07-28 11:15:52,24059.6,10796,1,24056.03,4452,4933,0.7962026933896922,0
2023-07-28 11:15:52,24059.6,10796,1,24056.03,4452,4930,0.7962026933896922,0
2023-07-28 11:15:52,24059.6,10796,1,24056.03,4452,4933,0.7962026933896922,0
2023-07-28 11:15:52,24059.6,10796,1,24056.03,4452,4930,0.7962026933896922,0
2023-07-28 11:15:52,24059.6,10796,1,24056.03,4452,4934,0.7962026933896922,0
2023-07-28 11:15:52,24059.6,10796,1,24056.03,4351,4931,0.7962026933896922,0
2023-07-28 11:15:52,24059.6,10796,1,24056.03,4476,4932,0.7962026933896922,0
