2023-07-28 10:49:24,3778.55,49897,2,3762.01,40493,38098,0.7076226012793225,0
2023-07-28 10:49:24,3778.55,49897,2,3762.01,40512,38079,0.7076226012793225,0
2023-07-28 10:49:24,3778.55,49897,2,3762.01,40511,38078,0.7076226012793225,0
2023-07-28 10:49:24,3779.5,49897,9,3762.01,40511,38078,0.7329424307036247,0
2023-07-28 10:49:40,3779.5,49907,9,3762.01,40753,38098,0.7329424307036247,0
2023-07-28 10:49:40,3779.5,49907,9,3762.01,40764,38062,0.7329424307036247,0
2023-07-28 10:49:40,3778.35,49907,1,3762.01,40764,38062,0.702292110874198,0
2023-07-28 10:49:46,3778.35,49910,1,3762.01,40778,38005,0.702292110874198,0
2023-07-28 10:49:46,3779.0,49910,1,3762.01,40778,38005,0.7196162046908315,0
2023-07-28 10:49:46,3779.0,49910,1,3762.01,40778,38005,0.7196162046908315,0
2023-07-28 10:49:50,3779.0,49917,11,3762.01,41012,38005,0.7196162046908315,0
2023-07-28 10:49:50,3779.0,49917,5,3762.01,41012,38005,0.7196162046908315,0
2023-07-28 10:49:50,3778.5,49917,37,3762.01,41012,38005,0.7062899786780383,0
2023-07-28 10:49:57,3779.0,50063,5,3762.06,40403,38256,0.7196162046908315,0
2023-07-28 10:49:57,3779.0,50063,14,3762.06,40403,38256,0.7196162046908315,0
2023-07-28 10:49:57,3779.0,50063,5,3762.06,40403,38256,0.7196162046908315,0
2023-07-28 10:50:00,3779.0,50091,5,3762.07,40256,38151,0.7196162046908315,0
2023-07-28 10:50:00,3779.0,50091,3,3762.07,40256,38151,0.7196162046908315,0
2023-07-28 10:50:03,3779.0,50094,3,3762.07,40254,38208,0.7196162046908315,0
2023-07-28 10:50:03,3779.25,50094,1,3762.07,40254,38208,0.7262793176972282,0
2023-07-28 10:50:03,3779.0,50094,1,3762.07,40254,38208,0.7196162046908315,0
2023-07-28 10:50:09,3779.0,50116,1,3762.08,40274,38282,0.7196162046908315,0
2023-07-28 10:50:09,3779.0,50116,1,3762.08,40309,38323,0.7196162046908315,0
2023-07-28 10:50:09,3777.25,50116,50,3762.08,40304,38294,0.6729744136460555,0
2023-07-28 10:50:09,3777.25,50116,50,3762.08,40304,38294,0.6729744136460555,0
2023-07-28 10:50:09,3777.25,50116,50,3762.08,40304,38294,0.6729744136460555,0
2023-07-28 10:50:09,3777.25,50116,50,3762.08,40304,38294,0.6729744136460555,0
2023-07-28 10:50:09,3777.25,50116,50,3762.08,40304,38294,0.6729744136460555,0
2023-07-28 10:50:19,3777.25,50176,50,3762.1,40270,38326,0.6729744136460555,0
2023-07-28 10:50:19,3777.25,50176,50,3762.1,40270,38326,0.6729744136460555,0
2023-07-28 10:50:19,3777.25,50176,50,3762.1,40270,38326,0.6729744136460555,0
2023-07-28 10:50:19,3777.25,50176,50,3762.1,40270,38326,0.6729744136460555,0
2023-07-28 10:50:19,3777.25,50176,50,3762.1,40270,38326,0.6729744136460555,0
2023-07-28 10:50:19,3779.5,50176,55,3762.1,40270,38326,0.7329424307036247,0
2023-07-28 10:50:26,3779.5,50438,55,3762.19,40562,38126,0.7329424307036247,0
2023-07-28 10:50:26,3779.5,50438,55,3762.19,40420,38074,0.7329424307036247,0
2023-07-28 10:50:26,3779.5,50438,55,3762.19,40395,38147,0.7329424307036247,0
2023-07-28 10:50:26,3779.5,50438,55,3762.19,40355,38175,0.7329424307036247,0
2023-07-28 10:50:26,3779.2,50438,10,3762.19,40355,38175,0.724946695095944,0
2023-07-28 10:50:26,3779.5,50438,107,3762.19,40355,38175,0.7329424307036247,0
2023-07-28 10:50:26,3779.5,50438,100,3762.19,40355,38175,0.7329424307036247,0
2023-07-28 10:50:46,3779.95,50673,168,3762.27,40399,38230,0.7449360341151338,0
2023-07-28 10:50:47,3779.95,51361,168,3762.5,40449,38081,0.7449360341151338,0
2023-07-28 10:50:47,3779.95,51361,12,3762.5,40474,37982,0.7449360341151338,0
2023-07-28 10:50:47,3779.95,51361,50,3762.5,40474,37982,0.7449360341151338,0
2023-07-28 10:51:00,3779.95,51450,7,3762.53,40397,38103,0.7449360341151338,0
2023-07-28 10:51:00,3779.95,51450,4,3762.53,40397,38103,0.7449360341151338,0
2023-07-28 10:51:00,3779.95,51450,4,3762.53,40397,38103,0.7449360341151338,0
2023-07-28 10:51:00,3779.95,51450,1,3762.53,40397,38103,0.7449360341151338,0
2023-07-28 10:51:00,3779.95,51450,31,3762.53,40397,38103,0.7449360341151338,0
2023-07-28 10:51:08,3779.95,51583,31,3762.58,39006,38188,0.7449360341151338,0
2023-07-28 10:51:08,3779.95,51583,7,3762.58,39006,38188,0.7449360341151338,0
2023-07-28 10:51:08,3779.95,51583,11,3762.58,39006,38188,0.7449360341151338,0
2023-07-28 10:51:08,3779.95,51583,76,3762.58,39006,38188,0.7449360341151338,0
2023-07-28 10:51:08,3779.95,51583,12,3762.58,39006,38188,0.7449360341151338,0
2023-07-28 10:51:14,3779.9,51808,1,3762.65,40393,38160,0.7436034115138617,0
2023-07-28 10:51:14,3779.95,51808,4,3762.65,40393,38160,0.7449360341151338,0
2023-07-28 10:51:14,3779.95,51808,12,3762.65,40393,38160,0.7449360341151338,0
2023-07-28 10:51:14,3777.8,51808,24,3762.65,40393,38160,0.6876332622601328,0
2023-07-28 10:51:22,3777.8,52024,24,3762.72,40321,38267,0.6876332622601328,0
2023-07-28 10:51:22,3777.8,52024,4,3762.72,40321,38267,0.6876332622601328,0
2023-07-28 10:51:24,3777.8,52042,4,3762.72,40357,38301,0.6876332622601328,0
2023-07-28 10:51:24,3777.8,52042,4,3762.72,40674,38259,0.6876332622601328,0
2023-07-28 10:51:24,3777.8,52042,4,3762.72,40471,38246,0.6876332622601328,0
2023-07-28 10:51:24,3779.9,52042,10,3762.72,40471,38246,0.7436034115138617,0
2023-07-28 10:51:24,3779.45,52042,1,3762.72,40471,38246,0.7316098081023406,0
2023-07-28 10:51:24,3779.95,52042,9,3762.72,40471,38246,0.7449360341151338,0
2023-07-28 10:51:41,3779.95,52088,9,3762.74,40756,38205,0.7449360341151338,0
2023-07-28 10:51:41,3779.95,52088,9,3762.74,40642,38193,0.7449360341151338,0
2023-07-28 10:51:41,3779.95,52088,3,3762.74,40642,38193,0.7449360341151338,0
2023-07-28 10:51:50,3779.95,52091,3,3762.74,40389,38204,0.7449360341151338,0
2023-07-28 10:51:50,3779.9,52091,3,3762.74,40389,38204,0.7436034115138617,0
2023-07-28 10:51:54,3779.9,52096,3,3762.74,40373,38159,0.7436034115138617,0
2023-07-28 10:51:54,3779.95,52096,3,3762.74,40373,38159,0.7449360341151338,0
2023-07-28 10:51:59,3779.95,52099,3,3762.74,40345,38163,0.7449360341151338,0
2023-07-28 10:51:59,3779.95,52099,1,3762.74,40345,38163,0.7449360341151338,0
2023-07-28 10:51:59,3779.95,52099,6,3762.74,40345,38163,0.7449360341151338,0
2023-07-28 10:52:03,3779.95,52106,6,3762.75,40368,38326,0.7449360341151338,0
2023-07-28 10:52:03,3779.9,52106,1,3762.75,40368,38326,0.7436034115138617,0
2023-07-28 10:52:06,3779.95,52148,1,3762.76,39137,38691,0.7449360341151338,0
2023-07-28 10:52:06,3779.95,52148,1,3762.76,40291,38695,0.7449360341151338,0
2023-07-28 10:52:06,3779.95,52148,1,3762.76,39224,38694,0.7449360341151338,0
2023-07-28 10:52:06,3779.95,52148,1,3762.76,39249,38616,0.7449360341151338,0
2023-07-28 10:52:09,3778.25,52166,10,3762.76,40343,38659,0.6996268656716418,0
2023-07-28 10:52:09,3778.25,52166,10,3762.76,40678,38636,0.6996268656716418,0
2023-07-28 10:52:09,3778.25,52166,10,3762.76,40329,38624,0.6996268656716418,0
2023-07-28 10:52:09,3778.25,52166,10,3762.76,40725,38617,0.6996268656716418,0
2023-07-28 10:52:09,3778.25,52166,10,3762.76,40651,38645,0.6996268656716418,0
2023-07-28 10:52:09,3778.25,52166,10,3762.76,40651,38633,0.6996268656716418,0
2023-07-28 10:52:09,3778.25,52166,10,3762.76,40649,38661,0.6996268656716418,0
2023-07-28 10:52:09,3778.25,52166,10,3762.76,40651,38642,0.6996268656716418,0
2023-07-28 10:52:09,3778.25,52166,10,3762.76,40649,38620,0.6996268656716418,0
2023-07-28 10:52:09,3778.25,52166,10,3762.76,40372,38635,0.6996268656716418,0
2023-07-28 10:52:09,3778.25,52166,10,3762.76,40376,38637,0.6996268656716418,0
2023-07-28 10:52:09,3778.25,52166,10,3762.76,40384,38633,0.6996268656716418,0
2023-07-28 10:52:09,3778.25,52166,10,3762.76,40651,38633,0.6996268656716418,0
2023-07-28 10:52:09,3778.25,52166,10,3762.76,40622,38641,0.6996268656716418,0
2023-07-28 10:52:09,3778.25,52166,10,3762.76,40352,38645,0.6996268656716418,0
2023-07-28 10:52:09,3778.25,52166,10,3762.76,40632,38645,0.6996268656716418,0
2023-07-28 10:52:09,3778.25,52166,10,3762.76,40357,38645,0.6996268656716418,0
2023-07-28 10:52:09,3778.25,52166,10,3762.76,40353,38666,0.6996268656716418,0
2023-07-28 10:52:09,3778.25,52166,10,3762.76,40636,38645,0.6996268656716418,0
2023-07-28 10:52:09,3778.25,52166,10,3762.76,40644,38645,0.6996268656716418,0
2023-07-28 10:52:09,3778.25,52166,10,3762.76,40419,38631,0.6996268656716418,0
2023-07-28 10:52:09,3778.25,52166,10,3762.76,40667,38618,0.6996268656716418,0
2023-07-28 10:52:09,3778.25,52166,10,3762.76,40656,38608,0.6996268656716418,0
2023-07-28 10:52:09,3778.25,52166,10,3762.76,40427,38607,0.6996268656716418,0
2023-07-28 10:52:09,3778.25,52166,10,3762.76,40694,38607,0.6996268656716418,0
2023-07-28 10:52:09,3778.25,52166,10,3762.76,40704,38607,0.6996268656716418,0
2023-07-28 10:52:09,3778.25,52166,10,3762.76,40427,38607,0.6996268656716418,0
2023-07-28 10:52:09,3778.25,52166,10,3762.76,40410,38730,0.6996268656716418,0
2023-07-28 10:52:09,3778.25,52166,10,3762.76,40671,38738,0.6996268656716418,0
2023-07-28 10:52:09,3778.25,52166,10,3762.76,40681,38735,0.6996268656716418,0
2023-07-28 10:52:40,3779.7,52170,1,3762.77,40593,38797,0.7382729211087371,0
2023-07-28 10:52:40,3778.25,52170,2,3762.77,40593,38797,0.6996268656716418,0
2023-07-28 10:52:41,3778.25,52172,2,3762.77,40628,38794,0.6996268656716418,0
2023-07-28 10:52:43,3778.25,52176,2,3762.77,40681,38763,0.6996268656716418,0
2023-07-28 10:52:43,3778.25,52176,2,3762.77,40662,38814,0.6996268656716418,0
2023-07-28 10:52:43,3778.25,52176,2,3762.77,40674,38809,0.6996268656716418,0
2023-07-28 10:52:43,3778.25,52176,2,3762.77,40640,38833,0.6996268656716418,0
2023-07-28 10:52:47,3778.35,52182,6,3762.77,40656,38821,0.702292110874198,0
2023-07-28 10:52:47,3778.35,52182,6,3762.77,40668,38824,0.702292110874198,0
2023-07-28 10:52:47,3778.35,52182,6,3762.77,40703,38809,0.702292110874198,0
2023-07-28 10:52:47,3778.35,52182,6,3762.77,40717,38767,0.702292110874198,0
2023-07-28 10:52:47,3778.35,52182,6,3762.77,40432,38769,0.702292110874198,0
2023-07-28 10:52:47,3778.35,52182,6,3762.77,40424,38788,0.702292110874198,0
2023-07-28 10:52:47,3778.35,52182,6,3762.77,40683,38770,0.702292110874198,0
2023-07-28 10:52:53,3779.15,52183,1,3762.77,40355,38747,0.7236140724946719,0
2023-07-28 10:52:53,3779.15,52183,1,3762.77,40632,38813,0.7236140724946719,0
2023-07-28 10:52:53,3779.15,52183,1,3762.77,40370,38817,0.7236140724946719,0
2023-07-28 10:52:53,3779.15,52183,1,3762.77,40646,38780,0.7236140724946719,0
2023-07-28 10:52:53,3778.3,52183,18,3762.77,40646,38780,0.700959488272926,0
2023-07-28 10:52:57,3778.3,52201,18,3762.78,40665,38766,0.700959488272926,0
2023-07-28 10:52:57,3778.3,52201,18,3762.78,40406,38807,0.700959488272926,0
2023-07-28 10:52:57,3778.25,52201,13,3762.78,40406,38807,0.6996268656716418,0
2023-07-28 10:52:59,3778.25,52219,13,3762.78,40610,38819,0.6996268656716418,0
2023-07-28 10:52:59,3778.25,52219,13,3762.78,40355,38820,0.6996268656716418,0
2023-07-28 10:52:59,3778.25,52219,13,3762.78,40355,38802,0.6996268656716418,0
2023-07-28 10:52:59,3778.25,52219,13,3762.78,40630,38802,0.6996268656716418,0
2023-07-28 10:52:59,3778.25,52219,13,3762.78,40651,38802,0.6996268656716418,0
2023-07-28 10:52:59,3778.25,52219,13,3762.78,40604,38824,0.6996268656716418,0
2023-07-28 10:52:59,3778.25,52219,13,3762.78,40586,38794,0.6996268656716418,0
2023-07-28 10:52:59,3778.25,52219,13,3762.78,40591,38796,0.6996268656716418,0
2023-07-28 10:52:59,3778.25,52219,13,3762.78,40591,38796,0.6996268656716418,0
2023-07-28 10:52:59,3778.25,52219,13,3762.78,40375,38778,0.6996268656716418,0
2023-07-28 10:53:11,3779.05,52220,1,3762.78,40639,38749,0.7209488272921157,0
2023-07-28 10:53:11,3779.05,52220,1,3762.78,40372,38747,0.7209488272921157,0
2023-07-28 10:53:11,3779.05,52220,1,3762.78,40647,38747,0.7209488272921157,0
2023-07-28 10:53:11,3779.05,52220,1,3762.78,40647,38730,0.7209488272921157,0
2023-07-28 10:53:14,3779.05,52223,1,3762.78,40565,38842,0.7209488272921157,0
2023-07-28 10:53:14,3779.05,52223,1,3762.78,40570,38842,0.7209488272921157,0
2023-07-28 10:53:14,3779.05,52223,1,3762.78,40567,38858,0.7209488272921157,0
2023-07-28 10:53:14,3779.05,52223,1,3762.78,40589,38858,0.7209488272921157,0
2023-07-28 10:53:14,3779.05,52223,1,3762.78,40590,38856,0.7209488272921157,0
2023-07-28 10:53:14,3779.05,52223,1,3762.78,40645,38838,0.7209488272921157,0
2023-07-28 10:53:14,3779.05,52223,1,3762.78,40645,38838,0.7209488272921157,0
2023-07-28 10:53:14,3779.05,52223,1,3762.78,40373,38841,0.7209488272921157,0
2023-07-28 10:53:14,3779.05,52223,1,3762.78,40337,38864,0.7209488272921157,0
2023-07-28 10:53:14,3779.05,52223,1,3762.78,40337,38864,0.7209488272921157,0
2023-07-28 10:53:14,3779.05,52223,1,3762.78,40337,38864,0.7209488272921157,0
2023-07-28 10:53:14,3779.05,52223,1,3762.78,40624,38838,0.7209488272921157,0
2023-07-28 10:53:14,3779.05,52223,1,3762.78,40632,38838,0.7209488272921157,0
2023-07-28 10:53:14,3779.05,52223,1,3762.78,40634,38838,0.7209488272921157,0
2023-07-28 10:53:14,3779.05,52223,1,3762.78,40614,38853,0.7209488272921157,0
2023-07-28 10:53:14,3779.05,52223,1,3762.78,40617,38880,0.7209488272921157,0
2023-07-28 10:53:14,3779.05,52223,1,3762.78,40617,38880,0.7209488272921157,0
2023-07-28 10:53:14,3779.05,52223,1,3762.78,40628,38870,0.7209488272921157,0
2023-07-28 10:53:14,3779.05,52223,1,3762.78,40628,38870,0.7209488272921157,0
2023-07-28 10:53:14,3779.05,52223,1,3762.78,40609,38870,0.7209488272921157,0
2023-07-28 10:53:14,3779.05,52223,1,3762.78,40606,38870,0.7209488272921157,0
2023-07-28 10:53:14,3779.05,52223,1,3762.78,40586,38883,0.7209488272921157,0
2023-07-28 10:53:14,3779.05,52223,1,3762.78,40589,38884,0.7209488272921157,0
2023-07-28 10:53:14,3779.05,52223,1,3762.78,40587,38866,0.7209488272921157,0
2023-07-28 10:53:38,3779.0,52225,2,3762.78,40560,38885,0.7196162046908315,0
2023-07-28 10:53:39,3778.1,52243,18,3762.79,40705,38876,0.6956289978678014,0
2023-07-28 10:53:39,3778.1,52243,18,3762.79,40355,38892,0.6956289978678014,0
2023-07-28 10:53:39,3777.8,52243,5,3762.79,40355,38892,0.6876332622601328,0
2023-07-28 10:53:41,3777.8,52261,5,3762.79,40599,38901,0.6876332622601328,0
2023-07-28 10:53:41,3777.8,52261,5,3762.79,40642,38834,0.6876332622601328,0
2023-07-28 10:53:41,3777.8,52261,5,3762.79,40344,38866,0.6876332622601328,0
2023-07-28 10:53:44,3779.0,52264,1,3762.79,40609,38873,0.7196162046908315,0
2023-07-28 10:53:44,3779.0,52264,1,3762.79,40344,38870,0.7196162046908315,0
2023-07-28 10:53:44,3779.0,52264,1,3762.79,40656,38871,0.7196162046908315,0
2023-07-28 10:53:44,3779.0,52264,1,3762.79,40656,38860,0.7196162046908315,0
2023-07-28 10:53:44,3779.0,52264,1,3762.79,40597,38828,0.7196162046908315,0
2023-07-28 10:53:44,3779.0,52264,1,3762.79,40597,38805,0.7196162046908315,0
2023-07-28 10:53:44,3779.0,52264,1,3762.79,40599,38803,0.7196162046908315,0
2023-07-28 10:53:44,3779.0,52264,1,3762.79,40593,38824,0.7196162046908315,0
2023-07-28 10:53:44,3779.0,52264,1,3762.79,38942,38824,0.7196162046908315,0
2023-07-28 10:53:44,3779.0,52264,1,3762.79,38942,38843,0.7196162046908315,0
2023-07-28 10:53:44,3779.0,52264,1,3762.79,40579,38847,0.7196162046908315,0
2023-07-28 10:53:44,3779.0,52264,1,3762.79,40579,38976,0.7196162046908315,0
2023-07-28 10:53:44,3779.0,52264,1,3762.79,40302,38985,0.7196162046908315,0
2023-07-28 10:53:44,3779.0,52264,1,3762.79,40570,38964,0.7196162046908315,0
2023-07-28 10:53:44,3779.0,52264,1,3762.79,38931,38961,0.7196162046908315,0
2023-07-28 10:53:44,3778.8,52264,1,3762.79,38931,38961,0.7142857142857192,0
2023-07-28 10:54:02,3778.8,52268,1,3762.8,40540,38960,0.7142857142857192,0
2023-07-28 10:54:02,3778.8,52268,1,3762.8,40558,38936,0.7142857142857192,0
2023-07-28 10:54:02,3778.8,52268,1,3762.8,40577,38936,0.7142857142857192,0
2023-07-28 10:54:02,3778.8,52268,1,3762.8,40579,38948,0.7142857142857192,0
2023-07-28 10:54:02,3776.0,52268,4,3762.8,40579,38948,0.6396588486140725,0
2023-07-28 10:54:11,3776.0,52567,4,3762.88,39509,39330,0.6396588486140725,0
2023-07-28 10:54:11,3773.95,52567,54,3762.88,39509,39330,0.5850213219616156,0
2023-07-28 10:54:12,3773.95,52621,54,3762.89,39664,39273,0.5850213219616156,0
2023-07-28 10:54:12,3773.95,52621,54,3762.89,39567,39327,0.5850213219616156,0
2023-07-28 10:54:12,3773.95,52621,54,3762.89,39574,39216,0.5850213219616156,0
2023-07-28 10:54:12,3773.0,52621,2,3762.89,39574,39216,0.5597014925373134,0
2023-07-28 10:54:25,3773.0,52672,2,3762.9,39592,39290,0.5597014925373134,0
2023-07-28 10:54:25,3772.2,52672,1,3762.9,39592,39290,0.5383795309168395,0
2023-07-28 10:54:25,3773.9,52672,1,3762.9,39592,39290,0.5836886993603436,0
2023-07-28 10:54:30,3773.9,52695,1,3762.91,39402,39258,0.5836886993603436,0
2023-07-28 10:54:30,3773.9,52695,1,3762.91,39606,39615,0.5836886993603436,0
2023-07-28 10:54:30,3773.9,52695,1,3762.91,39532,39745,0.5836886993603436,0
2023-07-28 10:54:30,3773.9,52695,1,3762.91,39484,40148,0.5836886993603436,0
2023-07-28 10:54:30,3773.9,52695,1,3762.91,39531,40736,0.5836886993603436,0
2023-07-28 10:54:30,3774.0,52695,1,3762.91,39531,40736,0.5863539445628998,0
2023-07-28 10:54:50,3774.0,52696,1,3762.91,39519,41443,0.5863539445628998,0
2023-07-28 10:54:50,3774.0,52696,1,3762.91,38120,41655,0.5863539445628998,0
2023-07-28 10:54:50,3774.0,52696,1,3762.91,39548,42646,0.5863539445628998,0
2023-07-28 10:54:50,3774.0,52696,1,3762.91,39548,42646,0.5863539445628998,0
2023-07-28 10:54:50,3773.95,52696,1,3762.91,39548,42646,0.5850213219616156,0
2023-07-28 10:55:04,3773.95,52705,1,3762.91,39579,43575,0.5850213219616156,0
2023-07-28 10:55:04,3773.95,52705,1,3762.91,39419,43613,0.5850213219616156,0
2023-07-28 10:55:04,3773.95,52705,1,3762.91,38062,43664,0.5850213219616156,0
2023-07-28 10:55:04,3773.95,52705,1,3762.91,38188,43757,0.5850213219616156,0
2023-07-28 10:55:04,3773.95,52705,1,3762.91,38044,43738,0.5850213219616156,0
2023-07-28 10:55:04,3773.95,52705,1,3762.91,39434,43695,0.5850213219616156,0
2023-07-28 10:55:04,3773.95,52705,1,3762.91,38053,43691,0.5850213219616156,0
2023-07-28 10:55:04,3773.95,52705,1,3762.91,39596,43669,0.5850213219616156,0
2023-07-28 10:55:04,3773.95,52705,1,3762.91,39702,43665,0.5850213219616156,0
2023-07-28 10:55:14,3772.25,52707,2,3762.91,39445,43668,0.5397121535181236,0
2023-07-28 10:55:14,3772.25,52707,2,3762.91,38839,43845,0.5397121535181236,0
2023-07-28 10:55:14,3772.25,52707,2,3762.91,39343,43783,0.5397121535181236,0
2023-07-28 10:55:14,3772.25,52707,2,3762.91,39453,43639,0.5397121535181236,0
2023-07-28 10:55:14,3772.25,52707,2,3762.91,39210,43966,0.5397121535181236,0
2023-07-28 10:55:14,3772.25,52707,2,3762.91,39226,44099,0.5397121535181236,0
2023-07-28 10:55:14,3772.25,52707,2,3762.91,39230,44105,0.5397121535181236,0
2023-07-28 10:55:14,3772.25,52707,2,3762.91,39206,44123,0.5397121535181236,0
2023-07-28 10:55:14,3772.25,52707,2,3762.91,39263,44070,0.5397121535181236,0
2023-07-28 10:55:14,3772.25,52707,2,3762.91,39223,44096,0.5397121535181236,0
2023-07-28 10:55:14,3772.25,52707,2,3762.91,39238,44093,0.5397121535181236,0
2023-07-28 10:55:14,3768.7,52707,37,3762.91,39238,44093,0.44509594882728726,0
2023-07-28 10:55:25,3768.7,52810,37,3762.92,39364,44063,0.44509594882728726,0
2023-07-28 10:55:27,3769.0,52816,6,3762.92,39381,43534,0.453091684434968,0
2023-07-28 10:55:28,3771.1,53175,9,3762.97,39941,43115,0.509061833688697,0
2023-07-28 10:55:29,3772.3,53193,18,3762.98,39997,43204,0.5410447761194078,0
2023-07-28 10:55:29,3772.3,53193,18,3762.98,40276,43174,0.5410447761194078,0
2023-07-28 10:55:31,3776.4,53450,1,3763.04,39967,43150,0.6503198294243094,0
2023-07-28 10:55:31,3776.4,53450,1,3763.04,40154,42631,0.6503198294243094,0
2023-07-28 10:55:33,3773.6,53486,10,3763.05,40205,43380,0.5756929637526628,0
2023-07-28 10:55:33,3773.6,53486,10,3763.05,40297,43321,0.5756929637526628,0
2023-07-28 10:55:33,3772.0,53486,4,3763.05,40297,43321,0.5330490405117271,0
2023-07-28 10:55:35,3772.0,53608,4,3763.07,39844,43583,0.5330490405117271,0
2023-07-28 10:55:35,3772.0,53608,4,3763.07,39684,43624,0.5330490405117271,0
2023-07-28 10:55:35,3772.0,53608,4,3763.07,39778,43534,0.5330490405117271,0
2023-07-28 10:55:35,3773.6,53608,16,3763.07,39778,43534,0.5756929637526628,0
2023-07-28 10:55:39,3773.6,53640,16,3763.08,39800,43476,0.5756929637526628,0
2023-07-28 10:55:39,3773.6,53640,16,3763.08,39797,43407,0.5756929637526628,0
2023-07-28 10:55:39,3773.6,53640,1,3763.08,39797,43407,0.5756929637526628,0
2023-07-28 10:55:41,3772.25,53649,15,3763.08,39786,43460,0.5397121535181236,0
2023-07-28 10:55:42,3772.25,53739,15,3763.09,39774,43584,0.5397121535181236,0
2023-07-28 10:55:44,3771.35,53740,1,3763.09,39575,43494,0.5157249466950935,0
2023-07-28 10:55:44,3771.35,53740,1,3763.09,39582,43538,0.5157249466950935,0
2023-07-28 10:55:44,3771.35,53740,1,3763.09,38247,43468,0.5157249466950935,0
2023-07-28 10:55:44,3771.35,53740,1,3763.09,39595,43483,0.5157249466950935,0
2023-07-28 10:55:49,3770.95,53805,17,3763.1,39622,43453,0.5050639658848566,0
2023-07-28 10:55:49,3770.95,53805,17,3763.1,39607,43515,0.5050639658848566,0
2023-07-28 10:55:49,3770.95,53805,17,3763.1,39568,43609,0.5050639658848566,0
2023-07-28 10:55:49,3770.95,53805,17,3763.1,39621,43562,0.5050639658848566,0
2023-07-28 10:55:49,3770.95,53805,17,3763.1,39621,43576,0.5050639658848566,0
2023-07-28 10:55:49,3770.95,53805,17,3763.1,39571,43620,0.5050639658848566,0
2023-07-28 10:55:49,3770.95,53805,17,3763.1,39589,43613,0.5050639658848566,0
2023-07-28 10:55:49,3770.95,53805,17,3763.1,39589,43614,0.5050639658848566,0
2023-07-28 10:55:49,3770.95,53805,17,3763.1,39578,43617,0.5050639658848566,0
2023-07-28 10:55:49,3770.95,53805,17,3763.1,39593,43523,0.5050639658848566,0
2023-07-28 10:55:49,3770.95,53805,17,3763.1,39596,43441,0.5050639658848566,0
2023-07-28 10:55:49,3770.95,53805,17,3763.1,39604,43444,0.5050639658848566,0
2023-07-28 10:55:49,3771.7,53805,4,3763.1,39592,43347,0.5250533049040463,0
2023-07-28 10:56:03,3771.7,53809,4,3763.1,39768,43323,0.5250533049040463,0
2023-07-28 10:56:03,3771.7,53809,4,3763.1,39770,43339,0.5250533049040463,0
2023-07-28 10:56:03,3771.7,53809,4,3763.1,39932,43298,0.5250533049040463,0
2023-07-28 10:56:03,3771.7,53809,4,3763.1,39937,43283,0.5250533049040463,0
2023-07-28 10:56:03,3771.7,53809,4,3763.1,39937,43286,0.5250533049040463,0
2023-07-28 10:56:03,3771.7,53809,4,3763.1,39948,43237,0.5250533049040463,0
2023-07-28 10:56:03,3771.7,53809,4,3763.1,39932,43283,0.5250533049040463,0
2023-07-28 10:56:03,3771.7,53809,4,3763.1,39932,43265,0.5250533049040463,0
2023-07-28 10:56:03,3771.7,53809,4,3763.1,39935,43256,0.5250533049040463,0
2023-07-28 10:56:03,3772.25,53809,9,3763.1,39935,43270,0.5397121535181236,0
2023-07-28 10:56:14,3772.25,53818,9,3763.11,40221,43253,0.5397121535181236,0
2023-07-28 10:56:14,3772.25,53818,9,3763.11,40225,43281,0.5397121535181236,0
2023-07-28 10:56:17,3772.0,53827,8,3763.11,39992,43249,0.5330490405117271,0
2023-07-28 10:56:17,3772.0,53827,8,3763.11,39992,43249,0.5330490405117271,0
2023-07-28 10:56:17,3772.0,53827,8,3763.11,39977,43248,0.5330490405117271,0
2023-07-28 10:56:17,3772.0,53827,8,3763.11,39974,43263,0.5330490405117271,0
2023-07-28 10:56:17,3772.0,53827,8,3763.11,39974,43263,0.5330490405117271,0
2023-07-28 10:56:17,3772.0,53827,8,3763.11,39974,43263,0.5330490405117271,0
2023-07-28 10:56:17,3772.0,53827,8,3763.11,39969,43276,0.5330490405117271,0
2023-07-28 10:56:17,3772.0,53827,8,3763.11,39969,43276,0.5330490405117271,0
2023-07-28 10:56:17,3772.0,53827,8,3763.11,39969,43275,0.5330490405117271,0
2023-07-28 10:56:17,3772.0,53827,8,3763.11,39988,43260,0.5330490405117271,0
2023-07-28 10:56:17,3772.0,53827,8,3763.11,39969,43260,0.5330490405117271,0
2023-07-28 10:56:17,3772.0,53827,8,3763.11,39969,43260,0.5330490405117271,0
2023-07-28 10:56:17,3772.0,53827,8,3763.11,39969,43197,0.5330490405117271,0
2023-07-28 10:56:17,3772.0,53827,8,3763.11,39919,43207,0.5330490405117271,0
2023-07-28 10:56:17,3772.0,53827,8,3763.11,39950,43165,0.5330490405117271,0
2023-07-28 10:56:17,3772.6,53827,1,3763.11,39999,43150,0.5490405117270765,0
2023-07-28 10:56:30,3772.6,53828,1,3763.11,39912,43098,0.5490405117270765,0
2023-07-28 10:56:30,3772.6,53828,1,3763.11,39926,43152,0.5490405117270765,0
2023-07-28 10:56:30,3772.6,53828,1,3763.11,39695,43286,0.5490405117270765,0
2023-07-28 10:56:34,3772.75,53831,3,3763.11,39724,43291,0.5530383795309168,0
2023-07-28 10:56:34,3772.75,53831,3,3763.11,39744,43197,0.5530383795309168,0
2023-07-28 10:56:34,3772.75,53831,3,3763.11,39907,43141,0.5530383795309168,0
2023-07-28 10:56:38,3772.75,53832,1,3763.11,39906,43171,0.5530383795309168,0
2023-07-28 10:56:38,3772.7,53832,1,3763.11,39906,43171,0.5517057569296326,0
2023-07-28 10:56:39,3772.7,53833,1,3763.11,39869,43254,0.5517057569296326,0
2023-07-28 10:56:39,3772.7,53833,1,3763.11,39884,43288,0.5517057569296326,0
2023-07-28 10:56:39,3772.7,53833,1,3763.11,39819,43362,0.5517057569296326,0
2023-07-28 10:56:39,3772.7,53833,1,3763.11,39817,43362,0.5517057569296326,0
2023-07-28 10:56:39,3772.7,53833,1,3763.11,39881,43308,0.5517057569296326,0
2023-07-28 10:56:39,3772.7,53833,1,3763.11,39719,43340,0.5517057569296326,0
2023-07-28 10:56:45,3772.75,53834,1,3763.11,39761,43296,0.5530383795309168,0
2023-07-28 10:56:46,3772.75,53835,1,3763.11,39720,43232,0.5530383795309168,0
2023-07-28 10:56:46,3772.75,53835,1,3763.11,39743,43233,0.5530383795309168,0
2023-07-28 10:56:46,3772.75,53835,1,3763.11,39721,43304,0.5530383795309168,0
2023-07-28 10:56:46,3772.75,53835,1,3763.11,39736,43318,0.5530383795309168,0
2023-07-28 10:56:46,3772.75,53835,1,3763.11,39737,43280,0.5530383795309168,0
2023-07-28 10:56:46,3772.75,53835,1,3763.11,39737,43277,0.5530383795309168,0
2023-07-28 10:56:46,3772.75,53835,1,3763.11,39721,43261,0.5530383795309168,0
2023-07-28 10:56:46,3772.75,53835,1,3763.11,39720,43265,0.5530383795309168,0
2023-07-28 10:56:46,3772.75,53835,1,3763.11,40723,44217,0.5530383795309168,0
2023-07-28 10:56:46,3772.75,53835,1,3763.11,40733,44269,0.5530383795309168,0
2023-07-28 10:56:46,3772.75,53835,2,3763.11,40733,44269,0.5530383795309168,0
2023-07-28 10:56:57,3772.75,53837,2,3763.11,40814,44322,0.5530383795309168,0
2023-07-28 10:56:57,3772.75,53837,2,3763.11,40828,44336,0.5530383795309168,0
2023-07-28 10:56:57,3772.75,53837,2,3763.11,40815,44372,0.5530383795309168,0
2023-07-28 10:56:57,3771.25,53837,1,3763.11,40815,44372,0.5130597014925373,0
2023-07-28 10:57:02,3771.25,53839,1,3763.11,40562,44285,0.5130597014925373,0
2023-07-28 10:57:02,3771.25,53839,1,3763.11,40522,44385,0.5130597014925373,0
2023-07-28 10:57:02,3771.25,53839,1,3763.11,40488,44354,0.5130597014925373,0
2023-07-28 10:57:02,3771.25,53839,1,3763.11,40548,44374,0.5130597014925373,0
2023-07-28 10:57:02,3772.65,53839,1,3763.11,40548,44374,0.5503731343283607,0
2023-07-28 10:57:06,3772.65,53854,1,3763.11,40866,44311,0.5503731343283607,0
2023-07-28 10:57:06,3772.65,53854,1,3763.11,40649,44322,0.5503731343283607,0
2023-07-28 10:57:06,3773.15,53854,4,3763.11,40649,44322,0.5636993603411538,0
2023-07-28 10:57:09,3773.15,53877,4,3763.12,40686,44253,0.5636993603411538,0
2023-07-28 10:57:09,3773.15,53877,4,3763.12,40632,44268,0.5636993603411538,0
2023-07-28 10:57:09,3773.15,53877,4,3763.12,40636,44332,0.5636993603411538,0
2023-07-28 10:57:09,3773.15,53877,4,3763.12,40676,44346,0.5636993603411538,0
2023-07-28 10:57:09,3773.15,53877,4,3763.12,40865,44265,0.5636993603411538,0
2023-07-28 10:57:09,3773.15,53877,4,3763.12,40877,44323,0.5636993603411538,0
2023-07-28 10:57:09,3773.15,53877,4,3763.12,40878,44309,0.5636993603411538,0
2023-07-28 10:57:09,3773.15,53877,4,3763.12,40888,44339,0.5636993603411538,0
2023-07-28 10:57:09,3773.15,53877,4,3763.12,40934,44313,0.5636993603411538,0
2023-07-28 10:57:09,3773.15,53877,4,3763.12,40863,44403,0.5636993603411538,0
2023-07-28 10:57:09,3773.15,53877,4,3763.12,40941,44325,0.5636993603411538,0
2023-07-28 10:57:09,3773.15,53877,4,3763.12,40928,44336,0.5636993603411538,0
2023-07-28 10:57:09,3773.15,53877,4,3763.12,40947,44307,0.5636993603411538,0
2023-07-28 10:57:09,3773.15,53877,4,3763.12,40947,44307,0.5636993603411538,0
2023-07-28 10:57:25,3771.5,53887,1,3763.12,40829,44295,0.5197228144989339,0
2023-07-28 10:57:25,3771.5,53887,1,3763.12,40874,44283,0.5197228144989339,0
2023-07-28 10:57:25,3771.5,53887,1,3763.12,40881,44309,0.5197228144989339,0
2023-07-28 10:57:25,3771.5,53887,1,3763.12,40874,44309,0.5197228144989339,0
2023-07-28 10:57:25,3773.05,53887,5,3763.12,40874,44309,0.5610341151385976,0
2023-07-28 10:57:29,3773.05,53893,5,3763.12,40868,44309,0.5610341151385976,0
2023-07-28 10:57:29,3773.05,53893,5,3763.12,39528,44320,0.5610341151385976,0
2023-07-28 10:57:29,3773.05,53893,5,3763.12,40940,44322,0.5610341151385976,0
2023-07-28 10:57:29,3773.05,53893,5,3763.12,40938,44295,0.5610341151385976,0
2023-07-28 10:57:29,3773.05,53893,5,3763.12,40944,44308,0.5610341151385976,0
2023-07-28 10:57:29,3773.05,53893,5,3763.12,40916,44272,0.5610341151385976,0
2023-07-28 10:57:29,3773.05,53893,5,3763.12,40945,44217,0.5610341151385976,0
2023-07-28 10:57:29,3773.05,53893,5,3763.12,40948,44128,0.5610341151385976,0
2023-07-28 10:57:29,3773.05,53893,5,3763.12,40951,44142,0.5610341151385976,0
2023-07-28 10:57:29,3773.05,53893,5,3763.12,40940,44139,0.5610341151385976,0
2023-07-28 10:57:29,3773.05,53893,5,3763.12,40943,44153,0.5610341151385976,0
2023-07-28 10:57:29,3773.05,53893,5,3763.12,40991,44112,0.5610341151385976,0
2023-07-28 10:57:29,3773.05,53893,5,3763.12,40954,44126,0.5610341151385976,0
2023-07-28 10:57:29,3773.05,53893,5,3763.12,40962,44140,0.5610341151385976,0
2023-07-28 10:57:29,3773.05,53893,5,3763.12,40975,44099,0.5610341151385976,0
2023-07-28 10:57:29,3773.05,53893,5,3763.12,40978,44099,0.5610341151385976,0
2023-07-28 10:57:29,3773.05,53893,5,3763.12,40988,44114,0.5610341151385976,0
2023-07-28 10:57:29,3773.05,53893,5,3763.12,41016,44089,0.5610341151385976,0
2023-07-28 10:57:29,3773.05,53893,5,3763.12,41021,44103,0.5610341151385976,0
2023-07-28 10:57:29,3773.05,53893,5,3763.12,40992,44070,0.5610341151385976,0
2023-07-28 10:57:29,3773.05,53893,5,3763.12,40976,44094,0.5610341151385976,0
2023-07-28 10:57:29,3773.05,53893,5,3763.12,40992,44094,0.5610341151385976,0
2023-07-28 10:57:29,3773.05,53893,5,3763.12,40992,44080,0.5610341151385976,0
2023-07-28 10:57:29,3773.0,53893,1,3763.12,40992,44080,0.5597014925373134,0
2023-07-28 10:57:57,3773.0,53896,1,3763.12,40879,44203,0.5597014925373134,0
2023-07-28 10:57:57,3773.0,53896,1,3763.12,40816,44226,0.5597014925373134,0
2023-07-28 10:57:57,3773.0,53896,1,3763.12,40900,44195,0.5597014925373134,0
2023-07-28 10:57:57,3773.0,53896,1,3763.12,40834,44246,0.5597014925373134,0
2023-07-28 10:57:57,3773.0,53896,1,3763.12,40834,44293,0.5597014925373134,0
2023-07-28 10:57:57,3773.0,53896,1,3763.12,40861,44276,0.5597014925373134,0
2023-07-28 10:58:04,3771.55,53914,13,3763.12,40838,44244,0.5210554371002181,0
2023-07-28 10:58:04,3771.55,53914,13,3763.12,40825,44236,0.5210554371002181,0
2023-07-28 10:58:04,3771.55,53914,13,3763.12,40873,44239,0.5210554371002181,0
2023-07-28 10:58:04,3773.3,53914,5,3763.12,40853,44219,0.5676972281449942,0
2023-07-28 10:58:08,3773.3,53925,5,3763.12,40967,44226,0.5676972281449942,0
2023-07-28 10:58:08,3773.3,53925,5,3763.12,40905,44313,0.5676972281449942,0
2023-07-28 10:58:08,3773.3,53925,2,3763.12,40905,44313,0.5676972281449942,0
2023-07-28 10:58:12,3773.3,53927,2,3763.12,41368,44027,0.5676972281449942,0
2023-07-28 10:58:12,3773.3,53927,2,3763.12,41376,44027,0.5676972281449942,0
2023-07-28 10:58:12,3773.3,53927,2,3763.12,41160,44018,0.5676972281449942,0
2023-07-28 10:58:12,3773.3,53927,2,3763.12,41292,44005,0.5676972281449942,0
2023-07-28 10:58:12,3774.6,53927,1,3763.12,41292,44005,0.6023454157782492,0
2023-07-28 10:58:17,3774.6,53928,1,3763.12,41109,43983,0.6023454157782492,0
2023-07-28 10:58:17,3774.6,53928,1,3763.12,41109,43983,0.6023454157782492,0
2023-07-28 10:58:19,3774.6,53929,1,3763.12,39728,43997,0.6023454157782492,0
2023-07-28 10:58:20,3774.6,53931,2,3763.13,41292,43984,0.6023454157782492,0
2023-07-28 10:58:20,3774.15,53931,1,3763.13,41292,43984,0.5903518123667402,0
2023-07-28 10:58:22,3774.15,53933,1,3763.13,41285,44009,0.5903518123667402,0
2023-07-28 10:58:22,3774.15,53933,1,3763.13,41284,43992,0.5903518123667402,0
2023-07-28 10:58:22,3774.15,53933,1,3763.13,41284,43992,0.5903518123667402,0
2023-07-28 10:58:24,3774.15,53934,1,3763.13,41284,44022,0.5903518123667402,0
2023-07-28 10:58:24,3774.6,53934,1,3763.13,41284,44022,0.6023454157782492,0
2023-07-28 10:58:25,3774.6,53935,1,3763.13,41051,44029,0.6023454157782492,0
2023-07-28 10:58:25,3774.6,53935,1,3763.13,41035,44063,0.6023454157782492,0
2023-07-28 10:58:25,3774.6,53935,1,3763.13,39767,43995,0.6023454157782492,0
2023-07-28 10:58:25,3774.6,53935,1,3763.13,41112,43938,0.6023454157782492,0
2023-07-28 10:58:25,3774.6,53935,1,3763.13,41131,43964,0.6023454157782492,0
2023-07-28 10:58:25,3774.6,53935,1,3763.13,41172,43941,0.6023454157782492,0
2023-07-28 10:58:25,3774.6,53935,1,3763.13,41015,43899,0.6023454157782492,0
2023-07-28 10:58:25,3774.6,53935,1,3763.13,40958,43931,0.6023454157782492,0
2023-07-28 10:58:25,3774.6,53935,1,3763.13,41077,43888,0.6023454157782492,0
2023-07-28 10:58:25,3774.6,53935,1,3763.13,41140,43841,0.6023454157782492,0
2023-07-28 10:58:25,3774.6,53935,1,3763.13,41124,43795,0.6023454157782492,0
2023-07-28 10:58:25,3774.6,53935,1,3763.13,41098,43788,0.6023454157782492,0
2023-07-28 10:58:25,3774.6,53935,1,3763.13,41182,43675,0.6023454157782492,0
2023-07-28 10:58:25,3774.6,53935,1,3763.13,41157,43813,0.6023454157782492,0
2023-07-28 10:58:25,3774.6,53935,1,3763.13,41154,43817,0.6023454157782492,0
2023-07-28 10:58:25,3774.6,53935,1,3763.13,41149,43797,0.6023454157782492,0
2023-07-28 10:58:25,3774.6,53935,1,3763.13,41161,43767,0.6023454157782492,0
2023-07-28 10:58:25,3774.6,53935,1,3763.13,41148,43780,0.6023454157782492,0
2023-07-28 10:58:25,3774.6,53935,1,3763.13,41190,43787,0.6023454157782492,0
2023-07-28 10:58:47,3773.95,53938,1,3763.13,41152,43961,0.5850213219616156,0
2023-07-28 10:58:47,3773.95,53938,1,3763.13,41105,44031,0.5850213219616156,0
2023-07-28 10:58:47,3773.95,53938,1,3763.13,41102,44362,0.5850213219616156,0
2023-07-28 10:58:47,3773.95,53938,1,3763.13,41146,44313,0.5850213219616156,0
2023-07-28 10:58:47,3773.95,53938,1,3763.13,40894,44316,0.5850213219616156,0
2023-07-28 10:58:47,3773.95,53938,1,3763.13,40875,44330,0.5850213219616156,0
2023-07-28 10:58:47,3773.95,53938,1,3763.13,40843,44314,0.5850213219616156,0
2023-07-28 10:58:47,3773.95,53938,1,3763.13,40842,44316,0.5850213219616156,0
2023-07-28 10:58:47,3772.05,53938,18,3763.13,40842,44316,0.5343816631130113,0
2023-07-28 10:58:59,3772.05,53956,18,3763.13,40937,44121,0.5343816631130113,0
2023-07-28 10:58:59,3772.05,53956,18,3763.13,40850,44204,0.5343816631130113,0
2023-07-28 10:58:59,3772.05,53956,18,3763.13,40890,44166,0.5343816631130113,0
2023-07-28 10:58:59,3772.05,53956,18,3763.13,40918,44092,0.5343816631130113,0
2023-07-28 10:58:59,3772.05,53956,18,3763.13,40887,44167,0.5343816631130113,0
2023-07-28 10:58:59,3772.05,53956,18,3763.13,40906,44088,0.5343816631130113,0
2023-07-28 10:58:59,3772.05,53956,18,3763.13,40752,44192,0.5343816631130113,0
2023-07-28 10:58:59,3772.05,53956,18,3763.13,40790,44195,0.5343816631130113,0
2023-07-28 10:58:59,3772.05,53956,18,3763.13,40752,44209,0.5343816631130113,0
2023-07-28 10:58:59,3772.05,53956,18,3763.13,40752,44187,0.5343816631130113,0
2023-07-28 10:58:59,3772.05,53956,18,3763.13,40884,44113,0.5343816631130113,0
2023-07-28 10:58:59,3772.05,53956,18,3763.13,40968,44024,0.5343816631130113,0
2023-07-28 10:58:59,3772.05,53956,18,3763.13,40969,43994,0.5343816631130113,0
2023-07-28 10:58:59,3772.05,53956,18,3763.13,40951,44023,0.5343816631130113,0
2023-07-28 10:59:17,3773.45,53957,1,3763.13,40925,44181,0.5716950959488224,0
2023-07-28 10:59:17,3772.0,54010,50,3763.14,40898,44221,0.5330490405117271,0
2023-07-28 10:59:17,3772.0,54010,50,3763.14,41126,44141,0.5330490405117271,0
2023-07-28 10:59:17,3772.0,54010,50,3763.14,41071,44176,0.5330490405117271,0
2023-07-28 10:59:17,3772.0,54010,50,3763.14,41093,44145,0.5330490405117271,0
2023-07-28 10:59:17,3772.0,54010,50,3763.14,41093,44145,0.5330490405117271,0
2023-07-28 10:59:17,3772.0,54010,50,3763.14,41112,44139,0.5330490405117271,0
2023-07-28 10:59:17,3772.0,54010,50,3763.14,41112,44139,0.5330490405117271,0
2023-07-28 10:59:17,3772.0,54010,50,3763.14,41145,44136,0.5330490405117271,0
2023-07-28 10:59:25,3772.4,54014,4,3763.14,41082,44220,0.543710021321964,0
2023-07-28 10:59:25,3772.4,54014,4,3763.14,41082,44220,0.543710021321964,0
2023-07-28 10:59:25,3772.4,54014,4,3763.14,41298,44019,0.543710021321964,0
2023-07-28 10:59:25,3772.4,54014,4,3763.14,41073,44144,0.543710021321964,0
2023-07-28 10:59:25,3773.4,54014,2,3763.14,41122,44086,0.5703624733475504,0
2023-07-28 10:59:30,3772.3,54016,8,3763.14,41105,44141,0.5410447761194078,0
2023-07-28 10:59:31,3772.3,54039,8,3763.14,41162,44119,0.5410447761194078,0
2023-07-28 10:59:31,3773.4,54039,1,3763.14,41162,44119,0.5703624733475504,0
2023-07-28 10:59:32,3773.4,54040,1,3763.14,41077,44175,0.5703624733475504,0
2023-07-28 10:59:32,3773.4,54040,1,3763.14,41077,44160,0.5703624733475504,0
2023-07-28 10:59:32,3773.4,54040,1,3763.14,41077,44160,0.5703624733475504,0
2023-07-28 10:59:34,3773.4,54042,1,3763.14,41076,44171,0.5703624733475504,0
2023-07-28 10:59:34,3772.05,54042,1,3763.14,41076,44171,0.5343816631130113,0
2023-07-28 10:59:35,3772.05,54057,1,3763.15,41070,44271,0.5343816631130113,0
2023-07-28 10:59:35,3772.05,54057,1,3763.15,41062,44250,0.5343816631130113,0
2023-07-28 10:59:38,3771.5,54192,27,3763.17,40007,44584,0.5197228144989339,0
2023-07-28 10:59:38,3770.1,54192,3,3763.17,40007,44584,0.4824093816631106,0
2023-07-28 10:59:38,3770.1,54236,3,3763.17,40152,44628,0.4824093816631106,0
2023-07-28 10:59:38,3770.1,54236,3,3763.17,40218,44584,0.4824093816631106,0
2023-07-28 10:59:38,3770.1,54236,3,3763.17,40218,44586,0.4824093816631106,0
2023-07-28 10:59:38,3770.1,54236,3,3763.17,40218,44594,0.4824093816631106,0
2023-07-28 10:59:38,3770.1,54236,3,3763.17,40245,44593,0.4824093816631106,0
2023-07-28 10:59:38,3770.1,54236,3,3763.17,40206,44569,0.4824093816631106,0
2023-07-28 10:59:38,3770.1,54236,3,3763.17,40353,44504,0.4824093816631106,0
2023-07-28 10:59:38,3770.1,54236,3,3763.17,40356,44480,0.4824093816631106,0
2023-07-28 10:59:38,3770.1,54236,3,3763.17,40343,44484,0.4824093816631106,0
2023-07-28 10:59:38,3770.1,54236,3,3763.17,40394,44458,0.4824093816631106,0
2023-07-28 10:59:49,3770.1,54270,1,3763.18,40384,44517,0.4824093816631106,0
2023-07-28 10:59:49,3770.1,54270,1,3763.18,40379,44466,0.4824093816631106,0
2023-07-28 10:59:49,3770.1,54270,1,3763.18,40386,44486,0.4824093816631106,0
2023-07-28 10:59:49,3770.1,54270,1,3763.18,40390,44514,0.4824093816631106,0
2023-07-28 10:59:49,3770.05,54270,7,3763.18,40390,44514,0.48107675906183855,0
2023-07-28 10:59:54,3770.05,54278,7,3763.18,40294,44352,0.48107675906183855,0
2023-07-28 10:59:54,3770.05,54278,7,3763.18,40276,43947,0.48107675906183855,0
2023-07-28 10:59:54,3770.05,54278,7,3763.18,40279,44455,0.48107675906183855,0
2023-07-28 10:59:54,3769.0,54278,6,3763.18,40279,44455,0.453091684434968,0
2023-07-28 10:59:57,3769.0,54288,6,3763.18,40325,44502,0.453091684434968,0
2023-07-28 10:59:57,3769.0,54288,6,3763.18,40340,44501,0.453091684434968,0
2023-07-28 10:59:57,3769.0,54288,6,3763.18,40296,44500,0.453091684434968,0
2023-07-28 10:59:57,3769.0,54288,6,3763.18,40309,44489,0.453091684434968,0
2023-07-28 10:59:57,3769.0,54288,6,3763.18,40309,44489,0.453091684434968,0
2023-07-28 10:59:57,3769.0,54288,6,3763.18,40306,44495,0.453091684434968,0
2023-07-28 10:59:57,3769.0,54288,6,3763.18,40306,44477,0.453091684434968,0
2023-07-28 10:59:57,3769.0,54288,6,3763.18,40292,44474,0.453091684434968,0
2023-07-28 10:59:57,3769.0,54288,6,3763.18,40345,44358,0.453091684434968,0
2023-07-28 10:59:57,3770.05,54288,1,3763.18,40345,44358,0.48107675906183855,0
2023-07-28 11:00:12,3770.05,54289,1,3763.18,40362,44410,0.48107675906183855,0
2023-07-28 11:00:12,3770.05,54289,1,3763.18,40362,44401,0.48107675906183855,0
2023-07-28 11:00:12,3770.05,54289,1,3763.18,40362,44210,0.48107675906183855,0
2023-07-28 11:00:12,3770.05,54289,1,3763.18,40362,44386,0.48107675906183855,0
2023-07-28 11:00:12,3770.05,54289,1,3763.18,40362,44386,0.48107675906183855,0
2023-07-28 11:00:12,3770.05,54289,1,3763.18,40380,44408,0.48107675906183855,0
2023-07-28 11:00:12,3770.05,54289,1,3763.18,40369,44415,0.48107675906183855,0
2023-07-28 11:00:12,3770.05,54289,1,3763.18,40349,44415,0.48107675906183855,0
2023-07-28 11:00:12,3770.05,54289,1,3763.18,40352,44415,0.48107675906183855,0
2023-07-28 11:00:12,3770.05,54289,1,3763.18,40352,44413,0.48107675906183855,0
2023-07-28 11:00:12,3770.05,54289,1,3763.18,40352,44419,0.48107675906183855,0
2023-07-28 11:00:12,3770.05,54289,1,3763.18,40352,44421,0.48107675906183855,0
2023-07-28 11:00:12,3770.05,54289,1,3763.18,40349,44419,0.48107675906183855,0
2023-07-28 11:00:12,3770.05,54289,1,3763.18,40352,44421,0.48107675906183855,0
2023-07-28 11:00:29,3768.7,54294,3,3763.18,40304,44447,0.44509594882728726,0
2023-07-28 11:00:29,3768.7,54294,3,3763.18,40304,44469,0.44509594882728726,0
2023-07-28 11:00:29,3768.7,54294,3,3763.18,40300,44490,0.44509594882728726,0
2023-07-28 11:00:29,3768.7,54294,3,3763.18,40303,44447,0.44509594882728726,0
2023-07-28 11:00:29,3768.7,54294,3,3763.18,40303,44461,0.44509594882728726,0
2023-07-28 11:00:29,3768.7,54294,3,3763.18,40303,44461,0.44509594882728726,0
2023-07-28 11:00:29,3768.7,54294,3,3763.18,40287,44507,0.44509594882728726,0
2023-07-28 11:00:29,3768.7,54294,3,3763.18,38912,44497,0.44509594882728726,0
2023-07-28 11:00:29,3768.7,54294,3,3763.18,40286,44497,0.44509594882728726,0
2023-07-28 11:00:29,3768.7,54294,3,3763.18,38900,44515,0.44509594882728726,0
2023-07-28 11:00:29,3768.7,54294,3,3763.18,40275,44527,0.44509594882728726,0
2023-07-28 11:00:29,3768.7,54294,3,3763.18,38927,44539,0.44509594882728726,0
2023-07-28 11:00:29,3768.7,54294,3,3763.18,40334,44574,0.44509594882728726,0
2023-07-28 11:00:29,3768.7,54294,3,3763.18,40334,44572,0.44509594882728726,0
2023-07-28 11:00:29,3768.7,54294,3,3763.18,40334,44572,0.44509594882728726,0
2023-07-28 11:00:29,3768.7,54294,3,3763.18,40334,44572,0.44509594882728726,0
2023-07-28 11:00:29,3770.0,54294,1,3763.18,40334,44572,0.47974413646055436,0
2023-07-28 11:00:46,3770.0,54314,1,3763.18,40335,44511,0.47974413646055436,0
2023-07-28 11:00:48,3770.0,54315,1,3763.18,40384,44510,0.47974413646055436,0
2023-07-28 11:00:48,3770.0,54315,1,3763.18,40359,44535,0.47974413646055436,0
2023-07-28 11:00:48,3770.0,54315,1,3763.18,40347,44520,0.47974413646055436,0
2023-07-28 11:00:48,3770.0,54315,1,3763.18,40358,44520,0.47974413646055436,0
2023-07-28 11:00:48,3770.0,54315,1,3763.18,40358,44534,0.47974413646055436,0
2023-07-28 11:00:48,3770.0,54315,1,3763.18,40358,44624,0.47974413646055436,0
2023-07-28 11:00:48,3770.0,54315,1,3763.18,40368,44615,0.47974413646055436,0
2023-07-28 11:00:48,3770.0,54315,1,3763.18,40375,44599,0.47974413646055436,0
2023-07-28 11:00:59,3770.0,54316,1,3763.18,40388,44541,0.47974413646055436,0
2023-07-28 11:00:59,3770.0,54316,1,3763.18,40373,44568,0.47974413646055436,0
2023-07-28 11:00:59,3770.0,54316,1,3763.18,40373,44568,0.47974413646055436,0
2023-07-28 11:01:03,3769.85,54321,1,3763.19,40326,44590,0.475746268656714,0
2023-07-28 11:01:03,3770.0,54321,1,3763.19,40326,44590,0.47974413646055436,0
2023-07-28 11:01:04,3770.0,54322,1,3763.19,40336,44570,0.47974413646055436,0
2023-07-28 11:01:04,3770.0,54322,1,3763.19,40333,44574,0.47974413646055436,0
2023-07-28 11:01:04,3770.0,54322,1,3763.19,37969,43604,0.47974413646055436,0
2023-07-28 11:01:04,3770.0,54322,1,3763.19,39447,43595,0.47974413646055436,0
2023-07-28 11:01:04,3770.0,54322,1,3763.19,39452,43592,0.47974413646055436,0
2023-07-28 11:01:04,3770.0,54322,46,3763.19,39233,43585,0.47974413646055436,0
2023-07-28 11:01:24,3770.0,54372,46,3763.19,40227,44603,0.47974413646055436,0
2023-07-28 11:01:24,3770.0,54372,2,3763.19,40227,44603,0.47974413646055436,0
2023-07-28 11:01:24,3770.0,54372,12,3763.19,40227,44603,0.47974413646055436,0
2023-07-28 11:01:30,3770.05,54388,1,3763.19,40216,44574,0.48107675906183855,0
2023-07-28 11:01:30,3770.0,54388,1,3763.19,40216,44574,0.47974413646055436,0
2023-07-28 11:01:33,3770.0,54390,1,3763.19,40314,44570,0.47974413646055436,0
2023-07-28 11:01:33,3770.0,54390,1,3763.19,40314,44570,0.47974413646055436,0
2023-07-28 11:01:39,3770.0,54391,1,3763.19,40316,44570,0.47974413646055436,0
2023-07-28 11:01:39,3770.05,54391,3,3763.19,40316,44570,0.48107675906183855,0
2023-07-28 11:01:39,3770.0,54391,9,3763.19,40316,44570,0.47974413646055436,0
2023-07-28 11:01:44,3770.0,54404,1,3763.2,40361,44577,0.47974413646055436,0
2023-07-28 11:01:44,3769.95,54404,1,3763.2,40361,44577,0.4784115138592702,0
2023-07-28 11:01:44,3769.9,54404,1,3763.2,40361,44577,0.4770788912579982,0
2023-07-28 11:01:48,3769.9,54407,1,3763.2,40258,44538,0.4770788912579982,0
2023-07-28 11:01:48,3769.9,54407,1,3763.2,40258,44554,0.4770788912579982,0
2023-07-28 11:01:48,3769.9,54407,1,3763.2,40258,44554,0.4770788912579982,0
2023-07-28 11:01:48,3770.0,54407,27,3763.2,40258,44554,0.47974413646055436,0
2023-07-28 11:01:48,3768.7,54407,3,3763.2,40258,44554,0.44509594882728726,0
2023-07-28 11:01:55,3768.7,54463,3,3763.2,40285,44596,0.44509594882728726,0
2023-07-28 11:01:55,3770.05,54463,3,3763.2,40285,44596,0.48107675906183855,0
2023-07-28 11:01:57,3770.05,54466,3,3763.2,40301,44479,0.48107675906183855,0
2023-07-28 11:01:57,3770.05,54466,3,3763.2,40305,44522,0.48107675906183855,0
2023-07-28 11:01:57,3770.0,54466,100,3763.2,40364,44404,0.47974413646055436,0
2023-07-28 11:01:57,3770.05,54466,1,3763.2,40364,44404,0.48107675906183855,0
2023-07-28 11:02:11,3770.05,54567,1,3763.22,40270,44488,0.48107675906183855,0
2023-07-28 11:02:11,3770.05,54567,1,3763.22,40253,44423,0.48107675906183855,0
2023-07-28 11:02:11,3770.35,54567,4,3763.22,40253,44423,0.4890724946695072,0
2023-07-28 11:02:11,3770.35,54567,4,3763.22,40253,44423,0.4890724946695072,0
2023-07-28 11:02:11,3770.35,54567,4,3763.22,40253,44423,0.4890724946695072,0
2023-07-28 11:02:19,3770.35,54571,4,3763.22,40236,44394,0.4890724946695072,0
2023-07-28 11:02:19,3770.85,54571,1,3763.22,40236,44394,0.5023987206823003,0
2023-07-28 11:02:19,3770.85,54571,1,3763.22,40236,44394,0.5023987206823003,0
2023-07-28 11:02:19,3770.85,54571,1,3763.22,40236,44394,0.5023987206823003,0
2023-07-28 11:02:19,3770.85,54571,1,3763.22,40236,44394,0.5023987206823003,0
2023-07-28 11:02:19,3770.85,54571,1,3763.22,40236,44394,0.5023987206823003,0
2023-07-28 11:02:19,3770.85,54571,1,3763.22,40236,44394,0.5023987206823003,0
2023-07-28 11:02:19,3770.85,54571,1,3763.22,40236,44394,0.5023987206823003,0
2023-07-28 11:02:24,3770.85,54572,1,3763.22,40255,44430,0.5023987206823003,0
2023-07-28 11:02:24,3770.85,54572,1,3763.22,40250,44409,0.5023987206823003,0
2023-07-28 11:02:24,3770.65,54572,20,3763.22,40250,44409,0.49706823027718794,0
2023-07-28 11:02:24,3770.45,54572,2,3763.22,40250,44409,0.4917377398720634,0
2023-07-28 11:02:36,3769.05,54616,11,3763.22,40240,44427,0.4544243070362522,0
2023-07-28 11:02:36,3770.85,54616,2,3763.22,40240,44427,0.5023987206823003,0
2023-07-28 11:02:36,3769.0,54616,3,3763.22,40240,44427,0.453091684434968,0
2023-07-28 11:02:36,3769.0,54616,4,3763.22,40240,44427,0.453091684434968,0
2023-07-28 11:02:39,3769.0,54649,4,3763.23,40253,44464,0.453091684434968,0
2023-07-28 11:02:39,3770.45,54649,1,3763.23,40253,44464,0.4917377398720634,0
2023-07-28 11:02:43,3770.45,54650,1,3763.23,40239,44474,0.4917377398720634,0
2023-07-28 11:02:43,3769.75,54650,4,3763.23,40239,44474,0.47308102345415776,0
2023-07-28 11:02:50,3769.75,54654,4,3763.23,40268,44444,0.47308102345415776,0
2023-07-28 11:02:50,3769.75,54654,4,3763.23,40289,44444,0.47308102345415776,0
2023-07-28 11:02:50,3769.75,54654,4,3763.23,40311,44434,0.47308102345415776,0
2023-07-28 11:02:50,3769.75,54654,4,3763.23,40327,44388,0.47308102345415776,0
2023-07-28 11:02:50,3770.45,54654,1,3763.23,40327,44388,0.4917377398720634,0
2023-07-28 11:02:50,3770.4,54654,2,3763.23,40327,44388,0.49040511727079134,0
2023-07-28 11:03:08,3770.45,54660,1,3763.23,40304,44427,0.4917377398720634,0
2023-07-28 11:03:08,3770.45,54661,4,3763.23,40348,44421,0.4917377398720634,0
2023-07-28 11:03:13,3770.45,54665,4,3763.23,40350,44417,0.4917377398720634,0
2023-07-28 11:03:13,3770.45,54665,2,3763.23,40350,44417,0.4917377398720634,0
2023-07-28 11:03:19,3770.45,54667,2,3763.23,40348,44415,0.4917377398720634,0
2023-07-28 11:03:19,3770.45,54667,2,3763.23,40337,44484,0.4917377398720634,0
2023-07-28 11:03:19,3770.45,54667,1,3763.23,40337,44484,0.4917377398720634,0
2023-07-28 11:03:28,3770.45,54668,1,3763.23,40313,44501,0.4917377398720634,0
2023-07-28 11:03:28,3769.05,54668,8,3763.23,40313,44501,0.4544243070362522,0
2023-07-28 11:03:34,3769.05,54686,8,3763.23,40326,44483,0.4544243070362522,0
2023-07-28 11:03:34,3769.05,54686,8,3763.23,40327,44482,0.4544243070362522,0
2023-07-28 11:03:34,3769.05,54686,8,3763.23,40331,44482,0.4544243070362522,0
2023-07-28 11:03:34,3769.05,54686,8,3763.23,40345,44467,0.4544243070362522,0
2023-07-28 11:03:34,3769.05,54686,8,3763.23,40345,44472,0.4544243070362522,0
2023-07-28 11:03:34,3769.05,54686,8,3763.23,40336,44473,0.4544243070362522,0
2023-07-28 11:03:34,3769.05,54686,8,3763.23,40348,44473,0.4544243070362522,0
2023-07-28 11:03:34,3770.1,54686,3,3763.23,40348,44473,0.4824093816631106,0
2023-07-28 11:04:04,3770.1,54689,3,3763.23,40345,44524,0.4824093816631106,0
2023-07-28 11:04:04,3770.1,54689,3,3763.23,40359,44514,0.4824093816631106,0
2023-07-28 11:04:04,3770.1,54689,3,3763.23,40359,44533,0.4824093816631106,0
2023-07-28 11:04:04,3770.1,54689,3,3763.23,40359,44554,0.4824093816631106,0
2023-07-28 11:04:04,3770.45,54689,1,3763.23,40359,44554,0.4917377398720634,0
2023-07-28 11:04:25,3770.45,54690,1,3763.23,40305,44561,0.4917377398720634,0
2023-07-28 11:04:25,3769.05,54690,2,3763.23,40305,44561,0.4544243070362522,0
2023-07-28 11:04:25,3769.05,54690,4,3763.23,40305,44561,0.4544243070362522,0
2023-07-28 11:04:29,3770.3,54720,1,3763.23,40243,44626,0.4877398720682351,0
2023-07-28 11:04:32,3770.3,54721,1,3763.23,40535,44622,0.4877398720682351,0
2023-07-28 11:04:32,3770.3,54721,1,3763.23,40561,44637,0.4877398720682351,0
2023-07-28 11:04:32,3769.85,54721,5,3763.23,40561,44637,0.475746268656714,0
2023-07-28 11:04:45,3769.4,54730,3,3763.24,40631,44632,0.463752665245205,0
2023-07-28 11:04:45,3770.3,54730,3,3763.24,40631,44632,0.4877398720682351,0
2023-07-28 11:04:45,3769.4,54730,13,3763.24,40631,44632,0.463752665245205,0
2023-07-28 11:04:45,3770.3,54730,1,3763.24,40631,44632,0.4877398720682351,0
2023-07-28 11:04:50,3770.3,54747,1,3763.24,40592,44600,0.4877398720682351,0
2023-07-28 11:04:50,3770.3,54747,1,3763.24,40948,44646,0.4877398720682351,0
2023-07-28 11:04:50,3770.0,54747,5,3763.24,40948,44646,0.47974413646055436,0
2023-07-28 11:05:01,3770.0,54752,5,3763.24,40921,44635,0.47974413646055436,0
2023-07-28 11:05:01,3769.45,54752,49,3763.24,40921,44635,0.465085287846477,0
2023-07-28 11:05:01,3770.0,54752,12,3763.24,40921,44635,0.47974413646055436,0
2023-07-28 11:05:04,3769.95,54819,4,3763.25,40680,44640,0.4784115138592702,0
2023-07-28 11:05:04,3769.05,54819,1,3763.25,40680,44640,0.4544243070362522,0
2023-07-28 11:05:04,3768.2,54819,1,3763.25,40680,44640,0.4317697228144941,0
2023-07-28 11:05:10,3768.2,54896,1,3763.25,40630,44625,0.4317697228144941,0
2023-07-28 11:05:10,3769.95,54896,2,3763.25,40630,44625,0.4784115138592702,0
2023-07-28 11:05:10,3769.95,54896,9,3763.25,40630,44625,0.4784115138592702,0
2023-07-28 11:05:13,3770.05,54938,6,3763.26,40955,44616,0.48107675906183855,0
2023-07-28 11:05:15,3770.0,55013,1,3763.27,40999,44597,0.47974413646055436,0
2023-07-28 11:05:15,3770.0,55013,1,3763.27,40999,44597,0.47974413646055436,0
2023-07-28 11:05:19,3770.0,55017,1,3763.27,41064,44549,0.47974413646055436,0
2023-07-28 11:05:19,3770.0,55017,1,3763.27,41064,44549,0.47974413646055436,0
2023-07-28 11:05:19,3769.75,55017,14,3763.27,41064,44549,0.47308102345415776,0
2023-07-28 11:05:19,3769.75,55017,14,3763.27,41064,44549,0.47308102345415776,0
2023-07-28 11:05:19,3769.5,55017,25,3763.27,41064,44549,0.4664179104477612,0
2023-07-28 11:05:19,3769.5,55017,25,3763.27,41064,44549,0.4664179104477612,0
2023-07-28 11:05:19,3769.5,55017,25,3763.27,41064,44549,0.4664179104477612,0
2023-07-28 11:05:19,3769.5,55017,25,3763.27,41064,44549,0.4664179104477612,0
2023-07-28 11:05:26,3770.05,55059,3,3763.27,41042,44534,0.48107675906183855,0
2023-07-28 11:05:26,3769.9,55059,1,3763.27,41042,44534,0.4770788912579982,0
2023-07-28 11:05:29,3769.9,55075,1,3763.27,41059,44569,0.4770788912579982,0
2023-07-28 11:05:29,3769.5,55075,32,3763.27,41059,44569,0.4664179104477612,0
2023-07-28 11:05:29,3769.55,55075,55,3763.27,41059,44569,0.46775053304904535,0
2023-07-28 11:05:36,3770.05,55184,6,3763.29,40915,44599,0.48107675906183855,0
2023-07-28 11:05:36,3769.55,55184,12,3763.29,40915,44599,0.46775053304904535,0
2023-07-28 11:05:40,3769.55,55245,12,3763.29,40877,44591,0.46775053304904535,0
2023-07-28 11:05:40,3770.05,55245,1,3763.29,40877,44591,0.48107675906183855,0
2023-07-28 11:05:42,3770.05,55246,1,3763.29,40891,44641,0.48107675906183855,0
2023-07-28 11:05:42,3770.0,55246,50,3763.29,40891,44641,0.47974413646055436,0
2023-07-28 11:05:42,3770.35,55246,8,3763.29,40891,44641,0.4890724946695072,0
2023-07-28 11:05:49,3769.55,55409,1,3763.31,40472,44619,0.46775053304904535,0
2023-07-28 11:05:49,3769.2,55409,5,3763.31,40472,44619,0.45842217484008047,0
2023-07-28 11:05:50,3769.2,55463,5,3763.32,40780,44560,0.45842217484008047,0
2023-07-28 11:05:50,3769.2,55463,5,3763.32,40805,44622,0.45842217484008047,0
2023-07-28 11:05:50,3770.35,55463,17,3763.32,40805,44622,0.4890724946695072,0
2023-07-28 11:06:01,3770.35,55512,17,3763.33,40809,44596,0.4890724946695072,0
2023-07-28 11:06:01,3770.35,55512,17,3763.33,40794,44593,0.4890724946695072,0
2023-07-28 11:06:01,3770.0,55512,11,3763.33,40794,44593,0.47974413646055436,0
2023-07-28 11:06:01,3770.35,55512,4,3763.33,40794,44593,0.4890724946695072,0
2023-07-28 11:06:11,3770.35,55595,4,3763.34,40723,44595,0.4890724946695072,0
2023-07-28 11:06:11,3770.35,55595,4,3763.34,40789,44590,0.4890724946695072,0
2023-07-28 11:06:11,3770.0,55595,4,3763.34,40789,44590,0.47974413646055436,0
2023-07-28 11:06:20,3770.35,55599,1,3763.34,40769,44637,0.4890724946695072,0
2023-07-28 11:06:20,3770.2,55599,5,3763.34,40769,44637,0.48507462686566677,0
2023-07-28 11:06:24,3770.0,55623,1,3763.34,40723,44478,0.47974413646055436,0
2023-07-28 11:06:24,3769.7,55623,75,3763.34,40723,44478,0.4717484008528736,0
2023-07-28 11:06:29,3769.7,55711,75,3763.35,40681,44529,0.4717484008528736,0
2023-07-28 11:06:29,3770.0,55711,4,3763.35,40681,44529,0.47974413646055436,0
2023-07-28 11:06:29,3770.35,55711,5,3763.35,40681,44529,0.4890724946695072,0
2023-07-28 11:06:33,3770.35,55765,5,3763.36,40360,44544,0.4890724946695072,0
2023-07-28 11:06:33,3770.35,55765,3,3763.36,40360,44544,0.4890724946695072,0
2023-07-28 11:06:34,3770.35,55768,3,3763.36,40332,44536,0.4890724946695072,0
2023-07-28 11:06:34,3770.35,55768,3,3763.36,40323,44490,0.4890724946695072,0
2023-07-28 11:06:34,3770.35,55768,1,3763.36,40323,44490,0.4890724946695072,0
2023-07-28 11:06:47,3770.35,55769,1,3763.36,40662,44474,0.4890724946695072,0
2023-07-28 11:06:47,3770.3,55769,1,3763.36,40662,44474,0.4877398720682351,0
2023-07-28 11:06:47,3767.05,55769,12,3763.36,40662,44474,0.4011194029850795,0
2023-07-28 11:06:50,3767.05,55993,12,3763.38,40085,44805,0.4011194029850795,0
2023-07-28 11:06:50,3769.85,55993,11,3763.38,40085,44805,0.475746268656714,0
2023-07-28 11:06:52,3769.85,56004,11,3763.38,40221,44645,0.475746268656714,0
2023-07-28 11:06:52,3770.25,56004,70,3763.38,40221,44645,0.48640724946695096,0
2023-07-28 11:06:57,3770.25,56075,70,3763.39,40168,44655,0.48640724946695096,0
2023-07-28 11:06:57,3770.25,56075,2,3763.39,40168,44655,0.48640724946695096,0
2023-07-28 11:07:01,3770.0,56078,1,3763.39,40100,44609,0.47974413646055436,0
2023-07-28 11:07:09,3769.2,56091,10,3763.39,40128,44593,0.45842217484008047,0
2023-07-28 11:07:09,3770.0,56091,1,3763.39,40128,44593,0.47974413646055436,0
2023-07-28 11:07:09,3769.6,56091,2,3763.39,40128,44593,0.4690831556503174,0
2023-07-28 11:07:13,3770.0,56110,1,3763.39,40165,44562,0.47974413646055436,0
2023-07-28 11:07:13,3770.0,56110,34,3763.39,40165,44562,0.47974413646055436,0
2023-07-28 11:07:17,3770.0,56145,34,3763.4,40131,44579,0.47974413646055436,0
2023-07-28 11:07:17,3770.0,56145,1,3763.4,40131,44579,0.47974413646055436,0
2023-07-28 11:07:18,3770.0,56146,1,3763.4,40142,44585,0.47974413646055436,0
2023-07-28 11:07:18,3769.9,56146,2,3763.4,40142,44585,0.4770788912579982,0
2023-07-28 11:07:25,3769.9,56148,2,3763.4,40158,44531,0.4770788912579982,0
2023-07-28 11:07:25,3769.9,56148,2,3763.4,40158,44531,0.4770788912579982,0
2023-07-28 11:07:29,3769.9,56157,2,3763.4,40143,44608,0.4770788912579982,0
2023-07-28 11:07:29,3769.9,56157,3,3763.4,40143,44608,0.4770788912579982,0
2023-07-28 11:07:30,3769.85,56160,2,3763.4,40143,44562,0.475746268656714,0
2023-07-28 11:07:30,3769.9,56160,1,3763.4,40143,44562,0.4770788912579982,0
2023-07-28 11:07:37,3769.9,56163,1,3763.4,40161,44472,0.4770788912579982,0
2023-07-28 11:07:37,3770.0,56163,2,3763.4,40151,44551,0.47974413646055436,0
2023-07-28 11:07:37,3770.0,56163,1,3763.4,40151,44551,0.47974413646055436,0
2023-07-28 11:07:45,3770.0,56166,1,3763.4,40177,44594,0.47974413646055436,0
2023-07-28 11:07:45,3770.0,56166,1,3763.4,40177,44594,0.47974413646055436,0
2023-07-28 11:07:49,3770.0,56200,1,3763.4,40164,44601,0.47974413646055436,0
2023-07-28 11:07:49,3770.0,56200,3,3763.4,40164,44601,0.47974413646055436,0
2023-07-28 11:07:49,3770.0,56200,20,3763.4,40164,44601,0.47974413646055436,0
2023-07-28 11:07:56,3770.0,56258,10,3763.41,40201,44526,0.47974413646055436,0
2023-07-28 11:07:56,3770.0,56258,10,3763.41,40164,44550,0.47974413646055436,0
2023-07-28 11:07:56,3769.15,56258,2,3763.41,40164,44550,0.45708955223880837,0
2023-07-28 11:08:02,3769.15,56278,2,3763.41,40155,44575,0.45708955223880837,0
2023-07-28 11:08:02,3768.1,56278,6,3763.41,40155,44575,0.4291044776119379,0
2023-07-28 11:08:09,3768.1,56288,6,3763.41,40779,44722,0.4291044776119379,0
2023-07-28 11:08:09,3768.05,56288,18,3763.41,40779,44722,0.42777185501066584,0
2023-07-28 11:08:14,3768.05,56309,3,3763.41,40751,44655,0.42777185501066584,0
2023-07-28 11:08:14,3768.05,56309,3,3763.41,40747,44580,0.42777185501066584,0
2023-07-28 11:08:14,3766.0,56309,52,3763.41,40747,44580,0.373134328358209,0
2023-07-28 11:08:14,3766.0,56309,42,3763.41,40747,44580,0.373134328358209,0
2023-07-28 11:08:14,3766.0,56309,42,3763.41,40747,44580,0.373134328358209,0
2023-07-28 11:08:14,3766.0,56309,42,3763.41,40747,44580,0.373134328358209,0
2023-07-28 11:08:14,3766.0,56309,42,3763.41,40747,44580,0.373134328358209,0
2023-07-28 11:08:14,3766.0,56309,42,3763.41,40747,44580,0.373134328358209,0
2023-07-28 11:08:14,3766.0,56309,42,3763.41,40747,44580,0.373134328358209,0
2023-07-28 11:08:14,3766.0,56309,42,3763.41,40747,44580,0.373134328358209,0
2023-07-28 11:08:14,3766.0,56309,42,3763.41,40747,44580,0.373134328358209,0
2023-07-28 11:08:14,3766.0,56309,42,3763.41,40747,44580,0.373134328358209,0
2023-07-28 11:08:14,3766.0,56309,42,3763.41,40747,44580,0.373134328358209,0
2023-07-28 11:08:22,3766.0,56779,42,3763.45,39497,44892,0.373134328358209,0
2023-07-28 11:08:22,3766.0,56779,6,3763.45,39497,44892,0.373134328358209,0
2023-07-28 11:08:29,3766.0,56791,6,3763.45,39622,44832,0.373134328358209,0
2023-07-28 11:08:29,3766.0,56791,6,3763.45,39757,44637,0.373134328358209,0
2023-07-28 11:08:29,3768.35,56791,3,3763.45,39757,44637,0.4357675906183345,0
2023-07-28 11:08:38,3768.35,56794,3,3763.45,39772,44658,0.4357675906183345,0
2023-07-28 11:08:38,3767.85,56794,8,3763.45,39772,44658,0.42244136460554127,0
2023-07-28 11:08:38,3767.85,56794,13,3763.45,39772,44658,0.42244136460554127,0
2023-07-28 11:08:49,3767.85,56832,13,3763.45,39771,44635,0.42244136460554127,0
2023-07-28 11:08:49,3767.85,56832,13,3763.45,39697,44672,0.42244136460554127,0
2023-07-28 11:08:49,3767.85,56832,13,3763.45,39685,44679,0.42244136460554127,0
2023-07-28 11:09:02,3768.1,56857,17,3763.45,39687,44742,0.4291044776119379,0
2023-07-28 11:09:02,3768.35,56857,3,3763.45,39687,44742,0.4357675906183345,0
2023-07-28 11:09:03,3768.35,56862,3,3763.45,39701,44660,0.4357675906183345,0
2023-07-28 11:09:08,3768.25,56877,4,3763.46,38310,44668,0.43310234541577824,0
2023-07-28 11:09:09,3768.25,56890,6,3763.46,39685,44652,0.43310234541577824,0
2023-07-28 11:09:09,3768.25,56890,6,3763.46,39685,44652,0.43310234541577824,0
2023-07-28 11:09:09,3768.25,56890,6,3763.46,39685,44645,0.43310234541577824,0
2023-07-28 11:09:09,3768.35,56890,1,3763.46,39685,44644,0.4357675906183345,0
2023-07-28 11:09:13,3768.35,56891,1,3763.46,39716,44602,0.4357675906183345,0
2023-07-28 11:09:13,3768.35,56891,1,3763.46,38341,44553,0.4357675906183345,0
2023-07-28 11:09:13,3768.35,56891,1,3763.46,38341,44553,0.4357675906183345,0
2023-07-28 11:09:16,3768.35,56892,1,3763.46,39722,44601,0.4357675906183345,0
2023-07-28 11:09:16,3768.35,56892,1,3763.46,38347,44622,0.4357675906183345,0
2023-07-28 11:09:16,3768.35,56892,3,3763.46,38347,44622,0.4357675906183345,0
2023-07-28 11:09:18,3768.4,56895,2,3763.46,39700,44674,0.4371002132196186,0
2023-07-28 11:09:18,3768.4,56895,3,3763.46,39700,44674,0.4371002132196186,0
2023-07-28 11:09:20,3768.4,56900,3,3763.46,39723,44740,0.4371002132196186,0
2023-07-28 11:09:20,3768.4,56900,3,3763.46,39724,44742,0.4371002132196186,0
2023-07-28 11:09:23,3768.4,56905,5,3763.46,39723,44737,0.4371002132196186,0
2023-07-28 11:09:23,3766.05,57005,10,3763.46,39632,44757,0.3744669509594931,0
2023-07-28 11:09:23,3766.05,57005,10,3763.46,39708,44775,0.3744669509594931,0
2023-07-28 11:09:23,3766.25,57005,21,3763.46,39708,44779,0.3797974413646055,0
2023-07-28 11:09:27,3766.25,57046,21,3763.47,39833,44762,0.3797974413646055,0
2023-07-28 11:09:27,3766.25,57046,21,3763.47,39840,44777,0.3797974413646055,0
2023-07-28 11:09:29,3766.1,57049,3,3763.47,40059,44768,0.37579957356076515,0
2023-07-28 11:09:29,3766.1,57049,3,3763.47,39968,44754,0.37579957356076515,0
2023-07-28 11:09:29,3766.1,57049,3,3763.47,39968,44754,0.37579957356076515,0
2023-07-28 11:09:29,3765.95,57049,1,3763.47,39968,44754,0.3718017057569248,0
2023-07-28 11:09:32,3765.95,57050,1,3763.47,39572,44747,0.3718017057569248,0
2023-07-28 11:09:32,3765.5,57050,1,3763.47,40278,44762,0.35980810234541577,0
2023-07-28 11:09:34,3765.5,57054,1,3763.47,40510,44700,0.35980810234541577,0
2023-07-28 11:09:34,3765.5,57054,1,3763.47,40510,44684,0.35980810234541577,0
2023-07-28 11:09:34,3765.5,57054,1,3763.47,40473,44672,0.35980810234541577,0
2023-07-28 11:09:39,3765.45,57059,5,3763.47,40584,44776,0.35847547974413163,0
2023-07-28 11:09:39,3765.45,57059,5,3763.47,40571,44766,0.35847547974413163,0
2023-07-28 11:09:39,3765.45,57059,5,3763.47,39331,44661,0.35847547974413163,0
2023-07-28 11:09:39,3765.45,57059,5,3763.47,38091,44682,0.35847547974413163,0
2023-07-28 11:09:39,3765.1,57059,1,3763.47,38091,44682,0.3491471215351788,0
2023-07-28 11:09:44,3765.1,57060,1,3763.47,38126,44679,0.3491471215351788,0
2023-07-28 11:09:46,3765.05,57068,8,3763.47,39515,44645,0.34781449893390676,0
2023-07-28 11:09:46,3765.05,57068,8,3763.47,39495,44641,0.34781449893390676,0
2023-07-28 11:09:46,3765.05,57068,8,3763.47,39475,44646,0.34781449893390676,0
2023-07-28 11:09:46,3765.05,57068,8,3763.47,39446,44649,0.34781449893390676,0
2023-07-28 11:09:46,3765.05,57068,12,3763.47,39446,44649,0.34781449893390676,0
2023-07-28 11:09:49,3765.05,57080,12,3763.47,39484,44663,0.34781449893390676,0
2023-07-28 11:09:49,3765.05,57080,12,3763.47,39449,44711,0.34781449893390676,0
2023-07-28 11:09:49,3765.05,57080,12,3763.47,39437,44716,0.34781449893390676,0
2023-07-28 11:09:49,3765.05,57080,12,3763.47,39514,44764,0.34781449893390676,0
2023-07-28 11:09:54,3765.05,57084,4,3763.47,38092,44633,0.34781449893390676,0
2023-07-28 11:09:54,3765.05,57084,4,3763.47,39458,44602,0.34781449893390676,0
2023-07-28 11:09:54,3765.05,57084,4,3763.47,39440,44644,0.34781449893390676,0
2023-07-28 11:09:54,3765.05,57084,4,3763.47,39458,44666,0.34781449893390676,0
2023-07-28 11:09:54,3765.05,57084,4,3763.47,39472,44702,0.34781449893390676,0
2023-07-28 11:09:54,3765.05,57084,4,3763.47,39455,44701,0.34781449893390676,0
2023-07-28 11:09:54,3765.05,57084,4,3763.47,39469,44689,0.34781449893390676,0
2023-07-28 11:09:54,3765.05,57084,4,3763.47,39503,44652,0.34781449893390676,0
2023-07-28 11:09:54,3765.05,57084,4,3763.47,39548,44652,0.34781449893390676,0
2023-07-28 11:09:54,3765.05,57084,4,3763.47,39556,44645,0.34781449893390676,0
2023-07-28 11:09:54,3765.45,57084,1,3763.47,39556,44645,0.35847547974413163,0
2023-07-28 11:10:06,3765.45,57085,1,3763.47,39482,44687,0.35847547974413163,0
2023-07-28 11:10:06,3765.45,57085,1,3763.47,39483,44700,0.35847547974413163,0
2023-07-28 11:10:06,3765.45,57085,1,3763.47,39483,44700,0.35847547974413163,0
2023-07-28 11:10:07,3765.45,57086,1,3763.47,39520,44652,0.35847547974413163,0
2023-07-28 11:10:07,3765.45,57086,1,3763.47,39529,44652,0.35847547974413163,0
2023-07-28 11:10:09,3765.4,57090,2,3763.47,39532,44617,0.3571428571428596,0
2023-07-28 11:10:09,3765.4,57090,2,3763.47,39535,44617,0.3571428571428596,0
2023-07-28 11:10:09,3765.4,57090,2,3763.47,39488,44660,0.3571428571428596,0
2023-07-28 11:10:13,3764.0,57177,9,3763.47,38235,44751,0.31982942430703626,0
2023-07-28 11:10:13,3764.0,57177,9,3763.47,38362,44773,0.31982942430703626,0
2023-07-28 11:10:13,3763.05,57177,2,3763.47,38362,44773,0.29450959488273404,0
2023-07-28 11:10:14,3763.05,57188,2,3763.47,39122,44186,0.29450959488273404,0
2023-07-28 11:10:14,3763.05,57188,2,3763.47,39315,44697,0.29450959488273404,0
2023-07-28 11:10:14,3763.05,57188,5,3763.47,39295,44746,0.29450959488273404,0
2023-07-28 11:10:17,3763.05,57199,5,3763.47,39288,44685,0.29450959488273404,0
2023-07-28 11:10:17,3763.05,57199,5,3763.47,39259,44701,0.29450959488273404,0
2023-07-28 11:10:17,3763.05,57199,5,3763.47,39261,44706,0.29450959488273404,0
2023-07-28 11:10:17,3763.05,57199,5,3763.47,39261,44713,0.29450959488273404,0
2023-07-28 11:10:21,3763.05,57202,1,3763.47,39141,44647,0.29450959488273404,0
2023-07-28 11:10:21,3763.05,57202,1,3763.47,39273,44655,0.29450959488273404,0
2023-07-28 11:10:21,3763.05,57202,1,3763.47,39273,44647,0.29450959488273404,0
2023-07-28 11:10:21,3763.05,57202,1,3763.47,39273,44647,0.29450959488273404,0
2023-07-28 11:10:21,3763.05,57202,1,3763.47,39263,44661,0.29450959488273404,0
2023-07-28 11:10:21,3763.05,57202,1,3763.47,39277,44639,0.29450959488273404,0
2023-07-28 11:10:21,3763.05,57202,1,3763.47,39179,44625,0.29450959488273404,0
2023-07-28 11:10:29,3762.35,57204,1,3763.47,39237,44603,0.2758528784648163,0
2023-07-28 11:10:31,3762.35,57209,4,3763.47,39327,44709,0.2758528784648163,0
2023-07-28 11:10:31,3760.35,57209,2,3763.47,39327,44709,0.22254797441364363,0
2023-07-28 11:10:32,3760.35,57248,2,3763.47,38953,44696,0.22254797441364363,0
2023-07-28 11:10:32,3760.35,57248,2,3763.47,38066,44674,0.22254797441364363,0
2023-07-28 11:10:34,3760.5,57258,6,3763.47,39364,44671,0.226545842217484,0
2023-07-28 11:10:34,3760.5,57258,6,3763.47,39366,44670,0.226545842217484,0
2023-07-28 11:10:34,3762.2,57258,1,3763.47,39369,44673,0.27185501066097595,0
2023-07-28 11:10:36,3760.35,57284,4,3763.46,39411,44569,0.22254797441364363,0
2023-07-28 11:10:36,3760.35,57284,4,3763.46,39357,44718,0.22254797441364363,0
2023-07-28 11:10:39,3760.0,57392,2,3763.46,39234,44672,0.21321961620469082,0
2023-07-28 11:10:39,3760.0,57392,2,3763.46,39493,44530,0.21321961620469082,0
2023-07-28 11:10:39,3760.0,57392,2,3763.46,39503,44515,0.21321961620469082,0
2023-07-28 11:10:39,3760.0,57392,2,3763.46,39520,44542,0.21321961620469082,0
2023-07-28 11:10:39,3762.3,57392,1,3763.46,39520,44542,0.2745202558635443,0
2023-07-28 11:10:44,3762.3,57393,1,3763.46,39422,44529,0.2745202558635443,0
2023-07-28 11:10:44,3762.3,57393,1,3763.46,38045,44527,0.2745202558635443,0
2023-07-28 11:10:44,3762.3,57393,1,3763.46,39498,44526,0.2745202558635443,0
2023-07-28 11:10:44,3762.35,57393,2,3763.46,39484,44522,0.2758528784648163,0
2023-07-28 11:10:47,3762.35,57413,2,3763.46,39453,44490,0.2758528784648163,0
2023-07-28 11:10:49,3761.0,57427,1,3763.46,39548,44403,0.23987206823027718,0
2023-07-28 11:10:50,3761.0,57453,4,3763.46,39514,44462,0.23987206823027718,0
2023-07-28 11:10:50,3762.8,57460,1,3763.46,39518,44455,0.2878464818763375,0
2023-07-28 11:10:50,3762.8,57460,1,3763.46,39519,44455,0.2878464818763375,0
2023-07-28 11:10:50,3762.8,57460,1,3763.46,39525,44480,0.2878464818763375,0
2023-07-28 11:10:50,3762.8,57460,1,3763.46,39484,44466,0.2878464818763375,0
2023-07-28 11:10:50,3762.8,57460,1,3763.46,39511,44465,0.2878464818763375,0
2023-07-28 11:10:50,3762.8,57460,1,3763.46,39511,44465,0.2878464818763375,0
2023-07-28 11:10:50,3762.8,57460,1,3763.46,39508,44490,0.2878464818763375,0
2023-07-28 11:10:50,3762.8,57460,1,3763.46,39540,44467,0.2878464818763375,0
2023-07-28 11:10:50,3762.8,57460,1,3763.46,39546,44398,0.2878464818763375,0
2023-07-28 11:10:50,3762.8,57460,1,3763.46,39585,44382,0.2878464818763375,0
2023-07-28 11:10:50,3762.8,57460,1,3763.46,39594,44411,0.2878464818763375,0
2023-07-28 11:10:50,3762.8,57460,1,3763.46,39544,44401,0.2878464818763375,0
2023-07-28 11:10:50,3762.8,57460,1,3763.46,39542,44435,0.2878464818763375,0
2023-07-28 11:10:50,3762.8,57460,1,3763.46,39563,44406,0.2878464818763375,0
2023-07-28 11:10:50,3762.35,57460,3,3763.46,39559,44399,0.2758528784648163,0
2023-07-28 11:11:09,3761.95,57480,13,3763.46,38156,44442,0.2651918976545794,0
2023-07-28 11:11:09,3762.35,57480,26,3763.46,38163,44460,0.2758528784648163,0
2023-07-28 11:11:11,3762.8,57517,4,3763.45,39560,44373,0.2878464818763375,0
2023-07-28 11:11:12,3762.8,57540,4,3763.45,39537,44377,0.2878464818763375,0
2023-07-28 11:11:12,3762.8,57540,4,3763.45,39538,44377,0.2878464818763375,0
2023-07-28 11:11:12,3762.8,57540,4,3763.45,39551,44377,0.2878464818763375,0
2023-07-28 11:11:12,3762.8,57540,4,3763.45,39551,44377,0.2878464818763375,0
2023-07-28 11:11:12,3762.8,57540,4,3763.45,39547,44377,0.2878464818763375,0
2023-07-28 11:11:12,3763.05,57540,22,3763.45,39563,44377,0.29450959488273404,0
2023-07-28 11:11:19,3763.05,57567,2,3763.45,39563,44309,0.29450959488273404,0
2023-07-28 11:11:19,3761.95,57648,37,3763.45,39591,44356,0.2651918976545794,0
2023-07-28 11:11:19,3761.95,57648,37,3763.45,39602,44330,0.2651918976545794,0
2023-07-28 11:11:19,3761.95,57648,37,3763.45,38198,44379,0.2651918976545794,0
2023-07-28 11:11:19,3761.95,57648,37,3763.45,39546,44379,0.2651918976545794,0
2023-07-28 11:11:19,3761.95,57648,37,3763.45,38155,44439,0.2651918976545794,0
2023-07-28 11:11:25,3762.95,57650,1,3763.45,39560,44396,0.2918443496801657,0
2023-07-28 11:11:25,3762.95,57650,1,3763.45,39560,44396,0.2918443496801657,0
2023-07-28 11:11:26,3761.25,57651,1,3763.45,39543,44492,0.24653518123667378,0
2023-07-28 11:11:26,3761.25,57735,5,3763.45,39610,44258,0.24653518123667378,0
2023-07-28 11:11:26,3761.25,57735,5,3763.45,39627,44374,0.24653518123667378,0
2023-07-28 11:11:26,3761.25,57735,5,3763.45,39627,44374,0.24653518123667378,0
2023-07-28 11:11:26,3761.25,57735,5,3763.45,39613,44374,0.24653518123667378,0
2023-07-28 11:11:29,3762.0,57748,9,3763.45,39596,44373,0.26652452025586354,0
2023-07-28 11:11:29,3762.0,57748,9,3763.45,39559,44373,0.26652452025586354,0
2023-07-28 11:11:29,3762.0,57748,9,3763.45,39562,44373,0.26652452025586354,0
2023-07-28 11:11:29,3762.0,57748,9,3763.45,39531,44374,0.26652452025586354,0
2023-07-28 11:11:29,3762.0,57748,9,3763.45,39531,44374,0.26652452025586354,0
2023-07-28 11:11:29,3762.0,57748,9,3763.45,39531,44374,0.26652452025586354,0
2023-07-28 11:11:29,3762.0,57748,9,3763.45,39531,44416,0.26652452025586354,0
2023-07-28 11:11:29,3762.0,57748,9,3763.45,39517,44406,0.26652452025586354,0
2023-07-28 11:11:29,3762.0,57748,9,3763.45,39517,44409,0.26652452025586354,0
2023-07-28 11:11:29,3762.0,57748,9,3763.45,39504,44403,0.26652452025586354,0
2023-07-28 11:11:29,3762.0,57748,9,3763.45,39524,44416,0.26652452025586354,0
2023-07-28 11:11:29,3762.0,57748,9,3763.45,39512,44416,0.26652452025586354,0
2023-07-28 11:11:29,3762.0,57748,9,3763.45,39535,44405,0.26652452025586354,0
2023-07-28 11:11:29,3762.0,57748,9,3763.45,39535,44405,0.26652452025586354,0
2023-07-28 11:11:45,3762.85,57749,1,3763.45,39548,44404,0.2891791044776095,0
2023-07-28 11:11:45,3762.85,57749,1,3763.45,39568,44383,0.2891791044776095,0
2023-07-28 11:11:47,3762.85,57757,8,3763.45,39572,44389,0.2891791044776095,0
2023-07-28 11:11:47,3762.85,57757,8,3763.45,39561,44396,0.2891791044776095,0
2023-07-28 11:11:47,3762.8,57757,4,3763.45,39561,44396,0.2878464818763375,0
2023-07-28 11:11:50,3762.85,57777,8,3763.45,39601,44334,0.2891791044776095,0
2023-07-28 11:11:50,3762.85,57777,8,3763.45,39553,44384,0.2891791044776095,0
2023-07-28 11:11:50,3762.85,57777,8,3763.45,39556,44414,0.2891791044776095,0
2023-07-28 11:11:50,3762.85,57777,8,3763.45,39559,44403,0.2891791044776095,0
2023-07-28 11:11:50,3762.85,57777,8,3763.45,39570,44391,0.2891791044776095,0
2023-07-28 11:11:50,3762.85,57777,8,3763.45,39559,44392,0.2891791044776095,0
2023-07-28 11:11:50,3762.85,57777,8,3763.45,39559,44392,0.2891791044776095,0
2023-07-28 11:11:50,3762.85,57777,8,3763.45,39571,44390,0.2891791044776095,0
2023-07-28 11:11:50,3762.85,57777,8,3763.45,39571,44364,0.2891791044776095,0
2023-07-28 11:11:50,3762.85,57777,8,3763.45,39575,44364,0.2891791044776095,0
2023-07-28 11:11:50,3762.85,57777,2,3763.45,39575,44364,0.2891791044776095,0
2023-07-28 11:12:01,3762.85,57781,2,3763.45,39530,44346,0.2891791044776095,0
2023-07-28 11:12:02,3762.35,57787,6,3763.45,38127,44365,0.2758528784648163,0
2023-07-28 11:12:03,3762.35,57799,1,3763.45,39572,44313,0.2758528784648163,0
2023-07-28 11:12:03,3762.35,57799,1,3763.45,39539,44322,0.2758528784648163,0
2023-07-28 11:12:03,3762.3,57799,3,3763.45,39539,44379,0.2745202558635443,0
2023-07-28 11:12:07,3761.0,57809,1,3763.45,39522,44464,0.23987206823027718,0
2023-07-28 11:12:07,3761.0,57809,1,3763.45,39523,44483,0.23987206823027718,0
2023-07-28 11:12:07,3761.0,57809,1,3763.45,39538,44486,0.23987206823027718,0
2023-07-28 11:12:07,3761.0,57809,2,3763.45,39538,44486,0.23987206823027718,0
2023-07-28 11:12:09,3761.0,57812,1,3763.45,39801,44446,0.23987206823027718,0
2023-07-28 11:12:10,3761.0,57813,1,3763.45,39746,44461,0.23987206823027718,0
2023-07-28 11:12:10,3761.0,57813,1,3763.45,39746,44461,0.23987206823027718,0
2023-07-28 11:12:10,3761.0,57813,1,3763.45,39776,44446,0.23987206823027718,0
2023-07-28 11:12:14,3761.25,57840,18,3763.45,39716,44364,0.24653518123667378,0
2023-07-28 11:12:14,3761.25,57840,18,3763.45,39735,44378,0.24653518123667378,0
2023-07-28 11:12:14,3761.25,57840,18,3763.45,39755,44370,0.24653518123667378,0
2023-07-28 11:12:14,3761.25,57840,18,3763.45,39779,44394,0.24653518123667378,0
2023-07-28 11:12:22,3763.0,58252,8,3763.44,39900,44185,0.2931769722814499,0
2023-07-28 11:12:22,3763.0,58252,8,3763.44,39909,44214,0.2931769722814499,0
2023-07-28 11:12:22,3763.0,58252,8,3763.44,39792,44389,0.2931769722814499,0
2023-07-28 11:12:22,3763.0,58252,8,3763.44,39831,44345,0.2931769722814499,0
2023-07-28 11:12:22,3763.0,58252,8,3763.44,38475,44319,0.2931769722814499,0
2023-07-28 11:12:22,3762.95,58252,57,3763.44,38475,44319,0.2918443496801657,0
2023-07-28 11:12:27,3762.95,58349,57,3763.44,39753,44287,0.2918443496801657,0
2023-07-28 11:12:27,3762.95,58349,57,3763.44,39751,44306,0.2918443496801657,0
2023-07-28 11:12:29,3761.95,58362,1,3763.44,39752,44311,0.2651918976545794,0
2023-07-28 11:12:29,3761.95,58362,1,3763.44,38378,44296,0.2651918976545794,0
2023-07-28 11:12:32,3762.95,58372,10,3763.44,39788,44262,0.2918443496801657,0
2023-07-28 11:12:32,3762.95,58372,10,3763.44,39784,43852,0.2918443496801657,0
2023-07-28 11:12:32,3762.95,58372,10,3763.44,39514,44242,0.2918443496801657,0
2023-07-28 11:12:35,3761.95,58468,2,3763.44,39404,44315,0.2651918976545794,0
2023-07-28 11:12:35,3761.95,58468,2,3763.44,39448,44338,0.2651918976545794,0
2023-07-28 11:12:35,3761.95,58468,2,3763.44,39448,44338,0.2651918976545794,0
2023-07-28 11:12:35,3761.95,58468,2,3763.44,39448,44343,0.2651918976545794,0
2023-07-28 11:12:35,3761.95,58468,2,3763.44,38071,44301,0.2651918976545794,0
2023-07-28 11:12:35,3762.4,58468,3,3763.44,38071,44301,0.2771855010661005,0
2023-07-28 11:12:39,3762.4,58471,3,3763.44,39456,44277,0.2771855010661005,0
2023-07-28 11:12:41,3761.95,58473,2,3763.44,39457,44306,0.2651918976545794,0
2023-07-28 11:12:41,3761.95,58473,2,3763.44,39455,44270,0.2651918976545794,0
2023-07-28 11:12:41,3761.95,58473,2,3763.44,39408,44321,0.2651918976545794,0
2023-07-28 11:12:41,3761.95,58473,2,3763.44,39412,44321,0.2651918976545794,0
2023-07-28 11:12:41,3761.95,58473,2,3763.44,39412,44321,0.2651918976545794,0
2023-07-28 11:12:41,3761.95,58473,2,3763.44,39422,44328,0.2651918976545794,0
2023-07-28 11:12:41,3761.3,58473,7,3763.44,39422,44328,0.24786780383795795,0
2023-07-28 11:12:47,3761.3,58519,7,3763.44,39344,44424,0.24786780383795795,0
2023-07-28 11:12:47,3761.3,58519,7,3763.44,39344,44389,0.24786780383795795,0
2023-07-28 11:12:49,3761.3,58531,9,3763.44,39440,44294,0.24786780383795795,0
2023-07-28 11:12:49,3761.3,58531,9,3763.44,39766,44240,0.24786780383795795,0
2023-07-28 11:12:49,3761.3,58531,9,3763.44,39782,44235,0.24786780383795795,0
2023-07-28 11:12:49,3761.3,58531,9,3763.44,39745,44315,0.24786780383795795,0
2023-07-28 11:12:49,3761.3,58531,9,3763.44,39732,44299,0.24786780383795795,0
2023-07-28 11:12:49,3761.0,58531,1,3763.44,39732,44299,0.23987206823027718,0
2023-07-28 11:12:54,3761.0,58532,1,3763.44,39489,44289,0.23987206823027718,0
2023-07-28 11:12:54,3761.0,58532,1,3763.44,39489,44271,0.23987206823027718,0
2023-07-28 11:12:54,3761.0,58532,1,3763.44,39489,44274,0.23987206823027718,0
2023-07-28 11:12:54,3761.0,58532,18,3763.44,39489,44274,0.23987206823027718,0
2023-07-28 11:12:58,3761.0,58550,18,3763.44,39490,44291,0.23987206823027718,0
2023-07-28 11:12:58,3761.0,58550,18,3763.44,39490,44295,0.23987206823027718,0
2023-07-28 11:12:58,3761.0,58550,18,3763.44,39522,44346,0.23987206823027718,0
2023-07-28 11:12:58,3761.0,58550,18,3763.44,39522,44372,0.23987206823027718,0
2023-07-28 11:12:58,3761.0,58550,18,3763.44,39533,44333,0.23987206823027718,0
2023-07-28 11:12:58,3761.0,58550,18,3763.44,39572,44331,0.23987206823027718,0
2023-07-28 11:12:58,3761.0,58550,18,3763.44,39545,44348,0.23987206823027718,0
2023-07-28 11:12:58,3761.0,58550,18,3763.44,38184,44346,0.23987206823027718,0
2023-07-28 11:12:58,3761.0,58550,18,3763.44,39560,44357,0.23987206823027718,0
2023-07-28 11:12:58,3761.0,58550,18,3763.44,39549,44348,0.23987206823027718,0
2023-07-28 11:12:58,3761.0,58550,4,3763.44,39549,44348,0.23987206823027718,0
2023-07-28 11:13:09,3761.0,58562,4,3763.43,39555,44081,0.23987206823027718,0
2023-07-28 11:13:09,3761.0,58562,4,3763.43,39537,44208,0.23987206823027718,0
2023-07-28 11:13:09,3761.0,58562,4,3763.43,39537,44381,0.23987206823027718,0
2023-07-28 11:13:13,3761.0,58563,1,3763.43,40034,44355,0.23987206823027718,0
2023-07-28 11:13:13,3761.0,58563,1,3763.43,38370,44402,0.23987206823027718,0
2023-07-28 11:13:13,3761.0,58563,1,3763.43,39761,44388,0.23987206823027718,0
2023-07-28 11:13:13,3761.0,58563,1,3763.43,39782,44388,0.23987206823027718,0
2023-07-28 11:13:13,3761.0,58563,1,3763.43,39782,44388,0.23987206823027718,0
2023-07-28 11:13:13,3761.0,58563,1,3763.43,39782,44388,0.23987206823027718,0
2023-07-28 11:13:13,3761.0,58563,1,3763.43,39783,44388,0.23987206823027718,0
2023-07-28 11:13:13,3761.0,58563,1,3763.43,39798,44322,0.23987206823027718,0
2023-07-28 11:13:13,3761.0,58563,1,3763.43,39771,43830,0.23987206823027718,0
2023-07-28 11:13:13,3761.0,58563,1,3763.43,39762,43878,0.23987206823027718,0
2023-07-28 11:13:13,3761.0,58563,1,3763.43,40042,43801,0.23987206823027718,0
2023-07-28 11:13:26,3761.0,58569,2,3763.43,39925,43692,0.23987206823027718,0
2023-07-28 11:13:26,3761.0,58569,2,3763.43,39866,43819,0.23987206823027718,0
2023-07-28 11:13:26,3761.0,58569,2,3763.43,39590,43819,0.23987206823027718,0
2023-07-28 11:13:29,3760.7,58572,2,3763.43,39676,43884,0.23187633262259644,0
2023-07-28 11:13:29,3760.7,58572,2,3763.43,39649,43886,0.23187633262259644,0
2023-07-28 11:13:29,3760.7,58572,2,3763.43,39614,43875,0.23187633262259644,0
2023-07-28 11:13:29,3760.7,58572,2,3763.43,39673,43875,0.23187633262259644,0
2023-07-28 11:13:29,3760.7,58572,10,3763.43,39673,43875,0.23187633262259644,0
2023-07-28 11:13:33,3760.7,58582,10,3763.43,39608,43733,0.23187633262259644,0
2023-07-28 11:13:33,3760.7,58582,10,3763.43,39652,43892,0.23187633262259644,0
2023-07-28 11:13:33,3760.7,58582,10,3763.43,39475,43930,0.23187633262259644,0
2023-07-28 11:13:33,3760.7,58582,10,3763.43,39489,43878,0.23187633262259644,0
2023-07-28 11:13:37,3760.7,58584,2,3763.43,39476,43909,0.23187633262259644,0
2023-07-28 11:13:37,3760.7,58584,2,3763.43,39964,43877,0.23187633262259644,0
2023-07-28 11:13:37,3760.7,58584,2,3763.43,39389,43863,0.23187633262259644,0
2023-07-28 11:13:37,3760.7,58584,2,3763.43,39439,43813,0.23187633262259644,0
2023-07-28 11:13:37,3760.7,58584,2,3763.43,38035,43872,0.23187633262259644,0
2023-07-28 11:13:37,3760.7,58584,2,3763.43,39422,43868,0.23187633262259644,0
2023-07-28 11:13:37,3760.7,58584,2,3763.43,39411,43868,0.23187633262259644,0
2023-07-28 11:13:37,3760.7,58584,2,3763.43,39603,44100,0.23187633262259644,0
2023-07-28 11:13:37,3760.7,58584,2,3763.43,39652,44077,0.23187633262259644,0
2023-07-28 11:13:37,3760.7,58584,2,3763.43,39653,44084,0.23187633262259644,0
2023-07-28 11:13:37,3760.7,58584,2,3763.43,39645,44084,0.23187633262259644,0
2023-07-28 11:13:37,3760.7,58584,2,3763.43,39655,44086,0.23187633262259644,0
2023-07-28 11:13:49,3761.0,58593,8,3763.43,39698,44074,0.23987206823027718,0
2023-07-28 11:13:49,3761.0,58593,8,3763.43,39390,44095,0.23987206823027718,0
2023-07-28 11:13:49,3761.0,58593,8,3763.43,39402,44085,0.23987206823027718,0
2023-07-28 11:13:53,3760.85,58611,16,3763.43,39363,44057,0.2358742004264368,0
2023-07-28 11:13:53,3760.35,58611,1,3763.43,39363,44057,0.22254797441364363,0
2023-07-28 11:13:53,3761.0,58611,1,3763.43,39363,44057,0.23987206823027718,0
2023-07-28 11:13:55,3761.0,58615,1,3763.43,39232,44075,0.23987206823027718,0
2023-07-28 11:13:55,3761.0,58615,1,3763.43,39226,44156,0.23987206823027718,0
2023-07-28 11:13:55,3761.0,58615,1,3763.43,39226,44159,0.23987206823027718,0
2023-07-28 11:13:55,3761.0,58615,1,3763.43,39227,44159,0.23987206823027718,0
2023-07-28 11:13:55,3761.0,58615,1,3763.43,39242,44147,0.23987206823027718,0
2023-07-28 11:13:55,3761.0,58615,1,3763.43,39233,44111,0.23987206823027718,0
2023-07-28 11:13:55,3761.0,58615,1,3763.43,39233,44111,0.23987206823027718,0
2023-07-28 11:13:55,3761.0,58615,1,3763.43,39274,44128,0.23987206823027718,0
2023-07-28 11:13:55,3761.0,58615,1,3763.43,39213,44025,0.23987206823027718,0
2023-07-28 11:13:55,3761.0,58615,1,3763.43,39167,44022,0.23987206823027718,0
2023-07-28 11:13:55,3761.0,58615,1,3763.43,37844,43997,0.23987206823027718,0
2023-07-28 11:13:55,3761.0,58615,27,3763.43,39219,44004,0.23987206823027718,0
2023-07-28 11:14:07,3761.0,58667,27,3763.43,39110,44065,0.23987206823027718,0
2023-07-28 11:14:07,3761.0,58667,14,3763.43,39110,44065,0.23987206823027718,0
2023-07-28 11:14:09,3761.0,58681,14,3763.43,39097,44070,0.23987206823027718,0
2023-07-28 11:14:09,3761.0,58681,14,3763.43,39345,44070,0.23987206823027718,0
2023-07-28 11:14:09,3761.0,58681,14,3763.43,39345,44070,0.23987206823027718,0
2023-07-28 11:14:09,3761.0,58681,14,3763.43,39468,44083,0.23987206823027718,0
2023-07-28 11:14:09,3761.0,58681,14,3763.43,39419,44083,0.23987206823027718,0
2023-07-28 11:14:09,3761.0,58681,14,3763.43,39419,44092,0.23987206823027718,0
2023-07-28 11:14:09,3761.0,58681,14,3763.43,38044,44116,0.23987206823027718,0
2023-07-28 11:14:09,3761.0,58681,14,3763.43,39442,44145,0.23987206823027718,0
2023-07-28 11:14:09,3761.0,58681,49,3763.43,39470,44055,0.23987206823027718,0
2023-07-28 11:14:19,3761.0,58740,49,3763.43,39375,44106,0.23987206823027718,0
2023-07-28 11:14:19,3761.0,58740,49,3763.43,39435,44078,0.23987206823027718,0
2023-07-28 11:14:19,3761.0,58740,49,3763.43,39393,44126,0.23987206823027718,0
2023-07-28 11:14:19,3761.0,58740,49,3763.43,39393,44129,0.23987206823027718,0
2023-07-28 11:14:19,3761.85,58740,3,3763.43,39444,44084,0.26252665245202317,0
2023-07-28 11:14:24,3761.85,58743,3,3763.43,39391,44028,0.26252665245202317,0
2023-07-28 11:14:24,3761.85,58743,3,3763.43,39391,44028,0.26252665245202317,0
2023-07-28 11:14:24,3761.85,58743,3,3763.43,39401,44105,0.26252665245202317,0
2023-07-28 11:14:24,3761.85,58743,3,3763.43,39401,44105,0.26252665245202317,0
2023-07-28 11:14:24,3761.85,58743,3,3763.43,39422,44093,0.26252665245202317,0
2023-07-28 11:14:24,3761.85,58743,3,3763.43,39422,44093,0.26252665245202317,0
2023-07-28 11:14:24,3761.85,58743,3,3763.43,39441,44070,0.26252665245202317,0
2023-07-28 11:14:24,3761.0,58743,1,3763.43,39441,44070,0.23987206823027718,0
2023-07-28 11:14:29,3761.0,58765,4,3763.43,39299,44168,0.23987206823027718,0
2023-07-28 11:14:29,3761.0,58765,4,3763.43,39432,43981,0.23987206823027718,0
2023-07-28 11:14:29,3761.0,58765,4,3763.43,39382,44024,0.23987206823027718,0
2023-07-28 11:14:29,3761.0,58765,4,3763.43,39383,44063,0.23987206823027718,0
2023-07-28 11:14:29,3761.65,58765,4,3763.43,39385,44031,0.25719616204691076,0
2023-07-28 11:14:34,3761.65,58769,4,3763.43,39348,44057,0.25719616204691076,0
2023-07-28 11:14:34,3761.65,58769,4,3763.43,39352,44042,0.25719616204691076,0
2023-07-28 11:14:34,3761.65,58769,4,3763.43,39352,44040,0.25719616204691076,0
2023-07-28 11:14:34,3761.65,58769,4,3763.43,39341,44038,0.25719616204691076,0
2023-07-28 11:14:34,3761.65,58769,4,3763.43,39348,44022,0.25719616204691076,0
2023-07-28 11:14:34,3761.65,58769,4,3763.43,39348,44041,0.25719616204691076,0
2023-07-28 11:14:34,3761.65,58769,4,3763.43,39664,43971,0.25719616204691076,0
2023-07-28 11:14:34,3761.65,58769,4,3763.43,39664,43984,0.25719616204691076,0
2023-07-28 11:14:43,3761.9,58772,1,3763.43,39471,44309,0.2638592750533073,0
2023-07-28 11:14:43,3761.9,58772,1,3763.43,39650,44294,0.2638592750533073,0
2023-07-28 11:14:43,3761.9,58772,1,3763.43,39623,44382,0.2638592750533073,0
2023-07-28 11:14:43,3761.9,58772,1,3763.43,39623,44367,0.2638592750533073,0
2023-07-28 11:14:43,3761.9,58772,1,3763.43,39612,44367,0.2638592750533073,0
2023-07-28 11:14:43,3761.9,58772,1,3763.43,39582,44358,0.2638592750533073,0
2023-07-28 11:14:43,3761.9,58772,1,3763.43,39591,44321,0.2638592750533073,0
2023-07-28 11:14:49,3761.0,58774,1,3763.43,39382,44396,0.23987206823027718,0
2023-07-28 11:14:49,3761.0,58774,1,3763.43,39350,44247,0.23987206823027718,0
2023-07-28 11:14:49,3761.0,58774,1,3763.43,39350,44272,0.23987206823027718,0
2023-07-28 11:14:53,3760.05,58775,1,3763.43,39363,44344,0.214552238805975,0
2023-07-28 11:14:53,3760.05,58775,1,3763.43,39400,43714,0.214552238805975,0
2023-07-28 11:14:53,3760.0,58775,1,3763.43,39400,43714,0.21321961620469082,0
2023-07-28 11:14:54,3760.0,58861,1,3763.42,39262,44472,0.21321961620469082,0
2023-07-28 11:14:54,3760.0,58861,1,3763.42,39264,44415,0.21321961620469082,0
2023-07-28 11:14:54,3759.65,58861,17,3763.42,39264,44415,0.20389125799573804,0
2023-07-28 11:14:57,3759.65,58878,17,3763.42,39246,44466,0.20389125799573804,0
2023-07-28 11:14:57,3759.65,58878,17,3763.42,39342,44399,0.20389125799573804,0
2023-07-28 11:14:57,3759.65,58878,17,3763.42,39342,44423,0.20389125799573804,0
2023-07-28 11:14:57,3759.65,58878,17,3763.42,39342,44419,0.20389125799573804,0
2023-07-28 11:15:01,3759.65,58879,1,3763.42,39365,44381,0.20389125799573804,0
2023-07-28 11:15:01,3759.65,58879,1,3763.42,39365,44371,0.20389125799573804,0
2023-07-28 11:15:04,3760.0,58892,13,3763.42,39262,44326,0.21321961620469082,0
2023-07-28 11:15:04,3760.0,58892,13,3763.42,39261,44317,0.21321961620469082,0
2023-07-28 11:15:04,3760.0,58892,13,3763.42,39225,44363,0.21321961620469082,0
2023-07-28 11:15:04,3760.0,58892,13,3763.42,39228,44382,0.21321961620469082,0
2023-07-28 11:15:08,3759.95,58893,1,3763.42,39241,44333,0.21188699360340665,0
2023-07-28 11:15:09,3759.85,58905,10,3763.42,39224,44326,0.20922174840085045,0
2023-07-28 11:15:09,3759.85,58905,10,3763.42,39279,44302,0.20922174840085045,0
2023-07-28 11:15:09,3759.85,58905,10,3763.42,39232,44306,0.20922174840085045,0
2023-07-28 11:15:09,3759.85,58905,10,3763.42,39215,44625,0.20922174840085045,0
2023-07-28 11:15:14,3760.0,58918,1,3763.42,39231,44583,0.21321961620469082,0
2023-07-28 11:15:14,3760.0,58918,1,3763.42,39213,44592,0.21321961620469082,0
2023-07-28 11:15:14,3760.0,58918,2,3763.42,39213,44592,0.21321961620469082,0
2023-07-28 11:15:16,3761.0,58921,1,3763.42,39187,44549,0.23987206823027718,0
2023-07-28 11:15:16,3761.0,58921,1,3763.42,39257,44501,0.23987206823027718,0
2023-07-28 11:15:16,3761.0,58921,1,3763.42,39263,44507,0.23987206823027718,0
2023-07-28 11:15:16,3761.0,58921,1,3763.42,39246,44532,0.23987206823027718,0
2023-07-28 11:15:16,3761.0,58921,1,3763.42,39199,44513,0.23987206823027718,0
2023-07-28 11:15:21,3759.25,58996,10,3763.41,39354,44520,0.19323027718550106,0
2023-07-28 11:15:21,3759.25,58996,10,3763.41,39356,44513,0.19323027718550106,0
2023-07-28 11:15:21,3759.25,58996,10,3763.41,39383,44527,0.19323027718550106,0
2023-07-28 11:15:21,3759.25,58996,10,3763.41,39378,44477,0.19323027718550106,0
2023-07-28 11:15:21,3759.25,58996,10,3763.41,39426,44463,0.19323027718550106,0
2023-07-28 11:15:21,3759.25,58996,10,3763.41,39378,44513,0.19323027718550106,0
2023-07-28 11:15:21,3760.0,58996,13,3763.41,39378,44513,0.21321961620469082,0
2023-07-28 11:15:29,3760.0,59009,13,3763.41,39208,44413,0.21321961620469082,0
2023-07-28 11:15:29,3760.0,59009,13,3763.41,39210,44427,0.21321961620469082,0
2023-07-28 11:15:29,3760.0,59009,13,3763.41,39288,44379,0.21321961620469082,0
2023-07-28 11:15:33,3760.3,59080,56,3763.41,39245,44363,0.2212153518123716,0
2023-07-28 11:15:34,3761.0,59103,23,3763.41,39248,44390,0.23987206823027718,0
2023-07-28 11:15:34,3760.95,59103,25,3763.41,39248,44390,0.238539445628993,0
2023-07-28 11:15:37,3760.95,59128,25,3763.41,39230,44356,0.238539445628993,0
2023-07-28 11:15:37,3760.95,59128,25,3763.41,39234,44382,0.238539445628993,0
2023-07-28 11:15:37,3760.95,59128,25,3763.41,39234,44334,0.238539445628993,0
2023-07-28 11:15:37,3760.95,59128,25,3763.41,39382,44409,0.238539445628993,0
2023-07-28 11:15:37,3760.95,59128,25,3763.41,39372,44409,0.238539445628993,0
2023-07-28 11:15:37,3760.95,59128,25,3763.41,39377,44454,0.238539445628993,0
2023-07-28 11:15:37,3760.95,59128,25,3763.41,39379,44452,0.238539445628993,0
2023-07-28 11:15:37,3760.95,59128,25,3763.41,39345,44414,0.238539445628993,0
2023-07-28 11:15:37,3760.95,59128,25,3763.41,39345,44484,0.238539445628993,0
2023-07-28 11:15:37,3761.05,59128,1,3763.41,39345,44484,0.24120469083156135,0
2023-07-28 11:15:47,3761.05,59138,1,3763.41,39353,44512,0.24120469083156135,0
2023-07-28 11:15:48,3761.35,59179,22,3763.4,39388,44603,0.24920042643923,0
2023-07-28 11:15:48,3761.35,59179,22,3763.4,39358,44628,0.24920042643923,0
2023-07-28 11:15:48,3760.75,59179,7,3763.4,39358,44628,0.2332089552238806,0
2023-07-28 11:15:49,3760.75,59189,7,3763.4,39338,44645,0.2332089552238806,0
2023-07-28 11:15:50,3761.65,59382,6,3763.4,39651,44438,0.25719616204691076,0
2023-07-28 11:15:53,3761.65,59390,8,3763.4,39652,44482,0.25719616204691076,0
2023-07-28 11:15:53,3761.65,59390,8,3763.4,39692,44502,0.25719616204691076,0
2023-07-28 11:15:53,3761.65,59390,8,3763.4,39691,44502,0.25719616204691076,0
2023-07-28 11:15:55,3761.65,59398,8,3763.4,39693,44502,0.25719616204691076,0
2023-07-28 11:15:55,3761.65,59398,8,3763.4,39694,44502,0.25719616204691076,0
2023-07-28 11:15:55,3761.65,59398,8,3763.4,39694,44502,0.25719616204691076,0
2023-07-28 11:15:58,3761.65,59406,8,3763.4,39688,44502,0.25719616204691076,0
2023-07-28 11:15:58,3761.65,59406,8,3763.4,39714,44502,0.25719616204691076,0
2023-07-28 11:15:58,3761.65,59406,8,3763.4,39712,44502,0.25719616204691076,0
2023-07-28 11:15:58,3761.95,59406,22,3763.4,39712,44502,0.2651918976545794,0
2023-07-28 11:16:00,3761.95,59462,22,3763.4,39681,44486,0.2651918976545794,0
2023-07-28 11:16:00,3761.95,59462,22,3763.4,39721,44489,0.2651918976545794,0
2023-07-28 11:16:00,3763.9,59462,1,3763.4,39721,44489,0.31716417910448,0
2023-07-28 11:16:02,3763.9,59492,1,3763.39,39621,44496,0.31716417910448,0
2023-07-28 11:16:02,3763.9,59492,1,3763.39,39669,44393,0.31716417910448,0
2023-07-28 11:16:02,3763.85,59492,6,3763.39,39663,44403,0.3158315565031959,0
2023-07-28 11:16:05,3763.85,59499,6,3763.39,39655,44414,0.3158315565031959,0
2023-07-28 11:16:07,3762.85,59504,3,3763.39,39681,44392,0.2891791044776095,0
2023-07-28 11:16:07,3762.85,59504,3,3763.39,39676,44431,0.2891791044776095,0
2023-07-28 11:16:07,3762.85,59504,3,3763.39,39659,44431,0.2891791044776095,0
2023-07-28 11:16:07,3762.85,59504,11,3763.39,39659,44431,0.2891791044776095,0
2023-07-28 11:16:09,3762.85,59517,11,3763.39,39778,44421,0.2891791044776095,0
2023-07-28 11:16:09,3762.85,59517,11,3763.39,39779,44454,0.2891791044776095,0
2023-07-28 11:16:09,3763.4,59517,4,3763.39,38391,44445,0.3038379530916869,0
2023-07-28 11:16:12,3763.4,59524,4,3763.39,39789,44402,0.3038379530916869,0
2023-07-28 11:16:12,3763.4,59524,4,3763.39,39786,44402,0.3038379530916869,0
2023-07-28 11:16:12,3763.95,59524,25,3763.39,39786,44402,0.31849680170575206,0
2023-07-28 11:16:16,3763.95,59549,25,3763.39,39787,44372,0.31849680170575206,0
2023-07-28 11:16:16,3763.95,59549,25,3763.39,39787,44372,0.31849680170575206,0
2023-07-28 11:16:16,3763.95,59549,25,3763.39,39729,44428,0.31849680170575206,0
2023-07-28 11:16:16,3763.95,59549,25,3763.39,39729,44433,0.31849680170575206,0
2023-07-28 11:16:16,3763.95,59549,25,3763.39,39735,44433,0.31849680170575206,0
2023-07-28 11:16:16,3763.95,59549,25,3763.39,39748,44433,0.31849680170575206,0
2023-07-28 11:16:23,3763.95,59555,6,3763.4,39766,44349,0.31849680170575206,0
2023-07-28 11:16:24,3763.95,59558,1,3763.4,39744,44400,0.31849680170575206,0
2023-07-28 11:16:24,3763.95,59558,1,3763.4,39744,44409,0.31849680170575206,0
2023-07-28 11:16:24,3763.95,59558,15,3763.4,39744,44404,0.31849680170575206,0
2023-07-28 11:16:26,3763.95,59573,5,3763.4,39743,44394,0.31849680170575206,0
2023-07-28 11:16:27,3763.95,59578,5,3763.4,39757,44372,0.31849680170575206,0
2023-07-28 11:16:27,3763.95,59578,1,3763.4,39757,44372,0.31849680170575206,0
2023-07-28 11:16:28,3763.95,59579,1,3763.4,39757,44181,0.31849680170575206,0
2023-07-28 11:16:28,3763.9,59579,1,3763.4,39757,44181,0.31716417910448,0
2023-07-28 11:16:29,3763.9,59591,1,3763.4,39771,44181,0.31716417910448,0
2023-07-28 11:16:31,3763.95,59592,1,3763.4,39774,44183,0.31849680170575206,0
2023-07-28 11:16:31,3763.95,59592,6,3763.4,39774,44183,0.31849680170575206,0
2023-07-28 11:16:31,3763.95,59598,6,3763.4,39847,44128,0.31849680170575206,0
2023-07-28 11:16:31,3763.95,59598,6,3763.4,39785,44200,0.31849680170575206,0
2023-07-28 11:16:31,3763.95,59598,6,3763.4,40067,43564,0.31849680170575206,0
2023-07-28 11:16:31,3763.95,59598,6,3763.4,40052,43543,0.31849680170575206,0
2023-07-28 11:16:31,3763.95,59598,6,3763.4,40037,43949,0.31849680170575206,0
2023-07-28 11:16:31,3763.95,59598,6,3763.4,40040,43959,0.31849680170575206,0
2023-07-28 11:16:31,3763.95,59598,6,3763.4,39988,43999,0.31849680170575206,0
2023-07-28 11:16:31,3763.95,59598,6,3763.4,39938,44060,0.31849680170575206,0
2023-07-28 11:16:31,3763.95,59598,6,3763.4,40013,44013,0.31849680170575206,0
2023-07-28 11:16:31,3763.95,59598,6,3763.4,40002,44014,0.31849680170575206,0
2023-07-28 11:16:31,3763.95,59598,6,3763.4,39985,44010,0.31849680170575206,0
2023-07-28 11:16:31,3763.95,59598,6,3763.4,39953,44059,0.31849680170575206,0
2023-07-28 11:16:31,3763.95,59598,6,3763.4,39930,44098,0.31849680170575206,0
2023-07-28 11:16:31,3765.9,59598,1,3763.4,39930,44098,0.37046908315565275,0
2023-07-28 11:16:44,3765.9,59599,1,3763.4,39977,44029,0.37046908315565275,0
2023-07-28 11:16:44,3765.9,59599,1,3763.4,39964,44048,0.37046908315565275,0
2023-07-28 11:16:44,3765.9,59599,1,3763.4,39981,44041,0.37046908315565275,0
2023-07-28 11:16:44,3765.9,59599,2,3763.4,39981,44041,0.37046908315565275,0
2023-07-28 11:16:47,3765.85,59601,1,3763.4,39926,44084,0.36913646055436855,0
2023-07-28 11:16:48,3765.85,59603,1,3763.4,39934,44093,0.36913646055436855,0
2023-07-28 11:16:48,3765.8,59603,12,3763.4,39934,44093,0.3678038379530965,0
2023-07-28 11:16:49,3765.85,59616,3,3763.4,39877,44100,0.36913646055436855,0
2023-07-28 11:16:50,3765.85,59619,3,3763.4,39944,44015,0.36913646055436855,0
2023-07-28 11:16:52,3765.8,59632,3,3763.4,39921,44077,0.3678038379530965,0
2023-07-28 11:16:52,3765.8,59632,3,3763.4,39925,44041,0.3678038379530965,0
2023-07-28 11:16:52,3765.8,59632,3,3763.4,39951,44011,0.3678038379530965,0
2023-07-28 11:16:52,3768.1,59632,13,3763.4,39951,44011,0.4291044776119379,0
2023-07-28 11:16:55,3768.1,60043,13,3763.43,39963,43812,0.4291044776119379,0
2023-07-28 11:16:57,3767.7,60063,1,3763.43,39947,43403,0.4184434968017009,0
2023-07-28 11:16:57,3767.7,60063,1,3763.43,40145,43635,0.4184434968017009,0
2023-07-28 11:16:57,3767.7,60063,1,3763.43,40115,44106,0.4184434968017009,0
2023-07-28 11:16:57,3767.7,60063,1,3763.43,40188,44120,0.4184434968017009,0
2023-07-28 11:16:57,3767.7,60063,1,3763.43,40114,44231,0.4184434968017009,0
2023-07-28 11:16:57,3767.7,60063,1,3763.43,39620,44181,0.4184434968017009,0
2023-07-28 11:16:57,3767.85,60063,1,3763.43,39620,44181,0.42244136460554127,0
2023-07-28 11:17:03,3767.85,60066,2,3763.43,40074,44090,0.42244136460554127,0
2023-07-28 11:17:03,3767.85,60066,2,3763.43,40074,44090,0.42244136460554127,0
2023-07-28 11:17:04,3766.4,60084,1,3763.43,39889,44309,0.3837953091684459,0
2023-07-28 11:17:04,3766.4,60084,1,3763.43,39889,44348,0.3837953091684459,0
2023-07-28 11:17:04,3766.4,60084,1,3763.43,39926,44241,0.3837953091684459,0
2023-07-28 11:17:04,3766.85,60084,3,3763.43,39926,44241,0.3957889125799549,0
2023-07-28 11:17:06,3766.85,60087,3,3763.43,39971,44289,0.3957889125799549,0
2023-07-28 11:17:06,3766.85,60087,3,3763.43,39842,44256,0.3957889125799549,0
2023-07-28 11:17:09,3766.85,60099,1,3763.43,39990,44248,0.3957889125799549,0
2023-07-28 11:17:09,3766.85,60099,1,3763.43,39995,44254,0.3957889125799549,0
2023-07-28 11:17:09,3766.85,60099,1,3763.43,39997,44256,0.3957889125799549,0
2023-07-28 11:17:09,3766.85,60099,1,3763.43,39993,44104,0.3957889125799549,0
2023-07-28 11:17:09,3766.85,60099,1,3763.43,37443,43971,0.3957889125799549,0
2023-07-28 11:17:09,3766.85,60099,1,3763.43,39960,44237,0.3957889125799549,0
2023-07-28 11:17:09,3766.85,60099,1,3763.43,38600,44229,0.3957889125799549,0
2023-07-28 11:17:16,3767.6,60103,4,3763.43,38535,44193,0.4157782515991447,0
2023-07-28 11:17:16,3767.6,60103,4,3763.43,38544,44225,0.4157782515991447,0
2023-07-28 11:17:16,3767.6,60103,4,3763.43,38629,44215,0.4157782515991447,0
2023-07-28 11:17:16,3767.6,60103,4,3763.43,38594,44209,0.4157782515991447,0
2023-07-28 11:17:16,3767.6,60103,4,3763.43,39984,44231,0.4157782515991447,0
2023-07-28 11:17:16,3767.6,60103,4,3763.43,38592,44282,0.4157782515991447,0
2023-07-28 11:17:16,3767.6,60103,4,3763.43,38563,44275,0.4157782515991447,0
2023-07-28 11:17:16,3767.6,60103,4,3763.43,39943,44249,0.4157782515991447,0
2023-07-28 11:17:24,3767.85,60165,2,3763.43,38622,43776,0.42244136460554127,0
2023-07-28 11:17:24,3767.85,60165,2,3763.43,38622,43776,0.42244136460554127,0
2023-07-28 11:17:24,3767.85,60165,2,3763.43,40226,44062,0.42244136460554127,0
2023-07-28 11:17:24,3767.85,60165,2,3763.43,40226,44062,0.42244136460554127,0
