2023-07-28 10:49:26,2170.0,147263,25,2176.5,82334,102643,0.36306454223804585,0
2023-07-28 10:49:26,2170.0,147263,25,2176.5,82334,102712,0.36306454223804585,0
2023-07-28 10:49:26,2170.0,147263,25,2176.5,82217,102699,0.36306454223804585,0
2023-07-28 10:49:34,2170.0,147542,150,2176.48,81823,102925,0.36306454223804585,0
2023-07-28 10:49:34,2170.0,147542,64,2176.48,82010,102800,0.36306454223804585,0
2023-07-28 10:49:36,2170.0,147642,36,2176.48,82088,102652,0.36306454223804585,0
2023-07-28 10:49:36,2170.0,147642,36,2176.48,82088,102652,0.36306454223804585,0
2023-07-28 10:49:36,2170.0,147642,3,2176.48,82081,102652,0.36306454223804585,0
2023-07-28 10:49:38,2170.0,147652,3,2176.48,82261,102638,0.36306454223804585,0
2023-07-28 10:49:38,2170.0,147652,3,2176.48,82257,102559,0.36306454223804585,0
2023-07-28 10:49:38,2170.0,147652,3,2176.48,82322,102559,0.36306454223804585,0
2023-07-28 10:49:38,2170.0,147652,3,2176.48,82364,102559,0.36306454223804585,0
2023-07-28 10:49:38,2170.0,147652,3,2176.48,82404,102559,0.36306454223804585,0
2023-07-28 10:49:38,2170.0,147652,3,2176.48,82404,102559,0.36306454223804585,0
2023-07-28 10:49:44,2169.1,147697,8,2176.48,82321,102566,0.3214393080960996,0
2023-07-28 10:49:44,2169.1,147697,8,2176.48,81679,102610,0.3214393080960996,0
2023-07-28 10:49:44,2169.1,147697,8,2176.48,82320,102630,0.3214393080960996,0
2023-07-28 10:49:44,2169.1,147697,8,2176.48,82320,102564,0.3214393080960996,0
2023-07-28 10:49:44,2169.1,147697,8,2176.48,82319,102561,0.3214393080960996,0
2023-07-28 10:49:44,2169.1,147697,8,2176.48,82319,102604,0.3214393080960996,0
2023-07-28 10:49:44,2169.1,147697,8,2176.48,82319,102604,0.3214393080960996,0
2023-07-28 10:49:44,2169.1,147697,8,2176.48,82319,102604,0.3214393080960996,0
2023-07-28 10:49:44,2169.05,147697,18,2176.48,82319,102604,0.31912679508822656,0
2023-07-28 10:49:56,2169.05,147736,18,2176.47,82975,102590,0.31912679508822656,0
2023-07-28 10:49:57,2169.0,147737,1,2176.47,82966,101135,0.31681428208033247,0
2023-07-28 10:49:57,2169.0,147737,25,2176.47,82966,101135,0.31681428208033247,0
2023-07-28 10:49:58,2169.0,147771,25,2176.47,80849,102955,0.31681428208033247,0
2023-07-28 10:49:58,2169.0,147771,25,2176.47,81964,102942,0.31681428208033247,0
2023-07-28 10:50:01,2168.1,147805,13,2176.47,81889,102928,0.2751890479383862,0
2023-07-28 10:50:01,2168.1,147805,13,2176.47,81921,102958,0.2751890479383862,0
2023-07-28 10:50:01,2168.1,147805,13,2176.47,81912,102950,0.2751890479383862,0
2023-07-28 10:50:04,2169.1,147815,8,2176.47,81915,102797,0.3214393080960996,0
2023-07-28 10:50:04,2169.1,147815,8,2176.47,81915,102744,0.3214393080960996,0
2023-07-28 10:50:04,2169.1,147815,8,2176.47,82226,102390,0.3214393080960996,0
2023-07-28 10:50:04,2169.95,147815,7,2176.47,82226,102390,0.36075202923015176,0
2023-07-28 10:50:12,2169.95,147822,7,2176.47,81855,102195,0.36075202923015176,0
2023-07-28 10:50:12,2169.95,147822,7,2176.47,81850,102246,0.36075202923015176,0
2023-07-28 10:50:12,2169.95,147822,7,2176.47,81850,102246,0.36075202923015176,0
2023-07-28 10:50:12,2169.1,147822,4,2176.47,81850,102246,0.3214393080960996,0
2023-07-28 10:50:12,2169.1,147822,4,2176.47,81850,102246,0.3214393080960996,0
2023-07-28 10:50:12,2169.1,147822,4,2176.47,81850,102246,0.3214393080960996,0
2023-07-28 10:50:21,2169.1,147826,4,2176.47,82091,102376,0.3214393080960996,0
2023-07-28 10:50:21,2169.1,147826,4,2176.47,82091,102376,0.3214393080960996,0
2023-07-28 10:50:21,2169.1,147826,4,2176.47,82091,102376,0.3214393080960996,0
2023-07-28 10:50:21,2169.1,147826,4,2176.47,82091,102376,0.3214393080960996,0
2023-07-28 10:50:21,2168.15,147826,3,2176.47,82091,102376,0.2775015609462803,0
2023-07-28 10:50:26,2168.15,147866,3,2176.47,81889,102170,0.2775015609462803,0
2023-07-28 10:50:26,2170.0,147866,34,2176.47,81889,102170,0.36306454223804585,0
2023-07-28 10:50:30,2170.0,147944,34,2176.46,80288,102211,0.36306454223804585,0
2023-07-28 10:50:30,2168.75,147944,2,2176.46,80288,102211,0.30525171704090415,0
2023-07-28 10:50:30,2168.75,147944,21,2176.46,80288,102211,0.30525171704090415,0
2023-07-28 10:50:41,2168.75,147988,21,2176.46,82161,102164,0.30525171704090415,0
2023-07-28 10:50:41,2170.0,147988,15,2176.46,82161,102164,0.36306454223804585,0
2023-07-28 10:50:41,2170.0,147988,30,2176.46,82161,102164,0.36306454223804585,0
2023-07-28 10:50:41,2169.95,147988,20,2176.46,82161,102164,0.36075202923015176,0
2023-07-28 10:50:41,2169.95,147988,1,2176.46,82161,102164,0.36075202923015176,0
2023-07-28 10:50:46,2169.95,148067,1,2176.46,82139,102362,0.36075202923015176,0
2023-07-28 10:50:46,2169.95,148067,1,2176.46,82662,102195,0.36075202923015176,0
2023-07-28 10:50:46,2168.65,148067,3,2176.46,82662,102195,0.300626691025137,0
2023-07-28 10:50:46,2169.95,148067,1,2176.46,82662,102195,0.36075202923015176,0
2023-07-28 10:50:46,2170.0,148067,51,2176.46,82662,102195,0.36306454223804585,0
2023-07-28 10:50:55,2170.0,148182,51,2176.45,83448,101666,0.36306454223804585,0
2023-07-28 10:50:55,2169.95,148182,5,2176.45,83448,101666,0.36075202923015176,0
2023-07-28 10:50:55,2169.25,148182,18,2176.45,83448,101666,0.32837684711976084,0
2023-07-28 10:50:59,2169.25,148205,18,2176.45,83893,101811,0.32837684711976084,0
2023-07-28 10:50:59,2169.05,148205,17,2176.45,83893,101811,0.31912679508822656,0
2023-07-28 10:51:01,2169.05,148243,17,2176.45,83013,101708,0.31912679508822656,0
2023-07-28 10:51:01,2169.05,148243,17,2176.45,82975,101898,0.31912679508822656,0
2023-07-28 10:51:08,2171.0,148248,5,2176.45,82977,101912,0.40931480239575924,0
2023-07-28 10:51:08,2171.0,148248,5,2176.45,83020,101872,0.40931480239575924,0
2023-07-28 10:51:08,2171.0,148248,5,2176.45,83008,101924,0.40931480239575924,0
2023-07-28 10:51:08,2170.95,148248,7,2176.45,83008,101924,0.40700228938786515,0
2023-07-28 10:51:10,2170.95,148255,7,2176.45,83007,101785,0.40700228938786515,0
2023-07-28 10:51:10,2170.95,148255,7,2176.45,83012,101785,0.40700228938786515,0
2023-07-28 10:51:13,2170.95,148390,59,2176.44,83005,101722,0.40700228938786515,0
2023-07-28 10:51:13,2170.95,148390,1,2176.44,83181,101690,0.40700228938786515,0
2023-07-28 10:51:15,2170.95,148392,1,2176.44,83236,101688,0.40700228938786515,0
2023-07-28 10:51:15,2170.95,148392,1,2176.44,82862,101693,0.40700228938786515,0
2023-07-28 10:51:15,2170.95,148392,1,2176.44,83275,101698,0.40700228938786515,0
2023-07-28 10:51:15,2170.95,148392,1,2176.44,83322,101698,0.40700228938786515,0
2023-07-28 10:51:15,2170.95,148392,1,2176.44,82947,101698,0.40700228938786515,0
2023-07-28 10:51:21,2169.3,148481,1,2176.44,83836,101839,0.33068936012765493,0
2023-07-28 10:51:21,2169.3,148481,1,2176.44,83836,101839,0.33068936012765493,0
2023-07-28 10:51:21,2169.3,148481,1,2176.44,83908,101874,0.33068936012765493,0
2023-07-28 10:51:23,2170.65,148490,5,2176.44,83613,101762,0.3931272113405638,0
2023-07-28 10:51:23,2170.65,148490,5,2176.44,82853,101653,0.3931272113405638,0
2023-07-28 10:51:23,2170.65,148490,5,2176.44,83221,101695,0.3931272113405638,0
2023-07-28 10:51:23,2170.65,148490,5,2176.44,82846,101749,0.3931272113405638,0
2023-07-28 10:51:23,2170.65,148490,5,2176.44,82881,101739,0.3931272113405638,0
2023-07-28 10:51:23,2170.65,148490,5,2176.44,83266,101739,0.3931272113405638,0
2023-07-28 10:51:23,2170.65,148490,5,2176.44,83266,101738,0.3931272113405638,0
2023-07-28 10:51:23,2170.65,148490,5,2176.44,83371,101697,0.3931272113405638,0
2023-07-28 10:51:23,2170.65,148490,5,2176.44,83292,101730,0.3931272113405638,0
2023-07-28 10:51:23,2170.65,148490,5,2176.44,83269,101723,0.3931272113405638,0
2023-07-28 10:51:23,2170.65,148490,5,2176.44,83269,101723,0.3931272113405638,0
2023-07-28 10:51:23,2170.65,148490,5,2176.44,83333,101690,0.3931272113405638,0
2023-07-28 10:51:23,2170.65,148490,5,2176.44,83829,101786,0.3931272113405638,0
2023-07-28 10:51:23,2170.65,148490,5,2176.44,83824,101781,0.3931272113405638,0
2023-07-28 10:51:23,2170.65,148490,5,2176.44,83693,101689,0.3931272113405638,0
2023-07-28 10:51:23,2170.65,148490,5,2176.44,83693,101694,0.3931272113405638,0
2023-07-28 10:51:41,2170.0,148533,43,2176.44,83651,101689,0.36306454223804585,0
2023-07-28 10:51:41,2170.0,148533,43,2176.44,83651,101689,0.36306454223804585,0
2023-07-28 10:51:41,2170.0,148533,43,2176.44,83657,101689,0.36306454223804585,0
2023-07-28 10:51:41,2170.0,148533,43,2176.44,83657,101712,0.36306454223804585,0
2023-07-28 10:51:41,2170.0,148533,43,2176.44,83661,101712,0.36306454223804585,0
2023-07-28 10:51:41,2170.0,148533,43,2176.44,83244,101712,0.36306454223804585,0
2023-07-28 10:51:51,2170.9,148933,18,2176.42,80878,101566,0.4046897763799921,0
2023-07-28 10:51:51,2170.9,148933,18,2176.42,83179,101587,0.4046897763799921,0
2023-07-28 10:51:51,2170.9,148933,18,2176.42,82740,101634,0.4046897763799921,0
2023-07-28 10:51:51,2170.9,148933,18,2176.42,83115,101644,0.4046897763799921,0
2023-07-28 10:51:51,2170.9,148933,18,2176.42,83178,101687,0.4046897763799921,0
2023-07-28 10:51:51,2170.9,148933,18,2176.42,83193,101666,0.4046897763799921,0
2023-07-28 10:51:51,2170.9,148933,18,2176.42,83202,101625,0.4046897763799921,0
2023-07-28 10:51:51,2170.9,148933,18,2176.42,83202,101625,0.4046897763799921,0
2023-07-28 10:51:51,2170.9,148933,18,2176.42,83193,101600,0.4046897763799921,0
2023-07-28 10:51:51,2169.9,148933,18,2176.42,83193,101600,0.3584395162222787,0
2023-07-28 10:52:02,2169.9,148967,6,2176.42,83393,101997,0.3584395162222787,0
2023-07-28 10:52:02,2169.9,148967,6,2176.42,83390,101965,0.3584395162222787,0
2023-07-28 10:52:03,2169.9,148973,6,2176.42,83594,101950,0.3584395162222787,0
2023-07-28 10:52:03,2169.9,148973,6,2176.42,83594,101925,0.3584395162222787,0
2023-07-28 10:52:03,2169.5,148973,2,2176.42,83594,101925,0.33993941215918916,0
2023-07-28 10:52:06,2169.5,148975,2,2176.42,83599,101971,0.33993941215918916,0
2023-07-28 10:52:06,2169.5,148975,2,2176.42,83335,101782,0.33993941215918916,0
2023-07-28 10:52:06,2169.5,148975,2,2176.42,83317,101781,0.33993941215918916,0
2023-07-28 10:52:06,2169.5,148975,2,2176.42,83317,101819,0.33993941215918916,0
2023-07-28 10:52:06,2170.7,148975,2,2176.42,83256,101851,0.3954397243484368,0
2023-07-28 10:52:10,2170.7,149000,2,2176.42,83251,101854,0.3954397243484368,0
2023-07-28 10:52:12,2170.7,149001,1,2176.42,83245,101853,0.3954397243484368,0
2023-07-28 10:52:12,2170.7,149001,3,2176.42,83245,101853,0.3954397243484368,0
2023-07-28 10:52:13,2170.7,149011,3,2176.42,83270,101896,0.3954397243484368,0
2023-07-28 10:52:14,2170.7,149020,4,2176.42,83270,101849,0.3954397243484368,0
2023-07-28 10:52:14,2170.7,149020,4,2176.42,83270,101849,0.3954397243484368,0
2023-07-28 10:52:18,2170.65,149021,1,2176.42,83259,101895,0.3931272113405638,0
2023-07-28 10:52:18,2170.65,149021,1,2176.42,83256,101895,0.3931272113405638,0
2023-07-28 10:52:20,2170.65,149026,5,2176.42,83483,101843,0.3931272113405638,0
2023-07-28 10:52:20,2169.9,149026,10,2176.42,83483,101843,0.3584395162222787,0
2023-07-28 10:52:21,2169.9,149036,10,2176.42,83789,101986,0.3584395162222787,0
2023-07-28 10:52:21,2169.9,149036,10,2176.42,83424,101986,0.3584395162222787,0
2023-07-28 10:52:21,2169.9,149036,10,2176.42,83424,101986,0.3584395162222787,0
2023-07-28 10:52:21,2169.9,149036,10,2176.42,84167,102018,0.3584395162222787,0
2023-07-28 10:52:21,2169.6,149036,28,2176.42,84167,102018,0.3445644381749563,0
2023-07-28 10:52:26,2170.75,149068,4,2176.42,83882,101741,0.3977522373563309,0
2023-07-28 10:52:26,2170.75,149068,4,2176.42,83882,101741,0.3977522373563309,0
2023-07-28 10:52:26,2170.75,149068,4,2176.42,83892,101741,0.3977522373563309,0
2023-07-28 10:52:30,2170.75,149078,10,2176.42,83906,101685,0.3977522373563309,0
2023-07-28 10:52:30,2170.75,149078,10,2176.42,83921,101701,0.3977522373563309,0
2023-07-28 10:52:30,2170.75,149078,10,2176.42,83962,101777,0.3977522373563309,0
2023-07-28 10:52:30,2170.75,149078,10,2176.42,80524,101843,0.3977522373563309,0
2023-07-28 10:52:30,2170.75,149078,10,2176.42,83531,101869,0.3977522373563309,0
2023-07-28 10:52:30,2170.75,149078,10,2176.42,83531,101869,0.3977522373563309,0
2023-07-28 10:52:30,2170.75,149078,10,2176.42,83528,101920,0.3977522373563309,0
2023-07-28 10:52:30,2170.75,149078,10,2176.42,83903,101932,0.3977522373563309,0
2023-07-28 10:52:30,2170.75,149078,10,2176.42,83910,101932,0.3977522373563309,0
2023-07-28 10:52:30,2170.75,149078,10,2176.42,83908,101932,0.3977522373563309,0
2023-07-28 10:52:30,2170.75,149078,10,2176.42,83901,101934,0.3977522373563309,0
2023-07-28 10:52:41,2170.7,149081,3,2176.42,83903,101929,0.3954397243484368,0
2023-07-28 10:52:41,2169.95,149120,39,2176.41,83836,101897,0.36075202923015176,0
2023-07-28 10:52:41,2170.95,149120,1,2176.41,83836,101897,0.40700228938786515,0
2023-07-28 10:52:42,2170.95,149121,1,2176.41,83841,101909,0.40700228938786515,0
2023-07-28 10:52:42,2170.95,149121,1,2176.41,83846,101909,0.40700228938786515,0
2023-07-28 10:52:42,2170.95,149121,51,2176.41,83846,101909,0.40700228938786515,0
2023-07-28 10:52:44,2170.95,149181,51,2176.41,84228,101895,0.40700228938786515,0
2023-07-28 10:52:44,2170.95,149181,51,2176.41,84221,101895,0.40700228938786515,0
2023-07-28 10:52:48,2170.95,149190,9,2176.41,84305,101621,0.40700228938786515,0
2023-07-28 10:52:49,2170.95,149215,25,2176.41,83931,101493,0.40700228938786515,0
2023-07-28 10:52:49,2170.95,149215,25,2176.41,83940,101562,0.40700228938786515,0
2023-07-28 10:52:49,2170.95,149215,25,2176.41,83940,101562,0.40700228938786515,0
2023-07-28 10:52:49,2170.95,149215,25,2176.41,83940,101562,0.40700228938786515,0
2023-07-28 10:52:49,2170.95,149215,25,2176.41,83981,101562,0.40700228938786515,0
2023-07-28 10:52:49,2170.95,149215,25,2176.41,83981,101606,0.40700228938786515,0
2023-07-28 10:52:56,2170.95,149235,18,2176.41,84319,101679,0.40700228938786515,0
2023-07-28 10:52:56,2170.95,149235,18,2176.41,84295,101667,0.40700228938786515,0
2023-07-28 10:52:57,2170.9,149240,5,2176.41,84476,101667,0.4046897763799921,0
2023-07-28 10:52:59,2171.6,149259,1,2176.41,84173,101569,0.43706495849038307,0
2023-07-28 10:52:59,2171.6,149259,1,2176.41,84174,101569,0.43706495849038307,0
2023-07-28 10:53:00,2170.8,149291,12,2176.41,84137,101564,0.400064750364225,0
2023-07-28 10:53:01,2170.8,149292,1,2176.41,84136,101567,0.400064750364225,0
2023-07-28 10:53:01,2171.7,149292,10,2176.41,84136,101567,0.4416899845061502,0
2023-07-28 10:53:02,2171.7,149302,10,2176.41,84613,100752,0.4416899845061502,0
2023-07-28 10:53:02,2171.7,149302,10,2176.41,84619,100752,0.4416899845061502,0
2023-07-28 10:53:02,2171.7,149302,10,2176.41,84789,100630,0.4416899845061502,0
2023-07-28 10:53:08,2172.0,149327,25,2176.41,84649,99152,0.4555650625534726,0
2023-07-28 10:53:08,2172.0,149327,25,2176.41,84654,100116,0.4555650625534726,0
2023-07-28 10:53:08,2172.0,149327,25,2176.41,84661,100116,0.4555650625534726,0
2023-07-28 10:53:08,2172.0,149327,25,2176.41,84584,100070,0.4555650625534726,0
2023-07-28 10:53:08,2172.0,149327,25,2176.41,84210,100160,0.4555650625534726,0
2023-07-28 10:53:08,2172.0,149327,25,2176.41,84590,100149,0.4555650625534726,0
2023-07-28 10:53:08,2172.0,149327,25,2176.41,80383,100143,0.4555650625534726,0
2023-07-28 10:53:08,2172.25,149327,1,2176.41,84508,100143,0.467127627592901,0
2023-07-28 10:53:08,2172.25,149327,43,2176.41,84508,100143,0.467127627592901,0
2023-07-28 10:53:16,2172.25,149371,43,2176.41,84487,100143,0.467127627592901,0
2023-07-28 10:53:16,2172.25,149371,43,2176.41,84487,100150,0.467127627592901,0
2023-07-28 10:53:16,2172.25,149371,43,2176.41,84487,100193,0.467127627592901,0
2023-07-28 10:53:16,2173.35,149371,2,2176.41,84487,100193,0.5180029137663815,0
2023-07-28 10:53:19,2173.35,149392,2,2176.4,85284,99415,0.5180029137663815,0
2023-07-28 10:53:19,2173.35,149392,2,2176.4,85271,99412,0.5180029137663815,0
2023-07-28 10:53:19,2173.35,149392,2,2176.4,85271,99412,0.5180029137663815,0
2023-07-28 10:53:19,2173.35,149392,2,2176.4,85271,99412,0.5180029137663815,0
2023-07-28 10:53:19,2173.35,149392,2,2176.4,85271,99452,0.5180029137663815,0
2023-07-28 10:53:19,2173.35,149392,2,2176.4,85271,99452,0.5180029137663815,0
2023-07-28 10:53:19,2173.0,149392,5,2176.4,85271,99454,0.501815322711186,0
2023-07-28 10:53:24,2173.0,149397,5,2176.4,85286,99459,0.501815322711186,0
2023-07-28 10:53:24,2173.0,149397,5,2176.4,85286,99459,0.501815322711186,0
2023-07-28 10:53:24,2173.0,149397,5,2176.4,85281,99503,0.501815322711186,0
2023-07-28 10:53:24,2173.0,149397,5,2176.4,85294,99503,0.501815322711186,0
2023-07-28 10:53:24,2173.0,149397,5,2176.4,85245,99449,0.501815322711186,0
2023-07-28 10:53:24,2173.0,149397,5,2176.4,85248,99449,0.501815322711186,0
2023-07-28 10:53:24,2173.0,149397,5,2176.4,85248,99449,0.501815322711186,0
2023-07-28 10:53:33,2173.1,149417,20,2176.4,85228,99449,0.5064403487269532,0
2023-07-28 10:53:33,2173.35,149417,1,2176.4,85228,99449,0.5180029137663815,0
2023-07-28 10:53:34,2173.35,149418,1,2176.4,85227,99439,0.5180029137663815,0
2023-07-28 10:53:34,2173.35,149418,1,2176.4,85217,99520,0.5180029137663815,0
2023-07-28 10:53:34,2173.35,149418,1,2176.4,85177,99519,0.5180029137663815,0
2023-07-28 10:53:34,2173.35,149418,1,2176.4,85177,99559,0.5180029137663815,0
2023-07-28 10:53:34,2173.35,149418,1,2176.4,85165,99559,0.5180029137663815,0
2023-07-28 10:53:34,2173.35,149418,1,2176.4,85165,99559,0.5180029137663815,0
2023-07-28 10:53:41,2173.1,149462,44,2176.4,85121,99535,0.5064403487269532,0
2023-07-28 10:53:42,2173.35,149467,1,2176.4,85135,99553,0.5180029137663815,0
2023-07-28 10:53:42,2173.35,149467,1,2176.4,85135,99553,0.5180029137663815,0
2023-07-28 10:53:42,2173.35,149467,1,2176.4,85135,99553,0.5180029137663815,0
2023-07-28 10:53:42,2173.35,149467,1,2176.4,85125,99576,0.5180029137663815,0
2023-07-28 10:53:42,2173.35,149467,1,2176.4,85125,99576,0.5180029137663815,0
2023-07-28 10:53:47,2173.3,149517,50,2176.4,85172,99520,0.5156904007585085,0
2023-07-28 10:53:48,2173.35,149555,3,2176.4,84838,99584,0.5180029137663815,0
2023-07-28 10:53:48,2173.35,149555,3,2176.4,84933,99352,0.5180029137663815,0
2023-07-28 10:53:48,2173.35,149555,3,2176.4,85289,99338,0.5180029137663815,0
2023-07-28 10:53:48,2173.35,149555,3,2176.4,84889,99415,0.5180029137663815,0
2023-07-28 10:53:48,2173.35,149555,3,2176.4,84957,99325,0.5180029137663815,0
2023-07-28 10:53:48,2173.35,149555,3,2176.4,83790,99288,0.5180029137663815,0
2023-07-28 10:53:48,2173.35,149555,3,2176.4,84915,99370,0.5180029137663815,0
2023-07-28 10:53:48,2173.35,149555,3,2176.4,84956,99363,0.5180029137663815,0
2023-07-28 10:53:48,2173.4,149555,42,2176.4,84956,99363,0.5203154267742756,0
2023-07-28 10:53:56,2173.4,149597,42,2176.4,84771,99277,0.5203154267742756,0
2023-07-28 10:53:56,2173.4,149597,42,2176.4,84776,99374,0.5203154267742756,0
2023-07-28 10:53:56,2173.4,149597,42,2176.4,84776,99377,0.5203154267742756,0
2023-07-28 10:53:56,2173.4,149597,42,2176.4,84776,99377,0.5203154267742756,0
2023-07-28 10:53:56,2174.2,149597,2,2176.4,84776,99377,0.5573156349004337,0
2023-07-28 10:54:00,2174.2,149599,2,2176.4,84772,99411,0.5573156349004337,0
2023-07-28 10:54:00,2174.2,149599,2,2176.4,84982,99309,0.5573156349004337,0
2023-07-28 10:54:00,2174.2,149599,2,2176.4,84936,99399,0.5573156349004337,0
2023-07-28 10:54:00,2174.2,149599,2,2176.4,84944,99429,0.5573156349004337,0
2023-07-28 10:54:00,2174.2,149599,2,2176.4,84887,99681,0.5573156349004337,0
2023-07-28 10:54:00,2174.2,149599,2,2176.4,84967,99619,0.5573156349004337,0
2023-07-28 10:54:00,2173.2,149599,6,2176.4,84967,99619,0.5110653747427203,0
2023-07-28 10:54:07,2172.0,150245,4,2176.39,83148,102729,0.4555650625534726,0
2023-07-28 10:54:07,2172.0,150245,4,2176.39,83216,103013,0.4555650625534726,0
2023-07-28 10:54:07,2172.0,150245,4,2176.39,83216,103048,0.4555650625534726,0
2023-07-28 10:54:07,2172.0,150245,4,2176.39,83190,103063,0.4555650625534726,0
2023-07-28 10:54:07,2172.0,150245,4,2176.39,83190,103063,0.4555650625534726,0
2023-07-28 10:54:14,2170.75,150246,1,2176.39,83232,103026,0.3977522373563309,0
2023-07-28 10:54:14,2170.75,150246,1,2176.39,83403,102807,0.3977522373563309,0
2023-07-28 10:54:16,2170.7,150270,5,2176.39,84304,102607,0.3954397243484368,0
2023-07-28 10:54:17,2170.7,150275,5,2176.39,84257,102481,0.3954397243484368,0
2023-07-28 10:54:17,2170.7,150275,5,2176.39,84250,102481,0.3954397243484368,0
2023-07-28 10:54:17,2170.7,150275,5,2176.39,84245,102481,0.3954397243484368,0
2023-07-28 10:54:21,2170.35,150330,10,2176.38,84019,102170,0.37925213329324137,0
2023-07-28 10:54:22,2171.2,150335,5,2176.38,84058,102082,0.4185648544272935,0
2023-07-28 10:54:22,2171.2,150335,5,2176.38,84116,101988,0.4185648544272935,0
2023-07-28 10:54:22,2171.2,150335,5,2176.38,84200,101988,0.4185648544272935,0
2023-07-28 10:54:22,2171.2,150335,5,2176.38,84200,101988,0.4185648544272935,0
2023-07-28 10:54:26,2171.4,150355,17,2176.38,84256,101981,0.4278149064588488,0
2023-07-28 10:54:26,2171.4,150355,17,2176.38,84297,102499,0.4278149064588488,0
2023-07-28 10:54:26,2171.4,150355,17,2176.38,81798,102514,0.4278149064588488,0
2023-07-28 10:54:26,2171.4,150355,17,2176.38,84190,102519,0.4278149064588488,0
2023-07-28 10:54:26,2171.4,150355,17,2176.38,84192,102519,0.4278149064588488,0
2023-07-28 10:54:26,2171.4,150355,17,2176.38,84197,102519,0.4278149064588488,0
2023-07-28 10:54:26,2171.4,150355,17,2176.38,84197,102564,0.4278149064588488,0
2023-07-28 10:54:26,2171.4,150355,17,2176.38,84631,102427,0.4278149064588488,0
2023-07-28 10:54:26,2171.4,150355,17,2176.38,84675,102427,0.4278149064588488,0
2023-07-28 10:54:26,2171.4,150355,17,2176.38,84675,102724,0.4278149064588488,0
2023-07-28 10:54:26,2171.4,150355,17,2176.38,84675,102885,0.4278149064588488,0
2023-07-28 10:54:26,2171.4,150355,17,2176.38,84698,102895,0.4278149064588488,0
2023-07-28 10:54:26,2171.4,150355,17,2176.38,84748,103236,0.4278149064588488,0
2023-07-28 10:54:41,2170.95,150397,42,2176.38,84705,103411,0.40700228938786515,0
2023-07-28 10:54:41,2170.95,150397,42,2176.38,84710,103443,0.40700228938786515,0
2023-07-28 10:54:41,2170.95,150397,42,2176.38,84710,103443,0.40700228938786515,0
2023-07-28 10:54:41,2170.95,150397,42,2176.38,84710,103443,0.40700228938786515,0
2023-07-28 10:54:41,2170.95,150397,42,2176.38,84669,103460,0.40700228938786515,0
2023-07-28 10:54:41,2171.95,150397,91,2176.38,84669,103460,0.45325254954557853,0
2023-07-28 10:54:48,2171.95,150772,91,2176.37,83891,103381,0.45325254954557853,0
2023-07-28 10:54:48,2171.95,150772,91,2176.37,83936,103397,0.45325254954557853,0
2023-07-28 10:54:48,2171.95,150772,91,2176.37,83936,103410,0.45325254954557853,0
2023-07-28 10:54:48,2171.95,150772,91,2176.37,83976,103410,0.45325254954557853,0
2023-07-28 10:54:48,2171.95,150772,91,2176.37,83986,103410,0.45325254954557853,0
2023-07-28 10:54:48,2171.95,150772,91,2176.37,83984,103408,0.45325254954557853,0
2023-07-28 10:54:59,2171.9,150773,1,2176.37,84025,103986,0.4509400365377055,0
2023-07-28 10:54:59,2171.0,150773,32,2176.37,84025,103986,0.40931480239575924,0
2023-07-28 10:54:59,2171.0,150773,3,2176.37,84025,103986,0.40931480239575924,0
2023-07-28 10:55:02,2171.0,150818,2,2176.37,83878,104592,0.40931480239575924,0
2023-07-28 10:55:03,2171.0,150820,2,2176.37,83876,104967,0.40931480239575924,0
2023-07-28 10:55:03,2171.0,150820,2,2176.37,83876,104967,0.40931480239575924,0
2023-07-28 10:55:03,2171.0,150820,2,2176.37,83923,105172,0.40931480239575924,0
2023-07-28 10:55:03,2171.0,150820,2,2176.37,83928,106112,0.40931480239575924,0
2023-07-28 10:55:03,2171.0,150820,2,2176.37,84176,106660,0.40931480239575924,0
2023-07-28 10:55:03,2171.0,150820,43,2176.37,84176,106660,0.40931480239575924,0
2023-07-28 10:55:16,2171.0,150863,43,2176.37,84195,106611,0.40931480239575924,0
2023-07-28 10:55:16,2171.0,150863,43,2176.37,84122,107863,0.40931480239575924,0
2023-07-28 10:55:16,2171.0,150863,43,2176.37,84145,108283,0.40931480239575924,0
2023-07-28 10:55:16,2171.9,150863,81,2176.37,84145,108283,0.4509400365377055,0
2023-07-28 10:55:16,2171.95,150863,16,2176.37,84145,108283,0.45325254954557853,0
2023-07-28 10:55:29,2171.95,150985,16,2176.36,84321,108090,0.45325254954557853,0
2023-07-28 10:55:29,2171.95,150985,16,2176.36,84323,108037,0.45325254954557853,0
2023-07-28 10:55:29,2171.05,150985,11,2176.36,84323,108037,0.4116273154036533,0
2023-07-28 10:55:41,2171.05,151015,1,2176.36,84579,108178,0.4116273154036533,0
2023-07-28 10:55:46,2171.0,151028,12,2176.36,84573,108129,0.40931480239575924,0
2023-07-28 10:55:46,2171.0,151028,12,2176.36,84620,108158,0.40931480239575924,0
2023-07-28 10:55:46,2171.0,151028,12,2176.36,84670,108097,0.40931480239575924,0
2023-07-28 10:55:46,2171.0,151028,42,2176.36,84670,108097,0.40931480239575924,0
2023-07-28 10:55:56,2171.0,151070,42,2176.36,84628,108104,0.40931480239575924,0
2023-07-28 10:56:03,2171.7,151080,2,2176.36,85120,108058,0.4416899845061502,0
2023-07-28 10:56:03,2171.7,151080,2,2176.36,84276,108026,0.4416899845061502,0
2023-07-28 10:56:03,2171.7,151080,2,2176.36,84504,108009,0.4416899845061502,0
2023-07-28 10:56:16,2171.05,151134,5,2176.36,84441,108125,0.4116273154036533,0
2023-07-28 10:56:16,2171.05,151134,5,2176.36,84441,108125,0.4116273154036533,0
2023-07-28 10:56:16,2171.05,151134,5,2176.36,84455,108139,0.4116273154036533,0
2023-07-28 10:56:16,2171.05,151134,5,2176.36,84455,108139,0.4116273154036533,0
2023-07-28 10:56:16,2171.05,151134,5,2176.36,84455,108139,0.4116273154036533,0
2023-07-28 10:56:16,2171.05,151134,5,2176.36,84455,108139,0.4116273154036533,0
2023-07-28 10:56:16,2171.05,151134,5,2176.36,84455,108139,0.4116273154036533,0
2023-07-28 10:56:16,2171.05,151134,5,2176.36,84455,108139,0.4116273154036533,0
2023-07-28 10:56:16,2171.05,151134,5,2176.36,84493,107840,0.4116273154036533,0
2023-07-28 10:56:16,2171.05,151134,5,2176.36,84493,107840,0.4116273154036533,0
2023-07-28 10:56:16,2171.05,151134,5,2176.36,84493,107840,0.4116273154036533,0
2023-07-28 10:56:16,2171.05,151134,5,2176.36,84499,107816,0.4116273154036533,0
2023-07-28 10:56:16,2171.05,151134,5,2176.36,84532,107816,0.4116273154036533,0
2023-07-28 10:56:16,2171.1,151134,38,2176.36,84532,107816,0.4139398284115264,0
2023-07-28 10:56:36,2171.1,151176,38,2176.36,84369,107842,0.4139398284115264,0
2023-07-28 10:56:36,2171.2,151176,1,2176.36,84369,107842,0.4185648544272935,0
2023-07-28 10:56:40,2171.2,151207,1,2176.36,84529,107775,0.4185648544272935,0
2023-07-28 10:56:40,2171.2,151207,1,2176.36,84539,107775,0.4185648544272935,0
2023-07-28 10:56:40,2171.7,151207,5,2176.36,84549,107775,0.4416899845061502,0
2023-07-28 10:56:40,2171.7,151207,5,2176.36,84549,107775,0.4416899845061502,0
2023-07-28 10:56:52,2171.7,151217,5,2176.36,85883,109095,0.4416899845061502,0
2023-07-28 10:56:52,2171.25,151217,1,2176.36,85883,109095,0.4208773674351876,0
2023-07-28 10:56:58,2171.25,151218,1,2176.36,85894,109118,0.4208773674351876,0
2023-07-28 10:56:58,2171.25,151218,43,2176.36,85894,109118,0.4208773674351876,0
2023-07-28 10:57:01,2171.25,151261,43,2176.35,85851,109146,0.4208773674351876,0
2023-07-28 10:57:01,2171.7,151261,1,2176.35,85851,109146,0.4416899845061502,0
2023-07-28 10:57:01,2172.7,151261,5,2176.35,85851,109146,0.4879402446638636,0
2023-07-28 10:57:07,2172.7,151423,5,2176.35,85725,108787,0.4879402446638636,0
2023-07-28 10:57:07,2172.7,151423,5,2176.35,85675,108831,0.4879402446638636,0
2023-07-28 10:57:07,2171.3,151423,2,2176.35,85675,108831,0.4231898804430817,0
2023-07-28 10:57:13,2171.3,151425,2,2176.35,85531,109028,0.4231898804430817,0
2023-07-28 10:57:13,2171.25,151425,34,2176.35,85531,109028,0.4208773674351876,0
2023-07-28 10:57:13,2170.5,151425,6,2176.35,85531,109028,0.38618967231690254,0
2023-07-28 10:57:13,2170.65,151425,9,2176.35,85531,109028,0.3931272113405638,0
2023-07-28 10:57:18,2170.65,152619,9,2176.31,82427,109368,0.3931272113405638,0
2023-07-28 10:57:18,2170.0,152619,1,2176.31,82427,109368,0.36306454223804585,0
2023-07-28 10:57:23,2170.0,152620,1,2176.31,82048,109583,0.36306454223804585,0
2023-07-28 10:57:23,2170.0,152620,1,2176.31,83347,110909,0.36306454223804585,0
2023-07-28 10:57:23,2170.65,152620,1,2176.31,83347,110909,0.3931272113405638,0
2023-07-28 10:57:31,2170.65,152621,1,2176.31,83299,110537,0.3931272113405638,0
2023-07-28 10:57:31,2170.0,152621,1,2176.31,83299,110537,0.36306454223804585,0
2023-07-28 10:57:31,2170.65,152621,2,2176.31,83299,110537,0.3931272113405638,0
2023-07-28 10:57:31,2170.65,152621,1,2176.31,83299,110537,0.3931272113405638,0
2023-07-28 10:57:35,2170.65,152625,1,2176.31,83433,110683,0.3931272113405638,0
2023-07-28 10:57:35,2170.6,152625,5,2176.31,83433,110683,0.3908146983326697,0
2023-07-28 10:57:35,2170.0,152625,30,2176.31,83433,110683,0.36306454223804585,0
2023-07-28 10:57:41,2170.0,152668,30,2176.31,83523,110642,0.36306454223804585,0
2023-07-28 10:57:41,2170.0,152668,30,2176.31,83392,110675,0.36306454223804585,0
2023-07-28 10:57:41,2170.0,152668,2,2176.31,83392,110675,0.36306454223804585,0
2023-07-28 10:57:41,2170.0,152668,5,2176.31,83392,110675,0.36306454223804585,0
2023-07-28 10:57:48,2170.0,152675,5,2176.31,83451,110680,0.36306454223804585,0
2023-07-28 10:57:48,2170.0,152675,1,2176.31,83451,110680,0.36306454223804585,0
2023-07-28 10:57:52,2170.0,152676,1,2176.31,83368,110753,0.36306454223804585,0
2023-07-28 10:57:52,2170.0,152676,40,2176.31,83368,110753,0.36306454223804585,0
2023-07-28 10:57:56,2170.0,152718,40,2176.31,83521,110492,0.36306454223804585,0
2023-07-28 10:57:56,2170.0,152718,40,2176.31,83544,110439,0.36306454223804585,0
2023-07-28 10:57:56,2170.0,152718,40,2176.31,83564,110466,0.36306454223804585,0
2023-07-28 10:57:56,2170.0,152718,40,2176.31,82836,110749,0.36306454223804585,0
2023-07-28 10:57:56,2170.0,152718,40,2176.31,83349,110855,0.36306454223804585,0
2023-07-28 10:57:56,2170.0,152718,40,2176.31,83596,110710,0.36306454223804585,0
2023-07-28 10:58:10,2170.0,152719,1,2176.31,83635,110524,0.36306454223804585,0
2023-07-28 10:58:10,2170.0,152719,1,2176.31,83688,110524,0.36306454223804585,0
2023-07-28 10:58:10,2170.0,152719,1,2176.31,83670,110524,0.36306454223804585,0
2023-07-28 10:58:10,2170.65,152719,5,2176.31,83631,110524,0.3931272113405638,0
2023-07-28 10:58:14,2169.1,152724,1,2176.3,83648,110514,0.3214393080960996,0
2023-07-28 10:58:16,2169.25,152868,6,2176.3,83248,110619,0.32837684711976084,0
2023-07-28 10:58:17,2170.55,152869,1,2176.3,83307,110679,0.38850218532479663,0
2023-07-28 10:58:18,2170.55,152871,1,2176.3,83264,110870,0.38850218532479663,0
2023-07-28 10:58:18,2170.55,152871,1,2176.3,83310,110685,0.38850218532479663,0
2023-07-28 10:58:18,2170.55,152871,1,2176.3,84010,110711,0.38850218532479663,0
2023-07-28 10:58:18,2170.55,152871,1,2176.3,84133,110647,0.38850218532479663,0
2023-07-28 10:58:18,2170.55,152871,1,2176.3,83383,110672,0.38850218532479663,0
2023-07-28 10:58:18,2170.55,152871,1,2176.3,84136,110755,0.38850218532479663,0
2023-07-28 10:58:18,2170.55,152871,1,2176.3,84119,110547,0.38850218532479663,0
2023-07-28 10:58:18,2170.55,152871,1,2176.3,84145,110478,0.38850218532479663,0
2023-07-28 10:58:18,2170.55,152871,1,2176.3,84145,110478,0.38850218532479663,0
2023-07-28 10:58:28,2169.35,152873,1,2176.3,84126,110510,0.333001873135528,0
2023-07-28 10:58:28,2169.35,152873,1,2176.3,84126,110510,0.333001873135528,0
2023-07-28 10:58:28,2169.35,152873,1,2176.3,84101,110590,0.333001873135528,0
2023-07-28 10:58:28,2169.35,152873,1,2176.3,84150,110500,0.333001873135528,0
2023-07-28 10:58:28,2169.35,152873,1,2176.3,84141,110380,0.333001873135528,0
2023-07-28 10:58:28,2169.35,152873,1,2176.3,84098,110705,0.333001873135528,0
2023-07-28 10:58:28,2169.35,152873,1,2176.3,84182,110562,0.333001873135528,0
2023-07-28 10:58:28,2169.35,152873,1,2176.3,84101,110676,0.333001873135528,0
2023-07-28 10:58:28,2169.35,152873,17,2176.3,84106,110671,0.333001873135528,0
2023-07-28 10:58:36,2169.35,152890,17,2176.3,84733,110402,0.333001873135528,0
2023-07-28 10:58:38,2169.0,152920,20,2176.3,84697,110407,0.31681428208033247,0
2023-07-28 10:58:38,2169.0,152920,20,2176.3,84772,110407,0.31681428208033247,0
2023-07-28 10:58:38,2169.0,152920,20,2176.3,84772,110413,0.31681428208033247,0
2023-07-28 10:58:41,2169.0,152945,20,2176.29,84278,110440,0.31681428208033247,0
2023-07-28 10:58:41,2169.0,152945,20,2176.29,84263,110355,0.31681428208033247,0
2023-07-28 10:58:43,2170.2,152947,2,2176.29,84347,110313,0.37231459426958013,0
2023-07-28 10:58:43,2170.2,152947,2,2176.29,84352,110358,0.37231459426958013,0
2023-07-28 10:58:43,2170.2,152947,2,2176.29,84352,110358,0.37231459426958013,0
2023-07-28 10:58:47,2169.0,152948,1,2176.29,84341,110358,0.31681428208033247,0
2023-07-28 10:58:47,2169.0,152948,1,2176.29,84321,110405,0.31681428208033247,0
2023-07-28 10:58:47,2169.0,152948,1,2176.29,84672,110178,0.31681428208033247,0
2023-07-28 10:58:47,2169.0,152948,1,2176.29,84672,110361,0.31681428208033247,0
2023-07-28 10:58:47,2169.0,152948,1,2176.29,84610,110353,0.31681428208033247,0
2023-07-28 10:58:47,2169.0,152948,1,2176.29,84614,110353,0.31681428208033247,0
2023-07-28 10:58:47,2169.0,152948,1,2176.29,84534,110432,0.31681428208033247,0
2023-07-28 10:58:47,2169.0,152948,1,2176.29,84344,110432,0.31681428208033247,0
2023-07-28 10:58:56,2169.5,152991,41,2176.29,84302,110454,0.33993941215918916,0
2023-07-28 10:58:56,2169.5,152991,41,2176.29,84301,110529,0.33993941215918916,0
2023-07-28 10:58:56,2169.5,152991,41,2176.29,84647,110596,0.33993941215918916,0
2023-07-28 10:58:56,2169.5,152991,41,2176.29,84648,110596,0.33993941215918916,0
2023-07-28 10:58:56,2169.5,152991,41,2176.29,84648,110596,0.33993941215918916,0
2023-07-28 10:59:04,2170.0,152992,1,2176.29,84538,110582,0.36306454223804585,0
2023-07-28 10:59:04,2170.0,152992,1,2176.29,84537,110591,0.36306454223804585,0
2023-07-28 10:59:04,2170.45,152992,2,2176.29,84547,110591,0.38387715930900845,0
2023-07-28 10:59:06,2170.45,152996,2,2176.29,84759,110305,0.38387715930900845,0
2023-07-28 10:59:06,2170.45,152996,2,2176.29,84760,110305,0.38387715930900845,0
2023-07-28 10:59:06,2170.45,152996,2,2176.29,84817,110305,0.38387715930900845,0
2023-07-28 10:59:06,2170.45,152996,2,2176.29,84817,110305,0.38387715930900845,0
2023-07-28 10:59:06,2170.45,152996,2,2176.29,84817,110305,0.38387715930900845,0
2023-07-28 10:59:06,2170.45,152996,2,2176.29,84817,110305,0.38387715930900845,0
2023-07-28 10:59:06,2170.45,152996,2,2176.29,84821,110305,0.38387715930900845,0
2023-07-28 10:59:06,2170.45,152996,2,2176.29,84821,110305,0.38387715930900845,0
2023-07-28 10:59:06,2170.45,152996,2,2176.29,84829,110292,0.38387715930900845,0
2023-07-28 10:59:06,2170.45,152996,2,2176.29,85204,110297,0.38387715930900845,0
2023-07-28 10:59:06,2170.45,152996,2,2176.29,85204,110297,0.38387715930900845,0
2023-07-28 10:59:06,2170.45,152996,2,2176.29,85387,110297,0.38387715930900845,0
2023-07-28 10:59:21,2170.0,153039,43,2176.29,85348,110444,0.36306454223804585,0
2023-07-28 10:59:21,2170.0,153039,43,2176.29,85348,110444,0.36306454223804585,0
2023-07-28 10:59:22,2170.55,153040,1,2176.29,85348,110482,0.38850218532479663,0
2023-07-28 10:59:22,2170.0,153041,1,2176.29,85347,110483,0.36306454223804585,0
2023-07-28 10:59:22,2170.0,153041,1,2176.29,85347,110483,0.36306454223804585,0
2023-07-28 10:59:22,2170.0,153041,1,2176.29,85347,110483,0.36306454223804585,0
2023-07-28 10:59:22,2170.0,153041,1,2176.29,85347,110483,0.36306454223804585,0
2023-07-28 10:59:22,2170.0,153041,1,2176.29,85347,110483,0.36306454223804585,0
2023-07-28 10:59:22,2170.0,153041,1,2176.29,85347,110479,0.36306454223804585,0
2023-07-28 10:59:22,2170.0,153041,1,2176.29,85173,110476,0.36306454223804585,0
2023-07-28 10:59:22,2170.0,153041,1,2176.29,85174,110523,0.36306454223804585,0
2023-07-28 10:59:22,2170.0,153041,1,2176.29,85174,110569,0.36306454223804585,0
2023-07-28 10:59:22,2170.0,153041,1,2176.29,85175,110569,0.36306454223804585,0
2023-07-28 10:59:22,2170.0,153041,1,2176.29,85175,110589,0.36306454223804585,0
2023-07-28 10:59:22,2170.0,153041,1,2176.29,85554,110006,0.36306454223804585,0
2023-07-28 10:59:36,2170.25,153084,2,2176.29,83501,110141,0.3746271072774742,0
2023-07-28 10:59:36,2170.25,153084,2,2176.29,85364,110170,0.3746271072774742,0
2023-07-28 10:59:36,2170.25,153084,2,2176.29,85282,110150,0.3746271072774742,0
2023-07-28 10:59:36,2170.25,153084,2,2176.29,85282,110150,0.3746271072774742,0
2023-07-28 10:59:40,2170.25,153085,1,2176.29,85212,110197,0.3746271072774742,0
2023-07-28 10:59:40,2170.25,153085,1,2176.29,86039,110048,0.3746271072774742,0
2023-07-28 10:59:40,2170.95,153085,68,2176.29,86039,110048,0.40700228938786515,0
2023-07-28 10:59:41,2170.95,153154,68,2176.29,85517,109825,0.40700228938786515,0
2023-07-28 10:59:41,2170.95,153154,68,2176.29,85523,109841,0.40700228938786515,0
2023-07-28 10:59:41,2171.0,153154,20,2176.29,85523,109841,0.40931480239575924,0
2023-07-28 10:59:44,2171.0,153174,20,2176.29,85507,109847,0.40931480239575924,0
2023-07-28 10:59:44,2171.0,153174,20,2176.29,85506,109847,0.40931480239575924,0
2023-07-28 10:59:44,2171.0,153174,20,2176.29,85496,109886,0.40931480239575924,0
2023-07-28 10:59:44,2171.0,153174,20,2176.29,85496,109886,0.40931480239575924,0
2023-07-28 10:59:44,2171.0,153174,20,2176.29,85496,109891,0.40931480239575924,0
2023-07-28 10:59:44,2171.0,153174,20,2176.29,85501,109891,0.40931480239575924,0
2023-07-28 10:59:44,2171.0,153174,20,2176.29,85501,109891,0.40931480239575924,0
2023-07-28 10:59:44,2171.0,153174,20,2176.29,85501,109891,0.40931480239575924,0
2023-07-28 10:59:54,2171.9,153175,1,2176.29,85502,109856,0.4509400365377055,0
2023-07-28 10:59:54,2171.9,153175,1,2176.29,85502,109846,0.4509400365377055,0
2023-07-28 10:59:54,2171.9,153175,1,2176.29,85121,110443,0.4509400365377055,0
2023-07-28 10:59:54,2171.9,153175,1,2176.29,85522,110536,0.4509400365377055,0
2023-07-28 10:59:54,2171.9,153175,1,2176.29,85241,110503,0.4509400365377055,0
2023-07-28 11:00:01,2169.95,153217,42,2176.28,85191,110533,0.36075202923015176,0
2023-07-28 11:00:01,2171.4,153218,1,2176.28,84963,110256,0.4278149064588488,0
2023-07-28 11:00:02,2171.4,153221,1,2176.28,84932,110313,0.4278149064588488,0
2023-07-28 11:00:02,2171.4,153221,1,2176.28,84187,109797,0.4278149064588488,0
2023-07-28 11:00:02,2171.4,153221,1,2176.28,84413,109957,0.4278149064588488,0
2023-07-28 11:00:02,2171.4,153221,1,2176.28,84142,109988,0.4278149064588488,0
2023-07-28 11:00:02,2171.4,153221,1,2176.28,84179,109992,0.4278149064588488,0
2023-07-28 11:00:02,2171.4,153221,1,2176.28,84431,109961,0.4278149064588488,0
2023-07-28 11:00:02,2171.4,153221,1,2176.28,84475,109964,0.4278149064588488,0
2023-07-28 11:00:02,2171.4,153221,1,2176.28,85604,110019,0.4278149064588488,0
2023-07-28 11:00:12,2171.85,153226,1,2176.28,85611,110033,0.44862752352981144,0
2023-07-28 11:00:13,2171.85,153227,1,2176.28,85611,110032,0.44862752352981144,0
2023-07-28 11:00:13,2171.85,153227,1,2176.28,85611,110034,0.44862752352981144,0
2023-07-28 11:00:13,2170.95,153227,1,2176.28,85925,110106,0.40700228938786515,0
2023-07-28 11:00:16,2170.95,153228,1,2176.28,85923,110093,0.40700228938786515,0
2023-07-28 11:00:16,2170.95,153228,1,2176.28,85930,110046,0.40700228938786515,0
2023-07-28 11:00:16,2170.95,153228,1,2176.28,85923,110063,0.40700228938786515,0
2023-07-28 11:00:16,2170.95,153228,1,2176.28,85917,110084,0.40700228938786515,0
2023-07-28 11:00:21,2171.0,153272,44,2176.28,85499,110142,0.40931480239575924,0
2023-07-28 11:00:21,2171.85,153272,2,2176.28,85499,110142,0.44862752352981144,0
2023-07-28 11:00:21,2171.85,153276,2,2176.28,85497,110113,0.44862752352981144,0
2023-07-28 11:00:21,2171.85,153276,2,2176.28,85476,110113,0.44862752352981144,0
2023-07-28 11:00:21,2171.85,153276,2,2176.28,85479,110113,0.44862752352981144,0
2023-07-28 11:00:21,2171.85,153276,2,2176.28,85484,110113,0.44862752352981144,0
2023-07-28 11:00:26,2171.85,153279,1,2176.28,85484,110112,0.44862752352981144,0
2023-07-28 11:00:26,2171.85,153279,1,2176.28,85489,110112,0.44862752352981144,0
2023-07-28 11:00:26,2171.85,153279,1,2176.28,85491,110112,0.44862752352981144,0
2023-07-28 11:00:26,2171.85,153279,2,2176.28,85458,110112,0.44862752352981144,0
2023-07-28 11:00:31,2171.85,153282,2,2176.28,85468,110109,0.44862752352981144,0
2023-07-28 11:00:31,2171.0,153282,1,2176.28,85468,110109,0.40931480239575924,0
2023-07-28 11:00:35,2171.95,153293,2,2176.28,85478,110418,0.45325254954557853,0
2023-07-28 11:00:36,2172.0,153304,3,2176.28,85446,110442,0.4555650625534726,0
2023-07-28 11:00:36,2172.0,153304,3,2176.28,85456,110457,0.4555650625534726,0
2023-07-28 11:00:36,2172.0,153304,3,2176.28,85453,110463,0.4555650625534726,0
2023-07-28 11:00:36,2172.0,153304,3,2176.28,85474,110468,0.4555650625534726,0
2023-07-28 11:00:36,2172.0,153304,3,2176.28,85518,110463,0.4555650625534726,0
2023-07-28 11:00:41,2171.95,153305,3,2176.28,85518,110462,0.45325254954557853,0
2023-07-28 11:00:41,2171.0,153360,9,2176.28,85515,110403,0.40931480239575924,0
2023-07-28 11:00:42,2171.95,153363,1,2176.28,85506,110395,0.45325254954557853,0
2023-07-28 11:00:43,2171.95,153377,14,2176.28,85664,110473,0.45325254954557853,0
2023-07-28 11:00:43,2171.95,153377,1,2176.28,85664,110473,0.45325254954557853,0
2023-07-28 11:00:44,2171.95,153378,1,2176.28,84483,110477,0.45325254954557853,0
2023-07-28 11:00:44,2171.95,153378,1,2176.28,85289,110482,0.45325254954557853,0
2023-07-28 11:00:44,2171.95,153378,1,2176.28,85289,110482,0.45325254954557853,0
2023-07-28 11:00:44,2171.95,153378,1,2176.28,85289,110482,0.45325254954557853,0
2023-07-28 11:00:49,2171.95,153388,10,2176.28,85294,110493,0.45325254954557853,0
2023-07-28 11:00:51,2171.95,153389,1,2176.28,84205,110482,0.45325254954557853,0
2023-07-28 11:00:52,2171.95,153395,1,2176.28,84226,110472,0.45325254954557853,0
2023-07-28 11:00:52,2171.45,153396,1,2176.28,84225,110513,0.43012741946672184,0
2023-07-28 11:00:52,2171.45,153396,1,2176.28,84225,110513,0.43012741946672184,0
2023-07-28 11:00:52,2171.45,153396,1,2176.28,84225,110489,0.43012741946672184,0
2023-07-28 11:00:52,2171.45,153396,1,2176.28,84261,110489,0.43012741946672184,0
2023-07-28 11:00:52,2171.45,153396,2,2176.28,84261,110489,0.43012741946672184,0
2023-07-28 11:00:56,2171.45,153398,2,2176.28,84414,110468,0.43012741946672184,0
2023-07-28 11:00:56,2171.45,153398,2,2176.28,85562,110456,0.43012741946672184,0
2023-07-28 11:00:56,2171.45,153398,2,2176.28,85665,110456,0.43012741946672184,0
2023-07-28 11:00:56,2171.45,153398,2,2176.28,85669,110456,0.43012741946672184,0
2023-07-28 11:01:01,2171.0,153440,22,2176.28,85277,110485,0.40931480239575924,0
2023-07-28 11:01:01,2171.0,153440,22,2176.28,85320,110490,0.40931480239575924,0
2023-07-28 11:01:01,2171.0,153440,22,2176.28,85322,110490,0.40931480239575924,0
2023-07-28 11:01:01,2171.0,153440,22,2176.28,85327,110421,0.40931480239575924,0
2023-07-28 11:01:01,2171.0,153440,22,2176.28,85715,110255,0.40931480239575924,0
2023-07-28 11:01:01,2172.0,153440,4,2176.28,85715,110255,0.4555650625534726,0
2023-07-28 11:01:10,2171.5,153445,1,2176.28,84335,108939,0.43243993247461593,0
2023-07-28 11:01:10,2171.5,153445,1,2176.28,84253,109222,0.43243993247461593,0
2023-07-28 11:01:10,2171.5,153445,40,2176.28,84253,109222,0.43243993247461593,0
2023-07-28 11:01:16,2171.5,153488,40,2176.28,84214,109227,0.43243993247461593,0
2023-07-28 11:01:16,2172.0,153488,2,2176.28,84214,109227,0.4555650625534726,0
2023-07-28 11:01:16,2172.0,153488,10,2176.28,84214,109227,0.4555650625534726,0
2023-07-28 11:01:22,2172.0,153500,10,2176.28,84201,110221,0.4555650625534726,0
2023-07-28 11:01:22,2172.0,153500,255,2176.28,84201,110221,0.4555650625534726,0
2023-07-28 11:01:22,2170.55,153500,4,2176.28,84201,110221,0.38850218532479663,0
2023-07-28 11:01:22,2170.25,153500,14,2176.28,84201,110221,0.3746271072774742,0
2023-07-28 11:01:25,2170.25,154475,14,2176.24,84091,112544,0.3746271072774742,0
2023-07-28 11:01:25,2170.25,154475,7,2176.24,84091,112544,0.3746271072774742,0
2023-07-28 11:01:25,2169.0,154475,1,2176.24,84091,112544,0.31681428208033247,0
2023-07-28 11:01:25,2169.0,154475,25,2176.24,84091,112544,0.31681428208033247,0
2023-07-28 11:01:29,2169.0,154508,25,2176.24,84184,112320,0.31681428208033247,0
2023-07-28 11:01:33,2170.2,154510,2,2176.24,84120,111827,0.37231459426958013,0
2023-07-28 11:01:33,2170.2,154510,2,2176.24,84130,112120,0.37231459426958013,0
2023-07-28 11:01:33,2169.1,154510,3,2176.24,84130,112120,0.3214393080960996,0
2023-07-28 11:01:33,2169.1,154510,1,2176.24,84130,112120,0.3214393080960996,0
2023-07-28 11:01:33,2169.1,154510,6,2176.24,84130,112120,0.3214393080960996,0
2023-07-28 11:01:44,2169.1,154524,6,2176.24,84226,112067,0.3214393080960996,0
2023-07-28 11:01:44,2169.25,154524,1,2176.24,84226,112067,0.32837684711976084,0
2023-07-28 11:01:48,2170.65,154559,1,2176.24,84366,111588,0.3931272113405638,0
2023-07-28 11:01:48,2169.0,154559,262,2176.24,84366,111588,0.31681428208033247,0
2023-07-28 11:01:50,2170.35,155242,3,2176.21,83836,111108,0.37925213329324137,0
2023-07-28 11:01:50,2169.2,155242,3,2176.21,83836,111108,0.32606433411186675,0
2023-07-28 11:01:50,2169.15,155242,2,2176.21,83836,111108,0.3237518211039937,0
2023-07-28 11:01:56,2169.15,155389,2,2176.2,84212,110960,0.3237518211039937,0
2023-07-28 11:01:56,2170.25,155389,11,2176.2,84212,110960,0.3746271072774742,0
2023-07-28 11:01:56,2169.25,155389,6,2176.2,84212,110960,0.32837684711976084,0
2023-07-28 11:01:59,2170.25,155406,2,2176.2,84028,111242,0.3746271072774742,0
2023-07-28 11:01:59,2169.1,155406,30,2176.2,84028,111242,0.3214393080960996,0
2023-07-28 11:01:59,2169.15,155406,1,2176.2,84028,111242,0.3237518211039937,0
2023-07-28 11:02:04,2169.15,155439,1,2176.2,83883,111125,0.3237518211039937,0
2023-07-28 11:02:04,2170.25,155439,2,2176.2,83883,111125,0.3746271072774742,0
2023-07-28 11:02:06,2170.25,155456,4,2176.2,83916,111118,0.3746271072774742,0
2023-07-28 11:02:07,2170.25,155457,1,2176.2,83925,111132,0.3746271072774742,0
2023-07-28 11:02:07,2170.25,155458,1,2176.2,83887,111121,0.3746271072774742,0
2023-07-28 11:02:07,2170.25,155458,1,2176.2,83958,111135,0.3746271072774742,0
2023-07-28 11:02:07,2170.25,155458,1,2176.2,82752,111116,0.3746271072774742,0
2023-07-28 11:02:07,2170.25,155458,1,2176.2,84012,111037,0.3746271072774742,0
2023-07-28 11:02:07,2170.25,155458,1,2176.2,83925,111106,0.3746271072774742,0
2023-07-28 11:02:07,2170.25,155458,1,2176.2,83921,111106,0.3746271072774742,0
2023-07-28 11:02:15,2170.25,155507,19,2176.2,84135,111021,0.3746271072774742,0
2023-07-28 11:02:15,2170.25,155510,3,2176.2,84114,111018,0.3746271072774742,0
2023-07-28 11:02:16,2170.2,155531,21,2176.2,84039,111023,0.37231459426958013,0
2023-07-28 11:02:16,2170.2,155531,21,2176.2,84039,111023,0.37231459426958013,0
2023-07-28 11:02:16,2170.2,155531,21,2176.2,82903,111228,0.37231459426958013,0
2023-07-28 11:02:18,2170.2,155536,5,2176.2,84108,111122,0.37231459426958013,0
2023-07-28 11:02:19,2170.2,155538,2,2176.2,81015,111202,0.37231459426958013,0
2023-07-28 11:02:19,2169.7,155538,16,2176.2,81015,111202,0.34918946419072344,0
2023-07-28 11:02:19,2169.7,155538,16,2176.2,81015,111202,0.34918946419072344,0
2023-07-28 11:02:22,2169.7,155555,1,2176.2,84011,111261,0.34918946419072344,0
2023-07-28 11:02:22,2169.7,155555,1,2176.2,83998,111123,0.34918946419072344,0
2023-07-28 11:02:22,2169.7,155555,1,2176.2,83998,111123,0.34918946419072344,0
2023-07-28 11:02:22,2169.7,155555,1,2176.2,84006,111123,0.34918946419072344,0
2023-07-28 11:02:25,2170.25,155592,19,2176.19,83809,110972,0.3746271072774742,0
2023-07-28 11:02:25,2170.25,155592,19,2176.19,83809,110972,0.3746271072774742,0
2023-07-28 11:02:25,2170.25,155592,19,2176.19,83809,110972,0.3746271072774742,0
2023-07-28 11:02:25,2170.25,155592,19,2176.19,83999,110978,0.3746271072774742,0
2023-07-28 11:02:25,2170.25,155592,19,2176.19,83994,110903,0.3746271072774742,0
2023-07-28 11:02:25,2170.25,155592,19,2176.19,83997,110912,0.3746271072774742,0
2023-07-28 11:02:25,2169.7,155592,5,2176.19,83997,110912,0.34918946419072344,0
2023-07-28 11:02:31,2169.7,155606,5,2176.19,83981,111028,0.34918946419072344,0
2023-07-28 11:02:31,2169.7,155606,5,2176.19,83981,111024,0.34918946419072344,0
2023-07-28 11:02:36,2169.75,155648,6,2176.19,84016,111024,0.35150197719861753,0
2023-07-28 11:02:36,2169.75,155648,6,2176.19,84016,111030,0.35150197719861753,0
2023-07-28 11:02:39,2170.25,155748,100,2176.19,84153,110969,0.3746271072774742,0
2023-07-28 11:02:40,2170.25,155749,1,2176.19,84325,111056,0.3746271072774742,0
2023-07-28 11:02:43,2171.2,156023,6,2176.18,83888,110799,0.4185648544272935,0
2023-07-28 11:02:43,2171.1,156023,1,2176.18,83888,110799,0.4139398284115264,0
2023-07-28 11:02:43,2171.1,156024,1,2176.18,83896,110798,0.4139398284115264,0
2023-07-28 11:02:43,2171.1,156024,1,2176.18,83938,110798,0.4139398284115264,0
2023-07-28 11:02:43,2171.1,156024,1,2176.18,83938,110803,0.4139398284115264,0
2023-07-28 11:02:47,2171.1,156029,5,2176.18,83938,110798,0.4139398284115264,0
2023-07-28 11:02:47,2171.1,156029,5,2176.18,83977,110852,0.4139398284115264,0
2023-07-28 11:02:47,2171.1,156029,5,2176.18,83951,110979,0.4139398284115264,0
2023-07-28 11:02:47,2171.1,156029,5,2176.18,83946,110985,0.4139398284115264,0
2023-07-28 11:02:47,2171.1,156029,5,2176.18,84012,110971,0.4139398284115264,0
2023-07-28 11:02:47,2171.1,156029,5,2176.18,84012,110971,0.4139398284115264,0
2023-07-28 11:02:47,2171.1,156029,5,2176.18,84012,110976,0.4139398284115264,0
2023-07-28 11:02:58,2169.9,156030,1,2176.18,83993,110976,0.3584395162222787,0
2023-07-28 11:02:58,2169.9,156030,1,2176.18,83993,110976,0.3584395162222787,0
2023-07-28 11:02:58,2171.1,156030,167,2176.18,83993,110976,0.4139398284115264,0
2023-07-28 11:03:00,2171.1,156330,167,2176.17,83851,111165,0.4139398284115264,0
2023-07-28 11:03:00,2171.1,156330,167,2176.17,83874,111287,0.4139398284115264,0
2023-07-28 11:03:00,2171.1,156330,167,2176.17,81998,111296,0.4139398284115264,0
2023-07-28 11:03:00,2171.1,156330,167,2176.17,83848,111311,0.4139398284115264,0
2023-07-28 11:03:00,2171.1,156330,167,2176.17,83858,111311,0.4139398284115264,0
2023-07-28 11:03:00,2171.1,156330,167,2176.17,83881,111301,0.4139398284115264,0
2023-07-28 11:03:00,2171.1,156330,167,2176.17,84143,111127,0.4139398284115264,0
2023-07-28 11:03:00,2171.1,156330,167,2176.17,83770,111168,0.4139398284115264,0
2023-07-28 11:03:09,2171.1,156331,1,2176.17,84143,111126,0.4139398284115264,0
2023-07-28 11:03:09,2171.1,156331,1,2176.17,83760,111167,0.4139398284115264,0
2023-07-28 11:03:11,2169.9,156333,2,2176.17,84140,111136,0.3584395162222787,0
2023-07-28 11:03:11,2169.9,156333,2,2176.17,83951,111121,0.3584395162222787,0
2023-07-28 11:03:11,2171.1,156333,10,2176.17,83951,111126,0.4139398284115264,0
2023-07-28 11:03:14,2171.1,156344,1,2176.17,83897,111104,0.4139398284115264,0
2023-07-28 11:03:14,2171.1,156344,1,2176.17,83903,111106,0.4139398284115264,0
2023-07-28 11:03:16,2169.9,156345,1,2176.17,83883,111147,0.3584395162222787,0
2023-07-28 11:03:16,2169.9,156345,1,2176.17,83886,111147,0.3584395162222787,0
2023-07-28 11:03:16,2171.05,156345,1,2176.17,83886,111147,0.4116273154036533,0
2023-07-28 11:03:18,2171.05,156346,1,2176.17,83881,111136,0.4116273154036533,0
2023-07-28 11:03:18,2171.05,156346,1,2176.17,83881,111136,0.4116273154036533,0
2023-07-28 11:03:18,2171.05,156346,4,2176.17,83881,111136,0.4116273154036533,0
2023-07-28 11:03:21,2169.9,156357,3,2176.17,84301,111184,0.3584395162222787,0
2023-07-28 11:03:21,2169.9,156357,3,2176.17,84312,111200,0.3584395162222787,0
2023-07-28 11:03:21,2169.9,156357,3,2176.17,84250,111034,0.3584395162222787,0
2023-07-28 11:03:21,2169.9,156357,3,2176.17,84250,111034,0.3584395162222787,0
2023-07-28 11:03:21,2169.9,156357,3,2176.17,84351,110995,0.3584395162222787,0
2023-07-28 11:03:26,2169.7,156392,35,2176.17,83928,110939,0.34918946419072344,0
2023-07-28 11:03:26,2169.7,156392,35,2176.17,83928,110960,0.34918946419072344,0
2023-07-28 11:03:26,2169.7,156392,35,2176.17,83904,110966,0.34918946419072344,0
2023-07-28 11:03:26,2169.7,156392,35,2176.17,83904,110982,0.34918946419072344,0
2023-07-28 11:03:26,2169.7,156392,35,2176.17,83864,110972,0.34918946419072344,0
2023-07-28 11:03:26,2169.7,156392,35,2176.17,83910,110958,0.34918946419072344,0
2023-07-28 11:03:26,2169.7,156392,35,2176.17,83930,110903,0.34918946419072344,0
2023-07-28 11:03:26,2169.7,156392,35,2176.17,83953,110902,0.34918946419072344,0
2023-07-28 11:03:34,2169.7,156394,2,2176.17,82094,110891,0.34918946419072344,0
2023-07-28 11:03:36,2169.7,156435,41,2176.16,84142,111097,0.34918946419072344,0
2023-07-28 11:03:36,2169.7,156435,41,2176.16,84148,111107,0.34918946419072344,0
2023-07-28 11:03:36,2169.7,156435,41,2176.16,84198,111107,0.34918946419072344,0
2023-07-28 11:03:36,2169.7,156435,41,2176.16,84198,111083,0.34918946419072344,0
2023-07-28 11:03:36,2169.45,156435,2,2176.16,84198,111087,0.33762689915129507,0
2023-07-28 11:03:41,2169.45,156437,2,2176.16,83883,110953,0.33762689915129507,0
2023-07-28 11:03:41,2169.45,156437,2,2176.16,83883,110982,0.33762689915129507,0
2023-07-28 11:03:41,2170.5,156437,2,2176.16,83883,110982,0.38618967231690254,0
2023-07-28 11:03:43,2170.5,156439,86,2176.16,83377,111136,0.38618967231690254,0
2023-07-28 11:03:44,2170.5,156550,86,2176.16,84065,111001,0.38618967231690254,0
2023-07-28 11:03:44,2170.5,156550,86,2176.16,84112,111001,0.38618967231690254,0
2023-07-28 11:03:44,2170.5,156550,86,2176.16,84137,110960,0.38618967231690254,0
2023-07-28 11:03:44,2170.5,156550,86,2176.16,84137,110960,0.38618967231690254,0
2023-07-28 11:03:44,2170.5,156550,86,2176.16,84137,110960,0.38618967231690254,0
2023-07-28 11:03:44,2170.5,156550,86,2176.16,84180,110960,0.38618967231690254,0
2023-07-28 11:03:44,2170.5,156550,86,2176.16,84287,110960,0.38618967231690254,0
2023-07-28 11:03:44,2170.5,156550,86,2176.16,84670,110972,0.38618967231690254,0
2023-07-28 11:03:44,2169.45,156550,1,2176.16,84670,110972,0.33762689915129507,0
2023-07-28 11:03:52,2169.45,156551,1,2176.16,84660,110972,0.33762689915129507,0
2023-07-28 11:03:52,2169.45,156551,1,2176.16,84457,110966,0.33762689915129507,0
2023-07-28 11:03:52,2169.45,156551,1,2176.16,84464,111007,0.33762689915129507,0
2023-07-28 11:03:52,2169.45,156551,1,2176.16,84792,111336,0.33762689915129507,0
2023-07-28 11:03:52,2169.45,156551,1,2176.16,84792,111336,0.33762689915129507,0
2023-07-28 11:03:57,2169.4,156556,5,2176.16,84847,111243,0.335314386143422,0
2023-07-28 11:03:57,2169.4,156556,5,2176.16,84832,111223,0.335314386143422,0
2023-07-28 11:03:59,2169.4,156593,18,2176.16,83947,110743,0.335314386143422,0
2023-07-28 11:04:00,2170.5,156598,5,2176.16,84712,110844,0.38618967231690254,0
2023-07-28 11:04:00,2170.5,156598,5,2176.16,84910,110841,0.38618967231690254,0
2023-07-28 11:04:00,2170.5,156598,5,2176.16,84954,110780,0.38618967231690254,0
2023-07-28 11:04:00,2170.5,156598,5,2176.16,84909,110864,0.38618967231690254,0
2023-07-28 11:04:00,2169.45,156598,3,2176.16,84899,110916,0.33762689915129507,0
2023-07-28 11:04:05,2169.45,156601,3,2176.16,83014,110826,0.33762689915129507,0
2023-07-28 11:04:05,2169.45,156601,3,2176.16,84903,110870,0.33762689915129507,0
2023-07-28 11:04:05,2169.45,156601,3,2176.16,83079,110786,0.33762689915129507,0
2023-07-28 11:04:05,2169.45,156601,3,2176.16,84880,110846,0.33762689915129507,0
2023-07-28 11:04:09,2170.7,156611,1,2176.16,84709,110783,0.3954397243484368,0
2023-07-28 11:04:10,2169.5,156612,1,2176.16,84708,110783,0.33993941215918916,0
2023-07-28 11:04:10,2169.5,156612,1,2176.16,84891,110809,0.33993941215918916,0
2023-07-28 11:04:10,2169.5,156612,1,2176.16,84879,110808,0.33993941215918916,0
2023-07-28 11:04:10,2169.5,156612,1,2176.16,84879,110808,0.33993941215918916,0
2023-07-28 11:04:16,2169.6,156656,21,2176.16,84815,110808,0.3445644381749563,0
2023-07-28 11:04:16,2169.6,156656,21,2176.16,84811,110808,0.3445644381749563,0
2023-07-28 11:04:16,2169.6,156656,21,2176.16,84852,110785,0.3445644381749563,0
2023-07-28 11:04:16,2169.6,156656,21,2176.16,84836,110785,0.3445644381749563,0
2023-07-28 11:04:16,2169.6,156656,21,2176.16,84836,110785,0.3445644381749563,0
2023-07-28 11:04:16,2169.6,156656,21,2176.16,84832,110785,0.3445644381749563,0
2023-07-28 11:04:16,2170.8,156656,2,2176.16,84832,110785,0.400064750364225,0
2023-07-28 11:04:21,2170.8,156658,2,2176.16,84949,111137,0.400064750364225,0
2023-07-28 11:04:21,2170.8,156658,2,2176.16,84852,111137,0.400064750364225,0
2023-07-28 11:04:21,2170.8,156658,2,2176.16,84793,111137,0.400064750364225,0
2023-07-28 11:04:21,2170.8,156658,2,2176.16,85017,111088,0.400064750364225,0
2023-07-28 11:04:21,2170.8,156658,2,2176.16,85013,111122,0.400064750364225,0
2023-07-28 11:04:21,2170.8,156658,2,2176.16,85015,111122,0.400064750364225,0
2023-07-28 11:04:21,2169.6,156658,1,2176.16,85015,111122,0.3445644381749563,0
2023-07-28 11:04:28,2169.6,156659,1,2176.16,84993,111116,0.3445644381749563,0
2023-07-28 11:04:28,2169.6,156659,1,2176.16,84955,111115,0.3445644381749563,0
2023-07-28 11:04:28,2170.8,156659,16,2176.16,84955,111115,0.400064750364225,0
2023-07-28 11:04:30,2170.8,156709,16,2176.15,85062,111064,0.400064750364225,0
2023-07-28 11:04:30,2170.8,156709,16,2176.15,85018,111064,0.400064750364225,0
2023-07-28 11:04:30,2170.8,156709,16,2176.15,85018,111064,0.400064750364225,0
2023-07-28 11:04:30,2170.8,156709,16,2176.15,84873,111242,0.400064750364225,0
2023-07-28 11:04:30,2170.8,156709,16,2176.15,85159,111173,0.400064750364225,0
2023-07-28 11:04:30,2170.8,156709,16,2176.15,85208,111173,0.400064750364225,0
2023-07-28 11:04:30,2170.8,156709,16,2176.15,85167,111180,0.400064750364225,0
2023-07-28 11:04:30,2170.8,156709,16,2176.15,85161,111200,0.400064750364225,0
2023-07-28 11:04:30,2170.8,156709,16,2176.15,85134,111200,0.400064750364225,0
2023-07-28 11:04:30,2169.65,156709,2,2176.15,85134,111200,0.3468769511828504,0
2023-07-28 11:04:41,2170.65,156751,2,2176.15,85092,111272,0.3931272113405638,0
2023-07-28 11:04:42,2170.65,156753,2,2176.15,85092,111273,0.3931272113405638,0
2023-07-28 11:04:42,2170.65,156753,2,2176.15,85095,111329,0.3931272113405638,0
2023-07-28 11:04:42,2170.65,156753,2,2176.15,85095,111329,0.3931272113405638,0
2023-07-28 11:04:42,2170.65,156753,2,2176.15,85095,111329,0.3931272113405638,0
2023-07-28 11:04:45,2169.6,156763,1,2176.15,85095,111320,0.3445644381749563,0
2023-07-28 11:04:46,2169.6,156764,1,2176.15,83963,111286,0.3445644381749563,0
2023-07-28 11:04:46,2170.65,156764,1,2176.15,83948,111253,0.3931272113405638,0
2023-07-28 11:04:48,2170.65,156765,1,2176.15,84044,111425,0.3931272113405638,0
2023-07-28 11:04:48,2170.65,156765,1,2176.15,84044,111425,0.3931272113405638,0
2023-07-28 11:04:48,2170.65,156765,1,2176.15,83895,111425,0.3931272113405638,0
2023-07-28 11:04:52,2170.85,156770,5,2176.15,83890,111425,0.40237726337209806,0
2023-07-28 11:04:52,2170.85,156770,5,2176.15,83918,111425,0.40237726337209806,0
2023-07-28 11:04:52,2170.85,156770,5,2176.15,83918,111425,0.40237726337209806,0
2023-07-28 11:04:52,2170.85,156770,5,2176.15,84235,111003,0.40237726337209806,0
2023-07-28 11:04:52,2170.85,156770,5,2176.15,85621,111122,0.40237726337209806,0
2023-07-28 11:04:52,2170.8,156770,20,2176.15,85462,111125,0.400064750364225,0
2023-07-28 11:04:57,2170.8,156790,20,2176.15,85314,111130,0.400064750364225,0
2023-07-28 11:04:57,2170.8,156790,20,2176.15,85316,111120,0.400064750364225,0
2023-07-28 11:04:59,2170.1,156794,4,2176.15,85328,111120,0.367689568253813,0
2023-07-28 11:05:01,2170.1,156817,23,2176.15,85257,111158,0.367689568253813,0
2023-07-28 11:05:01,2170.1,156817,23,2176.15,85149,111163,0.367689568253813,0
2023-07-28 11:05:02,2170.05,156818,1,2176.15,85110,111181,0.36537705524593994,0
2023-07-28 11:05:02,2170.05,156818,1,2176.15,85125,111164,0.36537705524593994,0
2023-07-28 11:05:02,2170.05,156818,1,2176.15,85125,111164,0.36537705524593994,0
2023-07-28 11:05:04,2170.05,156819,1,2176.15,85160,111173,0.36537705524593994,0
2023-07-28 11:05:04,2170.05,156819,10,2176.15,85160,111173,0.36537705524593994,0
2023-07-28 11:05:05,2170.05,156829,10,2176.15,85146,111173,0.36537705524593994,0
2023-07-28 11:05:05,2170.05,156829,10,2176.15,85114,111144,0.36537705524593994,0
2023-07-28 11:05:08,2170.05,156833,4,2176.15,85201,111221,0.36537705524593994,0
2023-07-28 11:05:08,2170.05,156833,4,2176.15,85219,111237,0.36537705524593994,0
2023-07-28 11:05:08,2170.05,156833,4,2176.15,85177,111195,0.36537705524593994,0
2023-07-28 11:05:08,2170.05,156833,4,2176.15,85227,111122,0.36537705524593994,0
2023-07-28 11:05:08,2170.05,156833,4,2176.15,85212,111122,0.36537705524593994,0
2023-07-28 11:05:08,2171.4,156833,42,2176.15,85263,111140,0.4278149064588488,0
2023-07-28 11:05:16,2170.3,157036,3,2176.14,85404,111556,0.3769396202853683,0
2023-07-28 11:05:16,2170.3,157036,4,2176.14,85404,111556,0.3769396202853683,0
2023-07-28 11:05:17,2170.3,157040,4,2176.14,85479,111369,0.3769396202853683,0
2023-07-28 11:05:21,2170.3,157041,1,2176.14,85488,111284,0.3769396202853683,0
2023-07-28 11:05:21,2170.45,157041,1,2176.14,85488,111284,0.38387715930900845,0
2023-07-28 11:05:22,2170.45,157042,1,2176.14,85559,111333,0.38387715930900845,0
2023-07-28 11:05:22,2170.45,157042,1,2176.14,85559,111333,0.38387715930900845,0
2023-07-28 11:05:22,2170.45,157042,1,2176.14,85559,111333,0.38387715930900845,0
2023-07-28 11:05:22,2170.45,157042,1,2176.14,85524,111404,0.38387715930900845,0
2023-07-28 11:05:22,2170.45,157042,1,2176.14,85524,111404,0.38387715930900845,0
2023-07-28 11:05:26,2170.35,157046,4,2176.14,85584,111429,0.37925213329324137,0
2023-07-28 11:05:26,2170.35,157046,4,2176.14,85584,111429,0.37925213329324137,0
2023-07-28 11:05:26,2170.35,157046,4,2176.14,85584,111429,0.37925213329324137,0
2023-07-28 11:05:26,2171.75,157046,1,2176.14,85469,111499,0.4440024975140443,0
2023-07-28 11:05:29,2171.75,157056,1,2176.14,85518,111299,0.4440024975140443,0
2023-07-28 11:05:29,2171.75,157056,1,2176.14,85484,111353,0.4440024975140443,0
2023-07-28 11:05:32,2171.75,157086,8,2176.14,85450,111429,0.4440024975140443,0
2023-07-28 11:05:32,2171.5,157136,50,2176.14,85461,111570,0.43243993247461593,0
2023-07-28 11:05:33,2170.35,157141,5,2176.14,85424,111588,0.37925213329324137,0
2023-07-28 11:05:33,2171.75,157141,18,2176.14,85424,111588,0.4440024975140443,0
2023-07-28 11:05:35,2170.35,157166,5,2176.14,85456,111461,0.37925213329324137,0
2023-07-28 11:05:36,2171.75,157210,1,2176.14,85454,111460,0.4440024975140443,0
2023-07-28 11:05:36,2171.75,157210,1,2176.14,85461,111460,0.4440024975140443,0
2023-07-28 11:05:36,2171.75,157210,1,2176.14,85471,111460,0.4440024975140443,0
2023-07-28 11:05:40,2170.35,157221,1,2176.14,85385,111556,0.37925213329324137,0
2023-07-28 11:05:40,2170.35,157221,1,2176.14,85385,111556,0.37925213329324137,0
2023-07-28 11:05:40,2170.35,157221,1,2176.14,85433,111530,0.37925213329324137,0
2023-07-28 11:05:40,2170.35,157221,1,2176.14,85504,111442,0.37925213329324137,0
2023-07-28 11:05:40,2171.5,157221,1,2176.14,85504,111442,0.43243993247461593,0
2023-07-28 11:05:43,2171.5,157222,1,2176.14,85441,111389,0.43243993247461593,0
2023-07-28 11:05:43,2170.45,157222,4,2176.14,85441,111389,0.38387715930900845,0
2023-07-28 11:05:44,2170.45,157226,4,2176.14,85504,111362,0.38387715930900845,0
2023-07-28 11:05:44,2170.45,157226,4,2176.14,85495,111404,0.38387715930900845,0
2023-07-28 11:05:44,2170.45,157226,4,2176.14,85092,111407,0.38387715930900845,0
2023-07-28 11:05:44,2170.45,157226,4,2176.14,85471,111407,0.38387715930900845,0
2023-07-28 11:05:44,2170.5,157226,1,2176.14,85471,111406,0.38618967231690254,0
2023-07-28 11:05:49,2170.5,157227,1,2176.14,85415,111572,0.38618967231690254,0
2023-07-28 11:05:49,2171.6,157227,1,2176.14,85415,111572,0.43706495849038307,0
2023-07-28 11:05:51,2171.6,157230,1,2176.14,85015,111486,0.43706495849038307,0
2023-07-28 11:05:51,2171.6,157230,1,2176.14,85052,111460,0.43706495849038307,0
2023-07-28 11:05:51,2170.5,157230,4,2176.14,85052,111460,0.38618967231690254,0
2023-07-28 11:05:53,2170.5,157234,4,2176.14,85425,111487,0.38618967231690254,0
2023-07-28 11:05:53,2170.5,157234,4,2176.14,85395,111563,0.38618967231690254,0
2023-07-28 11:05:56,2170.5,157276,42,2176.14,85349,111519,0.38618967231690254,0
2023-07-28 11:05:56,2170.5,157276,10,2176.14,85349,111519,0.38618967231690254,0
2023-07-28 11:05:56,2170.5,157286,10,2176.13,85387,111492,0.38618967231690254,0
2023-07-28 11:05:57,2171.45,157291,5,2176.13,85446,111435,0.43012741946672184,0
2023-07-28 11:05:57,2170.5,157291,1,2176.13,85446,111435,0.38618967231690254,0
2023-07-28 11:05:58,2170.5,157292,1,2176.13,85426,111561,0.38618967231690254,0
2023-07-28 11:05:58,2170.5,157292,1,2176.13,85503,111480,0.38618967231690254,0
2023-07-28 11:05:58,2170.5,157292,1,2176.13,85422,111514,0.38618967231690254,0
2023-07-28 11:05:58,2170.5,157292,1,2176.13,85422,111514,0.38618967231690254,0
2023-07-28 11:05:58,2170.5,157292,4,2176.13,85422,111514,0.38618967231690254,0
2023-07-28 11:06:02,2170.5,157296,4,2176.13,85365,111444,0.38618967231690254,0
2023-07-28 11:06:02,2170.5,157296,4,2176.13,85477,111385,0.38618967231690254,0
2023-07-28 11:06:02,2170.5,157296,4,2176.13,85407,111391,0.38618967231690254,0
2023-07-28 11:06:02,2170.5,157296,4,2176.13,85406,111435,0.38618967231690254,0
2023-07-28 11:06:02,2170.5,157296,4,2176.13,85433,111357,0.38618967231690254,0
2023-07-28 11:06:02,2170.5,157296,4,2176.13,85401,111469,0.38618967231690254,0
2023-07-28 11:06:02,2170.5,157296,4,2176.13,85397,111423,0.38618967231690254,0
2023-07-28 11:06:02,2171.45,157296,3,2176.13,85397,111423,0.43012741946672184,0
2023-07-28 11:06:09,2171.45,157346,3,2176.13,85439,111340,0.43012741946672184,0
2023-07-28 11:06:11,2170.6,157350,4,2176.13,85397,111458,0.3908146983326697,0
2023-07-28 11:06:11,2170.6,157350,4,2176.13,85483,111347,0.3908146983326697,0
2023-07-28 11:06:11,2170.6,157350,4,2176.13,85493,111354,0.3908146983326697,0
2023-07-28 11:06:11,2170.6,157350,4,2176.13,85505,111342,0.3908146983326697,0
2023-07-28 11:06:16,2170.6,157395,1,2176.13,85319,111467,0.3908146983326697,0
2023-07-28 11:06:16,2170.6,157395,10,2176.13,85314,111481,0.3908146983326697,0
2023-07-28 11:06:17,2170.6,157405,10,2176.13,85304,111405,0.3908146983326697,0
2023-07-28 11:06:17,2170.6,157405,10,2176.13,84929,111452,0.3908146983326697,0
2023-07-28 11:06:17,2170.6,157405,5,2176.13,84929,111452,0.3908146983326697,0
2023-07-28 11:06:20,2169.4,158029,16,2176.11,83996,112267,0.335314386143422,0
2023-07-28 11:06:21,2170.05,158122,25,2176.1,83904,111973,0.36537705524593994,0
2023-07-28 11:06:22,2170.05,158124,2,2176.1,83903,111971,0.36537705524593994,0
2023-07-28 11:06:24,2169.0,158134,10,2176.1,83898,112020,0.31681428208033247,0
2023-07-28 11:06:25,2170.05,158144,1,2176.1,83898,112011,0.36537705524593994,0
2023-07-28 11:06:25,2170.05,158144,1,2176.1,83792,112236,0.36537705524593994,0
2023-07-28 11:06:25,2170.05,158144,1,2176.1,83720,112369,0.36537705524593994,0
2023-07-28 11:06:29,2169.0,158148,4,2176.1,84244,112192,0.31681428208033247,0
2023-07-28 11:06:29,2169.0,158148,4,2176.1,84246,112221,0.31681428208033247,0
2023-07-28 11:06:29,2169.0,158148,4,2176.1,84246,112212,0.31681428208033247,0
2023-07-28 11:06:29,2169.0,158148,4,2176.1,84251,112216,0.31681428208033247,0
2023-07-28 11:06:29,2169.0,158148,4,2176.1,84251,112227,0.31681428208033247,0
2023-07-28 11:06:29,2169.0,158148,1,2176.1,84255,112212,0.31681428208033247,0
2023-07-28 11:06:34,2169.0,158149,1,2176.1,84250,112212,0.31681428208033247,0
2023-07-28 11:06:36,2169.0,158191,42,2176.1,84249,112271,0.31681428208033247,0
2023-07-28 11:06:36,2169.0,158191,42,2176.1,84249,112261,0.31681428208033247,0
2023-07-28 11:06:38,2169.0,158195,4,2176.1,84208,112270,0.31681428208033247,0
2023-07-28 11:06:38,2169.0,158195,4,2176.1,84247,112199,0.31681428208033247,0
2023-07-28 11:06:38,2169.0,158195,4,2176.1,84287,112203,0.31681428208033247,0
2023-07-28 11:06:38,2169.0,158195,4,2176.1,84260,112213,0.31681428208033247,0
2023-07-28 11:06:38,2169.0,158195,4,2176.1,84260,112204,0.31681428208033247,0
2023-07-28 11:06:38,2169.0,158195,4,2176.1,84242,112204,0.31681428208033247,0
2023-07-28 11:06:38,2169.0,158195,4,2176.1,83874,112204,0.31681428208033247,0
2023-07-28 11:06:38,2169.0,158195,4,2176.1,84349,112213,0.31681428208033247,0
2023-07-28 11:06:38,2169.0,158195,4,2176.1,84349,112180,0.31681428208033247,0
2023-07-28 11:06:38,2169.0,158195,4,2176.1,84349,112180,0.31681428208033247,0
2023-07-28 11:06:47,2169.0,158199,4,2176.1,84350,112245,0.31681428208033247,0
2023-07-28 11:06:47,2169.0,158199,4,2176.1,84345,112260,0.31681428208033247,0
2023-07-28 11:06:47,2169.0,158199,4,2176.1,84360,112192,0.31681428208033247,0
2023-07-28 11:06:47,2169.0,158199,4,2176.1,84360,112154,0.31681428208033247,0
2023-07-28 11:06:52,2169.0,158200,1,2176.1,84354,112150,0.31681428208033247,0
2023-07-28 11:06:52,2169.0,158200,1,2176.1,84354,112150,0.31681428208033247,0
2023-07-28 11:06:52,2169.0,158200,1,2176.1,84354,112157,0.31681428208033247,0
2023-07-28 11:06:52,2169.0,158200,43,2176.1,84404,112171,0.31681428208033247,0
2023-07-28 11:06:56,2169.0,158247,4,2176.1,84355,112197,0.31681428208033247,0
2023-07-28 11:06:57,2170.0,158248,1,2176.1,84385,112192,0.36306454223804585,0
2023-07-28 11:06:57,2170.0,158248,1,2176.1,84454,112140,0.36306454223804585,0
2023-07-28 11:06:57,2170.0,158248,1,2176.1,84454,112140,0.36306454223804585,0
2023-07-28 11:07:01,2170.0,158250,2,2176.1,84449,112152,0.36306454223804585,0
2023-07-28 11:07:01,2170.0,158250,2,2176.1,84449,112152,0.36306454223804585,0
2023-07-28 11:07:01,2170.0,158250,2,2176.1,84440,112065,0.36306454223804585,0
2023-07-28 11:07:01,2170.0,158250,2,2176.1,84440,112090,0.36306454223804585,0
2023-07-28 11:07:05,2169.0,158255,5,2176.1,84438,112073,0.31681428208033247,0
2023-07-28 11:07:05,2169.0,158255,5,2176.1,84438,112073,0.31681428208033247,0
2023-07-28 11:07:05,2169.0,158255,5,2176.1,84463,112081,0.31681428208033247,0
2023-07-28 11:07:05,2169.0,158255,5,2176.1,84463,112094,0.31681428208033247,0
2023-07-28 11:07:05,2170.0,158255,3,2176.1,84463,112099,0.36306454223804585,0
2023-07-28 11:07:09,2170.0,158258,3,2176.1,84463,112068,0.36306454223804585,0
2023-07-28 11:07:09,2170.0,158258,3,2176.1,84463,112081,0.36306454223804585,0
2023-07-28 11:07:09,2169.0,158258,1,2176.1,84463,112081,0.31681428208033247,0
2023-07-28 11:07:10,2169.0,158259,1,2176.1,84460,112067,0.31681428208033247,0
2023-07-28 11:07:10,2169.0,158259,1,2176.1,84456,112057,0.31681428208033247,0
2023-07-28 11:07:10,2169.0,158259,1,2176.1,84462,112064,0.31681428208033247,0
2023-07-28 11:07:14,2169.0,158263,4,2176.1,84458,112084,0.31681428208033247,0
2023-07-28 11:07:14,2170.0,158263,12,2176.1,84458,112084,0.36306454223804585,0
2023-07-28 11:07:15,2170.0,158275,12,2176.1,84429,112034,0.36306454223804585,0
2023-07-28 11:07:16,2170.0,158325,6,2176.1,84417,111840,0.36306454223804585,0
2023-07-28 11:07:16,2170.0,158325,6,2176.1,84414,111810,0.36306454223804585,0
2023-07-28 11:07:16,2170.0,158325,6,2176.1,84452,111820,0.36306454223804585,0
2023-07-28 11:07:16,2170.0,158325,6,2176.1,84447,111825,0.36306454223804585,0
2023-07-28 11:07:16,2170.0,158325,6,2176.1,84432,111797,0.36306454223804585,0
2023-07-28 11:07:16,2169.05,158325,10,2176.1,84425,111842,0.31912679508822656,0
2023-07-28 11:07:16,2169.65,158325,2,2176.1,84425,111842,0.3468769511828504,0
2023-07-28 11:07:21,2169.65,158370,2,2176.09,84447,111733,0.3468769511828504,0
2023-07-28 11:07:23,2169.05,158374,4,2176.09,84433,111700,0.31912679508822656,0
2023-07-28 11:07:24,2169.95,158379,5,2176.09,84440,111734,0.36075202923015176,0
2023-07-28 11:07:24,2169.95,158379,5,2176.09,84440,111750,0.36075202923015176,0
2023-07-28 11:07:24,2169.95,158379,5,2176.09,84444,111670,0.36075202923015176,0
2023-07-28 11:07:24,2169.95,158379,5,2176.09,84440,111809,0.36075202923015176,0
2023-07-28 11:07:24,2169.95,158379,5,2176.09,84439,111764,0.36075202923015176,0
2023-07-28 11:07:24,2169.05,158379,1,2176.09,84439,111764,0.31912679508822656,0
2023-07-28 11:07:28,2169.05,158380,1,2176.09,84435,111699,0.31912679508822656,0
2023-07-28 11:07:28,2169.05,158380,1,2176.09,84589,111711,0.31912679508822656,0
2023-07-28 11:07:31,2169.95,158386,6,2176.09,84653,111704,0.36075202923015176,0
2023-07-28 11:07:31,2169.95,158386,6,2176.09,84492,111717,0.36075202923015176,0
2023-07-28 11:07:32,2169.95,158393,3,2176.09,84377,111728,0.36075202923015176,0
2023-07-28 11:07:33,2169.05,158436,33,2176.09,84335,111926,0.31912679508822656,0
2023-07-28 11:07:33,2169.05,158436,33,2176.09,84343,111832,0.31912679508822656,0
2023-07-28 11:07:33,2169.05,158436,43,2176.09,84290,111905,0.31912679508822656,0
2023-07-28 11:07:36,2169.05,158479,43,2176.09,84321,111785,0.31912679508822656,0
2023-07-28 11:07:36,2169.05,158479,43,2176.09,84315,111817,0.31912679508822656,0
2023-07-28 11:07:36,2169.05,158479,43,2176.09,84355,111783,0.31912679508822656,0
2023-07-28 11:07:36,2169.05,158479,43,2176.09,84355,111840,0.31912679508822656,0
2023-07-28 11:07:41,2169.05,158483,4,2176.09,84346,111841,0.31912679508822656,0
2023-07-28 11:07:41,2169.05,158483,4,2176.09,84346,111841,0.31912679508822656,0
2023-07-28 11:07:41,2169.05,158483,4,2176.09,84346,111769,0.31912679508822656,0
2023-07-28 11:07:41,2169.05,158483,4,2176.09,84341,111764,0.31912679508822656,0
2023-07-28 11:07:41,2169.05,158483,4,2176.09,84341,111764,0.31912679508822656,0
2023-07-28 11:07:41,2169.05,158483,4,2176.09,84380,111764,0.31912679508822656,0
2023-07-28 11:07:41,2169.05,158483,1,2176.09,84380,111764,0.31912679508822656,0
2023-07-28 11:07:46,2169.05,158484,1,2176.09,84379,111797,0.31912679508822656,0
2023-07-28 11:07:46,2169.05,158484,1,2176.09,84385,111797,0.31912679508822656,0
2023-07-28 11:07:46,2169.05,158484,1,2176.09,84425,111797,0.31912679508822656,0
2023-07-28 11:07:50,2169.05,158489,5,2176.09,83698,111704,0.31912679508822656,0
2023-07-28 11:07:50,2169.05,158489,5,2176.09,84412,111703,0.31912679508822656,0
2023-07-28 11:07:52,2169.95,158509,20,2176.09,84475,111712,0.36075202923015176,0
2023-07-28 11:07:52,2169.95,158509,20,2176.09,83647,111672,0.36075202923015176,0
2023-07-28 11:07:52,2169.95,158509,20,2176.09,84401,111742,0.36075202923015176,0
2023-07-28 11:07:52,2169.95,158509,15,2176.09,84401,111742,0.36075202923015176,0
2023-07-28 11:07:55,2169.95,158524,15,2176.09,84400,111585,0.36075202923015176,0
2023-07-28 11:07:56,2169.15,158534,10,2176.09,84359,111678,0.3237518211039937,0
2023-07-28 11:07:56,2169.15,158534,10,2176.09,83604,111685,0.3237518211039937,0
2023-07-28 11:07:59,2169.15,158538,4,2176.09,84358,111689,0.3237518211039937,0
2023-07-28 11:07:59,2169.15,158538,4,2176.09,84358,111689,0.3237518211039937,0
2023-07-28 11:07:59,2169.15,158538,4,2176.09,84342,111637,0.3237518211039937,0
2023-07-28 11:07:59,2169.15,158538,22,2176.09,84366,111753,0.3237518211039937,0
2023-07-28 11:08:01,2169.15,158560,22,2176.09,84272,111947,0.3237518211039937,0
2023-07-28 11:08:01,2169.15,158560,22,2176.09,84486,111908,0.3237518211039937,0
2023-07-28 11:08:04,2169.05,158561,1,2176.09,84451,111848,0.31912679508822656,0
2023-07-28 11:08:04,2169.05,158561,1,2176.09,84455,111916,0.31912679508822656,0
2023-07-28 11:08:06,2169.05,158581,20,2176.09,84215,111732,0.31912679508822656,0
2023-07-28 11:08:06,2169.05,158581,20,2176.09,84202,111753,0.31912679508822656,0
2023-07-28 11:08:08,2169.05,158585,4,2176.08,84181,111730,0.31912679508822656,0
2023-07-28 11:08:08,2169.05,158585,4,2176.08,84181,111730,0.31912679508822656,0
2023-07-28 11:08:08,2169.05,158585,4,2176.08,84176,111745,0.31912679508822656,0
2023-07-28 11:08:10,2169.85,158588,3,2176.08,84181,111775,0.3561270032143847,0
2023-07-28 11:08:10,2169.85,158588,3,2176.08,84176,111789,0.3561270032143847,0
2023-07-28 11:08:10,2169.85,158588,3,2176.08,84181,111779,0.3561270032143847,0
2023-07-28 11:08:10,2169.85,158588,3,2176.08,84181,111779,0.3561270032143847,0
2023-07-28 11:08:10,2169.85,158588,3,2176.08,84181,111800,0.3561270032143847,0
2023-07-28 11:08:10,2169.85,158588,3,2176.08,84181,111790,0.3561270032143847,0
2023-07-28 11:08:10,2169.05,158588,4,2176.08,84181,111782,0.31912679508822656,0
2023-07-28 11:08:17,2169.05,158592,4,2176.08,84165,111832,0.31912679508822656,0
2023-07-28 11:08:17,2169.05,158592,4,2176.08,84175,111802,0.31912679508822656,0
2023-07-28 11:08:17,2169.05,158592,4,2176.08,84180,111787,0.31912679508822656,0
2023-07-28 11:08:21,2169.05,158637,45,2176.08,84152,111838,0.31912679508822656,0
2023-07-28 11:08:22,2169.05,158638,1,2176.08,84158,111904,0.31912679508822656,0
2023-07-28 11:08:22,2169.05,158638,1,2176.08,84161,111904,0.31912679508822656,0
2023-07-28 11:08:22,2169.05,158638,1,2176.08,84161,111904,0.31912679508822656,0
2023-07-28 11:08:25,2169.85,158711,23,2176.08,83974,112194,0.3561270032143847,0
2023-07-28 11:08:25,2169.85,158711,23,2176.08,84085,112067,0.3561270032143847,0
2023-07-28 11:08:25,2169.0,158711,4,2176.08,84085,112067,0.31681428208033247,0
2023-07-28 11:08:26,2169.85,158715,1,2176.08,84117,112067,0.3561270032143847,0
2023-07-28 11:08:27,2169.85,158716,1,2176.08,84202,111771,0.3561270032143847,0
2023-07-28 11:08:27,2169.85,158716,1,2176.08,84172,111777,0.3561270032143847,0
2023-07-28 11:08:27,2169.85,158716,1,2176.08,84134,111721,0.3561270032143847,0
2023-07-28 11:08:27,2169.85,158716,1,2176.08,84088,111672,0.3561270032143847,0
2023-07-28 11:08:27,2169.85,158716,1,2176.08,84088,111663,0.3561270032143847,0
2023-07-28 11:08:27,2170.0,158716,10,2176.08,84088,111663,0.36306454223804585,0
2023-07-28 11:08:33,2170.0,158782,10,2176.08,84880,111306,0.36306454223804585,0
2023-07-28 11:08:33,2170.0,158782,10,2176.08,84689,111409,0.36306454223804585,0
2023-07-28 11:08:33,2170.0,158782,5,2176.08,84689,111409,0.36306454223804585,0
2023-07-28 11:08:36,2170.6,158793,6,2176.08,84648,111409,0.3908146983326697,0
2023-07-28 11:08:36,2170.6,158793,6,2176.08,84712,111455,0.3908146983326697,0
2023-07-28 11:08:36,2170.0,158793,4,2176.08,84712,111455,0.36306454223804585,0
2023-07-28 11:08:37,2170.0,158797,4,2176.08,84123,111432,0.36306454223804585,0
2023-07-28 11:08:37,2170.0,158797,100,2176.08,84687,111422,0.36306454223804585,0
2023-07-28 11:08:39,2170.0,158897,1,2176.07,84768,111446,0.36306454223804585,0
2023-07-28 11:08:41,2170.0,158940,42,2176.07,83850,111517,0.36306454223804585,0
2023-07-28 11:08:41,2170.0,158940,42,2176.07,84698,111448,0.36306454223804585,0
2023-07-28 11:08:41,2170.0,158940,42,2176.07,84581,111454,0.36306454223804585,0
2023-07-28 11:08:44,2170.0,158944,4,2176.07,84559,111589,0.36306454223804585,0
2023-07-28 11:08:44,2170.0,158944,4,2176.07,84600,111524,0.36306454223804585,0
2023-07-28 11:08:44,2170.0,158944,4,2176.07,84630,111487,0.36306454223804585,0
2023-07-28 11:08:44,2170.0,158944,4,2176.07,84642,111429,0.36306454223804585,0
2023-07-28 11:08:44,2170.0,158944,4,2176.07,82259,111429,0.36306454223804585,0
2023-07-28 11:08:50,2170.55,158951,7,2176.07,84939,111439,0.38850218532479663,0
2023-07-28 11:08:50,2170.75,158951,9,2176.07,84939,111439,0.3977522373563309,0
2023-07-28 11:08:50,2170.75,159051,9,2176.07,83958,111363,0.3977522373563309,0
2023-07-28 11:08:50,2170.75,159051,9,2176.07,84704,111367,0.3977522373563309,0
2023-07-28 11:08:53,2170.0,159055,4,2176.07,84624,111367,0.36306454223804585,0
2023-07-28 11:08:53,2170.0,159055,4,2176.07,84647,111367,0.36306454223804585,0
2023-07-28 11:08:53,2170.0,159055,4,2176.07,84647,111367,0.36306454223804585,0
2023-07-28 11:08:53,2170.0,159055,43,2176.07,84647,111367,0.36306454223804585,0
2023-07-28 11:08:56,2170.0,159098,43,2176.06,84664,111396,0.36306454223804585,0
2023-07-28 11:08:56,2170.0,159098,43,2176.06,84606,111398,0.36306454223804585,0
2023-07-28 11:08:56,2170.0,159098,1,2176.06,84606,111398,0.36306454223804585,0
2023-07-28 11:08:58,2170.0,159099,1,2176.06,84617,111379,0.36306454223804585,0
2023-07-28 11:08:58,2170.0,159099,1,2176.06,84822,111379,0.36306454223804585,0
2023-07-28 11:08:58,2170.0,159099,1,2176.06,84582,111386,0.36306454223804585,0
2023-07-28 11:08:58,2170.0,159099,1,2176.06,84590,111421,0.36306454223804585,0
2023-07-28 11:09:02,2170.0,159103,4,2176.06,84569,111397,0.36306454223804585,0
2023-07-28 11:09:02,2170.0,159103,4,2176.06,84577,111341,0.36306454223804585,0
2023-07-28 11:09:02,2170.0,159103,4,2176.06,84547,111620,0.36306454223804585,0
2023-07-28 11:09:02,2170.0,159103,4,2176.06,84547,111635,0.36306454223804585,0
2023-07-28 11:09:02,2170.0,159103,4,2176.06,84594,111658,0.36306454223804585,0
2023-07-28 11:09:02,2170.0,159103,4,2176.06,84608,111648,0.36306454223804585,0
2023-07-28 11:09:02,2170.0,159103,4,2176.06,84613,111653,0.36306454223804585,0
2023-07-28 11:09:02,2170.75,159103,1,2176.06,84613,111653,0.3977522373563309,0
2023-07-28 11:09:11,2170.0,159108,4,2176.06,84636,111625,0.36306454223804585,0
2023-07-28 11:09:11,2170.75,159108,1,2176.06,84636,111630,0.3977522373563309,0
2023-07-28 11:09:12,2170.75,159109,1,2176.06,84636,111624,0.3977522373563309,0
2023-07-28 11:09:12,2170.75,159109,1,2176.06,84637,111624,0.3977522373563309,0
2023-07-28 11:09:15,2170.75,159110,1,2176.06,84637,111623,0.3977522373563309,0
2023-07-28 11:09:16,2170.0,159111,1,2176.06,84646,111579,0.36306454223804585,0
2023-07-28 11:09:16,2170.0,159111,1,2176.06,84646,111579,0.36306454223804585,0
2023-07-28 11:09:16,2170.0,159111,1,2176.06,84646,111629,0.36306454223804585,0
2023-07-28 11:09:16,2170.0,159111,1,2176.06,84646,111629,0.36306454223804585,0
2023-07-28 11:09:19,2170.0,159161,50,2176.06,84596,111628,0.36306454223804585,0
2023-07-28 11:09:20,2170.0,159166,5,2176.06,84591,111628,0.36306454223804585,0
2023-07-28 11:09:20,2170.0,159166,42,2176.06,84591,111628,0.36306454223804585,0
2023-07-28 11:09:22,2170.8,159211,2,2176.06,84543,111677,0.400064750364225,0
2023-07-28 11:09:22,2170.8,159211,2,2176.06,84543,111638,0.400064750364225,0
2023-07-28 11:09:22,2170.8,159211,2,2176.06,84566,111638,0.400064750364225,0
2023-07-28 11:09:22,2170.8,159211,2,2176.06,84566,111638,0.400064750364225,0
2023-07-28 11:09:22,2170.8,159211,2,2176.06,84597,111638,0.400064750364225,0
2023-07-28 11:09:22,2170.0,159211,4,2176.06,84597,111638,0.36306454223804585,0
2023-07-28 11:09:29,2170.0,159215,4,2176.06,84593,111638,0.36306454223804585,0
2023-07-28 11:09:29,2170.0,159215,4,2176.06,84593,111638,0.36306454223804585,0
2023-07-28 11:09:32,2170.0,159297,12,2176.06,84433,111770,0.36306454223804585,0
2023-07-28 11:09:34,2169.5,159300,1,2176.06,84398,111814,0.33993941215918916,0
2023-07-28 11:09:34,2169.5,159300,1,2176.06,84437,111814,0.33993941215918916,0
2023-07-28 11:09:34,2169.5,159300,1,2176.06,84822,111624,0.33993941215918916,0
2023-07-28 11:09:34,2169.5,159300,1,2176.06,84822,111631,0.33993941215918916,0
2023-07-28 11:09:34,2169.15,159300,4,2176.06,84822,111631,0.3237518211039937,0
2023-07-28 11:09:38,2169.15,159304,4,2176.06,84818,111635,0.3237518211039937,0
2023-07-28 11:09:38,2169.15,159304,4,2176.06,84823,111639,0.3237518211039937,0
2023-07-28 11:09:41,2169.15,159330,26,2176.06,85034,111717,0.3237518211039937,0
2023-07-28 11:09:41,2169.15,159331,1,2176.06,85020,111612,0.3237518211039937,0
2023-07-28 11:09:41,2169.15,159331,1,2176.06,85020,111612,0.3237518211039937,0
2023-07-28 11:09:41,2169.15,159331,1,2176.06,85025,111612,0.3237518211039937,0
2023-07-28 11:09:41,2169.15,159331,1,2176.06,85025,111748,0.3237518211039937,0
2023-07-28 11:09:46,2169.05,159347,14,2176.06,84624,111753,0.31912679508822656,0
2023-07-28 11:09:46,2169.05,159347,14,2176.06,84394,111792,0.31912679508822656,0
2023-07-28 11:09:46,2169.9,159347,3,2176.06,84394,111792,0.3584395162222787,0
2023-07-28 11:09:47,2169.9,159356,3,2176.05,84610,111765,0.3584395162222787,0
2023-07-28 11:09:47,2169.9,159356,3,2176.05,84610,111765,0.3584395162222787,0
2023-07-28 11:09:47,2169.9,159356,3,2176.05,84610,111745,0.3584395162222787,0
2023-07-28 11:09:51,2169.9,159366,10,2176.05,84653,111584,0.3584395162222787,0
2023-07-28 11:09:51,2169.05,159366,1,2176.05,84653,111589,0.31912679508822656,0
2023-07-28 11:09:52,2169.05,159367,1,2176.05,84629,111590,0.31912679508822656,0
2023-07-28 11:09:55,2169.9,159387,13,2176.05,84629,111617,0.3584395162222787,0
2023-07-28 11:09:55,2169.05,159387,4,2176.05,84629,111617,0.31912679508822656,0
2023-07-28 11:09:56,2169.05,159391,4,2176.05,84618,111745,0.31912679508822656,0
2023-07-28 11:09:56,2169.05,159391,4,2176.05,84620,111745,0.31912679508822656,0
2023-07-28 11:09:56,2169.05,159391,4,2176.05,84620,111789,0.31912679508822656,0
2023-07-28 11:10:01,2169.05,159399,8,2176.05,84795,111745,0.31912679508822656,0
2023-07-28 11:10:01,2169.05,159399,8,2176.05,84678,112021,0.31912679508822656,0
2023-07-28 11:10:01,2169.05,159399,8,2176.05,84678,112026,0.31912679508822656,0
2023-07-28 11:10:01,2169.05,159399,8,2176.05,84714,111785,0.31912679508822656,0
2023-07-28 11:10:01,2169.0,159399,5,2176.05,84714,111785,0.31681428208033247,0
2023-07-28 11:10:01,2169.0,159399,34,2176.05,84714,111785,0.31681428208033247,0
2023-07-28 11:10:01,2169.9,159399,1,2176.05,84714,111785,0.3584395162222787,0
2023-07-28 11:10:07,2169.9,159439,1,2176.05,84538,111910,0.3584395162222787,0
2023-07-28 11:10:07,2169.0,159439,1,2176.05,84538,111910,0.31681428208033247,0
2023-07-28 11:10:10,2169.0,159440,1,2176.05,84547,111901,0.31681428208033247,0
2023-07-28 11:10:10,2169.0,159440,1,2176.05,84547,111901,0.31681428208033247,0
2023-07-28 11:10:10,2169.0,159440,30,2176.05,84547,111901,0.31681428208033247,0
2023-07-28 11:10:16,2169.0,159488,30,2176.05,84474,111795,0.31681428208033247,0
2023-07-28 11:10:16,2169.9,159488,9,2176.05,84474,111795,0.3584395162222787,0
2023-07-28 11:10:16,2169.05,159488,10,2176.05,84474,111795,0.31912679508822656,0
2023-07-28 11:10:23,2169.05,159512,4,2176.05,84290,111789,0.31912679508822656,0
2023-07-28 11:10:23,2169.0,159512,2,2176.05,84290,111789,0.31681428208033247,0
2023-07-28 11:10:23,2169.9,159512,6,2176.05,84290,111789,0.3584395162222787,0
2023-07-28 11:10:29,2169.9,159569,6,2176.05,84345,111840,0.3584395162222787,0
2023-07-28 11:10:29,2169.5,159569,4,2176.05,84345,111840,0.33993941215918916,0
2023-07-28 11:10:32,2169.5,159573,4,2176.05,84372,111716,0.33993941215918916,0
2023-07-28 11:10:32,2169.5,159573,2,2176.05,84372,111716,0.33993941215918916,0
2023-07-28 11:10:36,2169.5,159575,2,2176.05,84271,111876,0.33993941215918916,0
2023-07-28 11:10:36,2169.05,159575,1,2176.05,84271,111876,0.31912679508822656,0
2023-07-28 11:10:41,2169.05,159576,1,2176.05,84695,111975,0.31912679508822656,0
2023-07-28 11:10:41,2169.0,159576,11,2176.05,84695,111975,0.31681428208033247,0
2023-07-28 11:10:41,2169.0,159576,2,2176.05,84695,111975,0.31681428208033247,0
2023-07-28 11:10:46,2169.0,159621,2,2176.04,84383,111547,0.31681428208033247,0
2023-07-28 11:10:46,2169.95,159621,10,2176.04,84383,111547,0.36075202923015176,0
2023-07-28 11:10:46,2169.0,159621,2,2176.04,84383,111547,0.31681428208033247,0
2023-07-28 11:10:50,2169.0,159637,2,2176.04,84275,111639,0.31681428208033247,0
2023-07-28 11:10:50,2169.0,159637,10,2176.04,84275,111639,0.31681428208033247,0
2023-07-28 11:10:56,2169.0,159654,10,2176.04,84606,111783,0.31681428208033247,0
2023-07-28 11:10:56,2168.2,159654,3,2176.04,84606,111783,0.27981407395415336,0
2023-07-28 11:10:59,2168.2,159658,3,2176.04,84611,111979,0.27981407395415336,0
2023-07-28 11:10:59,2168.95,159658,1,2176.04,84611,111979,0.3145017690724384,0
2023-07-28 11:10:59,2168.2,159658,20,2176.04,84611,111979,0.27981407395415336,0
2023-07-28 11:11:01,2168.2,159679,20,2176.04,84806,111904,0.27981407395415336,0
2023-07-28 11:11:01,2168.3,159679,8,2176.04,84806,111904,0.28443909996994154,0
2023-07-28 11:11:01,2168.3,159679,4,2176.04,84806,111904,0.28443909996994154,0
2023-07-28 11:11:08,2168.3,159697,4,2176.04,84724,111527,0.28443909996994154,0
2023-07-28 11:11:08,2169.45,159697,1,2176.04,84724,111527,0.33762689915129507,0
2023-07-28 11:11:08,2169.45,159697,1,2176.04,84724,111527,0.33762689915129507,0
2023-07-28 11:11:08,2169.4,159697,2,2176.04,84724,111527,0.335314386143422,0
2023-07-28 11:11:17,2168.45,159705,4,2176.04,85088,111567,0.2913766389935817,0
2023-07-28 11:11:17,2168.45,159705,41,2176.04,85088,111567,0.2913766389935817,0
2023-07-28 11:11:21,2168.45,159746,41,2176.04,85075,111559,0.2913766389935817,0
2023-07-28 11:11:21,2168.45,159746,41,2176.04,85075,111559,0.2913766389935817,0
2023-07-28 11:11:21,2168.45,159746,90,2176.04,85075,111559,0.2913766389935817,0
2023-07-28 11:11:21,2169.45,159746,4,2176.04,85075,111559,0.33762689915129507,0
2023-07-28 11:11:21,2169.45,159746,4,2176.04,85075,111559,0.33762689915129507,0
2023-07-28 11:11:26,2168.45,159844,3,2176.03,84939,111709,0.2913766389935817,0
2023-07-28 11:11:26,2168.45,159844,3,2176.03,84939,111709,0.2913766389935817,0
2023-07-28 11:11:26,2168.45,159844,3,2176.03,84939,111709,0.2913766389935817,0
2023-07-28 11:11:26,2168.45,159844,3,2176.03,84939,111709,0.2913766389935817,0
2023-07-28 11:11:26,2168.45,159844,3,2176.03,84939,111709,0.2913766389935817,0
2023-07-28 11:11:26,2168.45,159844,3,2176.03,84939,111710,0.2913766389935817,0
2023-07-28 11:11:26,2168.35,159844,1,2176.03,84939,111710,0.2867516129778146,0
2023-07-28 11:11:34,2168.35,159845,5,2176.03,84934,111712,0.2867516129778146,0
2023-07-28 11:11:36,2168.35,159893,43,2176.03,84785,111833,0.2867516129778146,0
2023-07-28 11:11:36,2168.35,159893,43,2176.03,84810,111833,0.2867516129778146,0
2023-07-28 11:11:36,2168.5,159893,4,2176.03,84810,111833,0.2936891520014758,0
2023-07-28 11:11:44,2168.5,159897,4,2176.03,84810,111838,0.2936891520014758,0
2023-07-28 11:11:44,2169.5,159897,19,2176.03,84810,111838,0.33993941215918916,0
2023-07-28 11:11:50,2169.5,159976,18,2176.03,85227,111346,0.33993941215918916,0
2023-07-28 11:11:50,2169.5,159976,4,2176.03,85227,111346,0.33993941215918916,0
2023-07-28 11:11:50,2170.05,159976,5,2176.03,85227,111346,0.36537705524593994,0
2023-07-28 11:11:53,2170.35,160297,2,2176.02,84611,111742,0.37925213329324137,0
2023-07-28 11:11:53,2170.35,160297,1,2176.02,84611,111742,0.37925213329324137,0
2023-07-28 11:11:53,2170.25,160297,9,2176.02,84611,111742,0.3746271072774742,0
2023-07-28 11:11:53,2170.3,160297,23,2176.02,84611,111742,0.3769396202853683,0
2023-07-28 11:11:59,2170.3,160459,23,2176.01,85249,111345,0.3769396202853683,0
2023-07-28 11:11:59,2170.35,160459,1,2176.01,85249,111345,0.37925213329324137,0
2023-07-28 11:11:59,2170.3,160459,4,2176.01,85249,111345,0.3769396202853683,0
2023-07-28 11:11:59,2171.0,160459,37,2176.01,85249,111345,0.40931480239575924,0
2023-07-28 11:12:02,2171.0,160770,37,2176.0,84655,111427,0.40931480239575924,0
2023-07-28 11:12:02,2171.0,160770,37,2176.0,84652,111445,0.40931480239575924,0
2023-07-28 11:12:02,2169.2,160770,4,2176.0,84652,111421,0.32606433411186675,0
2023-07-28 11:12:07,2170.5,160799,12,2176.0,84647,111424,0.38618967231690254,0
2023-07-28 11:12:07,2170.5,160799,12,2176.0,84647,111462,0.38618967231690254,0
2023-07-28 11:12:07,2170.5,160799,12,2176.0,84643,111456,0.38618967231690254,0
2023-07-28 11:12:11,2169.2,160803,4,2176.0,84667,111494,0.32606433411186675,0
2023-07-28 11:12:11,2170.5,160803,4,2176.0,84667,111494,0.38618967231690254,0
2023-07-28 11:12:11,2170.5,160823,4,2176.0,84645,111448,0.38618967231690254,0
2023-07-28 11:12:11,2170.5,160823,4,2176.0,84645,111454,0.38618967231690254,0
2023-07-28 11:12:11,2170.5,160823,4,2176.0,84645,111454,0.38618967231690254,0
2023-07-28 11:12:11,2170.5,160823,4,2176.0,84645,111380,0.38618967231690254,0
2023-07-28 11:12:11,2170.5,160823,4,2176.0,84668,111423,0.38618967231690254,0
2023-07-28 11:12:18,2170.45,160833,5,2176.0,84699,111426,0.38387715930900845,0
2023-07-28 11:12:18,2170.45,160833,5,2176.0,84695,111418,0.38387715930900845,0
2023-07-28 11:12:18,2169.25,160833,5,2176.0,84695,111418,0.32837684711976084,0
2023-07-28 11:12:21,2169.25,160874,5,2176.0,84818,111463,0.32837684711976084,0
2023-07-28 11:12:21,2169.25,160874,5,2176.0,84809,111510,0.32837684711976084,0
2023-07-28 11:12:21,2169.25,160874,5,2176.0,84812,111524,0.32837684711976084,0
2023-07-28 11:12:21,2169.25,160874,5,2176.0,84695,111549,0.32837684711976084,0
2023-07-28 11:12:21,2169.25,160874,5,2176.0,84732,111586,0.32837684711976084,0
2023-07-28 11:12:26,2168.6,160877,3,2176.0,84397,111370,0.2983141780172429,0
2023-07-28 11:12:26,2168.6,160877,3,2176.0,84348,111378,0.2983141780172429,0
2023-07-28 11:12:26,2168.6,160877,3,2176.0,84348,111297,0.2983141780172429,0
2023-07-28 11:12:29,2168.7,160881,4,2176.0,84413,111301,0.30293920403301006,0
2023-07-28 11:12:29,2168.7,160881,4,2176.0,84415,111301,0.30293920403301006,0
2023-07-28 11:12:29,2168.7,160881,4,2176.0,84420,111333,0.30293920403301006,0
2023-07-28 11:12:29,2168.7,160881,4,2176.0,84438,111359,0.30293920403301006,0
2023-07-28 11:12:29,2168.7,160881,4,2176.0,84403,111359,0.30293920403301006,0
2023-07-28 11:12:29,2168.7,160881,4,2176.0,84398,111354,0.30293920403301006,0
2023-07-28 11:12:29,2168.7,160881,4,2176.0,84240,111473,0.30293920403301006,0
2023-07-28 11:12:36,2168.65,160923,42,2175.99,83881,111506,0.300626691025137,0
2023-07-28 11:12:37,2168.55,160924,1,2175.99,83946,111529,0.29600166500936986,0
2023-07-28 11:12:37,2168.55,160924,1,2175.99,83946,111534,0.29600166500936986,0
2023-07-28 11:12:37,2168.55,160924,4,2175.99,83946,111534,0.29600166500936986,0
2023-07-28 11:12:38,2168.55,160928,4,2175.99,83935,111521,0.29600166500936986,0
2023-07-28 11:12:38,2168.55,160928,4,2175.99,83586,111701,0.29600166500936986,0
2023-07-28 11:12:38,2168.55,160928,4,2175.99,83965,111638,0.29600166500936986,0
2023-07-28 11:12:38,2168.55,160928,4,2175.99,83969,111638,0.29600166500936986,0
2023-07-28 11:12:38,2168.55,160928,4,2175.99,84347,111640,0.29600166500936986,0
2023-07-28 11:12:38,2168.55,160928,4,2175.99,84347,111640,0.29600166500936986,0
2023-07-28 11:12:38,2168.55,160928,4,2175.99,84347,111640,0.29600166500936986,0
2023-07-28 11:12:47,2168.55,160942,4,2175.99,84361,111747,0.29600166500936986,0
2023-07-28 11:12:47,2168.55,160942,4,2175.99,84349,111746,0.29600166500936986,0
2023-07-28 11:12:47,2168.55,160942,4,2175.99,84349,111746,0.29600166500936986,0
2023-07-28 11:12:47,2168.55,160942,4,2175.99,84363,111746,0.29600166500936986,0
2023-07-28 11:12:47,2168.55,160942,4,2175.99,84363,111746,0.29600166500936986,0
2023-07-28 11:12:47,2168.55,160942,4,2175.99,84006,111686,0.29600166500936986,0
2023-07-28 11:12:47,2168.55,160942,4,2175.99,84357,111693,0.29600166500936986,0
2023-07-28 11:12:47,2168.55,160942,4,2175.99,84488,111594,0.29600166500936986,0
2023-07-28 11:12:47,2168.7,160942,4,2175.99,84488,111594,0.30293920403301006,0
2023-07-28 11:12:56,2169.85,161024,3,2175.99,84343,111800,0.3561270032143847,0
2023-07-28 11:12:56,2169.85,161024,3,2175.99,84343,111800,0.3561270032143847,0
2023-07-28 11:12:56,2169.85,161024,3,2175.99,84338,111814,0.3561270032143847,0
2023-07-28 11:12:56,2169.85,161024,3,2175.99,84681,111770,0.3561270032143847,0
2023-07-28 11:12:56,2169.85,161024,3,2175.99,84660,111770,0.3561270032143847,0
2023-07-28 11:12:56,2169.85,161024,3,2175.99,83522,111763,0.3561270032143847,0
2023-07-28 11:12:56,2169.85,161024,3,2175.99,83561,111784,0.3561270032143847,0
2023-07-28 11:12:56,2169.85,161024,3,2175.99,84068,111615,0.3561270032143847,0
2023-07-28 11:12:56,2169.85,161024,3,2175.99,84038,111611,0.3561270032143847,0
2023-07-28 11:13:05,2168.7,161029,5,2175.99,85125,111644,0.30293920403301006,0
2023-07-28 11:13:05,2168.7,161029,5,2175.99,85121,111644,0.30293920403301006,0
2023-07-28 11:13:05,2168.7,161029,5,2175.99,85145,111649,0.30293920403301006,0
2023-07-28 11:13:05,2168.7,161029,5,2175.99,85145,111649,0.30293920403301006,0
2023-07-28 11:13:05,2168.7,161029,5,2175.99,85155,111649,0.30293920403301006,0
2023-07-28 11:13:05,2168.7,161029,5,2175.99,85155,111649,0.30293920403301006,0
2023-07-28 11:13:05,2170.15,161029,25,2175.99,85190,111604,0.3700020812617071,0
2023-07-28 11:13:12,2170.15,161079,25,2175.99,84851,111429,0.3700020812617071,0
2023-07-28 11:13:12,2169.05,161079,4,2175.99,84851,111429,0.31912679508822656,0
2023-07-28 11:13:14,2169.05,161083,4,2175.99,84852,111447,0.31912679508822656,0
2023-07-28 11:13:14,2169.05,161083,4,2175.99,84852,111446,0.31912679508822656,0
2023-07-28 11:13:16,2169.05,161126,43,2175.98,84792,111457,0.31912679508822656,0
2023-07-28 11:13:16,2169.05,161126,43,2175.98,84792,111457,0.31912679508822656,0
2023-07-28 11:13:16,2169.05,161126,43,2175.98,84792,111500,0.31912679508822656,0
2023-07-28 11:13:16,2169.05,161126,43,2175.98,84792,111496,0.31912679508822656,0
2023-07-28 11:13:16,2169.05,161126,43,2175.98,84792,111500,0.31912679508822656,0
2023-07-28 11:13:16,2170.3,161126,21,2175.98,84783,111506,0.3769396202853683,0
2023-07-28 11:13:22,2170.3,161176,21,2175.98,84796,111230,0.3769396202853683,0
2023-07-28 11:13:22,2169.05,161176,4,2175.98,84796,111230,0.31912679508822656,0
2023-07-28 11:13:23,2170.5,161185,3,2175.98,84794,111218,0.38618967231690254,0
2023-07-28 11:13:24,2170.3,161435,250,2175.97,84644,111212,0.3769396202853683,0
2023-07-28 11:13:24,2170.3,161435,250,2175.97,84656,111151,0.3769396202853683,0
2023-07-28 11:13:24,2170.3,161435,250,2175.97,84651,111152,0.3769396202853683,0
2023-07-28 11:13:24,2170.3,161435,250,2175.97,84651,111153,0.3769396202853683,0
2023-07-28 11:13:24,2170.3,161435,250,2175.97,84655,111212,0.3769396202853683,0
2023-07-28 11:13:30,2169.7,161463,1,2175.97,84196,112166,0.34918946419072344,0
2023-07-28 11:13:30,2169.7,161463,1,2175.97,84196,112166,0.34918946419072344,0
2023-07-28 11:13:30,2169.7,161464,1,2175.97,84386,112119,0.34918946419072344,0
2023-07-28 11:13:30,2168.8,161464,1,2175.97,84386,112119,0.30756423004879824,0
2023-07-28 11:13:32,2168.8,161465,1,2175.97,84960,111789,0.30756423004879824,0
2023-07-28 11:13:32,2168.8,161465,1,2175.97,84960,111789,0.30756423004879824,0
2023-07-28 11:13:32,2168.8,161465,1,2175.97,84960,111739,0.30756423004879824,0
2023-07-28 11:13:32,2168.8,161465,1,2175.97,84964,111740,0.30756423004879824,0
2023-07-28 11:13:32,2168.8,161465,1,2175.97,84959,111729,0.30756423004879824,0
2023-07-28 11:13:32,2168.55,161465,3,2175.97,84959,111729,0.29600166500936986,0
2023-07-28 11:13:37,2168.55,161468,3,2175.97,84926,111649,0.29600166500936986,0
2023-07-28 11:13:37,2167.75,161468,6,2175.97,84926,111649,0.25900145688319076,0
2023-07-28 11:13:39,2167.75,163083,6,2175.89,81836,111996,0.25900145688319076,0
2023-07-28 11:13:39,2167.75,163083,6,2175.89,83193,112101,0.25900145688319076,0
2023-07-28 11:13:39,2167.05,163083,1,2175.89,83193,112101,0.22662627477279979,0
2023-07-28 11:13:41,2167.05,163104,1,2175.89,83893,111993,0.22662627477279979,0
2023-07-28 11:13:41,2167.2,163104,5,2175.89,83893,111993,0.23356381379643998,0
2023-07-28 11:13:42,2167.2,163110,1,2175.89,83886,112039,0.23356381379643998,0
2023-07-28 11:13:42,2167.2,163110,1,2175.89,83886,111902,0.23356381379643998,0
2023-07-28 11:13:42,2167.2,163110,1,2175.89,83839,111918,0.23356381379643998,0
2023-07-28 11:13:42,2167.2,163110,1,2175.89,83764,111970,0.23356381379643998,0
2023-07-28 11:13:46,2167.0,163127,7,2175.89,83735,111978,0.22431376176490572,0
2023-07-28 11:13:46,2167.0,163127,7,2175.89,83710,111714,0.22431376176490572,0
2023-07-28 11:13:46,2167.0,163127,7,2175.89,83655,111735,0.22431376176490572,0
2023-07-28 11:13:46,2167.65,163127,19,2175.89,83231,111586,0.2543764308674236,0
2023-07-28 11:13:50,2167.65,163149,19,2175.89,83511,111968,0.2543764308674236,0
2023-07-28 11:13:50,2167.65,163149,19,2175.89,83362,111624,0.2543764308674236,0
2023-07-28 11:13:52,2167.0,163179,25,2175.89,83339,111714,0.22431376176490572,0
2023-07-28 11:13:52,2167.65,163179,3,2175.89,83285,111625,0.2543764308674236,0
2023-07-28 11:13:54,2167.65,163182,3,2175.89,83598,111742,0.2543764308674236,0
2023-07-28 11:13:54,2167.65,163182,3,2175.89,83595,111661,0.2543764308674236,0
2023-07-28 11:13:54,2167.65,163182,3,2175.89,83332,111515,0.2543764308674236,0
2023-07-28 11:13:59,2167.6,163212,30,2175.89,83311,111926,0.25206391785952953,0
2023-07-28 11:14:00,2167.6,163288,1,2175.88,83266,111958,0.25206391785952953,0
2023-07-28 11:14:00,2167.6,163288,1,2175.88,83266,111958,0.25206391785952953,0
