2023-07-28 10:49:28,1137.0,960432,3,1135.87,161103,168714,0.18062469712321727,0
2023-07-28 10:49:29,1137.0,960436,3,1135.87,161112,168714,0.18062469712321727,0
2023-07-28 10:49:29,1137.0,960436,3,1135.87,161127,168714,0.18062469712321727,0
2023-07-28 10:49:29,1137.0,960436,3,1135.87,161155,168807,0.18062469712321727,0
2023-07-28 10:49:33,1136.95,960641,39,1135.87,161034,168797,0.17621921670558174,0
2023-07-28 10:49:33,1136.85,960641,4,1135.87,161034,168797,0.16740825587029062,0
2023-07-28 10:49:33,1136.95,960641,33,1135.87,161034,168797,0.17621921670558174,0
2023-07-28 10:49:33,1136.85,960641,4,1135.87,161034,168797,0.16740825587029062,0
2023-07-28 10:49:35,1136.85,960733,4,1135.87,161084,168743,0.16740825587029062,0
2023-07-28 10:49:35,1136.95,960733,1,1135.87,161084,168743,0.17621921670558174,0
2023-07-28 10:49:37,1136.95,960766,1,1135.87,161180,168550,0.17621921670558174,0
2023-07-28 10:49:38,1136.95,960782,19,1135.87,161179,168570,0.17621921670558174,0
2023-07-28 10:49:38,1136.95,960803,19,1135.87,161172,168559,0.17621921670558174,0
2023-07-28 10:49:38,1136.95,960803,1,1135.87,161172,168559,0.17621921670558174,0
2023-07-28 10:49:38,1136.95,960803,7,1135.87,161172,168559,0.17621921670558174,0
2023-07-28 10:49:40,1136.95,960819,7,1135.87,161171,168579,0.17621921670558174,0
2023-07-28 10:49:41,1136.95,960844,1,1135.87,161199,168625,0.17621921670558174,0
2023-07-28 10:49:42,1136.9,960860,3,1135.87,161540,169184,0.1718137362879462,0
2023-07-28 10:49:44,1137.0,960874,5,1135.87,161539,169138,0.18062469712321727,0
2023-07-28 10:49:44,1137.0,960874,2,1135.87,161539,169138,0.18062469712321727,0
2023-07-28 10:49:44,1137.0,960878,2,1135.87,161559,168984,0.18062469712321727,0
2023-07-28 10:49:45,1137.0,960884,1,1135.87,161541,169161,0.18062469712321727,0
2023-07-28 10:49:45,1137.0,960884,2,1135.87,161541,169161,0.18062469712321727,0
2023-07-28 10:49:46,1137.0,960887,2,1135.87,161559,169174,0.18062469712321727,0
2023-07-28 10:49:46,1136.95,960887,1,1135.87,161559,169174,0.17621921670558174,0
2023-07-28 10:49:47,1136.95,960893,1,1135.87,161605,169077,0.17621921670558174,0
2023-07-28 10:49:48,1137.0,960895,1,1135.87,161610,169075,0.18062469712321727,0
2023-07-28 10:49:48,1137.0,960895,7,1135.87,161610,169075,0.18062469712321727,0
2023-07-28 10:49:50,1137.15,962373,140,1135.88,161877,166393,0.19384113837614392,0
2023-07-28 10:49:50,1137.1,962373,13,1135.88,161877,166393,0.18943565795848835,0
2023-07-28 10:49:50,1137.1,962422,13,1135.88,161698,167481,0.18943565795848835,0
2023-07-28 10:49:50,1137.1,962422,13,1135.88,161760,167501,0.18943565795848835,0
2023-07-28 10:49:52,1137.2,962423,1,1135.88,161815,167500,0.19824661879377944,0
2023-07-28 10:49:52,1137.2,962423,21,1135.88,161815,167500,0.19824661879377944,0
2023-07-28 10:49:53,1137.2,962445,21,1135.88,161793,167450,0.19824661879377944,0
2023-07-28 10:49:53,1137.2,962445,3,1135.88,161793,167450,0.19824661879377944,0
2023-07-28 10:49:55,1137.15,962449,1,1135.88,161855,167409,0.19384113837614392,0
2023-07-28 10:49:55,1137.2,962450,1,1135.88,161930,167408,0.19824661879377944,0
2023-07-28 10:49:55,1137.2,962450,6,1135.88,161930,167408,0.19824661879377944,0
2023-07-28 10:49:57,1137.2,962457,1,1135.88,161976,167401,0.19824661879377944,0
2023-07-28 10:49:57,1137.2,962457,1,1135.88,161976,167401,0.19824661879377944,0
2023-07-28 10:49:57,1137.2,962467,1,1135.88,161956,167411,0.19824661879377944,0
2023-07-28 10:49:58,1137.2,962468,1,1135.88,161889,167410,0.19824661879377944,0
2023-07-28 10:49:58,1137.2,962468,183,1135.88,161889,167410,0.19824661879377944,0
2023-07-28 10:50:00,1137.2,962652,1,1135.88,161874,167254,0.19824661879377944,0
2023-07-28 10:50:00,1137.2,962652,1,1135.88,161874,167254,0.19824661879377944,0
2023-07-28 10:50:01,1137.15,962783,14,1135.88,161538,168652,0.19384113837614392,0
2023-07-28 10:50:01,1137.15,962783,58,1135.88,161538,168652,0.19384113837614392,0
2023-07-28 10:50:02,1137.15,962841,58,1135.88,155705,168759,0.19384113837614392,0
2023-07-28 10:50:03,1137.05,962842,1,1135.88,161534,169880,0.1850301775408528,0
2023-07-28 10:50:04,1136.3,963176,41,1135.88,161292,170076,0.11894797127625965,0
2023-07-28 10:50:04,1136.85,963176,99,1135.88,161301,170132,0.16740825587029062,0
2023-07-28 10:50:06,1136.85,963287,99,1135.88,161290,170020,0.16740825587029062,0
2023-07-28 10:50:06,1136.9,963287,1,1135.88,161187,169984,0.1718137362879462,0
2023-07-28 10:50:08,1136.9,963324,5,1135.88,161213,168835,0.1718137362879462,0
2023-07-28 10:50:08,1136.9,963324,12,1135.88,161213,168835,0.1718137362879462,0
2023-07-28 10:50:10,1136.9,963401,10,1135.88,161211,168610,0.1718137362879462,0
2023-07-28 10:50:10,1136.9,963401,2,1135.88,161211,168610,0.1718137362879462,0
2023-07-28 10:50:11,1136.05,963862,99,1135.88,160456,169411,0.09692056918806194,0
2023-07-28 10:50:11,1136.05,963862,99,1135.88,160418,169105,0.09692056918806194,0
2023-07-28 10:50:11,1136.85,963862,12,1135.88,160418,169105,0.16740825587029062,0
2023-07-28 10:50:13,1136.85,964023,1,1135.88,160371,168387,0.16740825587029062,0
2023-07-28 10:50:13,1136.85,964023,6,1135.88,160377,168608,0.16740825587029062,0
2023-07-28 10:50:15,1136.85,964039,10,1135.88,160285,168582,0.16740825587029062,0
2023-07-28 10:50:15,1136.9,964039,2,1135.88,160285,168582,0.1718137362879462,0
2023-07-28 10:50:15,1137.0,964041,5,1135.88,160282,168408,0.18062469712321727,0
2023-07-28 10:50:17,1136.9,964116,3,1135.88,160287,168378,0.1718137362879462,0
2023-07-28 10:50:18,1136.9,964140,4,1135.88,160294,168389,0.1718137362879462,0
2023-07-28 10:50:18,1136.9,964169,22,1135.88,160291,168360,0.1718137362879462,0
2023-07-28 10:50:20,1136.75,964205,2,1135.88,160559,170032,0.15859729503501957,0
2023-07-28 10:50:20,1136.75,964205,2,1135.88,160578,170035,0.15859729503501957,0
2023-07-28 10:50:20,1136.7,964205,7,1135.88,160578,170035,0.15419181461738402,0
2023-07-28 10:50:20,1136.7,964205,7,1135.88,160578,170035,0.15419181461738402,0
2023-07-28 10:50:21,1136.7,964217,7,1135.88,160576,169897,0.15419181461738402,0
2023-07-28 10:50:23,1136.7,964221,4,1135.88,160734,168583,0.15419181461738402,0
2023-07-28 10:50:24,1136.7,964231,3,1135.88,160817,168702,0.15419181461738402,0
2023-07-28 10:50:25,1136.7,964232,5,1135.88,160796,168590,0.15419181461738402,0
2023-07-28 10:50:26,1136.7,964240,3,1135.88,157310,168471,0.15419181461738402,0
2023-07-28 10:50:28,1136.95,964250,1,1135.88,160665,168975,0.17621921670558174,0
2023-07-28 10:50:28,1136.95,964250,1,1135.88,160665,168975,0.17621921670558174,0
2023-07-28 10:50:29,1136.95,964307,55,1135.88,160726,164361,0.17621921670558174,0
2023-07-28 10:50:29,1137.0,964307,3,1135.88,160726,164361,0.18062469712321727,0
2023-07-28 10:50:30,1136.8,964373,1,1135.88,160483,169512,0.1630027754526551,0
2023-07-28 10:50:30,1136.85,965075,2,1135.88,160745,168901,0.16740825587029062,0
2023-07-28 10:50:30,1136.85,965075,1,1135.88,160745,168901,0.16740825587029062,0
2023-07-28 10:50:31,1136.85,965203,1,1135.88,161116,168866,0.16740825587029062,0
2023-07-28 10:50:32,1136.85,965434,1,1135.88,161115,167980,0.16740825587029062,0
2023-07-28 10:50:33,1136.85,965909,15,1135.88,161310,167796,0.16740825587029062,0
2023-07-28 10:50:33,1136.85,965909,15,1135.88,161307,167763,0.16740825587029062,0
2023-07-28 10:50:33,1137.05,965909,16,1135.88,161352,167835,0.1850301775408528,0
2023-07-28 10:50:37,1137.0,965933,8,1135.88,158186,167859,0.18062469712321727,0
2023-07-28 10:50:37,1137.05,965933,3,1135.88,158186,167859,0.1850301775408528,0
2023-07-28 10:50:37,1137.05,965936,3,1135.88,161807,167946,0.1850301775408528,0
2023-07-28 10:50:37,1137.05,965936,2,1135.88,161807,167946,0.1850301775408528,0
2023-07-28 10:50:40,1137.0,966015,1,1135.88,162044,168014,0.18062469712321727,0
2023-07-28 10:50:40,1137.0,966015,1,1135.88,162044,168014,0.18062469712321727,0
2023-07-28 10:50:40,1137.0,966015,1,1135.88,162054,167825,0.18062469712321727,0
2023-07-28 10:50:40,1137.2,966015,5,1135.88,162054,167825,0.19824661879377944,0
2023-07-28 10:50:41,1137.2,966020,5,1135.88,162153,167792,0.19824661879377944,0
2023-07-28 10:50:41,1137.2,966020,20,1135.88,162153,167792,0.19824661879377944,0
2023-07-28 10:50:42,1137.1,966048,6,1135.88,161742,167712,0.18943565795848835,0
2023-07-28 10:50:42,1137.1,966048,6,1135.88,161714,167712,0.18943565795848835,0
2023-07-28 10:50:42,1137.1,966048,6,1135.88,161714,167713,0.18943565795848835,0
2023-07-28 10:50:42,1137.15,966048,1,1135.88,161714,167713,0.19384113837614392,0
2023-07-28 10:50:46,1137.2,966108,9,1135.88,162004,167840,0.19824661879377944,0
2023-07-28 10:50:48,1137.2,966120,3,1135.88,162082,167767,0.19824661879377944,0
2023-07-28 10:50:48,1137.2,966120,1,1135.88,162082,167767,0.19824661879377944,0
2023-07-28 10:50:48,1137.2,966120,9,1135.88,162082,167767,0.19824661879377944,0
2023-07-28 10:50:50,1137.2,966208,9,1135.88,162125,167706,0.19824661879377944,0
2023-07-28 10:50:51,1137.2,966213,5,1135.88,162152,167744,0.19824661879377944,0
2023-07-28 10:50:52,1137.2,966271,24,1135.88,162120,167659,0.19824661879377944,0
2023-07-28 10:50:53,1137.2,966295,24,1135.88,161744,167756,0.19824661879377944,0
2023-07-28 10:50:53,1137.2,966295,24,1135.88,161740,167758,0.19824661879377944,0
2023-07-28 10:50:53,1137.1,966295,7,1135.88,161733,167736,0.18943565795848835,0
2023-07-28 10:50:56,1137.1,966303,7,1135.88,161729,167736,0.18943565795848835,0
2023-07-28 10:50:56,1137.1,966303,8,1135.88,161729,167736,0.18943565795848835,0
2023-07-28 10:50:57,1137.1,966312,8,1135.88,161838,167805,0.18943565795848835,0
2023-07-28 10:50:57,1137.1,966312,8,1135.88,161908,167805,0.18943565795848835,0
2023-07-28 10:51:00,1137.2,966313,1,1135.88,161911,167781,0.19824661879377944,0
2023-07-28 10:51:00,1137.1,966313,1,1135.88,161650,168771,0.18943565795848835,0
2023-07-28 10:51:02,1137.15,966357,1,1135.88,161449,169188,0.19384113837614392,0
2023-07-28 10:51:04,1136.15,966690,8,1135.88,161037,168630,0.10573153002335305,0
2023-07-28 10:51:05,1136.9,966722,10,1135.88,161116,167737,0.1718137362879462,0
2023-07-28 10:51:06,1137.0,966725,1,1135.88,148523,167896,0.18062469712321727,0
2023-07-28 10:51:06,1137.0,966725,29,1135.88,148523,167896,0.18062469712321727,0
2023-07-28 10:51:06,1137.1,966725,82,1135.88,148523,167896,0.18943565795848835,0
2023-07-28 10:51:07,1137.1,966868,82,1135.88,161089,167898,0.18943565795848835,0
2023-07-28 10:51:07,1137.0,966868,9,1135.88,161089,167898,0.18062469712321727,0
2023-07-28 10:51:09,1137.0,966954,3,1135.88,161098,168363,0.18062469712321727,0
2023-07-28 10:51:09,1137.0,966954,3,1135.88,161098,168363,0.18062469712321727,0
2023-07-28 10:51:09,1137.0,966954,3,1135.88,161165,167934,0.18062469712321727,0
2023-07-28 10:51:09,1137.0,966954,3,1135.88,161133,167752,0.18062469712321727,0
2023-07-28 10:51:09,1137.0,966954,3,1135.88,161157,167847,0.18062469712321727,0
2023-07-28 10:51:09,1136.95,966954,1,1135.88,161157,167847,0.17621921670558174,0
2023-07-28 10:51:13,1137.05,966965,1,1135.88,161177,167874,0.1850301775408528,0
2023-07-28 10:51:14,1137.05,966973,3,1135.88,161192,168007,0.1850301775408528,0
2023-07-28 10:51:15,1137.0,966975,1,1135.88,161188,167986,0.18062469712321727,0
2023-07-28 10:51:15,1137.15,966975,5,1135.88,161188,167986,0.19384113837614392,0
2023-07-28 10:51:17,1137.0,967026,5,1135.88,161408,168074,0.18062469712321727,0
2023-07-28 10:51:18,1137.1,967032,1,1135.88,161419,168099,0.18943565795848835,0
2023-07-28 10:51:18,1137.1,967032,1,1135.88,161419,168079,0.18943565795848835,0
2023-07-28 10:51:18,1137.1,967032,1,1135.88,161417,168060,0.18943565795848835,0
2023-07-28 10:51:21,1137.1,967091,29,1135.88,161533,168373,0.18943565795848835,0
2023-07-28 10:51:21,1137.05,967091,7,1135.88,161533,168373,0.1850301775408528,0
2023-07-28 10:51:22,1137.05,967124,7,1135.88,161493,168891,0.1850301775408528,0
2023-07-28 10:51:22,1137.05,967124,7,1135.88,161493,168886,0.1850301775408528,0
2023-07-28 10:51:22,1137.05,967124,7,1135.88,161582,168895,0.1850301775408528,0
2023-07-28 10:51:22,1136.35,967124,51,1135.88,161582,168895,0.1233534516938952,0
2023-07-28 10:51:27,1136.35,967195,51,1135.88,161433,168885,0.1233534516938952,0
2023-07-28 10:51:27,1136.7,967195,9,1135.88,145267,168285,0.15419181461738402,0
2023-07-28 10:51:29,1136.7,967204,9,1135.88,161348,168332,0.15419181461738402,0
2023-07-28 10:51:29,1136.8,967204,14,1135.88,161348,168332,0.1630027754526551,0
2023-07-28 10:51:30,1136.85,967218,3,1135.88,155670,167934,0.16740825587029062,0
2023-07-28 10:51:30,1136.85,967218,5,1135.88,155670,167934,0.16740825587029062,0
2023-07-28 10:51:30,1136.85,967218,3,1135.88,155670,167934,0.16740825587029062,0
2023-07-28 10:51:33,1136.85,967238,3,1135.88,161173,168118,0.16740825587029062,0
2023-07-28 10:51:33,1136.85,967238,2,1135.88,161173,168118,0.16740825587029062,0
2023-07-28 10:51:35,1136.85,967247,3,1135.88,161366,168175,0.16740825587029062,0
2023-07-28 10:51:35,1136.85,967247,9,1135.88,161366,168175,0.16740825587029062,0
2023-07-28 10:51:36,1136.85,967256,9,1135.88,161300,168004,0.16740825587029062,0
2023-07-28 10:51:36,1137.0,967256,8,1135.88,161300,168004,0.18062469712321727,0
2023-07-28 10:51:36,1137.1,967256,14,1135.88,161300,168004,0.18943565795848835,0
2023-07-28 10:51:40,1137.1,967305,2,1135.88,161220,167990,0.18943565795848835,0
2023-07-28 10:51:40,1137.05,967305,1,1135.88,161220,167990,0.1850301775408528,0
2023-07-28 10:51:40,1137.05,967370,1,1135.88,161546,168731,0.1850301775408528,0
2023-07-28 10:51:40,1137.05,967370,10,1135.88,161546,168731,0.1850301775408528,0
2023-07-28 10:51:42,1136.5,967433,1,1135.88,161328,168569,0.13656989294682184,0
2023-07-28 10:51:42,1136.5,967433,1,1135.88,161328,168569,0.13656989294682184,0
2023-07-28 10:51:42,1137.0,967433,3,1135.88,161328,168569,0.18062469712321727,0
2023-07-28 10:51:43,1137.0,967455,3,1135.88,161557,167926,0.18062469712321727,0
2023-07-28 10:51:45,1136.45,967506,1,1135.88,161560,168056,0.13216441252918631,0
2023-07-28 10:51:45,1136.45,967506,1,1135.88,161560,168056,0.13216441252918631,0
2023-07-28 10:51:46,1137.0,967507,1,1135.88,161549,167842,0.18062469712321727,0
2023-07-28 10:51:47,1137.1,967508,1,1135.88,161530,168015,0.18943565795848835,0
2023-07-28 10:51:47,1137.1,967508,1,1135.88,161529,168715,0.18943565795848835,0
2023-07-28 10:51:49,1137.0,967541,1,1135.88,161549,168885,0.18062469712321727,0
2023-07-28 10:51:49,1136.95,967541,1,1135.88,161549,168885,0.17621921670558174,0
2023-07-28 10:51:50,1137.0,967564,9,1135.88,161559,168493,0.18062469712321727,0
2023-07-28 10:51:52,1137.0,967572,7,1135.88,161532,167985,0.18062469712321727,0
2023-07-28 10:51:52,1136.95,967573,1,1135.88,161534,167976,0.17621921670558174,0
2023-07-28 10:51:53,1136.95,967577,3,1135.88,161514,167517,0.17621921670558174,0
2023-07-28 10:51:53,1136.9,967577,19,1135.88,161534,167517,0.1718137362879462,0
2023-07-28 10:51:55,1136.9,967628,19,1135.88,161510,167631,0.1718137362879462,0
2023-07-28 10:51:55,1136.95,967628,1,1135.88,161563,167611,0.17621921670558174,0
2023-07-28 10:51:57,1136.9,967655,1,1135.88,161560,167595,0.1718137362879462,0
2023-07-28 10:51:57,1137.0,967655,9,1135.88,161557,167595,0.18062469712321727,0
2023-07-28 10:51:59,1137.0,967665,1,1135.88,161556,167586,0.18062469712321727,0
2023-07-28 10:52:01,1137.0,967679,3,1135.88,161530,167558,0.18062469712321727,0
2023-07-28 10:52:01,1137.0,967679,1,1135.88,161530,167558,0.18062469712321727,0
2023-07-28 10:52:01,1137.0,967682,1,1135.88,161565,167562,0.18062469712321727,0
2023-07-28 10:52:01,1137.0,967682,5,1135.88,161565,167562,0.18062469712321727,0
2023-07-28 10:52:03,1136.95,967688,1,1135.88,161565,167564,0.17621921670558174,0
2023-07-28 10:52:03,1137.0,967690,1,1135.88,161565,167495,0.18062469712321727,0
2023-07-28 10:52:03,1136.9,967690,9,1135.88,161565,167495,0.1718137362879462,0
2023-07-28 10:52:04,1136.9,968104,9,1135.88,161306,167647,0.1718137362879462,0
2023-07-28 10:52:04,1136.9,968104,131,1135.88,161240,168493,0.1718137362879462,0
2023-07-28 10:52:06,1136.9,968240,131,1135.88,160543,166919,0.1718137362879462,0
2023-07-28 10:52:07,1136.5,968376,4,1135.88,160422,167098,0.13656989294682184,0
2023-07-28 10:52:07,1136.35,968376,4,1135.88,160465,167029,0.1233534516938952,0
2023-07-28 10:52:08,1136.35,968445,4,1135.88,160555,166983,0.1233534516938952,0
2023-07-28 10:52:11,1136.5,968468,3,1135.88,160476,166847,0.13656989294682184,0
2023-07-28 10:52:12,1136.45,968483,1,1135.88,161113,167524,0.13216441252918631,0
2023-07-28 10:52:13,1136.8,968486,3,1135.88,161273,167487,0.1630027754526551,0
2023-07-28 10:52:14,1136.75,968492,1,1135.88,161269,167467,0.15859729503501957,0
2023-07-28 10:52:14,1136.8,968492,2,1135.88,161249,167432,0.1630027754526551,0
2023-07-28 10:52:15,1136.8,968495,2,1135.88,161303,167362,0.1630027754526551,0
2023-07-28 10:52:17,1136.8,968496,1,1135.88,161308,167325,0.1630027754526551,0
2023-07-28 10:52:18,1136.8,968499,1,1135.88,161308,167463,0.1630027754526551,0
2023-07-28 10:52:18,1136.8,968501,1,1135.88,161308,167426,0.1630027754526551,0
2023-07-28 10:52:20,1136.8,968525,8,1135.88,161355,167397,0.1630027754526551,0
2023-07-28 10:52:22,1136.75,968586,2,1135.88,160953,168158,0.15859729503501957,0
2023-07-28 10:52:22,1136.75,968586,2,1135.88,160953,168158,0.15859729503501957,0
2023-07-28 10:52:22,1136.75,968586,2,1135.88,161164,167717,0.15859729503501957,0
2023-07-28 10:52:23,1136.7,968606,20,1135.88,161215,167492,0.15419181461738402,0
2023-07-28 10:52:23,1136.5,968606,1,1135.88,161215,167492,0.13656989294682184,0
2023-07-28 10:52:24,1136.7,968672,2,1135.88,160990,168357,0.15419181461738402,0
2023-07-28 10:52:25,1136.7,968674,2,1135.88,161022,168356,0.15419181461738402,0
2023-07-28 10:52:26,1136.7,968701,1,1135.88,161019,167505,0.15419181461738402,0
2023-07-28 10:52:27,1136.6,968717,5,1135.88,161013,168405,0.14538085378209292,0
2023-07-28 10:52:28,1136.8,968725,8,1135.88,161059,168335,0.1630027754526551,0
2023-07-28 10:52:29,1136.8,968731,3,1135.88,161038,168330,0.1630027754526551,0
2023-07-28 10:52:30,1136.8,968739,5,1135.88,161054,168312,0.1630027754526551,0
2023-07-28 10:52:30,1136.8,968739,2,1135.88,161054,168312,0.1630027754526551,0
2023-07-28 10:52:31,1136.9,969476,3,1135.88,160926,167751,0.1718137362879462,0
2023-07-28 10:52:32,1136.95,970179,205,1135.88,160993,168177,0.17621921670558174,0
2023-07-28 10:52:33,1136.9,970570,2,1135.88,161031,168628,0.1718137362879462,0
2023-07-28 10:52:33,1136.9,970570,208,1135.88,161031,168628,0.1718137362879462,0
2023-07-28 10:52:34,1136.85,971253,47,1135.88,161143,167975,0.16740825587029062,0
2023-07-28 10:52:35,1136.9,971355,102,1135.88,161101,167286,0.1718137362879462,0
2023-07-28 10:52:36,1136.95,971471,1,1135.88,161144,167987,0.17621921670558174,0
2023-07-28 10:52:36,1136.95,971471,4,1135.88,161144,167987,0.17621921670558174,0
2023-07-28 10:52:36,1137.0,971636,34,1135.88,161147,167765,0.18062469712321727,0
2023-07-28 10:52:37,1137.0,971694,11,1135.88,161216,167023,0.18062469712321727,0
2023-07-28 10:52:39,1137.0,971715,1,1135.88,161211,167023,0.18062469712321727,0
2023-07-28 10:52:39,1137.05,971715,3,1135.88,161211,167023,0.1850301775408528,0
2023-07-28 10:52:39,1137.05,971726,2,1135.88,161091,167020,0.1850301775408528,0
2023-07-28 10:52:40,1137.05,971743,15,1135.88,161118,167017,0.1850301775408528,0
2023-07-28 10:52:42,1137.0,971753,8,1135.88,161165,167020,0.18062469712321727,0
2023-07-28 10:52:42,1137.05,971753,2,1135.88,161165,167020,0.1850301775408528,0
2023-07-28 10:52:42,1137.05,971755,2,1135.88,161287,167035,0.1850301775408528,0
2023-07-28 10:52:42,1137.05,971755,2,1135.88,161288,167047,0.1850301775408528,0
2023-07-28 10:52:42,1137.05,971755,7,1135.88,161324,167173,0.1850301775408528,0
2023-07-28 10:52:46,1137.1,971820,7,1135.88,161265,167915,0.18943565795848835,0
2023-07-28 10:52:46,1137.1,971820,7,1135.88,161176,167847,0.18943565795848835,0
2023-07-28 10:52:46,1137.1,971820,7,1135.88,161126,168574,0.18943565795848835,0
2023-07-28 10:52:46,1137.0,971820,25,1135.88,161126,168574,0.18062469712321727,0
2023-07-28 10:52:50,1137.0,971931,57,1135.88,161124,167960,0.18062469712321727,0
2023-07-28 10:52:50,1137.0,971936,5,1135.88,161131,167802,0.18062469712321727,0
2023-07-28 10:52:51,1136.35,972055,33,1135.88,161039,168052,0.1233534516938952,0
2023-07-28 10:52:51,1136.8,972055,1,1135.88,161060,167396,0.1630027754526551,0
2023-07-28 10:52:53,1136.8,972094,1,1135.88,160987,168801,0.1630027754526551,0
2023-07-28 10:52:53,1136.85,972094,13,1135.88,161034,168884,0.16740825587029062,0
2023-07-28 10:52:53,1136.8,972094,1,1135.88,161034,168884,0.1630027754526551,0
2023-07-28 10:52:55,1136.85,972111,4,1135.88,161023,168142,0.16740825587029062,0
2023-07-28 10:52:57,1136.8,972129,2,1135.88,161000,168136,0.1630027754526551,0
2023-07-28 10:52:57,1136.85,972129,2,1135.88,161000,168136,0.16740825587029062,0
2023-07-28 10:52:58,1136.85,972131,2,1135.88,161003,168134,0.16740825587029062,0
2023-07-28 10:52:58,1136.85,972131,1,1135.88,161003,168134,0.16740825587029062,0
2023-07-28 10:53:00,1136.85,972142,1,1135.88,161037,168115,0.16740825587029062,0
2023-07-28 10:53:00,1136.85,972142,1,1135.88,161037,168115,0.16740825587029062,0
2023-07-28 10:53:01,1136.85,972146,12,1135.88,161036,168089,0.16740825587029062,0
2023-07-28 10:53:02,1136.85,972160,1,1135.88,161034,168126,0.16740825587029062,0
2023-07-28 10:53:03,1136.85,972168,5,1135.88,161101,168206,0.16740825587029062,0
2023-07-28 10:53:04,1136.1,972503,18,1135.88,161164,167808,0.10132604960569748,0
2023-07-28 10:53:05,1136.5,972504,1,1135.88,161083,167455,0.13656989294682184,0
2023-07-28 10:53:05,1136.5,972504,1,1135.88,160982,168174,0.13656989294682184,0
2023-07-28 10:53:05,1136.65,972504,1,1135.88,160982,168174,0.1497863341997485,0
2023-07-28 10:53:07,1136.65,972505,1,1135.88,161015,168058,0.1497863341997485,0
2023-07-28 10:53:07,1136.65,972505,1,1135.88,161051,168064,0.1497863341997485,0
2023-07-28 10:53:10,1136.6,972642,14,1135.88,160211,168905,0.14538085378209292,0
2023-07-28 10:53:10,1136.35,972642,1,1135.88,160211,168905,0.1233534516938952,0
2023-07-28 10:53:10,1136.35,972643,1,1135.88,160772,168728,0.1233534516938952,0
2023-07-28 10:53:11,1136.0,972863,28,1135.88,160366,167768,0.0925150887704264,0
2023-07-28 10:53:13,1136.55,972944,55,1135.89,160557,166471,0.14097537336445737,0
2023-07-28 10:53:14,1136.6,972984,40,1135.89,160565,168088,0.14538085378209292,0
2023-07-28 10:53:14,1136.6,972984,41,1135.89,160565,168088,0.14538085378209292,0
2023-07-28 10:53:15,1136.6,973078,12,1135.89,160643,167747,0.14538085378209292,0
2023-07-28 10:53:15,1136.6,973078,2,1135.89,160643,167747,0.14538085378209292,0
2023-07-28 10:53:16,1136.55,973108,1,1135.89,160648,167717,0.14097537336445737,0
2023-07-28 10:53:16,1136.6,973117,10,1135.89,160650,167709,0.14538085378209292,0
2023-07-28 10:53:19,1136.55,973146,1,1135.89,160685,167697,0.14097537336445737,0
2023-07-28 10:53:19,1136.6,973150,4,1135.89,160706,167693,0.14538085378209292,0
2023-07-28 10:53:20,1136.6,973213,9,1135.89,160704,167564,0.14538085378209292,0
2023-07-28 10:53:21,1136.6,973225,1,1135.89,160705,167521,0.14538085378209292,0
2023-07-28 10:53:21,1136.55,973225,1,1135.89,160705,167521,0.14097537336445737,0
2023-07-28 10:53:23,1136.55,973278,2,1135.89,160788,167471,0.14097537336445737,0
2023-07-28 10:53:23,1136.6,973286,8,1135.89,160704,167463,0.14538085378209292,0
2023-07-28 10:53:23,1136.6,973286,8,1135.89,160704,167463,0.14538085378209292,0
2023-07-28 10:53:23,1136.6,973286,4,1135.89,160704,167463,0.14538085378209292,0
2023-07-28 10:53:24,1136.6,973312,1,1135.89,160701,167437,0.14538085378209292,0
2023-07-28 10:53:25,1136.6,973317,1,1135.89,160702,167512,0.14538085378209292,0
2023-07-28 10:53:25,1136.6,973317,8,1135.89,160702,167512,0.14538085378209292,0
2023-07-28 10:53:27,1136.6,973328,2,1135.89,160701,167405,0.14538085378209292,0
2023-07-28 10:53:27,1136.55,973338,9,1135.89,160636,166845,0.14097537336445737,0
2023-07-28 10:53:27,1136.55,973338,1,1135.89,160636,166845,0.14097537336445737,0
2023-07-28 10:53:28,1136.55,973344,1,1135.89,160635,166795,0.14097537336445737,0
2023-07-28 10:53:29,1136.6,973358,9,1135.89,160630,167608,0.14538085378209292,0
2023-07-28 10:53:30,1136.6,973362,2,1135.89,160700,167566,0.14538085378209292,0
2023-07-28 10:53:30,1136.6,973362,2,1135.89,160700,167566,0.14538085378209292,0
2023-07-28 10:53:31,1136.6,973409,2,1135.89,160714,166479,0.14538085378209292,0
2023-07-28 10:53:32,1136.6,973423,15,1135.89,160784,166573,0.14538085378209292,0
2023-07-28 10:53:33,1136.6,973441,1,1135.89,161011,166386,0.14538085378209292,0
2023-07-28 10:53:33,1136.6,973441,5,1135.89,161011,166386,0.14538085378209292,0
2023-07-28 10:53:33,1136.6,973449,6,1135.89,161025,166325,0.14538085378209292,0
2023-07-28 10:53:35,1136.6,973681,11,1135.89,159385,165949,0.14538085378209292,0
2023-07-28 10:53:36,1136.6,973682,1,1135.89,160649,166995,0.14538085378209292,0
2023-07-28 10:53:36,1136.6,973682,1,1135.89,160649,166995,0.14538085378209292,0
2023-07-28 10:53:36,1136.5,973759,2,1135.89,160724,166888,0.13656989294682184,0
2023-07-28 10:53:38,1136.0,973850,1,1135.89,159844,168077,0.0925150887704264,0
2023-07-28 10:53:40,1136.15,973851,1,1135.89,159858,166673,0.10573153002335305,0
2023-07-28 10:53:40,1136.15,973851,1,1135.89,159858,166673,0.10573153002335305,0
2023-07-28 10:53:40,1136.15,973884,1,1135.89,159491,166640,0.10573153002335305,0
2023-07-28 10:53:42,1136.15,973899,11,1135.89,159627,168329,0.10573153002335305,0
2023-07-28 10:53:42,1136.05,973899,1,1135.89,159627,168329,0.09692056918806194,0
2023-07-28 10:53:42,1136.0,973899,17,1135.89,159627,168329,0.0925150887704264,0
2023-07-28 10:53:43,1136.0,973994,17,1135.89,159076,167195,0.0925150887704264,0
2023-07-28 10:53:43,1136.0,973994,17,1135.89,159058,167018,0.0925150887704264,0
2023-07-28 10:53:45,1135.75,974040,1,1135.89,158628,166953,0.07048768668222868,0
2023-07-28 10:53:45,1135.75,974040,1,1135.89,158628,166953,0.07048768668222868,0
2023-07-28 10:53:46,1135.8,974041,15,1135.89,159183,167093,0.07489316709986422,0
2023-07-28 10:53:47,1135.85,975046,36,1135.89,160772,165165,0.07929864751749977,0
2023-07-28 10:53:48,1135.7,975744,176,1135.89,159875,165987,0.06608220626459316,0
2023-07-28 10:53:48,1135.9,975744,1,1135.89,159875,165987,0.08370412793515533,0
2023-07-28 10:53:48,1136.05,975745,231,1135.89,159914,166748,0.09692056918806194,0
2023-07-28 10:53:51,1136.0,975983,1,1135.89,159944,166500,0.0925150887704264,0
2023-07-28 10:53:51,1136.0,975983,1,1135.89,159944,166500,0.0925150887704264,0
2023-07-28 10:53:52,1136.05,976061,1,1135.89,159937,166558,0.09692056918806194,0
2023-07-28 10:53:53,1136.35,977405,2,1135.89,160898,165935,0.1233534516938952,0
2023-07-28 10:53:54,1136.45,977435,5,1135.89,161490,166222,0.13216441252918631,0
2023-07-28 10:53:54,1136.4,977435,1,1135.89,161490,166222,0.12775893211155076,0
2023-07-28 10:53:55,1137.15,978356,1,1135.89,161968,164862,0.19384113837614392,0
2023-07-28 10:53:57,1137.15,978370,14,1135.89,162177,165612,0.19384113837614392,0
2023-07-28 10:53:58,1137.15,978695,1,1135.89,161941,165900,0.19384113837614392,0
2023-07-28 10:53:59,1137.15,978901,1,1135.89,161889,165888,0.19384113837614392,0
2023-07-28 10:53:59,1137.45,978901,22,1135.89,161889,165888,0.22027402088197717,0
2023-07-28 10:54:00,1137.15,979179,3,1135.89,162007,165924,0.19384113837614392,0
2023-07-28 10:54:01,1137.3,979189,5,1135.89,162141,165593,0.20705757962905053,0
2023-07-28 10:54:02,1137.6,979436,54,1135.89,161028,165469,0.23349046213488378,0
2023-07-28 10:54:02,1137.45,979436,2,1135.89,161028,165469,0.22027402088197717,0
2023-07-28 10:54:03,1137.3,979572,6,1135.89,163511,165577,0.20705757962905053,0
2023-07-28 10:54:04,1136.75,980352,6,1135.89,160113,168452,0.15859729503501957,0
2023-07-28 10:54:05,1136.75,980361,36,1135.89,161900,168055,0.15859729503501957,0
2023-07-28 10:54:06,1136.75,980853,36,1135.89,161634,166670,0.15859729503501957,0
2023-07-28 10:54:06,1136.6,980853,1,1135.89,161634,166670,0.14538085378209292,0
2023-07-28 10:54:07,1136.8,980865,1,1135.89,161649,168049,0.1630027754526551,0
2023-07-28 10:54:09,1136.75,981033,4,1135.89,161637,167158,0.15859729503501957,0
2023-07-28 10:54:09,1136.75,981033,4,1135.89,161637,167158,0.15859729503501957,0
2023-07-28 10:54:09,1136.75,981033,4,1135.89,161501,167981,0.15859729503501957,0
2023-07-28 10:54:11,1136.75,981089,56,1135.89,161666,167790,0.15859729503501957,0
2023-07-28 10:54:11,1136.75,981089,73,1135.89,161666,167790,0.15859729503501957,0
2023-07-28 10:54:12,1136.7,981193,2,1135.89,161698,167589,0.15419181461738402,0
2023-07-28 10:54:13,1136.75,981229,4,1135.89,161795,167534,0.15859729503501957,0
2023-07-28 10:54:14,1136.75,981265,11,1135.89,161788,167585,0.15859729503501957,0
2023-07-28 10:54:15,1136.75,981293,12,1135.89,161820,167559,0.15859729503501957,0
2023-07-28 10:54:15,1136.75,981293,6,1135.89,161820,167559,0.15859729503501957,0
2023-07-28 10:54:15,1136.75,981293,10,1135.89,161820,167559,0.15859729503501957,0
2023-07-28 10:54:19,1136.75,981358,12,1135.89,161782,167496,0.15859729503501957,0
2023-07-28 10:54:19,1136.7,981358,1,1135.89,161782,167496,0.15419181461738402,0
2023-07-28 10:54:20,1136.75,981400,6,1135.89,161726,167428,0.15859729503501957,0
2023-07-28 10:54:20,1136.75,981406,1,1135.89,161727,167359,0.15859729503501957,0
2023-07-28 10:54:21,1136.9,981688,1,1135.89,161806,166981,0.1718137362879462,0
2023-07-28 10:54:21,1136.9,981688,1,1135.89,162217,166792,0.1718137362879462,0
2023-07-28 10:54:23,1137.0,981700,1,1135.89,162186,166440,0.18062469712321727,0
2023-07-28 10:54:23,1137.0,981700,1,1135.89,162159,166105,0.18062469712321727,0
2023-07-28 10:54:25,1137.05,981701,1,1135.89,162150,166076,0.1850301775408528,0
2023-07-28 10:54:25,1137.05,981701,1,1135.89,162161,166196,0.1850301775408528,0
2023-07-28 10:54:27,1137.05,981710,1,1135.89,162167,166082,0.1850301775408528,0
2023-07-28 10:54:29,1137.05,981726,2,1135.89,162231,166499,0.1850301775408528,0
2023-07-28 10:54:29,1137.05,981726,2,1135.89,162259,166499,0.1850301775408528,0
2023-07-28 10:54:29,1137.1,981726,1,1135.89,162259,166499,0.18943565795848835,0
2023-07-28 10:54:31,1137.15,981740,1,1135.89,162655,166558,0.19384113837614392,0
2023-07-28 10:54:32,1137.15,981775,32,1135.89,162693,166691,0.19384113837614392,0
2023-07-28 10:54:32,1137.1,981830,19,1135.89,162817,166457,0.18943565795848835,0
2023-07-28 10:54:32,1137.1,981830,19,1135.89,162817,166457,0.18943565795848835,0
2023-07-28 10:54:32,1137.1,981830,19,1135.89,162820,166278,0.18943565795848835,0
2023-07-28 10:54:34,1137.15,981832,1,1135.89,162864,166267,0.19384113837614392,0
2023-07-28 10:54:34,1137.0,981832,1,1135.89,162864,166267,0.18062469712321727,0
2023-07-28 10:54:36,1137.1,981835,1,1135.89,162813,166462,0.18943565795848835,0
2023-07-28 10:54:36,1137.15,981835,2,1135.89,162813,166462,0.19384113837614392,0
2023-07-28 10:54:38,1137.15,981837,2,1135.89,162704,166442,0.19384113837614392,0
2023-07-28 10:54:38,1137.15,981837,2,1135.89,162703,167142,0.19384113837614392,0
2023-07-28 10:54:38,1137.15,981837,1,1135.89,162703,167142,0.19384113837614392,0
2023-07-28 10:54:40,1137.35,981839,1,1135.89,162704,167141,0.21146306004668605,0
2023-07-28 10:54:41,1137.15,981850,1,1135.89,162929,167280,0.19384113837614392,0
2023-07-28 10:54:42,1137.15,981873,6,1135.89,162963,167343,0.19384113837614392,0
2023-07-28 10:54:44,1137.15,981885,8,1135.89,162809,167741,0.19384113837614392,0
2023-07-28 10:54:44,1137.15,981885,8,1135.89,162847,167858,0.19384113837614392,0
2023-07-28 10:54:44,1137.4,981885,1,1135.89,162847,167858,0.21586854046434165,0
2023-07-28 10:54:45,1137.4,981886,1,1135.89,162847,168050,0.21586854046434165,0
2023-07-28 10:54:47,1137.25,981944,1,1135.89,162848,168756,0.202652099211415,0
2023-07-28 10:54:48,1137.45,985016,5,1135.9,162777,167392,0.22027402088197717,0
2023-07-28 10:54:48,1137.5,985016,1,1135.9,162777,167392,0.2246795012996127,0
2023-07-28 10:54:49,1137.5,985022,5,1135.9,162091,167454,0.2246795012996127,0
2023-07-28 10:54:50,1137.45,985068,5,1135.9,163268,167378,0.22027402088197717,0
2023-07-28 10:54:50,1137.45,985068,5,1135.9,163132,167486,0.22027402088197717,0
2023-07-28 10:54:54,1137.45,985541,1,1135.9,163741,167636,0.22027402088197717,0
2023-07-28 10:54:54,1137.45,985568,27,1135.9,163472,167557,0.22027402088197717,0
2023-07-28 10:54:54,1137.45,985568,27,1135.9,163493,167557,0.22027402088197717,0
2023-07-28 10:54:57,1137.55,985578,8,1135.9,163513,167804,0.22908498171724825,0
2023-07-28 10:54:57,1137.55,985578,3,1135.9,163513,167804,0.22908498171724825,0
2023-07-28 10:54:58,1137.55,985583,3,1135.9,163529,167897,0.22908498171724825,0
2023-07-28 10:55:00,1137.55,985599,15,1135.9,163514,168005,0.22908498171724825,0
2023-07-28 10:55:00,1137.65,985599,47,1135.9,163514,168005,0.23789594255253935,0
2023-07-28 10:55:00,1137.65,985646,4,1135.9,163629,168228,0.23789594255253935,0
2023-07-28 10:55:02,1137.9,986016,88,1135.9,163566,168208,0.2599233446407371,0
2023-07-28 10:55:02,1138.0,986016,344,1135.9,163473,169117,0.26873430547600813,0
2023-07-28 10:55:04,1137.4,986764,187,1135.9,161573,168471,0.21586854046434165,0
2023-07-28 10:55:04,1137.4,986764,187,1135.9,163397,168461,0.21586854046434165,0
2023-07-28 10:55:07,1137.75,986771,4,1135.9,163416,168642,0.24670690338781043,0
2023-07-28 10:55:08,1137.6,986795,9,1135.9,163382,169691,0.23349046213488378,0
2023-07-28 10:55:08,1137.6,986795,9,1135.9,163382,169691,0.23349046213488378,0
2023-07-28 10:55:09,1137.75,986825,30,1135.9,163349,169641,0.24670690338781043,0
2023-07-28 10:55:09,1137.75,986825,4,1135.9,163349,169641,0.24670690338781043,0
2023-07-28 10:55:10,1137.7,986921,1,1135.9,163372,169827,0.2423014229701749,0
2023-07-28 10:55:10,1137.7,987010,8,1135.9,163329,169894,0.2423014229701749,0
2023-07-28 10:55:11,1137.75,987011,1,1135.9,163379,169896,0.24670690338781043,0
2023-07-28 10:55:11,1137.6,987011,2,1135.9,163379,169896,0.23349046213488378,0
2023-07-28 10:55:13,1137.75,987045,1,1135.9,163974,170188,0.24670690338781043,0
2023-07-28 10:55:13,1136.65,1000688,1,1135.91,156415,169807,0.1497863341997485,0
2023-07-28 10:55:15,1136.85,1000689,1,1135.91,161862,169679,0.16740825587029062,0
2023-07-28 10:55:15,1136.85,1000689,1,1135.91,162250,170238,0.16740825587029062,0
2023-07-28 10:55:17,1137.0,1000690,1,1135.91,161902,170799,0.18062469712321727,0
2023-07-28 10:55:19,1137.15,1001857,1,1135.91,162096,171015,0.19384113837614392,0
2023-07-28 10:55:21,1137.0,1001968,1,1135.91,161918,171110,0.18062469712321727,0
2023-07-28 10:55:21,1137.0,1002136,34,1135.91,162104,171326,0.18062469712321727,0
2023-07-28 10:55:21,1137.1,1002136,1,1135.91,162104,171326,0.18943565795848835,0
2023-07-28 10:55:23,1137.1,1002137,10,1135.91,162192,171782,0.18943565795848835,0
2023-07-28 10:55:25,1137.1,1002992,10,1135.91,160525,173741,0.18943565795848835,0
2023-07-28 10:55:25,1136.9,1002992,18,1135.91,161718,173170,0.1718137362879462,0
2023-07-28 10:55:25,1136.55,1002992,9,1135.91,161718,173170,0.14097537336445737,0
2023-07-28 10:55:28,1136.55,1003052,1,1135.91,161474,173009,0.14097537336445737,0
2023-07-28 10:55:29,1136.9,1003073,14,1135.91,161405,173146,0.1718137362879462,0
2023-07-28 10:55:29,1136.9,1003073,14,1135.91,161502,173071,0.1718137362879462,0
2023-07-28 10:55:30,1136.55,1003097,5,1135.91,161537,173291,0.14097537336445737,0
2023-07-28 10:55:30,1136.7,1003097,2,1135.91,161537,173291,0.15419181461738402,0
2023-07-28 10:55:31,1136.7,1003601,2,1135.91,160087,174542,0.15419181461738402,0
2023-07-28 10:55:32,1136.7,1003602,1,1135.91,160954,173776,0.15419181461738402,0
2023-07-28 10:55:33,1136.7,1003709,1,1135.91,161314,172912,0.15419181461738402,0
2023-07-28 10:55:35,1136.8,1003784,10,1135.91,161128,173210,0.1630027754526551,0
2023-07-28 10:55:36,1136.9,1003830,11,1135.91,161128,173902,0.1718137362879462,0
2023-07-28 10:55:36,1136.9,1003830,11,1135.91,161128,173902,0.1718137362879462,0
2023-07-28 10:55:36,1136.9,1003830,11,1135.91,161130,173902,0.1718137362879462,0
2023-07-28 10:55:38,1137.0,1003861,1,1135.91,161126,173848,0.18062469712321727,0
2023-07-28 10:55:38,1137.0,1003866,5,1135.91,161067,173838,0.18062469712321727,0
2023-07-28 10:55:39,1136.95,1003884,1,1135.91,161063,173834,0.17621921670558174,0
2023-07-28 10:55:39,1137.0,1003884,2,1135.91,161063,173834,0.18062469712321727,0
2023-07-28 10:55:40,1137.0,1003886,2,1135.91,161111,173749,0.18062469712321727,0
2023-07-28 10:55:40,1137.0,1003886,1,1135.91,161111,173749,0.18062469712321727,0
2023-07-28 10:55:42,1136.9,1004015,1,1135.91,161156,174370,0.1718137362879462,0
2023-07-28 10:55:42,1136.5,1004015,8,1135.91,161156,174370,0.13656989294682184,0
2023-07-28 10:55:43,1136.75,1004024,1,1135.91,161138,174347,0.15859729503501957,0
2023-07-28 10:55:43,1136.85,1004029,1,1135.91,161167,173518,0.16740825587029062,0
2023-07-28 10:55:44,1136.85,1004068,1,1135.91,161046,174196,0.16740825587029062,0
2023-07-28 10:55:44,1136.85,1004068,1,1135.91,161046,174196,0.16740825587029062,0
2023-07-28 10:55:46,1136.85,1004096,1,1135.91,160982,174222,0.16740825587029062,0
2023-07-28 10:55:47,1136.85,1004100,9,1135.91,161059,174288,0.16740825587029062,0
2023-07-28 10:55:47,1136.85,1004109,9,1135.91,161115,174291,0.16740825587029062,0
2023-07-28 10:55:47,1136.85,1004109,1,1135.91,161115,174291,0.16740825587029062,0
2023-07-28 10:55:48,1136.85,1004112,3,1135.91,161021,174141,0.16740825587029062,0
2023-07-28 10:55:50,1136.8,1004119,1,1135.91,161112,174137,0.1630027754526551,0
2023-07-28 10:55:50,1136.6,1004138,1,1135.91,161100,175240,0.14538085378209292,0
2023-07-28 10:55:52,1136.65,1004177,6,1135.91,161119,175303,0.1497863341997485,0
2023-07-28 10:55:52,1136.5,1004183,1,1135.91,161091,175106,0.13656989294682184,0
2023-07-28 10:55:54,1136.6,1004200,1,1135.91,161086,175190,0.14538085378209292,0
2023-07-28 10:55:54,1136.6,1004201,4,1135.91,161054,175210,0.14538085378209292,0
2023-07-28 10:55:55,1136.55,1004208,1,1135.91,161014,175213,0.14097537336445737,0
2023-07-28 10:55:57,1136.65,1004210,5,1135.91,161015,175437,0.1497863341997485,0
2023-07-28 10:55:57,1136.55,1004210,1,1135.91,161015,175437,0.14097537336445737,0
2023-07-28 10:55:58,1136.6,1004308,29,1135.91,161087,175504,0.14538085378209292,0
2023-07-28 10:55:58,1136.6,1004308,29,1135.91,161109,175495,0.14538085378209292,0
2023-07-28 10:55:58,1136.65,1004308,1,1135.91,161109,175495,0.1497863341997485,0
2023-07-28 10:56:00,1136.4,1004343,2,1135.91,161152,175431,0.12775893211155076,0
2023-07-28 10:56:00,1136.4,1004343,2,1135.91,161152,175431,0.12775893211155076,0
2023-07-28 10:56:01,1136.55,1004344,1,1135.91,160942,175464,0.14097537336445737,0
2023-07-28 10:56:01,1136.65,1004356,12,1135.91,160940,175406,0.1497863341997485,0
2023-07-28 10:56:02,1136.6,1004358,2,1135.91,161031,175570,0.14538085378209292,0
2023-07-28 10:56:02,1136.65,1004358,1,1135.91,161031,175570,0.1497863341997485,0
2023-07-28 10:56:04,1136.05,1004696,165,1135.91,160830,176076,0.09692056918806194,0
2023-07-28 10:56:05,1136.55,1004697,1,1135.91,160849,176162,0.14097537336445737,0
2023-07-28 10:56:05,1136.55,1004808,111,1135.92,160837,176022,0.14097537336445737,0
2023-07-28 10:56:06,1136.45,1004810,1,1135.92,160840,176132,0.13216441252918631,0
2023-07-28 10:56:06,1136.55,1004810,1,1135.92,160840,176132,0.14097537336445737,0
2023-07-28 10:56:07,1136.55,1004848,1,1135.92,160855,176021,0.14097537336445737,0
2023-07-28 10:56:07,1136.55,1004848,1,1135.92,161040,175928,0.14097537336445737,0
2023-07-28 10:56:07,1136.55,1004848,12,1135.92,161040,175928,0.14097537336445737,0
2023-07-28 10:56:09,1136.55,1004911,51,1135.92,161356,175838,0.14097537336445737,0
2023-07-28 10:56:10,1136.55,1004922,2,1135.92,161371,175827,0.14097537336445737,0
2023-07-28 10:56:11,1136.55,1004980,1,1135.92,161606,175888,0.14097537336445737,0
2023-07-28 10:56:11,1136.5,1004980,9,1135.92,161606,175888,0.13656989294682184,0
2023-07-28 10:56:14,1136.5,1005029,1,1135.92,161876,175867,0.13656989294682184,0
2023-07-28 10:56:14,1136.55,1005040,7,1135.92,161876,175855,0.14097537336445737,0
2023-07-28 10:56:15,1136.55,1005074,3,1135.92,161894,175896,0.14097537336445737,0
2023-07-28 10:56:16,1136.55,1005099,1,1135.92,161906,176593,0.14097537336445737,0
2023-07-28 10:56:17,1136.55,1005120,11,1135.92,161899,176578,0.14097537336445737,0
2023-07-28 10:56:19,1136.55,1005140,7,1135.92,161897,176559,0.14097537336445737,0
2023-07-28 10:56:19,1136.55,1005143,3,1135.92,161898,176556,0.14097537336445737,0
2023-07-28 10:56:21,1136.55,1005153,1,1135.92,161870,176532,0.14097537336445737,0
2023-07-28 10:56:21,1136.55,1005153,1,1135.92,161870,176532,0.14097537336445737,0
2023-07-28 10:56:22,1136.55,1005157,1,1135.92,161898,176564,0.14097537336445737,0
2023-07-28 10:56:22,1136.55,1005157,1,1135.92,161898,176564,0.14097537336445737,0
2023-07-28 10:56:22,1136.55,1005157,1,1135.92,161898,176564,0.14097537336445737,0
2023-07-28 10:56:24,1136.55,1005159,1,1135.92,162068,176524,0.14097537336445737,0
2023-07-28 10:56:24,1136.5,1005161,1,1135.92,162068,176516,0.13656989294682184,0
2023-07-28 10:56:24,1136.5,1005161,1,1135.92,162068,176516,0.13656989294682184,0
2023-07-28 10:56:25,1136.55,1005162,1,1135.92,162068,176515,0.14097537336445737,0
2023-07-28 10:56:25,1136.55,1005162,1,1135.92,162068,176515,0.14097537336445737,0
2023-07-28 10:56:26,1136.55,1005167,1,1135.92,162074,176352,0.14097537336445737,0
2023-07-28 10:56:27,1136.5,1005177,9,1135.92,162066,176373,0.13656989294682184,0
2023-07-28 10:56:29,1136.55,1005184,3,1135.92,162064,176349,0.14097537336445737,0
2023-07-28 10:56:29,1136.55,1005184,1,1135.92,162064,176349,0.14097537336445737,0
2023-07-28 10:56:29,1136.55,1005185,1,1135.92,162065,176368,0.14097537336445737,0
2023-07-28 10:56:29,1135.9,1005185,20,1135.92,162065,176368,0.08370412793515533,0
2023-07-28 10:56:31,1136.5,1005443,10,1135.92,161951,175969,0.13656989294682184,0
2023-07-28 10:56:32,1136.5,1005529,86,1135.92,161942,176663,0.13656989294682184,0
2023-07-28 10:56:33,1136.5,1005530,28,1135.92,161972,176607,0.13656989294682184,0
2023-07-28 10:56:33,1136.5,1005558,28,1135.92,162463,176525,0.13656989294682184,0
2023-07-28 10:56:33,1136.45,1005558,1,1135.92,162463,176525,0.13216441252918631,0
2023-07-28 10:56:35,1136.45,1005559,1,1135.92,162465,176551,0.13216441252918631,0
2023-07-28 10:56:36,1136.45,1005608,9,1135.92,162459,176476,0.13216441252918631,0
2023-07-28 10:56:37,1136.5,1005633,14,1135.92,162462,176465,0.13656989294682184,0
2023-07-28 10:56:37,1136.5,1005664,14,1135.92,162478,176374,0.13656989294682184,0
2023-07-28 10:56:37,1136.5,1005664,8,1135.92,162478,176374,0.13656989294682184,0
2023-07-28 10:56:39,1136.5,1005704,11,1135.92,162506,176365,0.13656989294682184,0
2023-07-28 10:56:40,1136.5,1005710,6,1135.92,162508,176359,0.13656989294682184,0
2023-07-28 10:56:41,1136.5,1005724,1,1135.92,162507,176345,0.13656989294682184,0
2023-07-28 10:56:42,1136.45,1005738,3,1135.92,162497,176339,0.13216441252918631,0
2023-07-28 10:56:43,1136.45,1005745,1,1135.92,162496,176333,0.13216441252918631,0
2023-07-28 10:56:44,1136.5,1005752,5,1135.92,162496,176326,0.13656989294682184,0
2023-07-28 10:56:45,1136.5,1005755,2,1135.92,162496,176321,0.13656989294682184,0
2023-07-28 10:56:46,1136.5,1005759,1,1135.92,162496,176340,0.13656989294682184,0
2023-07-28 10:56:47,1136.5,1005762,1,1135.92,162496,176337,0.13656989294682184,0
2023-07-28 10:56:48,1136.5,1005764,1,1135.92,162496,176335,0.13656989294682184,0
2023-07-28 10:56:49,1136.5,1005765,1,1135.92,162496,176334,0.13656989294682184,0
2023-07-28 10:56:50,1136.45,1005769,1,1135.92,162493,176332,0.13216441252918631,0
2023-07-28 10:56:50,1136.5,1005769,1,1135.92,162534,176232,0.13656989294682184,0
2023-07-28 10:56:51,1136.5,1005770,1,1135.92,162566,176231,0.13656989294682184,0
2023-07-28 10:56:51,1136.5,1005770,1,1135.92,162762,176213,0.13656989294682184,0
2023-07-28 10:56:51,1136.5,1005770,1,1135.92,162762,176213,0.13656989294682184,0
2023-07-28 10:56:54,1136.5,1005774,1,1135.92,162671,176269,0.13656989294682184,0
2023-07-28 10:56:55,1136.5,1005775,1,1135.92,162672,176429,0.13656989294682184,0
2023-07-28 10:56:56,1136.5,1005777,1,1135.92,162671,176402,0.13656989294682184,0
2023-07-28 10:56:57,1136.45,1005787,9,1135.92,162662,176403,0.13216441252918631,0
2023-07-28 10:56:58,1136.45,1005791,1,1135.92,162661,176400,0.13216441252918631,0
2023-07-28 10:56:59,1136.5,1005809,9,1135.92,162661,176384,0.13656989294682184,0
2023-07-28 10:57:01,1136.5,1005814,1,1135.92,162661,176370,0.13656989294682184,0
2023-07-28 10:57:01,1136.5,1005821,6,1135.92,162775,176249,0.13656989294682184,0
2023-07-28 10:57:02,1136.5,1005824,2,1135.92,162812,176258,0.13656989294682184,0
2023-07-28 10:57:03,1136.45,1005867,1,1135.92,162816,176283,0.13216441252918631,0
2023-07-28 10:57:04,1136.45,1006275,1,1135.92,162633,175381,0.13216441252918631,0
2023-07-28 10:57:04,1136.45,1006275,1,1135.92,162705,175501,0.13216441252918631,0
2023-07-28 10:57:04,1136.5,1006275,1,1135.92,162705,175501,0.13656989294682184,0
2023-07-28 10:57:04,1136.5,1006275,1,1135.92,162705,175501,0.13656989294682184,0
2023-07-28 10:57:07,1136.6,1006396,1,1135.92,162723,175295,0.14538085378209292,0
2023-07-28 10:57:07,1136.6,1006396,14,1135.92,162723,175295,0.14538085378209292,0
2023-07-28 10:57:07,1136.55,1006396,18,1135.92,162723,175295,0.14097537336445737,0
2023-07-28 10:57:11,1136.6,1006515,1,1135.92,162575,175216,0.14538085378209292,0
2023-07-28 10:57:11,1136.5,1006515,8,1135.92,162575,175216,0.13656989294682184,0
2023-07-28 10:57:11,1136.5,1006515,20,1135.92,162575,175216,0.13656989294682184,0
2023-07-28 10:57:11,1136.0,1006515,1,1135.92,162575,175216,0.0925150887704264,0
2023-07-28 10:57:11,1136.3,1006515,1,1135.92,162575,175216,0.11894797127625965,0
2023-07-28 10:57:11,1136.3,1006515,6,1135.92,162575,175216,0.11894797127625965,0
2023-07-28 10:57:11,1136.3,1006515,1,1135.92,162575,175216,0.11894797127625965,0
2023-07-28 10:57:18,1136.3,1006835,1,1135.92,161854,176049,0.11894797127625965,0
2023-07-28 10:57:18,1136.05,1006835,1,1135.92,161854,176049,0.09692056918806194,0
2023-07-28 10:57:18,1136.3,1006835,5,1135.92,161854,176049,0.11894797127625965,0
2023-07-28 10:57:18,1136.35,1006835,3,1135.92,161854,176049,0.1233534516938952,0
2023-07-28 10:57:24,1136.2,1006869,2,1135.92,154850,176619,0.11013701044098859,0
2023-07-28 10:57:24,1136.35,1006869,1,1135.92,154850,176619,0.1233534516938952,0
2023-07-28 10:57:24,1136.35,1006869,11,1135.92,154850,176619,0.1233534516938952,0
2023-07-28 10:57:24,1137.0,1006869,202,1135.92,154850,176619,0.18062469712321727,0
2023-07-28 10:57:24,1136.75,1006869,10,1135.92,154850,176619,0.15859729503501957,0
2023-07-28 10:57:27,1137.05,1010737,58,1135.92,156857,174820,0.1850301775408528,0
2023-07-28 10:57:27,1137.05,1010737,1,1135.92,156857,174820,0.1850301775408528,0
2023-07-28 10:57:27,1137.4,1010737,1,1135.92,156857,174820,0.21586854046434165,0
2023-07-28 10:57:27,1137.4,1010737,24,1135.92,156857,174820,0.21586854046434165,0
2023-07-28 10:57:27,1137.4,1010737,1,1135.92,156857,174820,0.21586854046434165,0
2023-07-28 10:57:32,1137.4,1010880,1,1135.92,164719,174255,0.21586854046434165,0
2023-07-28 10:57:32,1137.25,1010880,1,1135.92,164719,174255,0.202652099211415,0
2023-07-28 10:57:32,1137.4,1010880,463,1135.92,164719,174255,0.21586854046434165,0
2023-07-28 10:57:32,1137.05,1010880,21,1135.92,164719,174255,0.1850301775408528,0
2023-07-28 10:57:32,1137.4,1010880,11,1135.92,164719,174255,0.21586854046434165,0
2023-07-28 10:57:37,1137.4,1011486,1,1135.92,164223,174300,0.21586854046434165,0
2023-07-28 10:57:37,1137.1,1011486,1,1135.92,164223,174300,0.18943565795848835,0
2023-07-28 10:57:37,1137.1,1011486,19,1135.92,164223,174300,0.18943565795848835,0
2023-07-28 10:57:37,1136.8,1011486,1,1135.92,164223,174300,0.1630027754526551,0
2023-07-28 10:57:41,1136.8,1011578,1,1135.92,164095,174355,0.1630027754526551,0
2023-07-28 10:57:41,1136.95,1011578,8,1135.92,164095,174355,0.17621921670558174,0
2023-07-28 10:57:45,1136.8,1011629,14,1135.92,164846,175103,0.1630027754526551,0
2023-07-28 10:57:45,1136.8,1011629,9,1135.92,164846,175103,0.1630027754526551,0
2023-07-28 10:57:45,1137.1,1011629,1,1135.92,164846,175103,0.18943565795848835,0
2023-07-28 10:57:45,1136.4,1011629,48,1135.92,164846,175103,0.12775893211155076,0
2023-07-28 10:57:49,1136.4,1011739,48,1135.92,164280,174553,0.12775893211155076,0
2023-07-28 10:57:49,1136.8,1011739,1,1135.92,164280,174553,0.1630027754526551,0
2023-07-28 10:57:49,1137.1,1011739,2,1135.92,164280,174553,0.18943565795848835,0
2023-07-28 10:57:54,1137.1,1011763,1,1135.92,164153,174186,0.18943565795848835,0
2023-07-28 10:57:54,1136.95,1011763,1,1135.92,164153,174186,0.17621921670558174,0
2023-07-28 10:57:54,1137.1,1011763,1,1135.92,164153,174186,0.18943565795848835,0
2023-07-28 10:57:54,1136.6,1011763,2,1135.92,164153,174186,0.14538085378209292,0
2023-07-28 10:57:58,1136.35,1012090,19,1135.92,164013,174627,0.1233534516938952,0
2023-07-28 10:57:58,1136.95,1012090,7,1135.92,164013,174627,0.17621921670558174,0
2023-07-28 10:57:58,1136.8,1012090,1,1135.92,164013,174627,0.1630027754526551,0
2023-07-28 10:58:00,1136.8,1012278,1,1135.92,163931,174928,0.1630027754526551,0
2023-07-28 10:58:00,1136.95,1012278,10,1135.92,163931,174928,0.17621921670558174,0
2023-07-28 10:58:00,1136.3,1012278,111,1135.92,163931,174928,0.11894797127625965,0
2023-07-28 10:58:00,1136.85,1012278,1,1135.92,163931,174928,0.16740825587029062,0
2023-07-28 10:58:05,1136.85,1012623,1,1135.92,164011,174875,0.16740825587029062,0
2023-07-28 10:58:05,1136.85,1012623,1,1135.92,164041,174627,0.16740825587029062,0
2023-07-28 10:58:05,1136.95,1012623,20,1135.92,164041,174627,0.17621921670558174,0
2023-07-28 10:58:07,1136.3,1012843,25,1135.92,157383,176104,0.11894797127625965,0
2023-07-28 10:58:08,1136.3,1012844,1,1135.92,163198,175424,0.11894797127625965,0
2023-07-28 10:58:09,1136.3,1012918,1,1135.92,163144,174426,0.11894797127625965,0
2023-07-28 10:58:10,1136.6,1012934,16,1135.92,163143,174358,0.14538085378209292,0
2023-07-28 10:58:11,1136.6,1012958,10,1135.92,163114,174618,0.14538085378209292,0
2023-07-28 10:58:12,1136.45,1012986,7,1135.92,163170,174506,0.13216441252918631,0
2023-07-28 10:58:14,1136.75,1012996,10,1135.92,163360,174191,0.15859729503501957,0
2023-07-28 10:58:15,1136.7,1012998,1,1135.92,163434,174561,0.15419181461738402,0
2023-07-28 10:58:16,1136.75,1013001,1,1135.92,163476,174426,0.15859729503501957,0
2023-07-28 10:58:16,1136.75,1013006,1,1135.92,163463,174629,0.15859729503501957,0
2023-07-28 10:58:18,1137.05,1013132,7,1135.92,163555,175085,0.1850301775408528,0
2023-07-28 10:58:18,1137.05,1013132,5,1135.92,163555,175085,0.1850301775408528,0
2023-07-28 10:58:18,1137.05,1013169,5,1135.92,163538,174694,0.1850301775408528,0
2023-07-28 10:58:19,1136.95,1013194,1,1135.92,163559,174874,0.17621921670558174,0
2023-07-28 10:58:20,1136.9,1013202,4,1135.92,163558,174863,0.1718137362879462,0
2023-07-28 10:58:20,1136.75,1013202,1,1135.92,163558,174863,0.15859729503501957,0
2023-07-28 10:58:20,1136.95,1013202,2,1135.92,163558,174863,0.17621921670558174,0
2023-07-28 10:58:23,1136.85,1013262,1,1135.92,163520,174929,0.16740825587029062,0
2023-07-28 10:58:23,1136.95,1013262,13,1135.92,163520,174929,0.17621921670558174,0
2023-07-28 10:58:25,1136.95,1013278,2,1135.92,163511,174861,0.17621921670558174,0
2023-07-28 10:58:26,1136.85,1013346,1,1135.92,163220,174995,0.16740825587029062,0
2023-07-28 10:58:26,1136.85,1013377,1,1135.92,163344,174264,0.16740825587029062,0
2023-07-28 10:58:27,1136.7,1013400,1,1135.92,163256,175000,0.15419181461738402,0
2023-07-28 10:58:27,1136.85,1013400,5,1135.92,163256,175000,0.16740825587029062,0
2023-07-28 10:58:30,1136.85,1013433,8,1135.92,163420,174849,0.16740825587029062,0
2023-07-28 10:58:30,1136.8,1013435,1,1135.92,163421,174822,0.1630027754526551,0
2023-07-28 10:58:31,1136.85,1013437,2,1135.92,163467,174821,0.16740825587029062,0
2023-07-28 10:58:32,1136.85,1013439,1,1135.92,163447,175004,0.16740825587029062,0
2023-07-28 10:58:33,1136.85,1013441,1,1135.92,163494,174996,0.16740825587029062,0
2023-07-28 10:58:34,1136.85,1013451,1,1135.92,163463,174992,0.16740825587029062,0
2023-07-28 10:58:35,1136.85,1013454,3,1135.92,163508,175014,0.16740825587029062,0
2023-07-28 10:58:36,1136.85,1013468,10,1135.92,163505,174858,0.16740825587029062,0
2023-07-28 10:58:37,1136.8,1013482,1,1135.92,163504,174845,0.1630027754526551,0
2023-07-28 10:58:37,1136.85,1013482,5,1135.92,163504,174845,0.16740825587029062,0
2023-07-28 10:58:37,1136.85,1013489,5,1135.92,163504,174802,0.16740825587029062,0
2023-07-28 10:58:39,1136.85,1013497,2,1135.92,163458,174806,0.16740825587029062,0
2023-07-28 10:58:40,1136.85,1013498,1,1135.92,163488,174784,0.16740825587029062,0
2023-07-28 10:58:41,1136.85,1013501,3,1135.92,163502,174953,0.16740825587029062,0
2023-07-28 10:58:42,1136.8,1013551,1,1135.92,163465,174621,0.1630027754526551,0
2023-07-28 10:58:42,1136.8,1013551,34,1135.92,163465,174621,0.1630027754526551,0
2023-07-28 10:58:42,1136.7,1013551,1,1135.92,163465,174621,0.15419181461738402,0
2023-07-28 10:58:44,1136.7,1013647,1,1135.92,163588,174257,0.15419181461738402,0
2023-07-28 10:58:45,1136.8,1013661,7,1135.92,163446,174851,0.1630027754526551,0
2023-07-28 10:58:47,1136.85,1013681,10,1135.92,163471,175023,0.16740825587029062,0
2023-07-28 10:58:47,1136.9,1013687,1,1135.92,163489,174792,0.1718137362879462,0
2023-07-28 10:58:48,1136.95,1013697,1,1135.92,163545,174832,0.17621921670558174,0
2023-07-28 10:58:48,1136.95,1013697,4,1135.92,163545,174832,0.17621921670558174,0
2023-07-28 10:58:50,1136.95,1013725,6,1135.92,163609,174753,0.17621921670558174,0
2023-07-28 10:58:50,1136.95,1013733,3,1135.92,163700,174768,0.17621921670558174,0
2023-07-28 10:58:52,1136.95,1013741,2,1135.92,163697,174738,0.17621921670558174,0
2023-07-28 10:58:53,1136.95,1013748,6,1135.92,163697,174825,0.17621921670558174,0
2023-07-28 10:58:54,1136.95,1013752,1,1135.92,163697,174727,0.17621921670558174,0
2023-07-28 10:58:55,1136.95,1013755,2,1135.92,163697,174724,0.17621921670558174,0
2023-07-28 10:58:56,1136.95,1013758,1,1135.92,163697,174721,0.17621921670558174,0
2023-07-28 10:58:57,1136.9,1013768,9,1135.92,163688,174810,0.1718137362879462,0
2023-07-28 10:58:58,1136.95,1013821,50,1135.92,163688,174757,0.17621921670558174,0
2023-07-28 10:58:59,1136.95,1013832,2,1135.92,163689,174664,0.17621921670558174,0
2023-07-28 10:58:59,1136.95,1013832,4,1135.92,163689,174664,0.17621921670558174,0
2023-07-28 10:59:01,1136.95,1013858,3,1135.92,163307,175056,0.17621921670558174,0
2023-07-28 10:59:02,1136.95,1013866,8,1135.92,163548,175196,0.17621921670558174,0
2023-07-28 10:59:03,1136.95,1013892,23,1135.92,163614,174821,0.17621921670558174,0
2023-07-28 10:59:04,1136.35,1014466,43,1135.92,163297,174880,0.1233534516938952,0
2023-07-28 10:59:04,1136.35,1014466,43,1135.92,163266,174963,0.1233534516938952,0
2023-07-28 10:59:04,1136.7,1014466,3,1135.92,163266,174963,0.15419181461738402,0
2023-07-28 10:59:06,1136.7,1014745,3,1135.92,163351,174585,0.15419181461738402,0
2023-07-28 10:59:06,1136.65,1014745,1,1135.92,163258,174523,0.1497863341997485,0
2023-07-28 10:59:08,1136.7,1014757,1,1135.92,163206,174464,0.15419181461738402,0
2023-07-28 10:59:09,1136.85,1015003,244,1135.92,163280,174883,0.16740825587029062,0
2023-07-28 10:59:09,1136.8,1015003,1,1135.92,163294,174928,0.1630027754526551,0
2023-07-28 10:59:11,1136.85,1015090,13,1135.92,163324,174851,0.16740825587029062,0
2023-07-28 10:59:12,1136.8,1015181,4,1135.92,163313,174863,0.1630027754526551,0
2023-07-28 10:59:13,1136.85,1015195,36,1135.92,163297,174859,0.16740825587029062,0
2023-07-28 10:59:14,1136.85,1015487,6,1135.92,163514,175210,0.16740825587029062,0
2023-07-28 10:59:15,1136.95,1015498,1,1135.92,163436,175114,0.17621921670558174,0
2023-07-28 10:59:16,1137.1,1015598,1,1135.92,163872,174900,0.18943565795848835,0
2023-07-28 10:59:17,1137.05,1015652,1,1135.92,163860,174735,0.1850301775408528,0
2023-07-28 10:59:17,1137.05,1015652,1,1135.92,163791,174854,0.1850301775408528,0
2023-07-28 10:59:20,1137.05,1015653,1,1135.92,163727,175342,0.1850301775408528,0
2023-07-28 10:59:20,1137.05,1015654,1,1135.92,163749,175392,0.1850301775408528,0
2023-07-28 10:59:20,1137.05,1015654,1,1135.92,163949,175446,0.1850301775408528,0
2023-07-28 10:59:20,1137.05,1015654,1,1135.92,163949,175446,0.1850301775408528,0
2023-07-28 10:59:20,1137.05,1015654,1,1135.92,163949,175456,0.1850301775408528,0
2023-07-28 10:59:20,1137.05,1015654,1,1135.92,163949,175456,0.1850301775408528,0
2023-07-28 10:59:20,1137.05,1015654,28,1135.92,163949,175369,0.1850301775408528,0
2023-07-28 10:59:24,1137.05,1015708,18,1135.92,163934,175394,0.1850301775408528,0
2023-07-28 10:59:24,1137.05,1015708,18,1135.92,163934,175394,0.1850301775408528,0
2023-07-28 10:59:24,1137.05,1015708,18,1135.92,163935,175394,0.1850301775408528,0
2023-07-28 10:59:24,1137.15,1015708,1,1135.92,163935,175394,0.19384113837614392,0
2023-07-28 10:59:26,1137.15,1015709,1,1135.92,163936,175510,0.19384113837614392,0
2023-07-28 10:59:26,1137.1,1015709,7,1135.92,163936,175510,0.18943565795848835,0
2023-07-28 10:59:27,1137.1,1015718,7,1135.92,163901,175687,0.18943565795848835,0
2023-07-28 10:59:27,1137.15,1015718,1,1135.92,163901,175687,0.19384113837614392,0
2023-07-28 10:59:28,1137.15,1015719,6,1135.92,163911,175614,0.19384113837614392,0
2023-07-28 10:59:30,1137.15,1015750,1,1135.92,163918,175628,0.19384113837614392,0
2023-07-28 10:59:30,1137.15,1015755,5,1135.92,163936,175612,0.19384113837614392,0
2023-07-28 10:59:31,1137.0,1015818,3,1135.92,164149,174989,0.18062469712321727,0
2023-07-28 10:59:31,1137.0,1015818,3,1135.92,164181,174763,0.18062469712321727,0
2023-07-28 10:59:31,1137.0,1015818,19,1135.92,164181,174763,0.18062469712321727,0
2023-07-28 10:59:33,1137.0,1015837,19,1135.92,164173,175389,0.18062469712321727,0
2023-07-28 10:59:33,1137.0,1015837,19,1135.92,164078,175406,0.18062469712321727,0
2023-07-28 10:59:33,1137.0,1015837,19,1135.92,164076,175406,0.18062469712321727,0
2023-07-28 10:59:33,1137.0,1015837,19,1135.92,164105,175407,0.18062469712321727,0
2023-07-28 10:59:33,1137.1,1015837,3,1135.92,164105,175407,0.18943565795848835,0
2023-07-28 10:59:38,1137.1,1015942,2,1135.92,164104,174808,0.18943565795848835,0
2023-07-28 10:59:38,1137.05,1015942,1,1135.92,164104,174808,0.1850301775408528,0
2023-07-28 10:59:39,1137.05,1015943,1,1135.92,164076,174832,0.1850301775408528,0
2023-07-28 10:59:39,1137.05,1015943,1,1135.92,164105,174833,0.1850301775408528,0
2023-07-28 10:59:41,1137.05,1015944,1,1135.92,164106,174833,0.1850301775408528,0
2023-07-28 10:59:41,1137.1,1015944,1,1135.92,164106,174833,0.18943565795848835,0
2023-07-28 10:59:42,1137.05,1015953,8,1135.92,164098,174808,0.1850301775408528,0
2023-07-28 10:59:43,1137.1,1015954,1,1135.92,164135,174801,0.18943565795848835,0
2023-07-28 10:59:43,1137.05,1015954,19,1135.92,164135,174801,0.1850301775408528,0
2023-07-28 10:59:44,1137.05,1015974,19,1135.92,164163,174800,0.1850301775408528,0
2023-07-28 10:59:45,1137.1,1015977,3,1135.92,164157,174716,0.18943565795848835,0
2023-07-28 10:59:46,1137.1,1015978,1,1135.92,164157,174715,0.18943565795848835,0
2023-07-28 10:59:47,1137.1,1015994,2,1135.92,164155,174700,0.18943565795848835,0
2023-07-28 10:59:48,1137.1,1016009,2,1135.92,164153,174695,0.18943565795848835,0
2023-07-28 10:59:49,1137.05,1016012,1,1135.92,164152,174693,0.1850301775408528,0
2023-07-28 10:59:50,1137.1,1016013,1,1135.92,164152,174693,0.18943565795848835,0
2023-07-28 10:59:51,1137.1,1016014,1,1135.92,164152,174692,0.18943565795848835,0
2023-07-28 10:59:51,1137.05,1016014,47,1135.92,164152,174692,0.1850301775408528,0
2023-07-28 10:59:53,1137.05,1016098,47,1135.92,164083,174871,0.1850301775408528,0
2023-07-28 10:59:53,1137.05,1016098,47,1135.92,164084,174869,0.1850301775408528,0
2023-07-28 10:59:53,1137.05,1016098,47,1135.92,164062,174869,0.1850301775408528,0
2023-07-28 10:59:53,1137.05,1016098,47,1135.92,164063,174897,0.1850301775408528,0
2023-07-28 10:59:57,1136.85,1016108,4,1135.92,164139,174897,0.16740825587029062,0
2023-07-28 10:59:59,1137.05,1016121,7,1135.92,164117,174847,0.1850301775408528,0
2023-07-28 11:00:00,1137.05,1016155,1,1135.92,164162,174840,0.1850301775408528,0
2023-07-28 11:00:00,1137.05,1016161,1,1135.92,164192,174782,0.1850301775408528,0
2023-07-28 11:00:01,1137.0,1016214,12,1135.92,164164,174815,0.18062469712321727,0
2023-07-28 11:00:03,1137.1,1016217,1,1135.92,164168,174748,0.18943565795848835,0
2023-07-28 11:00:03,1137.1,1016225,7,1135.92,157165,174740,0.18943565795848835,0
2023-07-28 11:00:04,1136.55,1016563,1,1135.92,157096,175218,0.14097537336445737,0
2023-07-28 11:00:04,1136.8,1016563,1,1135.92,157096,175218,0.1630027754526551,0
2023-07-28 11:00:04,1137.0,1016563,5,1135.92,157096,175218,0.18062469712321727,0
2023-07-28 11:00:04,1137.0,1016563,15,1135.92,157096,175218,0.18062469712321727,0
2023-07-28 11:00:04,1137.05,1016563,1,1135.92,157096,175218,0.1850301775408528,0
2023-07-28 11:00:09,1137.05,1016607,27,1135.92,157129,174739,0.1850301775408528,0
2023-07-28 11:00:09,1137.1,1016607,3,1135.92,157129,174739,0.18943565795848835,0
2023-07-28 11:00:09,1137.05,1016607,1,1135.92,157129,174739,0.1850301775408528,0
2023-07-28 11:00:09,1137.05,1016607,8,1135.92,157129,174739,0.1850301775408528,0
2023-07-28 11:00:14,1137.05,1016660,8,1135.92,164056,174798,0.1850301775408528,0
2023-07-28 11:00:14,1137.1,1016660,1,1135.92,164056,174798,0.18943565795848835,0
2023-07-28 11:00:14,1137.1,1016660,1,1135.92,164056,174798,0.18943565795848835,0
2023-07-28 11:00:18,1137.1,1016691,1,1135.92,163907,174831,0.18943565795848835,0
2023-07-28 11:00:18,1137.1,1016691,2,1135.92,163907,174831,0.18943565795848835,0
2023-07-28 11:00:18,1137.05,1016691,1,1135.92,163907,174831,0.1850301775408528,0
2023-07-28 11:00:22,1137.05,1016694,1,1135.92,163912,174830,0.1850301775408528,0
2023-07-28 11:00:22,1137.05,1016694,3,1135.92,163912,174830,0.1850301775408528,0
2023-07-28 11:00:22,1137.0,1016694,17,1135.92,163912,174830,0.18062469712321727,0
2023-07-28 11:00:27,1136.45,1016771,7,1135.92,163816,175133,0.13216441252918631,0
2023-07-28 11:00:27,1137.05,1016771,4,1135.92,163816,175133,0.1850301775408528,0
2023-07-28 11:00:27,1137.05,1016771,1,1135.92,163816,175133,0.1850301775408528,0
2023-07-28 11:00:27,1137.0,1016771,1,1135.92,163816,175133,0.18062469712321727,0
2023-07-28 11:00:32,1136.95,1016816,2,1135.92,163804,175289,0.17621921670558174,0
2023-07-28 11:00:32,1136.95,1016816,3,1135.92,163804,175289,0.17621921670558174,0
2023-07-28 11:00:33,1136.95,1016834,1,1135.92,163819,175204,0.17621921670558174,0
2023-07-28 11:00:33,1136.95,1016834,6,1135.92,163819,175204,0.17621921670558174,0
2023-07-28 11:00:33,1136.95,1016834,5,1135.92,163819,175204,0.17621921670558174,0
2023-07-28 11:00:33,1136.85,1016834,1,1135.92,163819,175204,0.16740825587029062,0
2023-07-28 11:00:39,1136.95,1016848,1,1135.92,163796,175138,0.17621921670558174,0
2023-07-28 11:00:39,1136.95,1016848,1,1135.92,163796,175138,0.17621921670558174,0
2023-07-28 11:00:39,1136.85,1016848,6,1135.92,163796,175138,0.16740825587029062,0
2023-07-28 11:00:39,1136.95,1016848,32,1135.92,163796,175138,0.17621921670558174,0
2023-07-28 11:00:45,1136.85,1016948,29,1135.92,164365,175622,0.16740825587029062,0
2023-07-28 11:00:45,1136.85,1016948,5,1135.92,164365,175622,0.16740825587029062,0
2023-07-28 11:00:45,1136.85,1016948,33,1135.92,164365,175622,0.16740825587029062,0
2023-07-28 11:00:45,1136.85,1016948,1,1135.92,164365,175622,0.16740825587029062,0
2023-07-28 11:00:45,1136.3,1016948,44,1135.92,164365,175622,0.11894797127625965,0
2023-07-28 11:00:48,1136.3,1017183,44,1135.92,163458,176387,0.11894797127625965,0
2023-07-28 11:00:48,1136.3,1017183,3,1135.92,163458,176387,0.11894797127625965,0
2023-07-28 11:00:48,1136.3,1017183,33,1135.92,163458,176387,0.11894797127625965,0
2023-07-28 11:00:48,1136.15,1017183,36,1135.92,163458,176387,0.10573153002335305,0
2023-07-28 11:00:48,1135.95,1017183,1,1135.92,163458,176387,0.08810960835279087,0
2023-07-28 11:00:53,1135.95,1017302,1,1135.92,156193,176650,0.08810960835279087,0
2023-07-28 11:00:53,1136.0,1017302,18,1135.92,156193,176650,0.0925150887704264,0
2023-07-28 11:00:53,1136.0,1017302,39,1135.92,156193,176650,0.0925150887704264,0
2023-07-28 11:00:53,1136.0,1017302,44,1135.92,156193,176650,0.0925150887704264,0
2023-07-28 11:00:53,1136.0,1017302,1,1135.92,156193,176650,0.0925150887704264,0
2023-07-28 11:00:57,1135.95,1017429,9,1135.92,163203,176333,0.08810960835279087,0
2023-07-28 11:00:57,1136.0,1017429,12,1135.92,163203,176333,0.0925150887704264,0
2023-07-28 11:00:57,1136.0,1017429,22,1135.92,163203,176333,0.0925150887704264,0
2023-07-28 11:00:57,1136.0,1017429,1,1135.92,163203,176333,0.0925150887704264,0
2023-07-28 11:01:02,1136.0,1017508,1,1135.92,163343,176325,0.0925150887704264,0
2023-07-28 11:01:02,1136.0,1017508,9,1135.92,163343,176325,0.0925150887704264,0
2023-07-28 11:01:02,1136.0,1017508,26,1135.92,163343,176325,0.0925150887704264,0
2023-07-28 11:01:02,1136.0,1017508,12,1135.92,163343,176325,0.0925150887704264,0
2023-07-28 11:01:06,1136.0,1017953,1,1135.92,162990,175964,0.0925150887704264,0
2023-07-28 11:01:06,1135.95,1017953,1,1135.92,162990,175964,0.08810960835279087,0
2023-07-28 11:01:06,1136.0,1017953,96,1135.92,162990,175964,0.0925150887704264,0
2023-07-28 11:01:06,1135.95,1017953,22,1135.92,162990,175964,0.08810960835279087,0
2023-07-28 11:01:06,1135.4,1017953,12,1135.92,162990,175964,0.039649323758759895,0
2023-07-28 11:01:10,1136.0,1018432,32,1135.92,162983,176067,0.0925150887704264,0
2023-07-28 11:01:10,1136.0,1018432,89,1135.92,162983,176067,0.0925150887704264,0
2023-07-28 11:01:10,1135.8,1018432,9,1135.92,162983,176067,0.07489316709986422,0
2023-07-28 11:01:10,1135.8,1018432,1,1135.92,162983,176067,0.07489316709986422,0
2023-07-28 11:01:13,1136.0,1018637,8,1135.92,163159,176081,0.0925150887704264,0
2023-07-28 11:01:13,1136.0,1018637,62,1135.92,163159,176081,0.0925150887704264,0
2023-07-28 11:01:13,1136.0,1018637,65,1135.92,163159,176081,0.0925150887704264,0
2023-07-28 11:01:13,1135.9,1018637,1,1135.92,163159,176081,0.08370412793515533,0
2023-07-28 11:01:18,1135.9,1018818,1,1135.92,163284,176203,0.08370412793515533,0
2023-07-28 11:01:18,1136.0,1018818,18,1135.92,163284,176203,0.0925150887704264,0
2023-07-28 11:01:18,1136.0,1018818,60,1135.92,163284,176203,0.0925150887704264,0
2023-07-28 11:01:18,1135.95,1018818,1,1135.92,163284,176203,0.08810960835279087,0
2023-07-28 11:01:18,1135.95,1018818,1,1135.92,163284,176203,0.08810960835279087,0
2023-07-28 11:01:23,1136.0,1018945,1,1135.92,163288,176357,0.0925150887704264,0
2023-07-28 11:01:23,1136.1,1018945,1,1135.92,163288,176357,0.10132604960569748,0
2023-07-28 11:01:23,1136.0,1018945,1,1135.92,163288,176357,0.0925150887704264,0
2023-07-28 11:01:23,1136.1,1018945,1,1135.92,163288,176357,0.10132604960569748,0
2023-07-28 11:01:28,1135.95,1019001,1,1135.92,163030,176496,0.08810960835279087,0
2023-07-28 11:01:28,1136.1,1019001,6,1135.92,163030,176496,0.10132604960569748,0
2023-07-28 11:01:28,1136.2,1019001,1,1135.92,163030,176496,0.11013701044098859,0
2023-07-28 11:01:28,1135.95,1019001,1,1135.92,163030,176496,0.08810960835279087,0
2023-07-28 11:01:28,1136.0,1019001,1,1135.92,163030,176496,0.0925150887704264,0
2023-07-28 11:01:28,1136.0,1019001,1,1135.92,163030,176496,0.0925150887704264,0
2023-07-28 11:01:28,1136.2,1019001,3,1135.92,163030,176496,0.11013701044098859,0
2023-07-28 11:01:28,1136.2,1019001,22,1135.92,163030,176496,0.11013701044098859,0
2023-07-28 11:01:28,1136.2,1019001,1,1135.92,163030,176496,0.11013701044098859,0
2023-07-28 11:01:36,1136.2,1019120,1,1135.92,163380,176042,0.11013701044098859,0
2023-07-28 11:01:36,1136.1,1019120,1,1135.92,163380,176042,0.10132604960569748,0
2023-07-28 11:01:36,1136.1,1019120,1,1135.92,163380,176042,0.10132604960569748,0
2023-07-28 11:01:38,1135.9,1019818,9,1135.92,161677,174738,0.08370412793515533,0
2023-07-28 11:01:38,1135.7,1019818,1,1135.92,161677,174738,0.06608220626459316,0
2023-07-28 11:01:38,1135.8,1019818,23,1135.92,161677,174738,0.07489316709986422,0
2023-07-28 11:01:38,1135.8,1019818,23,1135.92,161677,174738,0.07489316709986422,0
2023-07-28 11:01:38,1135.95,1019818,72,1135.92,161677,174738,0.08810960835279087,0
2023-07-28 11:01:44,1136.0,1020230,93,1135.92,161740,176633,0.0925150887704264,0
2023-07-28 11:01:44,1135.9,1020230,51,1135.92,161740,176633,0.08370412793515533,0
2023-07-28 11:01:47,1136.0,1020632,12,1135.92,161591,176603,0.0925150887704264,0
2023-07-28 11:01:47,1135.95,1020632,19,1135.92,161591,176603,0.08810960835279087,0
2023-07-28 11:01:49,1135.95,1020784,19,1135.92,161780,176394,0.08810960835279087,0
2023-07-28 11:01:49,1136.0,1020784,15,1135.92,161780,176394,0.0925150887704264,0
2023-07-28 11:01:49,1136.0,1020784,50,1135.92,161780,176394,0.0925150887704264,0
2023-07-28 11:01:49,1136.0,1020784,2,1135.92,161780,176394,0.0925150887704264,0
2023-07-28 11:01:49,1136.0,1020784,1,1135.92,161780,176394,0.0925150887704264,0
2023-07-28 11:01:55,1136.0,1020858,1,1135.92,161765,176218,0.0925150887704264,0
2023-07-28 11:01:55,1135.95,1020858,3,1135.92,161765,176218,0.08810960835279087,0
2023-07-28 11:01:55,1135.8,1020858,29,1135.92,161765,176218,0.07489316709986422,0
2023-07-28 11:01:55,1135.8,1020858,1,1135.92,161765,176218,0.07489316709986422,0
2023-07-28 11:01:59,1135.8,1021035,1,1135.92,161699,176190,0.07489316709986422,0
2023-07-28 11:01:59,1135.85,1021035,9,1135.92,161699,176190,0.07929864751749977,0
2023-07-28 11:01:59,1135.8,1021035,5,1135.92,161699,176190,0.07489316709986422,0
2023-07-28 11:01:59,1135.9,1021035,1,1135.92,161699,176190,0.08370412793515533,0
2023-07-28 11:01:59,1135.1,1021035,7,1135.92,161699,176190,0.01321644125290661,0
2023-07-28 11:01:59,1135.2,1021035,4,1135.92,161699,176190,0.022027402088197718,0
2023-07-28 11:02:05,1135.45,1021447,1,1135.92,161143,176524,0.044054804176395436,0
2023-07-28 11:02:06,1135.85,1021617,13,1135.92,161014,175997,0.07929864751749977,0
2023-07-28 11:02:08,1135.85,1021690,46,1135.92,161091,176039,0.07929864751749977,0
2023-07-28 11:02:08,1135.85,1021696,5,1135.92,160957,176072,0.07929864751749977,0
2023-07-28 11:02:10,1135.75,1021754,17,1135.92,160996,176104,0.07048768668222868,0
2023-07-28 11:02:11,1135.8,1021784,19,1135.92,161013,176030,0.07489316709986422,0
2023-07-28 11:02:12,1136.15,1027581,3,1135.93,163418,174740,0.10573153002335305,0
2023-07-28 11:02:13,1136.45,1028015,390,1135.93,163639,173613,0.13216441252918631,0
2023-07-28 11:02:14,1136.65,1029901,35,1135.93,164611,173304,0.1497863341997485,0
2023-07-28 11:02:14,1136.85,1029901,13,1135.93,164611,173304,0.16740825587029062,0
2023-07-28 11:02:14,1136.85,1030214,13,1135.93,164828,174603,0.16740825587029062,0
2023-07-28 11:02:14,1137.0,1030214,1,1135.93,164828,174603,0.18062469712321727,0
2023-07-28 11:02:17,1137.0,1031199,87,1135.93,164047,172831,0.18062469712321727,0
2023-07-28 11:02:17,1136.8,1031199,5,1135.93,164047,172831,0.1630027754526551,0
2023-07-28 11:02:18,1136.15,1032935,28,1135.93,162842,177047,0.10573153002335305,0
2023-07-28 11:02:18,1136.3,1033064,1,1135.93,163591,175704,0.11894797127625965,0
2023-07-28 11:02:18,1136.75,1033064,24,1135.93,163591,175704,0.15859729503501957,0
2023-07-28 11:02:20,1136.8,1033132,1,1135.93,163471,175257,0.1630027754526551,0
2023-07-28 11:02:20,1136.85,1033132,22,1135.93,163471,175257,0.16740825587029062,0
2023-07-28 11:02:21,1136.85,1033196,22,1135.93,163576,175998,0.16740825587029062,0
2023-07-28 11:02:23,1136.85,1033210,3,1135.93,163549,175951,0.16740825587029062,0
2023-07-28 11:02:23,1136.8,1033535,2,1135.93,163622,175522,0.1630027754526551,0
2023-07-28 11:02:23,1136.8,1033535,2,1135.93,163622,175522,0.1630027754526551,0
2023-07-28 11:02:25,1136.7,1033560,5,1135.93,163699,175458,0.15419181461738402,0
2023-07-28 11:02:25,1136.7,1033560,5,1135.93,163699,175458,0.15419181461738402,0
2023-07-28 11:02:25,1136.8,1033667,35,1135.93,163690,175428,0.1630027754526551,0
2023-07-28 11:02:25,1136.8,1033667,16,1135.93,163690,175428,0.1630027754526551,0
2023-07-28 11:02:27,1136.8,1033729,23,1135.93,163689,175529,0.1630027754526551,0
2023-07-28 11:02:27,1136.75,1033748,6,1135.93,163685,175646,0.15859729503501957,0
2023-07-28 11:02:29,1136.2,1033872,1,1135.93,163724,176133,0.11013701044098859,0
2023-07-28 11:02:29,1136.2,1033872,1,1135.93,163724,176133,0.11013701044098859,0
2023-07-28 11:02:29,1136.2,1033872,1,1135.93,163755,175904,0.11013701044098859,0
2023-07-28 11:02:31,1136.75,1033938,10,1135.93,164531,175529,0.15859729503501957,0
2023-07-28 11:02:31,1136.75,1033938,10,1135.93,164531,175529,0.15859729503501957,0
2023-07-28 11:02:31,1136.75,1033950,1,1135.93,163791,175693,0.15859729503501957,0
2023-07-28 11:02:32,1136.75,1033975,1,1135.93,163791,175577,0.15859729503501957,0
2023-07-28 11:02:32,1136.75,1033975,4,1135.93,163791,175577,0.15859729503501957,0
2023-07-28 11:02:33,1136.75,1033983,4,1135.93,163795,175694,0.15859729503501957,0
2023-07-28 11:02:35,1136.75,1034056,3,1135.93,163801,175774,0.15859729503501957,0
2023-07-28 11:02:35,1136.75,1034056,11,1135.93,163801,175774,0.15859729503501957,0
2023-07-28 11:02:36,1136.75,1034113,21,1135.93,163808,175675,0.15859729503501957,0
2023-07-28 11:02:36,1136.75,1034113,9,1135.93,163808,175675,0.15859729503501957,0
2023-07-28 11:02:36,1136.75,1034129,9,1135.93,163726,175662,0.15859729503501957,0
2023-07-28 11:02:36,1136.75,1034129,5,1135.93,163726,175662,0.15859729503501957,0
2023-07-28 11:02:38,1136.75,1034180,4,1135.93,163796,175745,0.15859729503501957,0
2023-07-28 11:02:39,1136.7,1034193,1,1135.93,163890,175706,0.15419181461738402,0
2023-07-28 11:02:39,1136.75,1034193,17,1135.93,163890,175706,0.15859729503501957,0
2023-07-28 11:02:39,1136.75,1034233,17,1135.93,163972,175687,0.15859729503501957,0
2023-07-28 11:02:41,1136.75,1034256,13,1135.93,163889,175660,0.15859729503501957,0
2023-07-28 11:02:41,1136.75,1034259,3,1135.93,163919,174196,0.15859729503501957,0
2023-07-28 11:02:43,1136.7,1034329,1,1135.93,163742,174393,0.15419181461738402,0
2023-07-28 11:02:43,1136.7,1034329,1,1135.93,163770,174908,0.15419181461738402,0
2023-07-28 11:02:44,1136.65,1034353,1,1135.93,163718,174426,0.1497863341997485,0
2023-07-28 11:02:44,1136.75,1034353,8,1135.93,163730,173928,0.15859729503501957,0
2023-07-28 11:02:46,1136.75,1034362,1,1135.93,163711,173853,0.15859729503501957,0
2023-07-28 11:02:47,1136.75,1034363,3,1135.93,163695,174316,0.15859729503501957,0
2023-07-28 11:02:48,1136.75,1034377,11,1135.93,163698,174619,0.15859729503501957,0
2023-07-28 11:02:50,1136.75,1034383,1,1135.93,163689,175681,0.15859729503501957,0
2023-07-28 11:02:51,1136.75,1034688,1,1135.93,163736,175703,0.15859729503501957,0
2023-07-28 11:02:52,1136.7,1034782,31,1135.93,163741,175670,0.15419181461738402,0
2023-07-28 11:02:53,1136.7,1034863,2,1135.93,163650,175706,0.15419181461738402,0
2023-07-28 11:02:53,1136.75,1034902,27,1135.93,163650,175666,0.15859729503501957,0
2023-07-28 11:02:54,1136.75,1034935,27,1135.93,163649,175586,0.15859729503501957,0
2023-07-28 11:02:55,1136.75,1034953,10,1135.93,163649,175594,0.15859729503501957,0
2023-07-28 11:02:55,1136.75,1034953,1,1135.93,163649,175594,0.15859729503501957,0
2023-07-28 11:02:57,1136.75,1035005,14,1135.93,163687,175549,0.15859729503501957,0
2023-07-28 11:02:57,1136.7,1035005,9,1135.93,163687,175549,0.15419181461738402,0
2023-07-28 11:02:57,1136.7,1035022,9,1135.93,163505,175539,0.15419181461738402,0
2023-07-28 11:02:58,1136.75,1035054,15,1135.93,163492,175507,0.15859729503501957,0
2023-07-28 11:02:59,1136.7,1035117,9,1135.93,163538,176262,0.15419181461738402,0
2023-07-28 11:03:00,1136.45,1035118,1,1135.93,163569,176062,0.13216441252918631,0
2023-07-28 11:03:00,1136.45,1035118,1,1135.93,163569,176062,0.13216441252918631,0
2023-07-28 11:03:01,1136.45,1035140,1,1135.93,163548,175894,0.13216441252918631,0
2023-07-28 11:03:03,1136.7,1035147,2,1135.93,163515,175764,0.15419181461738402,0
2023-07-28 11:03:03,1136.1,1035147,135,1135.93,163515,175764,0.10132604960569748,0
2023-07-28 11:03:04,1136.6,1035486,1,1135.93,159700,175793,0.14538085378209292,0
2023-07-28 11:03:04,1136.45,1035486,112,1135.93,163456,175611,0.13216441252918631,0
2023-07-28 11:03:07,1136.45,1035599,1,1135.93,164088,175655,0.13216441252918631,0
2023-07-28 11:03:07,1136.45,1035599,37,1135.93,163455,175458,0.13216441252918631,0
2023-07-28 11:03:08,1136.35,1035636,51,1135.93,163451,175409,0.1233534516938952,0
2023-07-28 11:03:08,1136.35,1035636,1,1135.93,163451,175409,0.1233534516938952,0
2023-07-28 11:03:10,1136.35,1035723,1,1135.93,163380,175659,0.1233534516938952,0
2023-07-28 11:03:10,1136.35,1035723,1,1135.93,163380,175659,0.1233534516938952,0
2023-07-28 11:03:11,1136.2,1035754,1,1135.93,163966,175690,0.11013701044098859,0
2023-07-28 11:03:12,1136.2,1035775,2,1135.93,163942,175684,0.11013701044098859,0
2023-07-28 11:03:12,1136.2,1035775,5,1135.93,163942,175684,0.11013701044098859,0
2023-07-28 11:03:14,1136.2,1035806,5,1135.93,163882,175731,0.11013701044098859,0
2023-07-28 11:03:15,1136.3,1035816,10,1135.93,163885,175721,0.11894797127625965,0
2023-07-28 11:03:15,1136.3,1035816,9,1135.93,163885,175721,0.11894797127625965,0
2023-07-28 11:03:16,1136.3,1035834,20,1135.93,164203,175766,0.11894797127625965,0
2023-07-28 11:03:17,1136.25,1035871,2,1135.93,164000,175905,0.11454249085862413,0
2023-07-28 11:03:17,1136.25,1035871,13,1135.93,164000,175905,0.11454249085862413,0
2023-07-28 11:03:19,1136.25,1035884,13,1135.93,164051,175993,0.11454249085862413,0
2023-07-28 11:03:19,1136.25,1035884,4,1135.93,164028,176037,0.11454249085862413,0
2023-07-28 11:03:20,1136.25,1037026,38,1135.93,163880,175657,0.11454249085862413,0
2023-07-28 11:03:21,1136.2,1037236,1,1135.93,164033,175628,0.11013701044098859,0
2023-07-28 11:03:22,1136.3,1038002,69,1135.93,164314,172071,0.11894797127625965,0
2023-07-28 11:03:23,1136.3,1038098,87,1135.93,164347,175452,0.11894797127625965,0
2023-07-28 11:03:25,1136.3,1038505,32,1135.93,164388,175556,0.11894797127625965,0
2023-07-28 11:03:26,1136.25,1038587,10,1135.93,164346,175510,0.11454249085862413,0
2023-07-28 11:03:26,1136.35,1039024,66,1135.93,164292,175476,0.1233534516938952,0
2023-07-28 11:03:28,1136.35,1039681,100,1135.93,164305,175482,0.1233534516938952,0
2023-07-28 11:03:28,1136.35,1039682,1,1135.93,164337,175515,0.1233534516938952,0
2023-07-28 11:03:28,1136.35,1039682,54,1135.93,164337,175515,0.1233534516938952,0
2023-07-28 11:03:29,1136.35,1039791,54,1135.93,164312,175430,0.1233534516938952,0
2023-07-28 11:03:30,1136.4,1039792,1,1135.93,164291,175435,0.12775893211155076,0
2023-07-28 11:03:30,1136.4,1039792,1,1135.93,164291,175435,0.12775893211155076,0
2023-07-28 11:03:32,1136.45,1039830,6,1135.93,164270,175520,0.13216441252918631,0
2023-07-28 11:03:33,1136.45,1039900,1,1135.93,164239,175560,0.13216441252918631,0
2023-07-28 11:03:34,1136.45,1039921,3,1135.93,164238,175574,0.13216441252918631,0
2023-07-28 11:03:35,1136.45,1039943,1,1135.93,164236,175484,0.13216441252918631,0
2023-07-28 11:03:37,1136.45,1040035,7,1135.93,164174,175323,0.13216441252918631,0
2023-07-28 11:03:38,1136.45,1040081,31,1135.93,164173,175278,0.13216441252918631,0
2023-07-28 11:03:38,1136.45,1040081,7,1135.93,164173,175278,0.13216441252918631,0
2023-07-28 11:03:39,1136.45,1040113,15,1135.93,164143,175256,0.13216441252918631,0
2023-07-28 11:03:40,1136.45,1040129,11,1135.93,164172,175363,0.13216441252918631,0
2023-07-28 11:03:40,1136.45,1040131,2,1135.93,164173,175362,0.13216441252918631,0
2023-07-28 11:03:41,1136.45,1040139,1,1135.93,164171,175515,0.13216441252918631,0
2023-07-28 11:03:42,1136.4,1040213,3,1135.93,163741,176153,0.12775893211155076,0
2023-07-28 11:03:44,1136.2,1040226,4,1135.93,163177,175610,0.11013701044098859,0
2023-07-28 11:03:44,1136.45,1040226,13,1135.93,163177,175610,0.13216441252918631,0
2023-07-28 11:03:46,1136.45,1040281,4,1135.93,163092,175592,0.13216441252918631,0
2023-07-28 11:03:46,1136.35,1040282,1,1135.93,163094,175592,0.1233534516938952,0
2023-07-28 11:03:46,1136.45,1040282,7,1135.93,163094,175592,0.13216441252918631,0
2023-07-28 11:03:47,1136.45,1040289,7,1135.93,163165,175400,0.13216441252918631,0
2023-07-28 11:03:49,1136.45,1040315,3,1135.93,163120,175542,0.13216441252918631,0
2023-07-28 11:03:49,1136.45,1040315,3,1135.93,163120,175542,0.13216441252918631,0
2023-07-28 11:03:50,1136.05,1040324,30,1135.93,163096,175512,0.09692056918806194,0
2023-07-28 11:03:51,1136.4,1040405,29,1135.93,163355,175749,0.12775893211155076,0
2023-07-28 11:03:53,1136.45,1040435,27,1135.93,163410,175547,0.13216441252918631,0
2023-07-28 11:03:53,1136.45,1040435,27,1135.93,163410,175547,0.13216441252918631,0
2023-07-28 11:03:53,1136.4,1040435,1,1135.93,163410,175547,0.12775893211155076,0
2023-07-28 11:03:55,1136.45,1040451,3,1135.93,163307,175640,0.13216441252918631,0
2023-07-28 11:03:55,1136.45,1040452,1,1135.93,163309,175560,0.13216441252918631,0
2023-07-28 11:03:56,1136.45,1040456,1,1135.93,163414,175625,0.13216441252918631,0
2023-07-28 11:03:58,1136.4,1040531,1,1135.93,163430,175759,0.12775893211155076,0
2023-07-28 11:03:58,1136.4,1040533,1,1135.93,163467,175574,0.12775893211155076,0
2023-07-28 11:03:58,1136.45,1040533,1,1135.93,163467,175574,0.13216441252918631,0
2023-07-28 11:04:00,1136.45,1040562,1,1135.93,163458,175479,0.13216441252918631,0
2023-07-28 11:04:01,1136.45,1040576,10,1135.93,163453,175515,0.13216441252918631,0
2023-07-28 11:04:01,1136.45,1040576,2,1135.93,163453,175515,0.13216441252918631,0
2023-07-28 11:04:01,1136.35,1040578,8,1135.93,163453,175535,0.1233534516938952,0
2023-07-28 11:04:01,1136.0,1040578,186,1135.93,163453,175535,0.0925150887704264,0
2023-07-28 11:04:04,1136.4,1040946,8,1135.93,164176,175670,0.12775893211155076,0
2023-07-28 11:04:04,1136.4,1040946,8,1135.93,164176,175670,0.12775893211155076,0
2023-07-28 11:04:05,1136.45,1041016,10,1135.93,164020,175544,0.13216441252918631,0
2023-07-28 11:04:07,1136.2,1041152,52,1135.93,163949,176060,0.11013701044098859,0
2023-07-28 11:04:07,1136.2,1041153,1,1135.93,164017,175691,0.11013701044098859,0
2023-07-28 11:04:09,1136.15,1041198,1,1135.93,164806,175740,0.10573153002335305,0
2023-07-28 11:04:09,1136.1,1041198,4,1135.93,164806,175740,0.10132604960569748,0
2023-07-28 11:04:10,1136.1,1041269,3,1135.93,164792,175828,0.10132604960569748,0
2023-07-28 11:04:10,1136.05,1041269,1,1135.93,164792,175828,0.09692056918806194,0
2023-07-28 11:04:10,1136.05,1041270,1,1135.93,164844,175749,0.09692056918806194,0
2023-07-28 11:04:12,1136.0,1042293,96,1135.93,164885,175747,0.0925150887704264,0
2023-07-28 11:04:13,1136.05,1042405,104,1135.93,164935,175764,0.09692056918806194,0
2023-07-28 11:04:13,1136.1,1042760,1,1135.93,164868,175849,0.10132604960569748,0
2023-07-28 11:04:14,1136.1,1042851,1,1135.93,164876,175902,0.10132604960569748,0
2023-07-28 11:04:16,1136.1,1043013,30,1135.93,163740,176009,0.10132604960569748,0
2023-07-28 11:04:17,1136.05,1043049,1,1135.93,163734,176055,0.09692056918806194,0
2023-07-28 11:04:17,1136.1,1043049,6,1135.93,163734,176055,0.10132604960569748,0
2023-07-28 11:04:18,1136.1,1043120,1,1135.93,164428,176124,0.10132604960569748,0
2023-07-28 11:04:18,1136.1,1043131,1,1135.93,163754,176028,0.10132604960569748,0
2023-07-28 11:04:18,1136.1,1043131,24,1135.93,163754,176028,0.10132604960569748,0
2023-07-28 11:04:19,1136.1,1043157,3,1135.93,164429,176105,0.10132604960569748,0
2023-07-28 11:04:21,1136.1,1043175,2,1135.93,163729,176098,0.10132604960569748,0
2023-07-28 11:04:21,1136.1,1043175,1,1135.93,163729,176098,0.10132604960569748,0
2023-07-28 11:04:23,1136.1,1043230,16,1135.93,164458,176146,0.10132604960569748,0
2023-07-28 11:04:24,1136.1,1043249,2,1135.93,163797,176127,0.10132604960569748,0
2023-07-28 11:04:24,1136.05,1043249,1,1135.93,163797,176127,0.09692056918806194,0
2023-07-28 11:04:26,1136.1,1043262,4,1135.93,163814,176193,0.10132604960569748,0
2023-07-28 11:04:27,1136.0,1044267,3,1135.93,163841,176369,0.0925150887704264,0
2023-07-28 11:04:27,1136.1,1044267,9,1135.93,163841,176369,0.10132604960569748,0
2023-07-28 11:04:27,1136.1,1044399,9,1135.93,163878,176124,0.10132604960569748,0
2023-07-28 11:04:27,1136.2,1044399,1,1135.93,163878,176124,0.11013701044098859,0
2023-07-28 11:04:28,1136.2,1044731,44,1135.93,163831,176252,0.11013701044098859,0
2023-07-28 11:04:29,1136.2,1044825,44,1135.93,164557,176178,0.11013701044098859,0
2023-07-28 11:04:29,1136.2,1044825,85,1135.93,164557,176178,0.11013701044098859,0
2023-07-28 11:04:32,1136.2,1046004,23,1135.93,163583,176913,0.11013701044098859,0
2023-07-28 11:04:32,1136.2,1046004,23,1135.93,163583,176913,0.11013701044098859,0
2023-07-28 11:04:33,1136.2,1046421,237,1135.93,162900,177664,0.11013701044098859,0
2023-07-28 11:04:33,1136.2,1046421,119,1135.93,162921,176899,0.11013701044098859,0
2023-07-28 11:04:33,1136.2,1046421,1,1135.93,162921,176899,0.11013701044098859,0
2023-07-28 11:04:34,1136.2,1046598,27,1135.93,162841,176701,0.11013701044098859,0
2023-07-28 11:04:36,1136.0,1047583,589,1135.93,163129,176207,0.0925150887704264,0
2023-07-28 11:04:37,1136.1,1047584,1,1135.93,163203,176425,0.10132604960569748,0
2023-07-28 11:04:37,1136.2,1047909,325,1135.93,163151,176100,0.11013701044098859,0
2023-07-28 11:04:37,1136.1,1047909,9,1135.93,163151,176100,0.10132604960569748,0
2023-07-28 11:04:39,1136.1,1048133,25,1135.93,163147,176372,0.10132604960569748,0
2023-07-28 11:04:40,1136.15,1048225,4,1135.93,163014,177300,0.10573153002335305,0
2023-07-28 11:04:40,1136.2,1048225,1,1135.93,163014,177300,0.11013701044098859,0
2023-07-28 11:04:41,1136.2,1048248,31,1135.93,163002,177388,0.11013701044098859,0
2023-07-28 11:04:41,1136.2,1048416,31,1135.93,163017,176338,0.11013701044098859,0
2023-07-28 11:04:41,1136.15,1048416,4,1135.93,163017,176338,0.10573153002335305,0
2023-07-28 11:04:43,1135.55,1051850,1,1135.93,159959,177686,0.05286576501166651,0
2023-07-28 11:04:43,1135.6,1051850,52,1135.93,159959,177686,0.057271245429302044,0
2023-07-28 11:04:44,1135.85,1053035,221,1135.93,161516,177089,0.07929864751749977,0
2023-07-28 11:04:44,1135.85,1053035,1,1135.93,161516,177089,0.07929864751749977,0
2023-07-28 11:04:45,1135.85,1053459,7,1135.93,161479,177144,0.07929864751749977,0
2023-07-28 11:04:46,1135.9,1053613,28,1135.93,161632,176999,0.08370412793515533,0
2023-07-28 11:04:46,1135.9,1053613,1,1135.93,161632,176999,0.08370412793515533,0
2023-07-28 11:04:47,1135.9,1053738,1,1135.93,154570,177094,0.08370412793515533,0
2023-07-28 11:04:49,1135.9,1054217,2,1135.93,154637,176927,0.08370412793515533,0
2023-07-28 11:04:49,1135.95,1054217,8,1135.93,154637,176927,0.08810960835279087,0
2023-07-28 11:04:50,1135.9,1054464,11,1135.93,154654,176741,0.08370412793515533,0
2023-07-28 11:04:50,1135.95,1054905,7,1135.93,154600,176739,0.08810960835279087,0
2023-07-28 11:04:52,1135.95,1054933,7,1135.93,154591,176899,0.08810960835279087,0
2023-07-28 11:04:52,1136.0,1055093,1,1135.93,154726,176651,0.0925150887704264,0
2023-07-28 11:04:52,1135.95,1055093,2,1135.93,154726,176651,0.08810960835279087,0
2023-07-28 11:04:54,1135.95,1055219,4,1135.93,154785,173134,0.08810960835279087,0
2023-07-28 11:04:54,1136.0,1055219,23,1135.93,154785,173134,0.0925150887704264,0
2023-07-28 11:04:55,1135.95,1055381,27,1135.93,161521,177127,0.08810960835279087,0
2023-07-28 11:04:55,1135.95,1055381,27,1135.93,161551,177033,0.08810960835279087,0
2023-07-28 11:04:55,1135.95,1055381,53,1135.93,161551,177033,0.08810960835279087,0
2023-07-28 11:04:57,1135.65,1055435,1,1135.93,161525,176872,0.06167672584695762,0
2023-07-28 11:04:57,1135.65,1055435,2,1135.93,161525,176872,0.06167672584695762,0
2023-07-28 11:04:57,1135.65,1055445,2,1135.93,161663,176784,0.06167672584695762,0
2023-07-28 11:04:58,1135.95,1055463,18,1135.93,161739,176564,0.08810960835279087,0
2023-07-28 11:04:59,1135.9,1055469,2,1135.93,161528,177759,0.08370412793515533,0
2023-07-28 11:05:00,1135.8,1055530,22,1135.93,161692,177418,0.07489316709986422,0
2023-07-28 11:05:02,1135.8,1055598,16,1135.93,161683,177460,0.07489316709986422,0
2023-07-28 11:05:02,1135.8,1055598,16,1135.93,161683,177460,0.07489316709986422,0
2023-07-28 11:05:02,1135.8,1055598,16,1135.93,161662,177325,0.07489316709986422,0
2023-07-28 11:05:04,1135.15,1055965,78,1135.93,161833,177406,0.01762192167056218,0
2023-07-28 11:05:05,1135.55,1056005,40,1135.93,161930,177501,0.05286576501166651,0
2023-07-28 11:05:05,1135.55,1056005,40,1135.93,161930,177501,0.05286576501166651,0
2023-07-28 11:05:05,1135.55,1056005,40,1135.93,161851,177342,0.05286576501166651,0
2023-07-28 11:05:05,1135.8,1056005,13,1135.93,161851,177342,0.07489316709986422,0
2023-07-28 11:05:07,1135.8,1056018,13,1135.93,161886,177414,0.07489316709986422,0
2023-07-28 11:05:07,1135.8,1056018,2,1135.93,161886,177414,0.07489316709986422,0
2023-07-28 11:05:08,1135.8,1056062,1,1135.93,161882,177330,0.07489316709986422,0
2023-07-28 11:05:09,1135.8,1056085,15,1135.93,161865,177349,0.07489316709986422,0
2023-07-28 11:05:10,1135.25,1056229,72,1135.93,162322,177392,0.026432882505833255,0
2023-07-28 11:05:10,1135.25,1056229,72,1135.93,162322,177392,0.026432882505833255,0
2023-07-28 11:05:11,1135.8,1056232,3,1135.93,162356,177148,0.07489316709986422,0
2023-07-28 11:05:11,1135.15,1056232,29,1135.93,162356,177148,0.01762192167056218,0
2023-07-28 11:05:12,1135.5,1056493,6,1135.93,161744,177550,0.04846028459403097,0
2023-07-28 11:05:13,1135.75,1056570,3,1135.93,161727,177666,0.07048768668222868,0
2023-07-28 11:05:14,1135.75,1056573,25,1135.93,161734,177721,0.07048768668222868,0
2023-07-28 11:05:16,1135.65,1056619,3,1135.93,161726,177744,0.06167672584695762,0
2023-07-28 11:05:16,1135.75,1056619,16,1135.93,161729,177744,0.07048768668222868,0
2023-07-28 11:05:17,1135.75,1056635,2,1135.93,161734,177704,0.07048768668222868,0
2023-07-28 11:05:18,1135.75,1056672,5,1135.93,161752,177640,0.07048768668222868,0
2023-07-28 11:05:19,1135.75,1056683,12,1135.93,161753,177617,0.07048768668222868,0
2023-07-28 11:05:20,1135.65,1056823,2,1135.93,161695,176778,0.06167672584695762,0
2023-07-28 11:05:20,1135.75,1056823,46,1135.93,161737,177493,0.07048768668222868,0
2023-07-28 11:05:22,1135.75,1056880,46,1135.93,161729,177487,0.07048768668222868,0
2023-07-28 11:05:22,1135.75,1056880,46,1135.93,161729,177487,0.07048768668222868,0
2023-07-28 11:05:22,1135.75,1056880,46,1135.93,161685,177583,0.07048768668222868,0
2023-07-28 11:05:24,1135.75,1056899,3,1135.93,161683,177513,0.07048768668222868,0
2023-07-28 11:05:24,1135.75,1056899,3,1135.93,161683,177513,0.07048768668222868,0
2023-07-28 11:05:24,1135.75,1056899,10,1135.93,161683,177513,0.07048768668222868,0
2023-07-28 11:05:26,1135.75,1056918,1,1135.93,161726,177672,0.07048768668222868,0
2023-07-28 11:05:26,1135.75,1056922,1,1135.93,161731,177582,0.07048768668222868,0
2023-07-28 11:05:26,1135.7,1056922,7,1135.93,161731,177582,0.06608220626459316,0
2023-07-28 11:05:28,1135.75,1056939,2,1135.93,161729,177536,0.07048768668222868,0
2023-07-28 11:05:28,1135.75,1056939,3,1135.93,161729,177536,0.07048768668222868,0
2023-07-28 11:05:28,1135.75,1056942,3,1135.93,161730,177535,0.07048768668222868,0
2023-07-28 11:05:29,1135.75,1056947,5,1135.93,161730,177530,0.07048768668222868,0
2023-07-28 11:05:29,1135.75,1056947,1,1135.93,161730,177530,0.07048768668222868,0
2023-07-28 11:05:31,1135.75,1056951,2,1135.93,161735,177526,0.07048768668222868,0
2023-07-28 11:05:31,1135.75,1056952,1,1135.93,161736,177525,0.07048768668222868,0
2023-07-28 11:05:31,1135.75,1056952,1,1135.93,161736,177525,0.07048768668222868,0
2023-07-28 11:05:33,1135.75,1056961,8,1135.93,161734,177520,0.07048768668222868,0
2023-07-28 11:05:33,1135.75,1056961,1,1135.93,161734,177520,0.07048768668222868,0
2023-07-28 11:05:33,1135.75,1056962,1,1135.93,161735,177516,0.07048768668222868,0
2023-07-28 11:05:34,1135.75,1056965,3,1135.93,161949,177329,0.07048768668222868,0
2023-07-28 11:05:34,1135.75,1056965,1,1135.93,161949,177329,0.07048768668222868,0
2023-07-28 11:05:36,1135.75,1056968,1,1135.93,161949,177485,0.07048768668222868,0
2023-07-28 11:05:36,1135.75,1056968,4,1135.93,161949,177485,0.07048768668222868,0
2023-07-28 11:05:37,1135.7,1057032,15,1135.93,161890,177484,0.06608220626459316,0
2023-07-28 11:05:37,1135.75,1057032,1,1135.93,161865,177512,0.07048768668222868,0
2023-07-28 11:05:39,1135.7,1057055,1,1135.93,161841,177472,0.06608220626459316,0
2023-07-28 11:05:40,1135.75,1057088,30,1135.93,161870,177362,0.07048768668222868,0
2023-07-28 11:05:40,1135.75,1057088,7,1135.93,161870,177362,0.07048768668222868,0
2023-07-28 11:05:41,1135.75,1057111,4,1135.93,161880,177339,0.07048768668222868,0
2023-07-28 11:05:41,1135.75,1057115,4,1135.93,161881,177335,0.07048768668222868,0
2023-07-28 11:05:43,1135.75,1057226,1,1135.93,161845,177560,0.07048768668222868,0
2023-07-28 11:05:43,1135.75,1057226,1,1135.93,161814,177584,0.07048768668222868,0
2023-07-28 11:05:43,1135.75,1057226,37,1135.93,161814,177584,0.07048768668222868,0
2023-07-28 11:05:44,1135.75,1057263,6,1135.93,161856,177494,0.07048768668222868,0
2023-07-28 11:05:46,1135.75,1057290,5,1135.93,161847,177468,0.07048768668222868,0
2023-07-28 11:05:46,1135.75,1057290,1,1135.93,161847,177468,0.07048768668222868,0
2023-07-28 11:05:46,1135.75,1057290,3,1135.93,161847,177468,0.07048768668222868,0
2023-07-28 11:05:48,1135.75,1057300,3,1135.93,161841,177459,0.07048768668222868,0
2023-07-28 11:05:48,1135.75,1057317,16,1135.93,161870,177465,0.07048768668222868,0
2023-07-28 11:05:49,1135.75,1057323,6,1135.93,161916,177444,0.07048768668222868,0
2023-07-28 11:05:51,1135.75,1057332,2,1135.93,161962,177388,0.07048768668222868,0
2023-07-28 11:05:51,1135.75,1057332,1,1135.93,161962,177388,0.07048768668222868,0
2023-07-28 11:05:52,1135.7,1057498,3,1135.93,161777,177504,0.06608220626459316,0
2023-07-28 11:05:53,1135.75,1057749,5,1135.93,161790,177422,0.07048768668222868,0
2023-07-28 11:05:53,1135.65,1057749,82,1135.93,161924,178127,0.06167672584695762,0
2023-07-28 11:05:55,1135.65,1057831,82,1135.93,161892,177321,0.06167672584695762,0
2023-07-28 11:05:55,1135.65,1057831,27,1135.93,161808,177969,0.06167672584695762,0
2023-07-28 11:05:57,1135.6,1057867,9,1135.93,161811,176975,0.057271245429302044,0
2023-07-28 11:05:59,1135.7,1057879,12,1135.93,161812,177215,0.06608220626459316,0
2023-07-28 11:05:59,1135.7,1057879,1,1135.93,161812,177215,0.06608220626459316,0
2023-07-28 11:05:59,1135.7,1057885,1,1135.93,161747,177179,0.06608220626459316,0
2023-07-28 11:06:00,1135.75,1057894,4,1135.93,161818,177702,0.07048768668222868,0
2023-07-28 11:06:01,1135.75,1057902,1,1135.93,161792,177768,0.07048768668222868,0
2023-07-28 11:06:01,1135.75,1057902,5,1135.93,161792,177768,0.07048768668222868,0
2023-07-28 11:06:03,1135.7,1057947,21,1135.93,161817,177785,0.06608220626459316,0
2023-07-28 11:06:03,1135.7,1057947,21,1135.93,161817,177785,0.06608220626459316,0
2023-07-28 11:06:04,1135.1,1058281,58,1135.93,161745,176975,0.01321644125290661,0
2023-07-28 11:06:04,1135.1,1058281,58,1135.93,161745,176975,0.01321644125290661,0
2023-07-28 11:06:04,1135.1,1058281,58,1135.93,161828,176943,0.01321644125290661,0
2023-07-28 11:06:04,1135.75,1058281,7,1135.93,161832,176840,0.07048768668222868,0
2023-07-28 11:06:06,1135.75,1058413,20,1135.93,161805,177743,0.07048768668222868,0
2023-07-28 11:06:07,1135.75,1058433,5,1135.93,161824,177360,0.07048768668222868,0
2023-07-28 11:06:07,1135.75,1058433,6,1135.93,161824,177360,0.07048768668222868,0
2023-07-28 11:06:08,1135.75,1058480,6,1135.93,161844,177845,0.07048768668222868,0
2023-07-28 11:06:10,1135.7,1058592,2,1135.93,161769,176806,0.06608220626459316,0
2023-07-28 11:06:11,1135.85,1058644,3,1135.93,161736,177649,0.07929864751749977,0
2023-07-28 11:06:11,1135.85,1058644,8,1135.93,161736,177649,0.07929864751749977,0
2023-07-28 11:06:12,1135.8,1058686,1,1135.93,161761,177557,0.07489316709986422,0
2023-07-28 11:06:12,1135.7,1058686,3,1135.93,161761,177557,0.06608220626459316,0
2023-07-28 11:06:13,1135.7,1058699,1,1135.93,161840,176737,0.06608220626459316,0
2023-07-28 11:06:13,1135.8,1058699,1,1135.93,161840,176737,0.07489316709986422,0
2023-07-28 11:06:14,1135.85,1058732,4,1135.93,161688,176646,0.07929864751749977,0
2023-07-28 11:06:14,1135.85,1058732,4,1135.93,161702,176668,0.07929864751749977,0
2023-07-28 11:06:15,1135.85,1058743,11,1135.93,161816,176629,0.07929864751749977,0
2023-07-28 11:06:17,1135.85,1058748,3,1135.93,161852,176624,0.07929864751749977,0
2023-07-28 11:06:17,1135.6,1058773,7,1135.93,161653,177568,0.057271245429302044,0
2023-07-28 11:06:17,1135.85,1058773,4,1135.93,161653,177568,0.07929864751749977,0
2023-07-28 11:06:18,1135.85,1058777,4,1135.93,161767,176599,0.07929864751749977,0
2023-07-28 11:06:18,1135.85,1058777,1,1135.93,161767,176599,0.07929864751749977,0
2023-07-28 11:06:20,1135.8,1058793,4,1135.93,161762,177341,0.07489316709986422,0
2023-07-28 11:06:20,1135.85,1058795,2,1135.93,161751,176622,0.07929864751749977,0
2023-07-28 11:06:21,1135.85,1058800,5,1135.93,161751,176529,0.07929864751749977,0
2023-07-28 11:06:21,1135.85,1058800,1,1135.93,161751,176529,0.07929864751749977,0
2023-07-28 11:06:23,1135.85,1058803,1,1135.93,161750,176539,0.07929864751749977,0
2023-07-28 11:06:23,1135.85,1058804,1,1135.93,161751,176619,0.07929864751749977,0
2023-07-28 11:06:23,1135.85,1058804,1,1135.93,161751,176619,0.07929864751749977,0
2023-07-28 11:06:25,1135.85,1058806,1,1135.93,161750,176561,0.07929864751749977,0
2023-07-28 11:06:25,1135.85,1058806,1,1135.93,161750,176561,0.07929864751749977,0
2023-07-28 11:06:28,1135.85,1058858,2,1135.93,161841,176589,0.07929864751749977,0
2023-07-28 11:06:28,1135.85,1058858,1,1135.93,161841,176589,0.07929864751749977,0
2023-07-28 11:06:28,1135.85,1058866,1,1135.93,161796,176533,0.07929864751749977,0
2023-07-28 11:06:30,1135.8,1058889,4,1135.93,161838,176620,0.07489316709986422,0
2023-07-28 11:06:30,1135.9,1058889,3,1135.93,161838,176620,0.08370412793515533,0
2023-07-28 11:06:31,1135.85,1058895,3,1135.93,161768,176590,0.07929864751749977,0
2023-07-28 11:06:31,1135.9,1058895,8,1135.93,161768,176590,0.08370412793515533,0
2023-07-28 11:06:32,1135.9,1058904,2,1135.93,161796,176665,0.08370412793515533,0
2023-07-28 11:06:32,1135.9,1058908,2,1135.93,161796,176602,0.08370412793515533,0
2023-07-28 11:06:32,1135.9,1058908,3,1135.93,161796,176602,0.08370412793515533,0
2023-07-28 11:06:34,1135.9,1058914,1,1135.93,161812,176647,0.08370412793515533,0
2023-07-28 11:06:35,1135.9,1058924,29,1135.93,161379,177593,0.08370412793515533,0
2023-07-28 11:06:36,1135.9,1058988,2,1135.93,161816,176646,0.08370412793515533,0
2023-07-28 11:06:36,1135.9,1058988,21,1135.93,161816,176646,0.08370412793515533,0
2023-07-28 11:06:38,1135.85,1059020,1,1135.93,161906,176672,0.07929864751749977,0
2023-07-28 11:06:38,1135.9,1059025,11,1135.93,161908,176671,0.08370412793515533,0
2023-07-28 11:06:40,1135.9,1059077,1,1135.93,161397,177637,0.08370412793515533,0
2023-07-28 11:06:41,1135.85,1059178,9,1135.93,161750,177269,0.07929864751749977,0
2023-07-28 11:06:42,1135.9,1059180,8,1135.93,162001,176293,0.08370412793515533,0
2023-07-28 11:06:43,1135.9,1059209,1,1135.93,161931,176232,0.08370412793515533,0
2023-07-28 11:06:44,1135.9,1059223,5,1135.93,161927,176268,0.08370412793515533,0
2023-07-28 11:06:44,1135.95,1059223,4,1135.93,161927,176268,0.08810960835279087,0
2023-07-28 11:06:45,1135.95,1059240,4,1135.93,161980,176267,0.08810960835279087,0
2023-07-28 11:06:45,1135.95,1059240,2,1135.93,161980,176267,0.08810960835279087,0
2023-07-28 11:06:45,1135.95,1059242,2,1135.93,161987,176265,0.08810960835279087,0
2023-07-28 11:06:45,1135.9,1059242,1,1135.93,161987,176265,0.08370412793515533,0
2023-07-28 11:06:47,1135.95,1059316,8,1135.93,161938,176398,0.08810960835279087,0
2023-07-28 11:06:47,1135.95,1059316,21,1135.93,161938,176398,0.08810960835279087,0
