2023-07-28 10:49:28,119.6,9389822,25,119.46,2697846,4967063,-0.1669449081803029,0
2023-07-28 10:49:28,119.6,9389822,5,119.46,2697846,4967063,-0.1669449081803029,0
2023-07-28 10:49:28,119.6,9389822,2,119.46,2697846,4967063,-0.1669449081803029,0
2023-07-28 10:49:31,119.6,9390027,2,119.46,2701193,4968345,-0.1669449081803029,0
2023-07-28 10:49:31,119.6,9390027,10,119.46,2701193,4968345,-0.1669449081803029,0
2023-07-28 10:49:31,119.6,9390027,10,119.46,2701193,4968345,-0.1669449081803029,0
2023-07-28 10:49:31,119.6,9390027,5,119.46,2701193,4968345,-0.1669449081803029,0
2023-07-28 10:49:36,119.7,9390053,1,119.46,2702104,4970249,-0.0834724540901455,0
2023-07-28 10:49:36,119.6,9390053,100,119.46,2702104,4970249,-0.1669449081803029,0
2023-07-28 10:49:36,119.65,9390053,5,119.46,2702104,4970249,-0.12520868113521827,0
2023-07-28 10:49:36,119.6,9390053,150,119.46,2702104,4970249,-0.1669449081803029,0
2023-07-28 10:49:40,119.6,9390895,87,119.46,2702200,4966596,-0.1669449081803029,0
2023-07-28 10:49:40,119.65,9390895,140,119.46,2702200,4966596,-0.12520868113521827,0
2023-07-28 10:49:40,119.65,9390895,1,119.46,2702200,4966596,-0.12520868113521827,0
2023-07-28 10:49:40,119.6,9390895,100,119.46,2702200,4966596,-0.1669449081803029,0
2023-07-28 10:49:44,119.6,9391749,14,119.46,2703107,4974805,-0.1669449081803029,0
2023-07-28 10:49:44,119.7,9391749,30,119.46,2703107,4974805,-0.0834724540901455,0
2023-07-28 10:49:44,119.7,9391749,80,119.46,2703107,4974805,-0.0834724540901455,0
2023-07-28 10:49:44,119.6,9391749,1,119.46,2703107,4974805,-0.1669449081803029,0
2023-07-28 10:49:48,119.6,9392524,100,119.46,2709199,4975891,-0.1669449081803029,0
2023-07-28 10:49:48,119.7,9392524,4,119.46,2709199,4975891,-0.0834724540901455,0
2023-07-28 10:49:48,119.6,9392524,2,119.46,2709199,4975891,-0.1669449081803029,0
2023-07-28 10:49:48,119.6,9392524,10,119.46,2709199,4975891,-0.1669449081803029,0
2023-07-28 10:49:48,119.65,9392524,3,119.46,2709199,4975891,-0.12520868113521827,0
2023-07-28 10:49:52,119.65,9392754,3,119.46,2694128,4976556,-0.12520868113521827,0
2023-07-28 10:49:52,119.65,9392754,4,119.46,2694128,4976556,-0.12520868113521827,0
2023-07-28 10:49:57,119.65,9392758,4,119.46,2689293,4973226,-0.12520868113521827,0
2023-07-28 10:49:57,119.7,9392758,100,119.46,2689293,4973226,-0.0834724540901455,0
2023-07-28 10:49:57,119.7,9392758,2,119.46,2689293,4973226,-0.0834724540901455,0
2023-07-28 10:49:57,119.6,9392758,10,119.46,2689293,4973226,-0.1669449081803029,0
2023-07-28 10:49:57,119.6,9392758,85,119.46,2689293,4973226,-0.1669449081803029,0
2023-07-28 10:50:00,119.6,9393009,85,119.46,2679812,4980963,-0.1669449081803029,0
2023-07-28 10:50:00,119.6,9393009,80,119.46,2679812,4980963,-0.1669449081803029,0
2023-07-28 10:50:00,119.65,9393009,13,119.46,2679812,4980963,-0.12520868113521827,0
2023-07-28 10:50:00,119.6,9393009,3,119.46,2679812,4980963,-0.1669449081803029,0
2023-07-28 10:50:05,119.6,9393540,100,119.46,2676929,4986488,-0.1669449081803029,0
2023-07-28 10:50:05,119.65,9393540,7,119.46,2676929,4986488,-0.12520868113521827,0
2023-07-28 10:50:05,119.65,9393540,40,119.46,2676929,4986488,-0.12520868113521827,0
2023-07-28 10:50:05,119.65,9393540,2,119.46,2676929,4986488,-0.12520868113521827,0
2023-07-28 10:50:05,119.6,9393540,40,119.46,2676929,4986488,-0.1669449081803029,0
2023-07-28 10:50:05,119.65,9393540,35,119.46,2676929,4986488,-0.12520868113521827,0
2023-07-28 10:50:10,119.65,9393830,35,119.46,2676374,4985471,-0.12520868113521827,0
2023-07-28 10:50:10,119.6,9393830,44,119.46,2676374,4985471,-0.1669449081803029,0
2023-07-28 10:50:10,119.65,9393830,2,119.46,2676374,4985471,-0.12520868113521827,0
2023-07-28 10:50:10,119.6,9393830,617,119.46,2676374,4985471,-0.1669449081803029,0
2023-07-28 10:50:14,119.65,9395450,15,119.46,2675651,4985447,-0.12520868113521827,0
2023-07-28 10:50:14,119.65,9395450,15,119.46,2675651,4985447,-0.12520868113521827,0
2023-07-28 10:50:14,119.65,9395450,1,119.46,2675651,4985447,-0.12520868113521827,0
2023-07-28 10:50:14,119.6,9395450,500,119.46,2675651,4985447,-0.1669449081803029,0
2023-07-28 10:50:14,119.65,9395450,4,119.46,2675651,4985447,-0.12520868113521827,0
2023-07-28 10:50:19,119.65,9409980,2,119.46,2661999,4991641,-0.12520868113521827,0
2023-07-28 10:50:19,119.6,9409980,40,119.46,2661999,4991641,-0.1669449081803029,0
2023-07-28 10:50:19,119.6,9409980,40,119.46,2661999,4991641,-0.1669449081803029,0
2023-07-28 10:50:19,119.65,9409980,192,119.46,2661999,4991641,-0.12520868113521827,0
2023-07-28 10:50:19,119.65,9409980,192,119.46,2661999,4991641,-0.12520868113521827,0
2023-07-28 10:50:19,119.65,9409980,47,119.46,2661999,4991641,-0.12520868113521827,0
2023-07-28 10:50:23,119.6,9410945,450,119.46,2662631,4972562,-0.1669449081803029,0
2023-07-28 10:50:23,119.6,9410945,450,119.46,2662631,4972562,-0.1669449081803029,0
2023-07-28 10:50:23,119.6,9410945,450,119.46,2662631,4972562,-0.1669449081803029,0
2023-07-28 10:50:23,119.6,9410945,450,119.46,2662631,4972562,-0.1669449081803029,0
2023-07-28 10:50:23,119.6,9410945,450,119.46,2662631,4972562,-0.1669449081803029,0
2023-07-28 10:50:27,119.55,9413478,2000,119.46,2659495,4976097,-0.20868113522537562,0
2023-07-28 10:50:27,119.55,9413478,364,119.46,2659495,4976097,-0.20868113522537562,0
2023-07-28 10:50:27,119.65,9413478,2,119.46,2659495,4976097,-0.12520868113521827,0
2023-07-28 10:50:27,119.6,9413478,1000,119.46,2659495,4976097,-0.1669449081803029,0
2023-07-28 10:50:27,119.6,9413478,10,119.46,2659495,4976097,-0.1669449081803029,0
2023-07-28 10:50:32,119.65,9416058,1,119.46,2661869,4967213,-0.12520868113521827,0
2023-07-28 10:50:32,119.65,9416058,4,119.46,2661869,4967213,-0.12520868113521827,0
2023-07-28 10:50:32,119.65,9416058,5,119.46,2661869,4967213,-0.12520868113521827,0
2023-07-28 10:50:32,119.6,9416058,2,119.46,2661869,4967213,-0.1669449081803029,0
2023-07-28 10:50:32,119.55,9416058,5,119.46,2661869,4967213,-0.20868113522537562,0
2023-07-28 10:50:37,119.65,9417390,300,119.46,2660736,4983492,-0.12520868113521827,0
2023-07-28 10:50:37,119.65,9417390,11,119.46,2660736,4983492,-0.12520868113521827,0
2023-07-28 10:50:37,119.65,9417390,300,119.46,2660736,4983492,-0.12520868113521827,0
2023-07-28 10:50:37,119.6,9417390,46,119.46,2660736,4983492,-0.1669449081803029,0
2023-07-28 10:50:37,119.65,9417390,19,119.46,2660736,4983492,-0.12520868113521827,0
2023-07-28 10:50:42,119.6,9422394,1,119.46,2672213,4970550,-0.1669449081803029,0
2023-07-28 10:50:42,119.65,9422394,10,119.46,2672213,4970550,-0.12520868113521827,0
2023-07-28 10:50:42,119.65,9422394,2,119.46,2672213,4970550,-0.12520868113521827,0
2023-07-28 10:50:42,119.65,9422394,994,119.46,2672213,4970550,-0.12520868113521827,0
2023-07-28 10:50:42,119.65,9422394,2,119.46,2672213,4970550,-0.12520868113521827,0
2023-07-28 10:50:42,119.6,9422394,1,119.46,2672213,4970550,-0.1669449081803029,0
2023-07-28 10:50:47,119.6,9426167,1,119.46,2674140,4979236,-0.1669449081803029,0
2023-07-28 10:50:47,119.65,9426167,1,119.46,2674140,4979236,-0.12520868113521827,0
2023-07-28 10:50:47,119.65,9426167,24,119.46,2674140,4979236,-0.12520868113521827,0
2023-07-28 10:50:47,119.6,9426167,2,119.46,2674140,4979236,-0.1669449081803029,0
2023-07-28 10:50:47,119.65,9426167,2,119.46,2674140,4979236,-0.12520868113521827,0
2023-07-28 10:50:47,119.6,9426167,2,119.46,2674140,4979236,-0.1669449081803029,0
2023-07-28 10:50:47,119.65,9426167,1649,119.46,2674140,4979236,-0.12520868113521827,0
2023-07-28 10:50:47,119.7,9426167,5,119.46,2674140,4979236,-0.0834724540901455,0
2023-07-28 10:50:47,119.65,9426167,12,119.46,2674140,4979236,-0.12520868113521827,0
2023-07-28 10:50:55,119.65,9435489,12,119.46,2683151,4978287,-0.12520868113521827,0
2023-07-28 10:50:55,119.7,9435489,10,119.46,2683151,4978287,-0.0834724540901455,0
2023-07-28 10:50:55,119.7,9435489,2,119.46,2683151,4978287,-0.0834724540901455,0
2023-07-28 10:50:55,119.7,9435489,7,119.46,2683151,4978287,-0.0834724540901455,0
2023-07-28 10:50:55,119.65,9435489,87,119.46,2683151,4978287,-0.12520868113521827,0
2023-07-28 10:51:00,119.65,9435891,2,119.46,2684452,4980680,-0.12520868113521827,0
2023-07-28 10:51:00,119.7,9435891,1,119.46,2684452,4980680,-0.0834724540901455,0
2023-07-28 10:51:00,119.65,9435891,100,119.46,2684452,4980680,-0.12520868113521827,0
2023-07-28 10:51:00,119.7,9435891,9,119.46,2684452,4980680,-0.0834724540901455,0
2023-07-28 10:51:05,119.7,9436236,3,119.46,2688107,4978990,-0.0834724540901455,0
2023-07-28 10:51:05,119.65,9436236,1,119.46,2688107,4978990,-0.12520868113521827,0
2023-07-28 10:51:05,119.65,9436236,1,119.46,2688107,4978990,-0.12520868113521827,0
2023-07-28 10:51:05,119.65,9436236,200,119.46,2688107,4978990,-0.12520868113521827,0
2023-07-28 10:51:10,119.7,9436541,6,119.46,2687331,4923686,-0.0834724540901455,0
2023-07-28 10:51:10,119.7,9436541,1,119.46,2687331,4923686,-0.0834724540901455,0
2023-07-28 10:51:10,119.7,9436541,5,119.46,2687331,4923686,-0.0834724540901455,0
2023-07-28 10:51:10,119.65,9436541,42,119.46,2687331,4923686,-0.12520868113521827,0
2023-07-28 10:51:10,119.65,9436541,9,119.46,2687331,4923686,-0.12520868113521827,0
2023-07-28 10:51:10,119.7,9436541,2,119.46,2687331,4923686,-0.0834724540901455,0
2023-07-28 10:51:10,119.7,9436541,2,119.46,2687331,4923686,-0.0834724540901455,0
2023-07-28 10:51:10,119.65,9436541,24,119.46,2687331,4923686,-0.12520868113521827,0
2023-07-28 10:51:10,119.65,9436541,3,119.46,2687331,4923686,-0.12520868113521827,0
2023-07-28 10:51:10,119.65,9436541,1031,119.46,2687331,4923686,-0.12520868113521827,0
2023-07-28 10:51:10,119.6,9436541,1,119.46,2687331,4923686,-0.1669449081803029,0
2023-07-28 10:51:10,119.65,9436541,338,119.46,2687331,4923686,-0.12520868113521827,0
2023-07-28 10:51:10,119.6,9436541,1758,119.46,2687331,4923686,-0.1669449081803029,0
2023-07-28 10:51:10,119.65,9436541,1,119.46,2687331,4923686,-0.12520868113521827,0
2023-07-28 10:51:10,119.65,9436541,50,119.46,2687331,4923686,-0.12520868113521827,0
2023-07-28 10:51:23,119.65,9452461,50,119.46,2680371,4922439,-0.12520868113521827,0
2023-07-28 10:51:23,119.7,9452461,20,119.46,2680371,4922439,-0.0834724540901455,0
2023-07-28 10:51:23,119.7,9452461,3,119.46,2680371,4922439,-0.0834724540901455,0
2023-07-28 10:51:23,119.7,9452461,2,119.46,2680371,4922439,-0.0834724540901455,0
2023-07-28 10:51:28,119.7,9452651,2,119.46,2678578,4923065,-0.0834724540901455,0
2023-07-28 10:51:28,119.65,9452651,942,119.46,2678578,4923065,-0.12520868113521827,0
2023-07-28 10:51:28,119.65,9452651,1,119.46,2678578,4923065,-0.12520868113521827,0
2023-07-28 10:51:32,119.65,9453668,1,119.46,2681684,4925432,-0.12520868113521827,0
2023-07-28 10:51:32,119.65,9453668,44,119.46,2681684,4925432,-0.12520868113521827,0
2023-07-28 10:51:32,119.65,9453668,2,119.46,2681684,4925432,-0.12520868113521827,0
2023-07-28 10:51:32,119.7,9453668,1,119.46,2681684,4925432,-0.0834724540901455,0
2023-07-28 10:51:32,119.7,9453668,100,119.46,2681684,4925432,-0.0834724540901455,0
2023-07-28 10:51:36,119.7,9454075,100,119.46,2679840,4930638,-0.0834724540901455,0
2023-07-28 10:51:36,119.7,9454075,20,119.46,2679840,4930638,-0.0834724540901455,0
2023-07-28 10:51:36,119.7,9454075,1000,119.46,2679840,4930638,-0.0834724540901455,0
2023-07-28 10:51:36,119.65,9454075,17,119.46,2679840,4930638,-0.12520868113521827,0
2023-07-28 10:51:42,119.7,9456102,1,119.46,2691517,4926661,-0.0834724540901455,0
2023-07-28 10:51:42,119.7,9456102,1,119.46,2691517,4926661,-0.0834724540901455,0
2023-07-28 10:51:42,119.7,9456102,10,119.46,2691517,4926661,-0.0834724540901455,0
2023-07-28 10:51:42,119.7,9456102,167,119.46,2691517,4926661,-0.0834724540901455,0
2023-07-28 10:51:42,119.65,9456102,100,119.46,2691517,4926661,-0.12520868113521827,0
2023-07-28 10:51:47,119.65,9459068,1,119.46,2693078,4926418,-0.12520868113521827,0
2023-07-28 10:51:47,119.7,9459068,20,119.46,2693078,4926418,-0.0834724540901455,0
2023-07-28 10:51:47,119.65,9459068,135,119.46,2693078,4926418,-0.12520868113521827,0
2023-07-28 10:51:47,119.7,9459068,6,119.46,2693078,4926418,-0.0834724540901455,0
2023-07-28 10:51:50,119.7,9459259,6,119.46,2696142,4927171,-0.0834724540901455,0
2023-07-28 10:51:50,119.65,9459259,3,119.46,2696142,4927171,-0.12520868113521827,0
2023-07-28 10:51:50,119.65,9459259,1,119.46,2696142,4927171,-0.12520868113521827,0
2023-07-28 10:51:50,119.65,9459259,6,119.46,2696142,4927171,-0.12520868113521827,0
2023-07-28 10:51:50,119.65,9459259,355,119.46,2696142,4927171,-0.12520868113521827,0
2023-07-28 10:51:54,119.65,9460318,355,119.46,2631039,4918574,-0.12520868113521827,0
2023-07-28 10:51:54,119.7,9460318,54,119.46,2631039,4918574,-0.0834724540901455,0
2023-07-28 10:51:54,119.65,9460318,3,119.46,2631039,4918574,-0.12520868113521827,0
2023-07-28 10:51:54,119.7,9460318,322,119.46,2631039,4918574,-0.0834724540901455,0
2023-07-28 10:51:59,119.7,9466119,2,119.46,2692192,4915492,-0.0834724540901455,0
2023-07-28 10:51:59,119.7,9466119,1,119.46,2692192,4915492,-0.0834724540901455,0
2023-07-28 10:51:59,119.7,9466119,8,119.46,2692192,4915492,-0.0834724540901455,0
2023-07-28 10:51:59,119.65,9466119,81,119.46,2692192,4915492,-0.12520868113521827,0
2023-07-28 10:52:04,119.6,9467429,1,119.46,2658417,4940860,-0.1669449081803029,0
2023-07-28 10:52:04,119.65,9467429,20,119.46,2658417,4940860,-0.12520868113521827,0
2023-07-28 10:52:04,119.65,9467429,10,119.46,2658417,4940860,-0.12520868113521827,0
2023-07-28 10:52:04,119.6,9467429,100,119.46,2658417,4940860,-0.1669449081803029,0
2023-07-28 10:52:08,119.6,9467829,1,119.46,2661618,4942830,-0.1669449081803029,0
2023-07-28 10:52:08,119.6,9467829,1,119.46,2661618,4942830,-0.1669449081803029,0
2023-07-28 10:52:08,119.65,9467829,10,119.46,2661618,4942830,-0.12520868113521827,0
2023-07-28 10:52:08,119.6,9467829,11,119.46,2661618,4942830,-0.1669449081803029,0
2023-07-28 10:52:08,119.65,9467829,50,119.46,2661618,4942830,-0.12520868113521827,0
2023-07-28 10:52:12,119.6,9468050,10,119.46,2661579,4944922,-0.1669449081803029,0
2023-07-28 10:52:12,119.65,9468050,1,119.46,2661579,4944922,-0.12520868113521827,0
2023-07-28 10:52:12,119.6,9468050,1,119.46,2661579,4944922,-0.1669449081803029,0
2023-07-28 10:52:12,119.65,9468050,1,119.46,2661579,4944922,-0.12520868113521827,0
2023-07-28 10:52:12,119.6,9468050,78,119.46,2661579,4944922,-0.1669449081803029,0
2023-07-28 10:52:16,119.65,9469019,200,119.46,2661394,4945072,-0.12520868113521827,0
2023-07-28 10:52:16,119.6,9469019,1,119.46,2661394,4945072,-0.1669449081803029,0
2023-07-28 10:52:16,119.6,9469019,1000,119.46,2661394,4945072,-0.1669449081803029,0
2023-07-28 10:52:16,119.6,9469019,5,119.46,2661394,4945072,-0.1669449081803029,0
2023-07-28 10:52:16,119.55,9469019,86,119.46,2661394,4945072,-0.20868113522537562,0
2023-07-28 10:52:21,119.6,9475857,2,119.46,2658652,4941717,-0.1669449081803029,0
2023-07-28 10:52:21,119.6,9475857,1,119.46,2658652,4941717,-0.1669449081803029,0
2023-07-28 10:52:21,119.55,9475857,1328,119.46,2658652,4941717,-0.20868113522537562,0
2023-07-28 10:52:21,119.6,9475857,100,119.46,2658652,4941717,-0.1669449081803029,0
2023-07-28 10:52:24,119.6,9484129,1000,119.46,2653950,4934038,-0.1669449081803029,0
2023-07-28 10:52:24,119.6,9484129,9,119.46,2653950,4934038,-0.1669449081803029,0
2023-07-28 10:52:24,119.6,9484129,1,119.46,2653950,4934038,-0.1669449081803029,0
2023-07-28 10:52:24,119.6,9484129,31,119.46,2653950,4934038,-0.1669449081803029,0
2023-07-28 10:52:29,119.55,9484350,50,119.46,2653136,4937413,-0.20868113522537562,0
2023-07-28 10:52:29,119.6,9484350,2,119.46,2653136,4937413,-0.1669449081803029,0
2023-07-28 10:52:29,119.6,9484350,1,119.46,2653136,4937413,-0.1669449081803029,0
2023-07-28 10:52:29,119.55,9484350,10,119.46,2653136,4937413,-0.20868113522537562,0
2023-07-28 10:52:33,119.6,9484371,1,119.46,2655167,4936550,-0.1669449081803029,0
2023-07-28 10:52:33,119.6,9484371,1,119.46,2655167,4936550,-0.1669449081803029,0
2023-07-28 10:52:33,119.6,9484371,5,119.46,2655167,4936550,-0.1669449081803029,0
2023-07-28 10:52:33,119.55,9484371,2,119.46,2655167,4936550,-0.20868113522537562,0
2023-07-28 10:52:35,119.55,9484378,81,119.46,2655165,4937720,-0.20868113522537562,0
2023-07-28 10:52:35,119.55,9484378,16,119.46,2655165,4937720,-0.20868113522537562,0
2023-07-28 10:52:35,119.6,9484378,1,119.46,2655165,4937720,-0.1669449081803029,0
2023-07-28 10:52:35,119.55,9484378,86,119.46,2655165,4937720,-0.20868113522537562,0
2023-07-28 10:52:41,119.55,9485179,70,119.46,2652355,4940452,-0.20868113522537562,0
2023-07-28 10:52:41,119.6,9485179,3,119.46,2652355,4940452,-0.1669449081803029,0
2023-07-28 10:52:41,119.55,9485179,682,119.46,2652355,4940452,-0.20868113522537562,0
2023-07-28 10:52:41,119.6,9485179,60,119.46,2652355,4940452,-0.1669449081803029,0
2023-07-28 10:52:41,119.55,9485179,1,119.46,2652355,4940452,-0.20868113522537562,0
2023-07-28 10:52:46,119.55,9486096,2,119.46,2650038,4945023,-0.20868113522537562,0
2023-07-28 10:52:46,119.6,9486096,2,119.46,2650038,4945023,-0.1669449081803029,0
2023-07-28 10:52:46,119.6,9486096,3,119.46,2650038,4945023,-0.1669449081803029,0
2023-07-28 10:52:46,119.55,9486096,26,119.46,2650038,4945023,-0.20868113522537562,0
2023-07-28 10:52:50,119.55,9486135,2,119.46,2652055,4944140,-0.20868113522537562,0
2023-07-28 10:52:50,119.55,9486135,100,119.46,2652055,4944140,-0.20868113522537562,0
2023-07-28 10:52:50,119.55,9486135,1,119.46,2652055,4944140,-0.20868113522537562,0
2023-07-28 10:52:50,119.55,9486135,9,119.46,2652055,4944140,-0.20868113522537562,0
2023-07-28 10:52:50,119.6,9486135,1,119.46,2652055,4944140,-0.1669449081803029,0
2023-07-28 10:52:54,119.6,9486521,1,119.46,2651909,4946805,-0.1669449081803029,0
2023-07-28 10:52:54,119.55,9486521,3,119.46,2651909,4946805,-0.20868113522537562,0
2023-07-28 10:52:54,119.6,9486521,1,119.46,2651909,4946805,-0.1669449081803029,0
2023-07-28 10:52:54,119.55,9486521,36,119.46,2651909,4946805,-0.20868113522537562,0
2023-07-28 10:52:54,119.6,9486521,2,119.46,2651909,4946805,-0.1669449081803029,0
2023-07-28 10:52:58,119.6,9487791,2,119.46,2651288,4944905,-0.1669449081803029,0
2023-07-28 10:52:58,119.6,9487791,95,119.46,2651288,4944905,-0.1669449081803029,0
2023-07-28 10:52:58,119.55,9487791,87,119.46,2651288,4944905,-0.20868113522537562,0
2023-07-28 10:52:58,119.6,9487791,5,119.46,2651288,4944905,-0.1669449081803029,0
2023-07-28 10:52:58,119.55,9487791,4,119.46,2651288,4944905,-0.20868113522537562,0
2023-07-28 10:53:04,119.6,9488096,18,119.46,2646705,4958617,-0.1669449081803029,0
2023-07-28 10:53:04,119.55,9488096,4,119.46,2646705,4958617,-0.20868113522537562,0
2023-07-28 10:53:04,119.6,9488096,300,119.46,2646705,4958617,-0.1669449081803029,0
2023-07-28 10:53:04,119.6,9488096,2,119.46,2646705,4958617,-0.1669449081803029,0
2023-07-28 10:53:08,119.6,9489416,2,119.46,2647905,4958864,-0.1669449081803029,0
2023-07-28 10:53:08,119.55,9489416,286,119.46,2647905,4958864,-0.20868113522537562,0
2023-07-28 10:53:08,119.6,9489416,100,119.46,2647905,4958864,-0.1669449081803029,0
2023-07-28 10:53:08,119.6,9489416,170,119.46,2647905,4958864,-0.1669449081803029,0
2023-07-28 10:53:08,119.55,9489416,1,119.46,2647905,4958864,-0.20868113522537562,0
2023-07-28 10:53:13,119.55,9490298,102,119.46,2649576,4955962,-0.20868113522537562,0
2023-07-28 10:53:13,119.6,9490298,100,119.46,2649576,4955962,-0.1669449081803029,0
2023-07-28 10:53:13,119.5,9490298,5,119.46,2649576,4955962,-0.25041736227044836,0
2023-07-28 10:53:13,119.6,9490298,1,119.46,2649576,4955962,-0.1669449081803029,0
2023-07-28 10:53:17,119.6,9493750,50,119.46,2665516,4977264,-0.1669449081803029,0
2023-07-28 10:53:17,119.55,9493750,5,119.46,2665516,4977264,-0.20868113522537562,0
2023-07-28 10:53:17,119.5,9493750,85,119.46,2665516,4977264,-0.25041736227044836,0
2023-07-28 10:53:21,119.55,9508386,1,119.46,2657191,4970719,-0.20868113522537562,0
2023-07-28 10:53:21,119.55,9508386,2,119.46,2657191,4970719,-0.20868113522537562,0
2023-07-28 10:53:21,119.55,9508386,2,119.46,2657191,4970719,-0.20868113522537562,0
2023-07-28 10:53:21,119.5,9508386,8,119.46,2657191,4970719,-0.25041736227044836,0
2023-07-28 10:53:21,119.5,9508386,8,119.46,2657191,4970719,-0.25041736227044836,0
2023-07-28 10:53:21,119.5,9508386,18,119.46,2657191,4970719,-0.25041736227044836,0
2023-07-28 10:53:21,119.5,9508386,18,119.46,2657191,4970719,-0.25041736227044836,0
2023-07-28 10:53:24,119.55,9514439,16,119.46,2651535,4968369,-0.20868113522537562,0
2023-07-28 10:53:24,119.55,9514439,50,119.46,2651535,4968369,-0.20868113522537562,0
2023-07-28 10:53:24,119.55,9514439,8,119.46,2651535,4968369,-0.20868113522537562,0
2023-07-28 10:53:24,119.5,9514439,1,119.46,2651535,4968369,-0.25041736227044836,0
2023-07-28 10:53:24,119.5,9514439,2,119.46,2651535,4968369,-0.25041736227044836,0
2023-07-28 10:53:30,119.5,9524386,427,119.46,2653923,4976399,-0.25041736227044836,0
2023-07-28 10:53:30,119.5,9524386,427,119.46,2653923,4976399,-0.25041736227044836,0
2023-07-28 10:53:30,119.55,9524386,8,119.46,2653923,4976399,-0.20868113522537562,0
2023-07-28 10:53:30,119.5,9524386,2,119.46,2653923,4976399,-0.25041736227044836,0
2023-07-28 10:53:30,119.55,9524386,50,119.46,2653923,4976399,-0.20868113522537562,0
2023-07-28 10:53:34,119.55,9525927,6,119.46,2657758,4969062,-0.20868113522537562,0
2023-07-28 10:53:34,119.5,9525927,9,119.46,2657758,4969062,-0.25041736227044836,0
2023-07-28 10:53:34,119.5,9525927,50,119.46,2657758,4969062,-0.25041736227044836,0
2023-07-28 10:53:37,119.5,9527138,50,119.46,2653196,4977809,-0.25041736227044836,0
2023-07-28 10:53:37,119.5,9527138,14,119.46,2653196,4977809,-0.25041736227044836,0
2023-07-28 10:53:37,119.5,9527138,1,119.46,2653196,4977809,-0.25041736227044836,0
2023-07-28 10:53:37,119.5,9527138,87,119.46,2653196,4977809,-0.25041736227044836,0
2023-07-28 10:53:37,119.55,9527138,10,119.46,2653196,4977809,-0.20868113522537562,0
2023-07-28 10:53:37,119.5,9527138,38,119.46,2653196,4977809,-0.25041736227044836,0
2023-07-28 10:53:43,119.5,9538356,144,119.46,2632078,4983606,-0.25041736227044836,0
2023-07-28 10:53:43,119.5,9538356,2,119.46,2632078,4983606,-0.25041736227044836,0
2023-07-28 10:53:43,119.55,9538356,100,119.46,2632078,4983606,-0.20868113522537562,0
2023-07-28 10:53:43,119.5,9538356,2,119.46,2632078,4983606,-0.25041736227044836,0
2023-07-28 10:53:47,119.55,9540560,427,119.46,2628217,4985066,-0.20868113522537562,0
2023-07-28 10:53:47,119.5,9540560,10,119.46,2628217,4985066,-0.25041736227044836,0
2023-07-28 10:53:47,119.55,9540560,14,119.46,2628217,4985066,-0.20868113522537562,0
2023-07-28 10:53:47,119.55,9540560,1,119.46,2628217,4985066,-0.20868113522537562,0
2023-07-28 10:53:47,119.5,9540560,10,119.46,2628217,4985066,-0.25041736227044836,0
2023-07-28 10:53:53,119.6,9551832,2,119.46,2645767,4968854,-0.1669449081803029,0
2023-07-28 10:53:53,119.6,9551832,2,119.46,2645767,4968854,-0.1669449081803029,0
2023-07-28 10:53:53,119.6,9551832,64,119.46,2645767,4968854,-0.1669449081803029,0
2023-07-28 10:53:53,119.5,9551832,10,119.46,2645767,4968854,-0.25041736227044836,0
2023-07-28 10:53:53,119.6,9551832,9,119.46,2645767,4968854,-0.1669449081803029,0
2023-07-28 10:53:57,119.5,9554101,53,119.46,2636446,4969151,-0.25041736227044836,0
2023-07-28 10:53:57,119.6,9554101,100,119.46,2636446,4969151,-0.1669449081803029,0
2023-07-28 10:53:57,119.55,9554101,3,119.46,2636446,4969151,-0.20868113522537562,0
2023-07-28 10:53:57,119.5,9554101,38,119.46,2636446,4969151,-0.25041736227044836,0
2023-07-28 10:53:57,119.5,9554101,25,119.46,2636446,4969151,-0.25041736227044836,0
2023-07-28 10:54:02,119.5,9555649,2,119.46,2633613,4968491,-0.25041736227044836,0
2023-07-28 10:54:02,119.5,9555649,1,119.46,2633613,4968491,-0.25041736227044836,0
2023-07-28 10:54:02,119.5,9555649,4,119.46,2633613,4968491,-0.25041736227044836,0
2023-07-28 10:54:02,119.55,9555649,10,119.46,2633613,4968491,-0.20868113522537562,0
2023-07-28 10:54:07,119.6,9556929,2,119.46,2637194,4968113,-0.1669449081803029,0
2023-07-28 10:54:07,119.5,9556929,41,119.46,2637194,4968113,-0.25041736227044836,0
2023-07-28 10:54:07,119.55,9556929,64,119.46,2637194,4968113,-0.20868113522537562,0
2023-07-28 10:54:07,119.6,9556929,2,119.46,2637194,4968113,-0.1669449081803029,0
2023-07-28 10:54:07,119.55,9556929,2,119.46,2637194,4968113,-0.20868113522537562,0
2023-07-28 10:54:10,119.6,9557368,2,119.46,2636174,4967026,-0.1669449081803029,0
2023-07-28 10:54:10,119.55,9557368,10,119.46,2636174,4967026,-0.20868113522537562,0
2023-07-28 10:54:10,119.5,9557368,130,119.46,2636174,4967026,-0.25041736227044836,0
2023-07-28 10:54:10,119.5,9557368,204,119.46,2636174,4967026,-0.25041736227044836,0
2023-07-28 10:54:16,119.6,9568416,300,119.46,2633579,4967722,-0.1669449081803029,0
2023-07-28 10:54:16,119.6,9568416,1,119.46,2633579,4967722,-0.1669449081803029,0
2023-07-28 10:54:16,119.5,9568416,10,119.46,2633579,4967722,-0.25041736227044836,0
2023-07-28 10:54:16,119.5,9568416,584,119.46,2633579,4967722,-0.25041736227044836,0
2023-07-28 10:54:16,119.5,9568416,2,119.46,2633579,4967722,-0.25041736227044836,0
2023-07-28 10:54:20,119.5,9587553,2035,119.46,2672235,4967219,-0.25041736227044836,0
2023-07-28 10:54:20,119.5,9587553,30,119.46,2672235,4967219,-0.25041736227044836,0
2023-07-28 10:54:20,119.55,9587553,1,119.46,2672235,4967219,-0.20868113522537562,0
2023-07-28 10:54:20,119.55,9587553,1,119.46,2672235,4967219,-0.20868113522537562,0
2023-07-28 10:54:24,119.55,9588329,10,119.46,2670984,4972934,-0.20868113522537562,0
2023-07-28 10:54:24,119.55,9588329,10,119.46,2670984,4972934,-0.20868113522537562,0
2023-07-28 10:54:24,119.55,9588329,671,119.46,2670984,4972934,-0.20868113522537562,0
2023-07-28 10:54:24,119.6,9588329,3,119.46,2670984,4972934,-0.1669449081803029,0
2023-07-28 10:54:24,119.55,9588329,1,119.46,2670984,4972934,-0.20868113522537562,0
2023-07-28 10:54:28,119.5,9590720,10,119.46,2672306,4978500,-0.25041736227044836,0
2023-07-28 10:54:28,119.5,9590720,30,119.46,2672306,4978500,-0.25041736227044836,0
2023-07-28 10:54:28,119.55,9590720,1,119.46,2672306,4978500,-0.20868113522537562,0
2023-07-28 10:54:30,119.5,9590826,9,119.46,2685915,4977097,-0.25041736227044836,0
2023-07-28 10:54:30,119.5,9590826,400,119.46,2685915,4977097,-0.25041736227044836,0
2023-07-28 10:54:30,119.5,9590826,300,119.46,2685915,4977097,-0.25041736227044836,0
2023-07-28 10:54:36,119.5,9591615,30,119.46,2682757,4997596,-0.25041736227044836,0
2023-07-28 10:54:36,119.55,9591615,1,119.46,2682757,4997596,-0.20868113522537562,0
2023-07-28 10:54:36,119.5,9591615,2,119.46,2682757,4997596,-0.25041736227044836,0
2023-07-28 10:54:36,119.5,9591615,86,119.46,2682757,4997596,-0.25041736227044836,0
2023-07-28 10:54:41,119.5,9591714,8,119.46,2681329,5024810,-0.25041736227044836,0
2023-07-28 10:54:41,119.5,9591714,2,119.46,2681329,5024810,-0.25041736227044836,0
2023-07-28 10:54:41,119.5,9591714,100,119.46,2681329,5024810,-0.25041736227044836,0
2023-07-28 10:54:41,119.55,9591714,240,119.46,2681329,5024810,-0.20868113522537562,0
2023-07-28 10:54:41,119.5,9591714,14,119.46,2681329,5024810,-0.25041736227044836,0
2023-07-28 10:54:44,119.5,9593960,14,119.46,2682516,5040222,-0.25041736227044836,0
2023-07-28 10:54:44,119.5,9593960,20,119.46,2682516,5040222,-0.25041736227044836,0
2023-07-28 10:54:44,119.55,9593960,1,119.46,2682516,5040222,-0.20868113522537562,0
2023-07-28 10:54:44,119.55,9593960,1,119.46,2682516,5040222,-0.20868113522537562,0
2023-07-28 10:54:44,119.55,9593960,1,119.46,2682516,5040222,-0.20868113522537562,0
2023-07-28 10:54:49,119.55,9594111,24,119.46,2684396,5043543,-0.20868113522537562,0
2023-07-28 10:54:49,119.55,9594111,10,119.46,2684396,5043543,-0.20868113522537562,0
2023-07-28 10:54:49,119.5,9594111,250,119.46,2684396,5043543,-0.25041736227044836,0
2023-07-28 10:54:49,119.55,9594111,80,119.46,2684396,5043543,-0.20868113522537562,0
2023-07-28 10:54:52,119.5,9594453,2,119.46,2684168,5048934,-0.25041736227044836,0
2023-07-28 10:54:52,119.5,9594453,400,119.46,2684168,5048934,-0.25041736227044836,0
2023-07-28 10:54:52,119.55,9594453,5,119.46,2684168,5048934,-0.20868113522537562,0
2023-07-28 10:54:52,119.55,9594453,5,119.46,2684168,5048934,-0.20868113522537562,0
2023-07-28 10:54:57,119.5,9594989,1,119.46,2680652,5056346,-0.25041736227044836,0
2023-07-28 10:54:57,119.55,9594989,2,119.46,2680652,5056346,-0.20868113522537562,0
2023-07-28 10:54:57,119.55,9594989,1,119.46,2680652,5056346,-0.20868113522537562,0
2023-07-28 10:54:57,119.5,9594989,1000,119.46,2680652,5056346,-0.25041736227044836,0
2023-07-28 10:55:01,119.5,9597099,100,119.46,2666977,5070267,-0.25041736227044836,0
2023-07-28 10:55:01,119.5,9597099,286,119.46,2666977,5070267,-0.25041736227044836,0
2023-07-28 10:55:01,119.5,9597099,1,119.46,2666977,5070267,-0.25041736227044836,0
2023-07-28 10:55:01,119.55,9597099,3,119.46,2666977,5070267,-0.20868113522537562,0
2023-07-28 10:55:05,119.5,9597801,10,119.46,2659937,5077281,-0.25041736227044836,0
2023-07-28 10:55:05,119.5,9597801,10,119.46,2659937,5077281,-0.25041736227044836,0
2023-07-28 10:55:05,119.55,9597801,1,119.46,2659937,5077281,-0.20868113522537562,0
2023-07-28 10:55:05,119.55,9597801,5,119.46,2659937,5077281,-0.20868113522537562,0
2023-07-28 10:55:10,119.5,9599267,150,119.46,2659879,5072680,-0.25041736227044836,0
2023-07-28 10:55:10,119.55,9599267,123,119.46,2659879,5072680,-0.20868113522537562,0
2023-07-28 10:55:10,119.55,9599267,1,119.46,2659879,5072680,-0.20868113522537562,0
2023-07-28 10:55:10,119.55,9599267,5,119.46,2659879,5072680,-0.20868113522537562,0
2023-07-28 10:55:10,119.5,9599267,50,119.46,2659879,5072680,-0.25041736227044836,0
2023-07-28 10:55:13,119.5,9602159,50,119.46,2665637,5071222,-0.25041736227044836,0
2023-07-28 10:55:13,119.55,9602159,300,119.46,2665637,5071222,-0.20868113522537562,0
2023-07-28 10:55:13,119.5,9602159,50,119.46,2665637,5071222,-0.25041736227044836,0
2023-07-28 10:55:13,119.5,9602159,30,119.46,2665637,5071222,-0.25041736227044836,0
2023-07-28 10:55:18,119.5,9605802,3,119.46,2647305,5046412,-0.25041736227044836,0
2023-07-28 10:55:18,119.5,9605802,3,119.46,2647305,5046412,-0.25041736227044836,0
2023-07-28 10:55:18,119.45,9605802,415,119.46,2647305,5046412,-0.29215358931552116,0
2023-07-28 10:55:18,119.5,9605802,1,119.46,2647305,5046412,-0.25041736227044836,0
2023-07-28 10:55:18,119.5,9605802,2,119.46,2647305,5046412,-0.25041736227044836,0
2023-07-28 10:55:18,119.45,9605802,2,119.46,2647305,5046412,-0.29215358931552116,0
2023-07-28 10:55:23,119.5,9618267,1,119.46,2599596,5053165,-0.25041736227044836,0
2023-07-28 10:55:23,119.45,9618267,100,119.46,2599596,5053165,-0.29215358931552116,0
2023-07-28 10:55:23,119.45,9618267,50,119.46,2599596,5053165,-0.29215358931552116,0
2023-07-28 10:55:23,119.5,9618267,20,119.46,2599596,5053165,-0.25041736227044836,0
2023-07-28 10:55:23,119.5,9618267,8,119.46,2599596,5053165,-0.25041736227044836,0
2023-07-28 10:55:28,119.45,9618976,1,119.46,2658422,5045248,-0.29215358931552116,0
2023-07-28 10:55:28,119.5,9618976,15,119.46,2658422,5045248,-0.25041736227044836,0
2023-07-28 10:55:28,119.45,9618976,10,119.46,2658422,5045248,-0.29215358931552116,0
2023-07-28 10:55:28,119.45,9618976,13,119.46,2658422,5045248,-0.29215358931552116,0
2023-07-28 10:55:32,119.45,9622129,64,119.46,2613922,5047528,-0.29215358931552116,0
2023-07-28 10:55:32,119.5,9622129,1,119.46,2613922,5047528,-0.25041736227044836,0
2023-07-28 10:55:32,119.5,9622129,80,119.46,2613922,5047528,-0.25041736227044836,0
2023-07-28 10:55:32,119.5,9622129,50,119.46,2613922,5047528,-0.25041736227044836,0
2023-07-28 10:55:32,119.45,9622129,3,119.46,2613922,5047528,-0.29215358931552116,0
2023-07-28 10:55:37,119.5,9625008,10,119.46,2658516,5044693,-0.25041736227044836,0
2023-07-28 10:55:37,119.5,9625008,20,119.46,2658516,5044693,-0.25041736227044836,0
2023-07-28 10:55:37,119.45,9625008,450,119.46,2658516,5044693,-0.29215358931552116,0
2023-07-28 10:55:37,119.45,9625008,5000,119.46,2658516,5044693,-0.29215358931552116,0
2023-07-28 10:55:42,119.5,9631194,3,119.46,2651206,5041946,-0.25041736227044836,0
2023-07-28 10:55:42,119.5,9631194,19,119.46,2651206,5041946,-0.25041736227044836,0
2023-07-28 10:55:42,119.5,9631194,21,119.46,2651206,5041946,-0.25041736227044836,0
2023-07-28 10:55:42,119.45,9631194,40,119.46,2651206,5041946,-0.29215358931552116,0
2023-07-28 10:55:42,119.45,9631194,2,119.46,2651206,5041946,-0.29215358931552116,0
2023-07-28 10:55:46,119.45,9633290,100,119.46,2649769,5043548,-0.29215358931552116,0
2023-07-28 10:55:46,119.45,9633290,9,119.46,2649769,5043548,-0.29215358931552116,0
2023-07-28 10:55:46,119.5,9633290,5,119.46,2649769,5043548,-0.25041736227044836,0
2023-07-28 10:55:46,119.45,9633290,3000,119.46,2649769,5043548,-0.29215358931552116,0
2023-07-28 10:55:51,119.5,9636905,1,119.46,2646670,5048535,-0.25041736227044836,0
2023-07-28 10:55:51,119.5,9636905,6,119.46,2646670,5048535,-0.25041736227044836,0
2023-07-28 10:55:51,119.5,9636905,8,119.46,2646670,5048535,-0.25041736227044836,0
2023-07-28 10:55:51,119.5,9636905,2,119.46,2646670,5048535,-0.25041736227044836,0
2023-07-28 10:55:55,119.5,9637946,100,119.46,2652237,5049308,-0.25041736227044836,0
2023-07-28 10:55:55,119.45,9637946,1,119.46,2652237,5049308,-0.29215358931552116,0
2023-07-28 10:55:55,119.5,9637946,3,119.46,2652237,5049308,-0.25041736227044836,0
2023-07-28 10:55:55,119.5,9637946,1,119.46,2652237,5049308,-0.25041736227044836,0
2023-07-28 10:55:59,119.45,9638504,100,119.46,2652013,5053549,-0.29215358931552116,0
2023-07-28 10:55:59,119.45,9638504,85,119.46,2652013,5053549,-0.29215358931552116,0
2023-07-28 10:55:59,119.5,9638504,1,119.46,2652013,5053549,-0.25041736227044836,0
2023-07-28 10:55:59,119.5,9638504,5,119.46,2652013,5053549,-0.25041736227044836,0
2023-07-28 10:56:03,119.45,9640775,82,119.46,2657912,5047809,-0.29215358931552116,0
2023-07-28 10:56:03,119.45,9640775,100,119.46,2657912,5047809,-0.29215358931552116,0
2023-07-28 10:56:03,119.45,9640775,4,119.46,2657912,5047809,-0.29215358931552116,0
2023-07-28 10:56:03,119.45,9640775,15,119.46,2657912,5047809,-0.29215358931552116,0
2023-07-28 10:56:03,119.45,9640775,21,119.46,2657912,5047809,-0.29215358931552116,0
2023-07-28 10:56:03,119.45,9640775,20,119.46,2657912,5047809,-0.29215358931552116,0
2023-07-28 10:56:03,119.5,9640775,75,119.46,2657912,5047809,-0.25041736227044836,0
2023-07-28 10:56:03,119.5,9640775,2,119.46,2657912,5047809,-0.25041736227044836,0
2023-07-28 10:56:03,119.45,9640775,300,119.46,2657912,5047809,-0.29215358931552116,0
2023-07-28 10:56:11,119.45,9641490,300,119.46,2659489,5049593,-0.29215358931552116,0
2023-07-28 10:56:11,119.5,9641490,7,119.46,2659489,5049593,-0.25041736227044836,0
2023-07-28 10:56:11,119.5,9641490,150,119.46,2659489,5049593,-0.25041736227044836,0
2023-07-28 10:56:11,119.45,9641490,2,119.46,2659489,5049593,-0.29215358931552116,0
2023-07-28 10:56:11,119.5,9641490,2,119.46,2659489,5049593,-0.25041736227044836,0
2023-07-28 10:56:16,119.5,9642360,50,119.46,2657826,5049816,-0.25041736227044836,0
2023-07-28 10:56:16,119.5,9642360,50,119.46,2657826,5049816,-0.25041736227044836,0
2023-07-28 10:56:16,119.5,9642360,2,119.46,2657826,5049816,-0.25041736227044836,0
2023-07-28 10:56:16,119.45,9642360,370,119.46,2657826,5049816,-0.29215358931552116,0
2023-07-28 10:56:16,119.45,9642360,1,119.46,2657826,5049816,-0.29215358931552116,0
2023-07-28 10:56:20,119.45,9656345,86,119.46,2643019,5049809,-0.29215358931552116,0
2023-07-28 10:56:20,119.5,9656345,1,119.46,2643019,5049809,-0.25041736227044836,0
2023-07-28 10:56:20,119.45,9656345,1,119.46,2643019,5049809,-0.29215358931552116,0
2023-07-28 10:56:20,119.45,9656345,1,119.46,2643019,5049809,-0.29215358931552116,0
2023-07-28 10:56:20,119.5,9656345,5,119.46,2643019,5049809,-0.25041736227044836,0
2023-07-28 10:56:20,119.45,9656345,10,119.46,2643019,5049809,-0.29215358931552116,0
2023-07-28 10:56:20,119.45,9656345,10,119.46,2643019,5049809,-0.29215358931552116,0
2023-07-28 10:56:25,119.5,9662447,2,119.46,2617963,5042493,-0.25041736227044836,0
2023-07-28 10:56:25,119.5,9662447,2,119.46,2617963,5042493,-0.25041736227044836,0
2023-07-28 10:56:25,119.45,9662447,1,119.46,2617963,5042493,-0.29215358931552116,0
2023-07-28 10:56:25,119.5,9662447,15,119.46,2617963,5042493,-0.25041736227044836,0
2023-07-28 10:56:25,119.5,9662447,50,119.46,2617963,5042493,-0.25041736227044836,0
2023-07-28 10:56:25,119.5,9662447,50,119.46,2617963,5042493,-0.25041736227044836,0
2023-07-28 10:56:30,119.5,9662887,2,119.46,2642976,5052929,-0.25041736227044836,0
2023-07-28 10:56:30,119.5,9662887,10,119.46,2642976,5052929,-0.25041736227044836,0
2023-07-28 10:56:30,119.5,9662887,15,119.46,2642976,5052929,-0.25041736227044836,0
2023-07-28 10:56:30,119.5,9662887,5,119.46,2642976,5052929,-0.25041736227044836,0
2023-07-28 10:56:34,119.5,9663083,5,119.46,2639030,5056601,-0.25041736227044836,0
2023-07-28 10:56:34,119.5,9663083,2,119.46,2639030,5056601,-0.25041736227044836,0
2023-07-28 10:56:34,119.5,9663083,1,119.46,2639030,5056601,-0.25041736227044836,0
2023-07-28 10:56:34,119.5,9663083,1,119.46,2639030,5056601,-0.25041736227044836,0
2023-07-28 10:56:38,119.5,9667485,1,119.46,2643757,5044625,-0.25041736227044836,0
2023-07-28 10:56:38,119.5,9667485,2,119.46,2643757,5044625,-0.25041736227044836,0
2023-07-28 10:56:38,119.5,9667485,100,119.46,2643757,5044625,-0.25041736227044836,0
2023-07-28 10:56:38,119.5,9667485,13,119.46,2643757,5044625,-0.25041736227044836,0
2023-07-28 10:56:43,119.4,9668097,696,119.46,2584471,5062194,-0.3338898163605939,0
2023-07-28 10:56:43,119.45,9668097,9,119.46,2584471,5062194,-0.29215358931552116,0
2023-07-28 10:56:43,119.45,9668097,9,119.46,2584471,5062194,-0.29215358931552116,0
2023-07-28 10:56:47,119.4,9674003,14,119.46,2615886,5057784,-0.3338898163605939,0
2023-07-28 10:56:47,119.4,9674003,20,119.46,2615886,5057784,-0.3338898163605939,0
2023-07-28 10:56:47,119.4,9674003,1,119.46,2615886,5057784,-0.3338898163605939,0
2023-07-28 10:56:51,119.4,9674714,1,119.46,2614939,5055500,-0.3338898163605939,0
2023-07-28 10:56:51,119.45,9674714,25,119.46,2614939,5055500,-0.29215358931552116,0
2023-07-28 10:56:51,119.4,9674714,2,119.46,2614939,5055500,-0.3338898163605939,0
2023-07-28 10:56:55,119.4,9674744,1,119.46,2634938,5074959,-0.3338898163605939,0
2023-07-28 10:56:55,119.45,9674744,2309,119.46,2634938,5074959,-0.29215358931552116,0
2023-07-28 10:56:55,119.45,9674744,200,119.46,2634938,5074959,-0.29215358931552116,0
2023-07-28 10:56:55,119.45,9674744,7,119.46,2634938,5074959,-0.29215358931552116,0
2023-07-28 10:56:59,119.45,9689045,2,119.46,2644943,5070799,-0.29215358931552116,0
2023-07-28 10:56:59,119.45,9689045,2,119.46,2644943,5070799,-0.29215358931552116,0
2023-07-28 10:56:59,119.45,9689045,86,119.46,2644943,5070799,-0.29215358931552116,0
2023-07-28 10:56:59,119.45,9689045,1,119.46,2644943,5070799,-0.29215358931552116,0
2023-07-28 10:56:59,119.5,9689045,6,119.46,2644943,5070799,-0.25041736227044836,0
2023-07-28 10:56:59,119.5,9689045,30,119.46,2644943,5070799,-0.25041736227044836,0
2023-07-28 10:56:59,119.5,9689045,2,119.46,2644943,5070799,-0.25041736227044836,0
2023-07-28 10:56:59,119.5,9689045,5,119.46,2644943,5070799,-0.25041736227044836,0
2023-07-28 10:56:59,119.5,9689045,44,119.46,2644943,5070799,-0.25041736227044836,0
2023-07-28 10:57:07,119.5,9690774,165,119.46,2635803,5072281,-0.25041736227044836,0
2023-07-28 10:57:07,119.45,9690774,30,119.46,2635803,5072281,-0.29215358931552116,0
2023-07-28 10:57:07,119.5,9690774,500,119.46,2635803,5072281,-0.25041736227044836,0
2023-07-28 10:57:07,119.5,9690774,2,119.46,2635803,5072281,-0.25041736227044836,0
2023-07-28 10:57:07,119.45,9690774,2,119.46,2635803,5072281,-0.29215358931552116,0
2023-07-28 10:57:07,119.5,9690774,20,119.46,2635803,5072281,-0.25041736227044836,0
2023-07-28 10:57:07,119.45,9690774,12,119.46,2635803,5072281,-0.29215358931552116,0
2023-07-28 10:57:07,119.45,9690774,10,119.46,2635803,5072281,-0.29215358931552116,0
2023-07-28 10:57:07,119.5,9690774,30,119.46,2635803,5072281,-0.25041736227044836,0
2023-07-28 10:57:16,119.5,9693059,1,119.46,2628091,5067354,-0.25041736227044836,0
2023-07-28 10:57:16,119.5,9693059,1,119.46,2628091,5067354,-0.25041736227044836,0
2023-07-28 10:57:16,119.45,9693059,9,119.46,2628091,5067354,-0.29215358931552116,0
2023-07-28 10:57:16,119.5,9693059,4,119.46,2628091,5067354,-0.25041736227044836,0
2023-07-28 10:57:19,119.45,9706992,20,119.46,2615267,5068622,-0.29215358931552116,0
2023-07-28 10:57:19,119.45,9706992,154,119.46,2615267,5068622,-0.29215358931552116,0
2023-07-28 10:57:19,119.5,9706992,4,119.46,2615267,5068622,-0.25041736227044836,0
2023-07-28 10:57:19,119.45,9706992,91,119.46,2615267,5068622,-0.29215358931552116,0
2023-07-28 10:57:23,119.45,9707334,91,119.46,2568155,5069809,-0.29215358931552116,0
2023-07-28 10:57:23,119.45,9707334,80,119.46,2568155,5069809,-0.29215358931552116,0
2023-07-28 10:57:23,119.45,9707334,20,119.46,2568155,5069809,-0.29215358931552116,0
2023-07-28 10:57:23,119.5,9707334,2,119.46,2568155,5069809,-0.25041736227044836,0
2023-07-28 10:57:23,119.45,9707334,3,119.46,2568155,5069809,-0.29215358931552116,0
2023-07-28 10:57:23,119.45,9707334,2100,119.46,2568155,5069809,-0.29215358931552116,0
2023-07-28 10:57:23,119.5,9707334,1,119.46,2568155,5069809,-0.25041736227044836,0
2023-07-28 10:57:23,119.45,9707334,9,119.46,2568155,5069809,-0.29215358931552116,0
2023-07-28 10:57:23,119.5,9707334,5,119.46,2568155,5069809,-0.25041736227044836,0
2023-07-28 10:57:33,119.5,9710395,55,119.46,2610513,5073259,-0.25041736227044836,0
2023-07-28 10:57:33,119.5,9710395,55,119.46,2610513,5073259,-0.25041736227044836,0
2023-07-28 10:57:33,119.45,9710395,1,119.46,2610513,5073259,-0.29215358931552116,0
2023-07-28 10:57:33,119.45,9710395,10,119.46,2610513,5073259,-0.29215358931552116,0
2023-07-28 10:57:33,119.5,9710395,4,119.46,2610513,5073259,-0.25041736227044836,0
2023-07-28 10:57:37,119.5,9710410,4,119.46,2611493,5073210,-0.25041736227044836,0
2023-07-28 10:57:37,119.5,9710410,43,119.46,2611493,5073210,-0.25041736227044836,0
2023-07-28 10:57:37,119.45,9710410,25,119.46,2611493,5073210,-0.29215358931552116,0
2023-07-28 10:57:37,119.45,9710410,100,119.46,2611493,5073210,-0.29215358931552116,0
2023-07-28 10:57:37,119.45,9710410,20,119.46,2611493,5073210,-0.29215358931552116,0
2023-07-28 10:57:42,119.5,9711665,1,119.46,2610302,5079194,-0.25041736227044836,0
2023-07-28 10:57:42,119.5,9711665,1,119.46,2610302,5079194,-0.25041736227044836,0
2023-07-28 10:57:42,119.5,9711665,1,119.46,2610302,5079194,-0.25041736227044836,0
2023-07-28 10:57:42,119.5,9711665,400,119.46,2610302,5079194,-0.25041736227044836,0
2023-07-28 10:57:45,119.5,9713835,400,119.46,2606949,5081650,-0.25041736227044836,0
2023-07-28 10:57:45,119.5,9713835,1,119.46,2606949,5081650,-0.25041736227044836,0
2023-07-28 10:57:45,119.45,9713835,8,119.46,2606949,5081650,-0.29215358931552116,0
2023-07-28 10:57:45,119.45,9713835,4,119.46,2606949,5081650,-0.29215358931552116,0
2023-07-28 10:57:45,119.4,9713835,280,119.46,2606949,5081650,-0.3338898163605939,0
2023-07-28 10:57:50,119.4,9721552,3,119.46,2548573,5098422,-0.3338898163605939,0
2023-07-28 10:57:50,119.4,9721552,9,119.46,2548573,5098422,-0.3338898163605939,0
2023-07-28 10:57:54,119.45,9721780,6,119.46,2548262,5099260,-0.29215358931552116,0
2023-07-28 10:57:54,119.45,9721780,5,119.46,2548262,5099260,-0.29215358931552116,0
2023-07-28 10:57:54,119.45,9721780,2,119.46,2548262,5099260,-0.29215358931552116,0
2023-07-28 10:57:54,119.4,9721780,2,119.46,2548262,5099260,-0.3338898163605939,0
2023-07-28 10:57:54,119.4,9721780,100,119.46,2548262,5099260,-0.3338898163605939,0
2023-07-28 10:57:58,119.45,9722675,3,119.46,2587386,5100478,-0.29215358931552116,0
2023-07-28 10:57:58,119.45,9722675,25,119.46,2587386,5100478,-0.29215358931552116,0
2023-07-28 10:57:58,119.4,9722675,8,119.46,2587386,5100478,-0.3338898163605939,0
2023-07-28 10:57:58,119.45,9722675,200,119.46,2587386,5100478,-0.29215358931552116,0
2023-07-28 10:57:58,119.4,9722675,18,119.46,2587386,5100478,-0.3338898163605939,0
2023-07-28 10:58:03,119.4,9723548,18,119.46,2595378,5097836,-0.3338898163605939,0
2023-07-28 10:58:03,119.45,9723548,400,119.46,2595378,5097836,-0.29215358931552116,0
2023-07-28 10:58:03,119.4,9723548,1,119.46,2595378,5097836,-0.3338898163605939,0
2023-07-28 10:58:03,119.4,9723548,500,119.46,2595378,5097836,-0.3338898163605939,0
2023-07-28 10:58:03,119.45,9723548,5,119.46,2595378,5097836,-0.29215358931552116,0
2023-07-28 10:58:07,119.45,9724577,5,119.46,2597701,5072464,-0.29215358931552116,0
2023-07-28 10:58:07,119.4,9724577,462,119.46,2597701,5072464,-0.3338898163605939,0
2023-07-28 10:58:07,119.4,9724577,1,119.46,2597701,5072464,-0.3338898163605939,0
2023-07-28 10:58:07,119.4,9724577,200,119.46,2597701,5072464,-0.3338898163605939,0
2023-07-28 10:58:11,119.45,9725945,10,119.46,2594288,5102557,-0.29215358931552116,0
2023-07-28 10:58:11,119.45,9725945,10,119.46,2594288,5102557,-0.29215358931552116,0
2023-07-28 10:58:11,119.4,9725945,2,119.46,2594288,5102557,-0.3338898163605939,0
2023-07-28 10:58:11,119.45,9725945,1,119.46,2594288,5102557,-0.29215358931552116,0
2023-07-28 10:58:11,119.4,9725945,500,119.46,2594288,5102557,-0.3338898163605939,0
2023-07-28 10:58:11,119.4,9725945,30,119.46,2594288,5102557,-0.3338898163605939,0
2023-07-28 10:58:11,119.4,9725945,2,119.46,2594288,5102557,-0.3338898163605939,0
2023-07-28 10:58:11,119.45,9725945,9,119.46,2594288,5102557,-0.29215358931552116,0
2023-07-28 10:58:11,119.4,9725945,10,119.46,2594288,5102557,-0.3338898163605939,0
2023-07-28 10:58:19,119.45,9741314,2,119.46,2577754,5077567,-0.29215358931552116,0
2023-07-28 10:58:19,119.4,9741314,87,119.46,2577754,5077567,-0.3338898163605939,0
2023-07-28 10:58:19,119.4,9741314,2,119.46,2577754,5077567,-0.3338898163605939,0
2023-07-28 10:58:19,119.45,9741314,5,119.46,2577754,5077567,-0.29215358931552116,0
2023-07-28 10:58:19,119.4,9741314,9,119.46,2577754,5077567,-0.3338898163605939,0
2023-07-28 10:58:24,119.45,9742529,59,119.46,2578477,5105052,-0.29215358931552116,0
2023-07-28 10:58:24,119.4,9742529,50,119.46,2578477,5105052,-0.3338898163605939,0
2023-07-28 10:58:24,119.4,9742529,3,119.46,2578477,5105052,-0.3338898163605939,0
2023-07-28 10:58:24,119.45,9742529,2,119.46,2578477,5105052,-0.29215358931552116,0
2023-07-28 10:58:24,119.4,9742529,5,119.46,2578477,5105052,-0.3338898163605939,0
2023-07-28 10:58:28,119.45,9768955,7779,119.46,2599759,5090199,-0.29215358931552116,0
2023-07-28 10:58:28,119.45,9768955,100,119.46,2599759,5090199,-0.29215358931552116,0
2023-07-28 10:58:28,119.45,9768955,300,119.46,2599759,5090199,-0.29215358931552116,0
2023-07-28 10:58:28,119.45,9768955,1969,119.46,2599759,5090199,-0.29215358931552116,0
2023-07-28 10:58:28,119.5,9768955,50,119.46,2599759,5090199,-0.25041736227044836,0
2023-07-28 10:58:33,119.45,9771642,2,119.46,2600949,5097110,-0.29215358931552116,0
2023-07-28 10:58:33,119.45,9771642,95,119.46,2600949,5097110,-0.29215358931552116,0
2023-07-28 10:58:33,119.5,9771642,2,119.46,2600949,5097110,-0.25041736227044836,0
2023-07-28 10:58:33,119.45,9771642,50,119.46,2600949,5097110,-0.29215358931552116,0
2023-07-28 10:58:33,119.45,9771642,3,119.46,2600949,5097110,-0.29215358931552116,0
2023-07-28 10:58:37,119.45,9771851,4,119.46,2595379,5096896,-0.29215358931552116,0
2023-07-28 10:58:37,119.45,9771851,4,119.46,2595379,5096896,-0.29215358931552116,0
2023-07-28 10:58:37,119.5,9771851,1,119.46,2595379,5096896,-0.25041736227044836,0
2023-07-28 10:58:37,119.45,9771851,80,119.46,2595379,5096896,-0.29215358931552116,0
2023-07-28 10:58:37,119.45,9771851,86,119.46,2595379,5096896,-0.29215358931552116,0
2023-07-28 10:58:37,119.45,9771851,1,119.46,2595379,5096896,-0.29215358931552116,0
2023-07-28 10:58:37,119.5,9771851,1,119.46,2595379,5096896,-0.25041736227044836,0
2023-07-28 10:58:37,119.45,9771851,712,119.46,2595379,5096896,-0.29215358931552116,0
2023-07-28 10:58:37,119.5,9771851,1,119.46,2595379,5096896,-0.25041736227044836,0
2023-07-28 10:58:46,119.45,9773009,100,119.46,2595077,5100989,-0.29215358931552116,0
2023-07-28 10:58:46,119.45,9773009,15,119.46,2595077,5100989,-0.29215358931552116,0
2023-07-28 10:58:46,119.45,9773009,2,119.46,2595077,5100989,-0.29215358931552116,0
2023-07-28 10:58:46,119.5,9773009,4,119.46,2595077,5100989,-0.25041736227044836,0
2023-07-28 10:58:46,119.45,9773009,15,119.46,2595077,5100989,-0.29215358931552116,0
2023-07-28 10:58:46,119.45,9773009,14,119.46,2595077,5100989,-0.29215358931552116,0
2023-07-28 10:58:46,119.5,9773009,500,119.46,2595077,5100989,-0.25041736227044836,0
2023-07-28 10:58:46,119.45,9773009,400,119.46,2595077,5100989,-0.29215358931552116,0
2023-07-28 10:58:53,119.5,9774314,8,119.46,2592279,5098768,-0.25041736227044836,0
2023-07-28 10:58:53,119.5,9774314,2,119.46,2592279,5098768,-0.25041736227044836,0
2023-07-28 10:58:53,119.5,9774314,2,119.46,2592279,5098768,-0.25041736227044836,0
2023-07-28 10:58:53,119.45,9774314,100,119.46,2592279,5098768,-0.29215358931552116,0
2023-07-28 10:58:58,119.5,9775046,115,119.46,2593647,5103142,-0.25041736227044836,0
2023-07-28 10:58:58,119.5,9775046,115,119.46,2593647,5103142,-0.25041736227044836,0
2023-07-28 10:58:58,119.45,9775046,20,119.46,2593647,5103142,-0.29215358931552116,0
2023-07-28 10:58:58,119.45,9775046,86,119.46,2593647,5103142,-0.29215358931552116,0
2023-07-28 10:58:58,119.5,9775046,50,119.46,2593647,5103142,-0.25041736227044836,0
2023-07-28 10:59:02,119.45,9775404,2,119.46,2594357,5107552,-0.29215358931552116,0
2023-07-28 10:59:02,119.45,9775404,50,119.46,2594357,5107552,-0.29215358931552116,0
2023-07-28 10:59:02,119.5,9775404,2,119.46,2594357,5107552,-0.25041736227044836,0
2023-07-28 10:59:02,119.5,9775404,1,119.46,2594357,5107552,-0.25041736227044836,0
2023-07-28 10:59:07,119.5,9775686,1,119.46,2594250,5106564,-0.25041736227044836,0
2023-07-28 10:59:07,119.5,9775686,2,119.46,2594250,5106564,-0.25041736227044836,0
2023-07-28 10:59:07,119.5,9775686,2,119.46,2594250,5106564,-0.25041736227044836,0
2023-07-28 10:59:07,119.45,9775686,130,119.46,2594250,5106564,-0.29215358931552116,0
2023-07-28 10:59:07,119.45,9775686,50,119.46,2594250,5106564,-0.29215358931552116,0
2023-07-28 10:59:11,119.5,9776173,200,119.46,2594128,5107497,-0.25041736227044836,0
2023-07-28 10:59:11,119.5,9776173,2,119.46,2594128,5107497,-0.25041736227044836,0
2023-07-28 10:59:11,119.5,9776173,1,119.46,2594128,5107497,-0.25041736227044836,0
2023-07-28 10:59:11,119.45,9776173,35,119.46,2594128,5107497,-0.29215358931552116,0
2023-07-28 10:59:11,119.45,9776173,100,119.46,2594128,5107497,-0.29215358931552116,0
2023-07-28 10:59:16,119.5,9777015,5,119.46,2592403,5107119,-0.25041736227044836,0
2023-07-28 10:59:16,119.5,9777015,5,119.46,2592403,5107119,-0.25041736227044836,0
2023-07-28 10:59:16,119.45,9777015,200,119.46,2592403,5107119,-0.29215358931552116,0
2023-07-28 10:59:16,119.45,9777015,2,119.46,2592403,5107119,-0.29215358931552116,0
2023-07-28 10:59:20,119.45,9786748,2,119.46,2589904,5108683,-0.29215358931552116,0
2023-07-28 10:59:20,119.4,9786748,60,119.46,2589904,5108683,-0.3338898163605939,0
2023-07-28 10:59:20,119.4,9786748,60,119.46,2589904,5108683,-0.3338898163605939,0
2023-07-28 10:59:20,119.4,9786748,67,119.46,2589904,5108683,-0.3338898163605939,0
2023-07-28 10:59:20,119.4,9786748,67,119.46,2589904,5108683,-0.3338898163605939,0
2023-07-28 10:59:20,119.4,9786748,67,119.46,2589904,5108683,-0.3338898163605939,0
2023-07-28 10:59:20,119.5,9786748,8,119.46,2589904,5108683,-0.25041736227044836,0
2023-07-28 10:59:24,119.5,9796474,8,119.46,2588829,5101876,-0.25041736227044836,0
2023-07-28 10:59:24,119.5,9796474,1,119.46,2588829,5101876,-0.25041736227044836,0
2023-07-28 10:59:24,119.5,9796474,1,119.46,2588829,5101876,-0.25041736227044836,0
2023-07-28 10:59:24,119.45,9796474,1,119.46,2588829,5101876,-0.29215358931552116,0
2023-07-28 10:59:24,119.4,9796474,5,119.46,2588829,5101876,-0.3338898163605939,0
2023-07-28 10:59:24,119.45,9796474,6,119.46,2588829,5101876,-0.29215358931552116,0
2023-07-28 10:59:29,119.45,9796566,2,119.46,2588145,5109460,-0.29215358931552116,0
2023-07-28 10:59:29,119.45,9796566,2,119.46,2588145,5109460,-0.29215358931552116,0
2023-07-28 10:59:29,119.5,9796566,25,119.46,2588145,5109460,-0.25041736227044836,0
2023-07-28 10:59:29,119.45,9796566,2,119.46,2588145,5109460,-0.29215358931552116,0
2023-07-28 10:59:29,119.4,9796566,5,119.46,2588145,5109460,-0.3338898163605939,0
2023-07-28 10:59:33,119.45,9796859,117,119.46,2575546,5116179,-0.29215358931552116,0
2023-07-28 10:59:33,119.45,9796859,35,119.46,2575546,5116179,-0.29215358931552116,0
2023-07-28 10:59:33,119.45,9796859,592,119.46,2575546,5116179,-0.29215358931552116,0
2023-07-28 10:59:33,119.45,9796859,1,119.46,2575546,5116179,-0.29215358931552116,0
2023-07-28 10:59:38,119.4,9798000,19,119.46,2587361,5108885,-0.3338898163605939,0
2023-07-28 10:59:38,119.45,9798000,2,119.46,2587361,5108885,-0.29215358931552116,0
2023-07-28 10:59:38,119.4,9798000,87,119.46,2587361,5108885,-0.3338898163605939,0
2023-07-28 10:59:38,119.45,9798000,9,119.46,2587361,5108885,-0.29215358931552116,0
2023-07-28 10:59:43,119.4,9798899,314,119.46,2579434,5118212,-0.3338898163605939,0
2023-07-28 10:59:43,119.45,9798899,1,119.46,2579434,5118212,-0.29215358931552116,0
2023-07-28 10:59:43,119.45,9798899,80,119.46,2579434,5118212,-0.29215358931552116,0
2023-07-28 10:59:43,119.45,9798899,35,119.46,2579434,5118212,-0.29215358931552116,0
2023-07-28 10:59:43,119.45,9798899,5,119.46,2579434,5118212,-0.29215358931552116,0
2023-07-28 10:59:47,119.4,9799034,5,119.46,2583950,5116648,-0.3338898163605939,0
2023-07-28 10:59:47,119.4,9799034,250,119.46,2583950,5116648,-0.3338898163605939,0
2023-07-28 10:59:47,119.45,9799034,9,119.46,2583950,5116648,-0.29215358931552116,0
2023-07-28 10:59:47,119.45,9799034,40,119.46,2583950,5116648,-0.29215358931552116,0
2023-07-28 10:59:47,119.4,9799034,1,119.46,2583950,5116648,-0.3338898163605939,0
2023-07-28 10:59:51,119.4,9799643,1,119.46,2583530,5119093,-0.3338898163605939,0
2023-07-28 10:59:51,119.4,9799643,2,119.46,2583530,5119093,-0.3338898163605939,0
2023-07-28 10:59:51,119.45,9799643,64,119.46,2583530,5119093,-0.29215358931552116,0
2023-07-28 10:59:57,119.4,9799749,40,119.46,2583842,5119232,-0.3338898163605939,0
2023-07-28 10:59:57,119.45,9799749,2,119.46,2583842,5119232,-0.29215358931552116,0
2023-07-28 10:59:57,119.45,9799749,2,119.46,2583842,5119232,-0.29215358931552116,0
2023-07-28 10:59:57,119.45,9799749,648,119.46,2583842,5119232,-0.29215358931552116,0
2023-07-28 10:59:57,119.45,9799749,5,119.46,2583842,5119232,-0.29215358931552116,0
2023-07-28 11:00:01,119.45,9801959,2,119.46,2585444,5087199,-0.29215358931552116,0
2023-07-28 11:00:01,119.45,9801959,2,119.46,2585444,5087199,-0.29215358931552116,0
2023-07-28 11:00:01,119.45,9801959,1,119.46,2585444,5087199,-0.29215358931552116,0
2023-07-28 11:00:01,119.45,9801959,1,119.46,2585444,5087199,-0.29215358931552116,0
2023-07-28 11:00:01,119.45,9801959,2,119.46,2585444,5087199,-0.29215358931552116,0
2023-07-28 11:00:01,119.45,9801959,10,119.46,2585444,5087199,-0.29215358931552116,0
2023-07-28 11:00:06,119.45,9803752,10,119.46,2584311,5109055,-0.29215358931552116,0
2023-07-28 11:00:06,119.45,9803752,20,119.46,2584311,5109055,-0.29215358931552116,0
2023-07-28 11:00:06,119.4,9803752,2,119.46,2584311,5109055,-0.3338898163605939,0
2023-07-28 11:00:06,119.45,9803752,20,119.46,2584311,5109055,-0.29215358931552116,0
2023-07-28 11:00:10,119.45,9803844,6,119.46,2586808,5106712,-0.29215358931552116,0
2023-07-28 11:00:10,119.45,9803844,5,119.46,2586808,5106712,-0.29215358931552116,0
2023-07-28 11:00:10,119.4,9803844,2,119.46,2586808,5106712,-0.3338898163605939,0
2023-07-28 11:00:10,119.45,9803844,2,119.46,2586808,5106712,-0.29215358931552116,0
2023-07-28 11:00:10,119.45,9803844,100,119.46,2586808,5106712,-0.29215358931552116,0
2023-07-28 11:00:13,119.45,9804605,100,119.46,2586877,5107128,-0.29215358931552116,0
2023-07-28 11:00:13,119.4,9804605,41,119.46,2586877,5107128,-0.3338898163605939,0
2023-07-28 11:00:13,119.4,9804605,56,119.46,2586877,5107128,-0.3338898163605939,0
2023-07-28 11:00:13,119.4,9804605,6,119.46,2586877,5107128,-0.3338898163605939,0
2023-07-28 11:00:13,119.45,9804605,1,119.46,2586877,5107128,-0.29215358931552116,0
2023-07-28 11:00:19,119.45,9818642,2,119.46,2590806,5109650,-0.29215358931552116,0
2023-07-28 11:00:19,119.45,9818642,2,119.46,2590806,5109650,-0.29215358931552116,0
2023-07-28 11:00:19,119.4,9818642,86,119.46,2590806,5109650,-0.3338898163605939,0
2023-07-28 11:00:19,119.45,9818642,1,119.46,2590806,5109650,-0.29215358931552116,0
2023-07-28 11:00:19,119.4,9818642,7,119.46,2590806,5109650,-0.3338898163605939,0
2023-07-28 11:00:23,119.45,9819483,1,119.46,2584532,5123568,-0.29215358931552116,0
2023-07-28 11:00:23,119.45,9819483,1,119.46,2584532,5123568,-0.29215358931552116,0
2023-07-28 11:00:23,119.45,9819483,1,119.46,2584532,5123568,-0.29215358931552116,0
2023-07-28 11:00:23,119.45,9819483,10,119.46,2584532,5123568,-0.29215358931552116,0
2023-07-28 11:00:27,119.4,9820273,114,119.46,2584075,5122495,-0.3338898163605939,0
2023-07-28 11:00:27,119.4,9820273,1,119.46,2584075,5122495,-0.3338898163605939,0
2023-07-28 11:00:27,119.4,9820273,14,119.46,2584075,5122495,-0.3338898163605939,0
2023-07-28 11:00:27,119.4,9820273,100,119.46,2584075,5122495,-0.3338898163605939,0
2023-07-28 11:00:32,119.35,9821595,3,119.46,2567929,5128035,-0.3756260434056785,0
2023-07-28 11:00:32,119.35,9821595,3,119.46,2567929,5128035,-0.3756260434056785,0
2023-07-28 11:00:32,119.4,9821595,2,119.46,2567929,5128035,-0.3338898163605939,0
2023-07-28 11:00:32,119.35,9821595,30,119.46,2567929,5128035,-0.3756260434056785,0
2023-07-28 11:00:32,119.4,9821595,6,119.46,2567929,5128035,-0.3338898163605939,0
2023-07-28 11:00:35,119.4,9821878,6,119.46,2567023,5123132,-0.3338898163605939,0
2023-07-28 11:00:35,119.4,9821878,100,119.46,2567023,5123132,-0.3338898163605939,0
2023-07-28 11:00:35,119.4,9821878,1,119.46,2567023,5123132,-0.3338898163605939,0
2023-07-28 11:00:35,119.35,9821878,86,119.46,2567023,5123132,-0.3756260434056785,0
2023-07-28 11:00:40,119.4,9822090,6,119.46,2566857,5123198,-0.3338898163605939,0
2023-07-28 11:00:40,119.4,9822090,1,119.46,2566857,5123198,-0.3338898163605939,0
2023-07-28 11:00:40,119.35,9822090,30,119.46,2566857,5123198,-0.3756260434056785,0
2023-07-28 11:00:40,119.4,9822090,2,119.46,2566857,5123198,-0.3338898163605939,0
2023-07-28 11:00:45,119.4,9822747,10,119.46,2569303,5123147,-0.3338898163605939,0
2023-07-28 11:00:45,119.4,9822747,2,119.46,2569303,5123147,-0.3338898163605939,0
2023-07-28 11:00:45,119.35,9822747,100,119.46,2569303,5123147,-0.3756260434056785,0
2023-07-28 11:00:45,119.4,9822747,2,119.46,2569303,5123147,-0.3338898163605939,0
2023-07-28 11:00:49,119.4,9822903,9,119.46,2578310,5123435,-0.3338898163605939,0
2023-07-28 11:00:49,119.4,9822903,59,119.46,2578310,5123435,-0.3338898163605939,0
2023-07-28 11:00:49,119.35,9822903,14,119.46,2578310,5123435,-0.3756260434056785,0
2023-07-28 11:00:49,119.45,9822903,7,119.46,2578310,5123435,-0.29215358931552116,0
2023-07-28 11:00:53,119.4,9852830,2,119.46,2572750,5097621,-0.3338898163605939,0
2023-07-28 11:00:53,119.5,9852830,35,119.46,2572750,5097621,-0.25041736227044836,0
2023-07-28 11:00:53,119.4,9852830,1,119.46,2572750,5097621,-0.3338898163605939,0
2023-07-28 11:00:53,119.5,9852830,52,119.46,2572750,5097621,-0.25041736227044836,0
2023-07-28 11:00:53,119.5,9852830,1,119.46,2572750,5097621,-0.25041736227044836,0
2023-07-28 11:00:53,119.5,9852830,1,119.46,2572750,5097621,-0.25041736227044836,0
2023-07-28 11:00:58,119.45,9853685,5,119.46,2614179,5093259,-0.29215358931552116,0
2023-07-28 11:00:58,119.45,9853685,5,119.46,2614179,5093259,-0.29215358931552116,0
2023-07-28 11:00:58,119.5,9853685,10,119.46,2614179,5093259,-0.25041736227044836,0
2023-07-28 11:00:58,119.5,9853685,10,119.46,2614179,5093259,-0.25041736227044836,0
2023-07-28 11:01:01,119.5,9853814,10,119.46,2613368,5096094,-0.25041736227044836,0
2023-07-28 11:01:01,119.5,9853814,2,119.46,2613368,5096094,-0.25041736227044836,0
2023-07-28 11:01:01,119.45,9853814,8,119.46,2613368,5096094,-0.29215358931552116,0
2023-07-28 11:01:01,119.5,9853814,25,119.46,2613368,5096094,-0.25041736227044836,0
2023-07-28 11:01:01,119.5,9853814,1,119.46,2613368,5096094,-0.25041736227044836,0
2023-07-28 11:01:01,119.5,9853814,1,119.46,2613368,5096094,-0.25041736227044836,0
2023-07-28 11:01:01,119.45,9853814,1,119.46,2613368,5096094,-0.29215358931552116,0
2023-07-28 11:01:01,119.5,9853814,1,119.46,2613368,5096094,-0.25041736227044836,0
2023-07-28 11:01:01,119.45,9853814,1,119.46,2613368,5096094,-0.29215358931552116,0
2023-07-28 11:01:10,119.5,9854337,1,119.46,2603125,5075246,-0.25041736227044836,0
2023-07-28 11:01:10,119.5,9854337,10,119.46,2603125,5075246,-0.25041736227044836,0
2023-07-28 11:01:10,119.5,9854337,32,119.46,2603125,5075246,-0.25041736227044836,0
2023-07-28 11:01:10,119.5,9854337,2,119.46,2603125,5075246,-0.25041736227044836,0
2023-07-28 11:01:10,119.55,9854337,1,119.46,2603125,5075246,-0.20868113522537562,0
2023-07-28 11:01:15,119.55,9867053,30,119.46,2613877,5072643,-0.20868113522537562,0
2023-07-28 11:01:15,119.5,9867053,16,119.46,2613877,5072643,-0.25041736227044836,0
2023-07-28 11:01:15,119.5,9867053,139,119.46,2613877,5072643,-0.25041736227044836,0
2023-07-28 11:01:15,119.55,9867053,20,119.46,2613877,5072643,-0.20868113522537562,0
2023-07-28 11:01:15,119.5,9867053,350,119.46,2613877,5072643,-0.25041736227044836,0
2023-07-28 11:01:20,119.55,9881922,1,119.46,2600013,4990712,-0.20868113522537562,0
2023-07-28 11:01:20,119.5,9881922,85,119.46,2600013,4990712,-0.25041736227044836,0
2023-07-28 11:01:20,119.55,9881922,12,119.46,2600013,4990712,-0.20868113522537562,0
2023-07-28 11:01:20,119.45,9881922,1029,119.46,2600013,4990712,-0.29215358931552116,0
2023-07-28 11:01:22,119.45,9888473,1029,119.46,2598150,5047707,-0.29215358931552116,0
2023-07-28 11:01:22,119.5,9888473,94,119.46,2598150,5047707,-0.25041736227044836,0
2023-07-28 11:01:22,119.55,9888473,4,119.46,2598150,5047707,-0.20868113522537562,0
2023-07-28 11:01:22,119.5,9888473,80,119.46,2598150,5047707,-0.25041736227044836,0
2023-07-28 11:01:22,119.55,9888473,4,119.46,2598150,5047707,-0.20868113522537562,0
2023-07-28 11:01:22,119.55,9888473,20,119.46,2598150,5047707,-0.20868113522537562,0
2023-07-28 11:01:27,119.55,9888690,20,119.46,2617984,5068118,-0.20868113522537562,0
2023-07-28 11:01:27,119.55,9888690,1,119.46,2617984,5068118,-0.20868113522537562,0
2023-07-28 11:01:27,119.55,9888690,3,119.46,2617984,5068118,-0.20868113522537562,0
2023-07-28 11:01:27,119.55,9888690,1,119.46,2617984,5068118,-0.20868113522537562,0
2023-07-28 11:01:27,119.5,9888690,1,119.46,2617984,5068118,-0.25041736227044836,0
2023-07-28 11:01:32,119.55,9888716,3,119.46,2626262,5088274,-0.20868113522537562,0
2023-07-28 11:01:32,119.55,9888716,3,119.46,2626262,5088274,-0.20868113522537562,0
2023-07-28 11:01:32,119.55,9888716,2,119.46,2626262,5088274,-0.20868113522537562,0
2023-07-28 11:01:32,119.55,9888716,1,119.46,2626262,5088274,-0.20868113522537562,0
2023-07-28 11:01:36,119.55,9888739,20,119.46,2626088,5088603,-0.20868113522537562,0
2023-07-28 11:01:36,119.5,9888739,100,119.46,2626088,5088603,-0.25041736227044836,0
2023-07-28 11:01:36,119.55,9888739,2,119.46,2626088,5088603,-0.20868113522537562,0
2023-07-28 11:01:36,119.55,9888739,2,119.46,2626088,5088603,-0.20868113522537562,0
2023-07-28 11:01:40,119.5,9889502,87,119.46,2633245,5088160,-0.25041736227044836,0
2023-07-28 11:01:40,119.5,9889502,23,119.46,2633245,5088160,-0.25041736227044836,0
2023-07-28 11:01:40,119.55,9889502,10,119.46,2633245,5088160,-0.20868113522537562,0
2023-07-28 11:01:40,119.55,9889502,10,119.46,2633245,5088160,-0.20868113522537562,0
2023-07-28 11:01:44,119.55,9890157,4,119.46,2632958,5088928,-0.20868113522537562,0
2023-07-28 11:01:44,119.5,9890157,1,119.46,2632958,5088928,-0.25041736227044836,0
2023-07-28 11:01:44,119.55,9890157,1,119.46,2632958,5088928,-0.20868113522537562,0
2023-07-28 11:01:49,119.55,9891427,1,119.46,2635958,5088622,-0.20868113522537562,0
2023-07-28 11:01:49,119.55,9891427,3,119.46,2635958,5088622,-0.20868113522537562,0
2023-07-28 11:01:49,119.5,9891427,21,119.46,2635958,5088622,-0.25041736227044836,0
2023-07-28 11:01:49,119.5,9891427,4,119.46,2635958,5088622,-0.25041736227044836,0
2023-07-28 11:01:53,119.5,9891465,1,119.46,2642148,5090985,-0.25041736227044836,0
2023-07-28 11:01:53,119.55,9891465,5,119.46,2642148,5090985,-0.20868113522537562,0
2023-07-28 11:01:53,119.55,9891465,1,119.46,2642148,5090985,-0.20868113522537562,0
2023-07-28 11:01:53,119.5,9891465,30,119.46,2642148,5090985,-0.25041736227044836,0
2023-07-28 11:01:55,119.5,9891823,30,119.46,2639799,5088720,-0.25041736227044836,0
2023-07-28 11:01:55,119.55,9891823,1,119.46,2639799,5088720,-0.20868113522537562,0
2023-07-28 11:01:55,119.55,9891823,2,119.46,2639799,5088720,-0.20868113522537562,0
2023-07-28 11:01:55,119.55,9891823,10,119.46,2639799,5088720,-0.20868113522537562,0
2023-07-28 11:01:55,119.5,9891823,85,119.46,2639799,5088720,-0.25041736227044836,0
2023-07-28 11:02:01,119.55,9894939,663,119.46,2685406,5092251,-0.20868113522537562,0
2023-07-28 11:02:01,119.55,9894939,663,119.46,2685406,5092251,-0.20868113522537562,0
2023-07-28 11:02:01,119.55,9894939,100,119.46,2685406,5092251,-0.20868113522537562,0
2023-07-28 11:02:01,119.5,9894939,3,119.46,2685406,5092251,-0.25041736227044836,0
2023-07-28 11:02:05,119.55,9895044,1,119.46,2688387,5091556,-0.20868113522537562,0
2023-07-28 11:02:05,119.5,9895044,1,119.46,2688387,5091556,-0.25041736227044836,0
2023-07-28 11:02:05,119.5,9895044,400,119.46,2688387,5091556,-0.25041736227044836,0
2023-07-28 11:02:05,119.55,9895044,60,119.46,2688387,5091556,-0.20868113522537562,0
2023-07-28 11:02:08,119.55,9895510,60,119.46,2695255,5085063,-0.20868113522537562,0
2023-07-28 11:02:08,119.55,9895510,2,119.46,2695255,5085063,-0.20868113522537562,0
2023-07-28 11:02:08,119.55,9895510,1,119.46,2695255,5085063,-0.20868113522537562,0
2023-07-28 11:02:08,119.5,9895510,8,119.46,2695255,5085063,-0.25041736227044836,0
2023-07-28 11:02:08,119.5,9895510,413,119.46,2695255,5085063,-0.25041736227044836,0
2023-07-28 11:02:08,119.55,9895510,1,119.46,2695255,5085063,-0.20868113522537562,0
2023-07-28 11:02:14,119.55,9897158,20,119.46,2693049,5079415,-0.20868113522537562,0
2023-07-28 11:02:14,119.55,9897158,3,119.46,2693049,5079415,-0.20868113522537562,0
2023-07-28 11:02:14,119.5,9897158,1005,119.46,2693049,5079415,-0.25041736227044836,0
2023-07-28 11:02:19,119.55,9911072,1,119.46,2679519,5086568,-0.20868113522537562,0
2023-07-28 11:02:19,119.55,9911072,1,119.46,2679519,5086568,-0.20868113522537562,0
2023-07-28 11:02:19,119.55,9911072,16,119.46,2679519,5086568,-0.20868113522537562,0
2023-07-28 11:02:19,119.55,9911072,20,119.46,2679519,5086568,-0.20868113522537562,0
2023-07-28 11:02:19,119.55,9911072,20,119.46,2679519,5086568,-0.20868113522537562,0
2023-07-28 11:02:19,119.5,9911072,151,119.46,2679519,5086568,-0.25041736227044836,0
2023-07-28 11:02:19,119.55,9911072,12,119.46,2679519,5086568,-0.20868113522537562,0
2023-07-28 11:02:24,119.5,9911496,100,119.46,2679972,5083902,-0.25041736227044836,0
2023-07-28 11:02:24,119.5,9911496,100,119.46,2679972,5083902,-0.25041736227044836,0
2023-07-28 11:02:24,119.5,9911496,100,119.46,2679972,5083902,-0.25041736227044836,0
2023-07-28 11:02:24,119.55,9911496,557,119.46,2679972,5083902,-0.20868113522537562,0
2023-07-28 11:02:24,119.55,9911496,100,119.46,2679972,5083902,-0.20868113522537562,0
2023-07-28 11:02:24,119.55,9911496,100,119.46,2679972,5083902,-0.20868113522537562,0
2023-07-28 11:02:24,119.55,9911496,45,119.46,2679972,5083902,-0.20868113522537562,0
2023-07-28 11:02:27,119.55,9912849,45,119.46,2681569,5085423,-0.20868113522537562,0
2023-07-28 11:02:27,119.55,9912849,3,119.46,2681569,5085423,-0.20868113522537562,0
2023-07-28 11:02:27,119.5,9912849,100,119.46,2681569,5085423,-0.25041736227044836,0
2023-07-28 11:02:27,119.55,9912849,10,119.46,2681569,5085423,-0.20868113522537562,0
2023-07-28 11:02:27,119.55,9912849,3,119.46,2681569,5085423,-0.20868113522537562,0
2023-07-28 11:02:27,119.5,9912849,2,119.46,2681569,5085423,-0.25041736227044836,0
2023-07-28 11:02:27,119.55,9912849,23,119.46,2681569,5085423,-0.20868113522537562,0
2023-07-28 11:02:38,119.5,9913746,100,119.46,2682553,5088046,-0.25041736227044836,0
2023-07-28 11:02:38,119.5,9913746,2,119.46,2682553,5088046,-0.25041736227044836,0
2023-07-28 11:02:38,119.55,9913746,20,119.46,2682553,5088046,-0.20868113522537562,0
2023-07-28 11:02:38,119.5,9913746,1,119.46,2682553,5088046,-0.25041736227044836,0
2023-07-28 11:02:42,119.5,9914339,300,119.46,2679675,5100257,-0.25041736227044836,0
2023-07-28 11:02:42,119.55,9914339,1,119.46,2679675,5100257,-0.20868113522537562,0
2023-07-28 11:02:42,119.55,9914339,4,119.46,2679675,5100257,-0.20868113522537562,0
2023-07-28 11:02:42,119.5,9914339,16,119.46,2679675,5100257,-0.25041736227044836,0
2023-07-28 11:02:42,119.55,9914339,7,119.46,2679675,5100257,-0.20868113522537562,0
2023-07-28 11:02:47,119.55,9915152,20,119.46,2678902,5101859,-0.20868113522537562,0
2023-07-28 11:02:47,119.55,9915152,8,119.46,2678902,5101859,-0.20868113522537562,0
2023-07-28 11:02:47,119.5,9915152,7,119.46,2678902,5101859,-0.25041736227044836,0
2023-07-28 11:02:51,119.55,9915438,150,119.46,2677384,5103767,-0.20868113522537562,0
2023-07-28 11:02:51,119.55,9915438,150,119.46,2677384,5103767,-0.20868113522537562,0
2023-07-28 11:02:51,119.5,9915438,101,119.46,2677384,5103767,-0.25041736227044836,0
2023-07-28 11:02:51,119.55,9915438,6,119.46,2677384,5103767,-0.20868113522537562,0
2023-07-28 11:02:51,119.5,9915438,100,119.46,2677384,5103767,-0.25041736227044836,0
2023-07-28 11:02:55,119.55,9915765,2,119.46,2677926,5103696,-0.20868113522537562,0
2023-07-28 11:02:55,119.5,9915765,4,119.46,2677926,5103696,-0.25041736227044836,0
2023-07-28 11:02:55,119.5,9915765,52,119.46,2677926,5103696,-0.25041736227044836,0
2023-07-28 11:02:55,119.55,9915765,1,119.46,2677926,5103696,-0.20868113522537562,0
2023-07-28 11:02:59,119.55,9915888,1,119.46,2676325,5105750,-0.20868113522537562,0
2023-07-28 11:02:59,119.5,9915888,86,119.46,2676325,5105750,-0.25041736227044836,0
2023-07-28 11:02:59,119.5,9915888,50,119.46,2676325,5105750,-0.25041736227044836,0
2023-07-28 11:02:59,119.55,9915888,52,119.46,2676325,5105750,-0.20868113522537562,0
2023-07-28 11:02:59,119.55,9915888,1,119.46,2676325,5105750,-0.20868113522537562,0
2023-07-28 11:02:59,119.55,9915888,50,119.46,2676325,5105750,-0.20868113522537562,0
2023-07-28 11:03:03,119.55,9916619,50,119.46,2676561,5112346,-0.20868113522537562,0
2023-07-28 11:03:03,119.5,9916619,83,119.46,2676561,5112346,-0.25041736227044836,0
2023-07-28 11:03:03,119.55,9916619,7,119.46,2676561,5112346,-0.20868113522537562,0
2023-07-28 11:03:08,119.55,9916993,15,119.46,2679397,5112157,-0.20868113522537562,0
2023-07-28 11:03:08,119.5,9916993,3,119.46,2679397,5112157,-0.25041736227044836,0
2023-07-28 11:03:08,119.5,9916993,100,119.46,2679397,5112157,-0.25041736227044836,0
2023-07-28 11:03:08,119.5,9916993,80,119.46,2679397,5112157,-0.25041736227044836,0
2023-07-28 11:03:13,119.5,9923319,561,119.46,2675555,5112197,-0.25041736227044836,0
2023-07-28 11:03:13,119.55,9923319,97,119.46,2675555,5112197,-0.20868113522537562,0
2023-07-28 11:03:13,119.5,9923319,1,119.46,2675555,5112197,-0.25041736227044836,0
2023-07-28 11:03:13,119.55,9923319,3,119.46,2675555,5112197,-0.20868113522537562,0
2023-07-28 11:03:13,119.55,9923319,1,119.46,2675555,5112197,-0.20868113522537562,0
2023-07-28 11:03:17,119.45,9923702,392,119.46,2675321,5114746,-0.29215358931552116,0
2023-07-28 11:03:17,119.55,9923702,5,119.46,2675321,5114746,-0.20868113522537562,0
2023-07-28 11:03:17,119.45,9923702,85,119.46,2675321,5114746,-0.29215358931552116,0
2023-07-28 11:03:21,119.5,9938629,1,119.46,2676776,5108240,-0.25041736227044836,0
2023-07-28 11:03:21,119.55,9938629,14,119.46,2676776,5108240,-0.20868113522537562,0
2023-07-28 11:03:21,119.55,9938629,1,119.46,2676776,5108240,-0.20868113522537562,0
2023-07-28 11:03:21,119.55,9938629,24,119.46,2676776,5108240,-0.20868113522537562,0
2023-07-28 11:03:25,119.55,9938767,5,119.46,2675180,5118037,-0.20868113522537562,0
2023-07-28 11:03:25,119.5,9938767,7,119.46,2675180,5118037,-0.25041736227044836,0
2023-07-28 11:03:25,119.5,9938767,1496,119.46,2675180,5118037,-0.25041736227044836,0
2023-07-28 11:03:25,119.5,9938767,100,119.46,2675180,5118037,-0.25041736227044836,0
2023-07-28 11:03:29,119.5,9943877,100,119.46,2658494,5120760,-0.25041736227044836,0
2023-07-28 11:03:29,119.5,9943877,3,119.46,2658494,5120760,-0.25041736227044836,0
2023-07-28 11:03:29,119.45,9943877,19,119.46,2658494,5120760,-0.29215358931552116,0
2023-07-28 11:03:29,119.45,9943877,1,119.46,2658494,5120760,-0.29215358931552116,0
2023-07-28 11:03:34,119.5,9944024,10,119.46,2660373,5120983,-0.25041736227044836,0
2023-07-28 11:03:34,119.5,9944024,10,119.46,2660373,5120983,-0.25041736227044836,0
2023-07-28 11:03:34,119.5,9944024,2,119.46,2660373,5120983,-0.25041736227044836,0
2023-07-28 11:03:34,119.5,9944024,22,119.46,2660373,5120983,-0.25041736227044836,0
2023-07-28 11:03:34,119.45,9944024,10,119.46,2660373,5120983,-0.29215358931552116,0
2023-07-28 11:03:38,119.45,9944086,10,119.46,2658813,5122232,-0.29215358931552116,0
2023-07-28 11:03:38,119.5,9944086,1,119.46,2658813,5122232,-0.25041736227044836,0
2023-07-28 11:03:38,119.5,9944086,8,119.46,2658813,5122232,-0.25041736227044836,0
2023-07-28 11:03:38,119.5,9944086,20,119.46,2658813,5122232,-0.25041736227044836,0
2023-07-28 11:03:41,119.45,9944314,672,119.46,2658389,5119516,-0.29215358931552116,0
2023-07-28 11:03:41,119.45,9944314,7,119.46,2658389,5119516,-0.29215358931552116,0
2023-07-28 11:03:41,119.4,9944314,100,119.46,2658389,5119516,-0.3338898163605939,0
2023-07-28 11:03:41,119.4,9944314,10,119.46,2658389,5119516,-0.3338898163605939,0
2023-07-28 11:03:41,119.5,9944314,3,119.46,2658389,5119516,-0.25041736227044836,0
2023-07-28 11:03:41,119.5,9944314,6,119.46,2658389,5119516,-0.25041736227044836,0
2023-07-28 11:03:41,119.5,9944314,1,119.46,2658389,5119516,-0.25041736227044836,0
2023-07-28 11:03:41,119.5,9944314,15,119.46,2658389,5119516,-0.25041736227044836,0
2023-07-28 11:03:51,119.5,9950186,50,119.46,2667971,5082238,-0.25041736227044836,0
2023-07-28 11:03:51,119.5,9950186,50,119.46,2667971,5082238,-0.25041736227044836,0
2023-07-28 11:03:51,119.5,9950186,1,119.46,2667971,5082238,-0.25041736227044836,0
2023-07-28 11:03:51,119.45,9950186,200,119.46,2667971,5082238,-0.29215358931552116,0
2023-07-28 11:03:54,119.45,9950507,200,119.46,2666415,5112301,-0.29215358931552116,0
2023-07-28 11:03:54,119.45,9950507,100,119.46,2666415,5112301,-0.29215358931552116,0
2023-07-28 11:03:54,119.45,9950507,30,119.46,2666415,5112301,-0.29215358931552116,0
2023-07-28 11:03:54,119.5,9950507,2,119.46,2666415,5112301,-0.25041736227044836,0
2023-07-28 11:03:54,119.5,9950507,1,119.46,2666415,5112301,-0.25041736227044836,0
2023-07-28 11:03:59,119.45,9950878,1,119.46,2670801,5105205,-0.29215358931552116,0
2023-07-28 11:03:59,119.45,9950878,1,119.46,2670801,5105205,-0.29215358931552116,0
2023-07-28 11:03:59,119.5,9950878,1,119.46,2670801,5105205,-0.25041736227044836,0
2023-07-28 11:03:59,119.5,9950878,4,119.46,2670801,5105205,-0.25041736227044836,0
2023-07-28 11:04:03,119.45,9951187,210,119.46,2672156,5104789,-0.29215358931552116,0
2023-07-28 11:04:03,119.5,9951187,1,119.46,2672156,5104789,-0.25041736227044836,0
2023-07-28 11:04:03,119.45,9951187,2,119.46,2672156,5104789,-0.29215358931552116,0
2023-07-28 11:04:08,119.45,9952206,5,119.46,2672596,5103111,-0.29215358931552116,0
2023-07-28 11:04:08,119.5,9952206,100,119.46,2672596,5103111,-0.25041736227044836,0
2023-07-28 11:04:08,119.45,9952206,5,119.46,2672596,5103111,-0.29215358931552116,0
2023-07-28 11:04:08,119.45,9952206,616,119.46,2672596,5103111,-0.29215358931552116,0
2023-07-28 11:04:11,119.45,9952932,616,119.46,2672611,5101835,-0.29215358931552116,0
2023-07-28 11:04:11,119.45,9952932,50,119.46,2672611,5101835,-0.29215358931552116,0
2023-07-28 11:04:13,119.5,9953634,2,119.46,2673153,5102608,-0.25041736227044836,0
2023-07-28 11:04:13,119.45,9953634,367,119.46,2673153,5102608,-0.29215358931552116,0
2023-07-28 11:04:13,119.45,9953634,1,119.46,2673153,5102608,-0.29215358931552116,0
2023-07-28 11:04:13,119.45,9953634,7,119.46,2673153,5102608,-0.29215358931552116,0
2023-07-28 11:04:20,119.5,9978693,25,119.46,2671052,5092672,-0.25041736227044836,0
2023-07-28 11:04:20,119.5,9978693,30,119.46,2671052,5092672,-0.25041736227044836,0
2023-07-28 11:04:20,119.45,9978693,90,119.46,2671052,5092672,-0.29215358931552116,0
2023-07-28 11:04:20,119.5,9978693,50,119.46,2671052,5092672,-0.25041736227044836,0
2023-07-28 11:04:24,119.5,9982482,25,119.46,2673861,5093778,-0.25041736227044836,0
2023-07-28 11:04:24,119.45,9982482,60,119.46,2673861,5093778,-0.29215358931552116,0
2023-07-28 11:04:24,119.45,9982482,10,119.46,2673861,5093778,-0.29215358931552116,0
2023-07-28 11:04:24,119.5,9982482,2,119.46,2673861,5093778,-0.25041736227044836,0
2023-07-28 11:04:28,119.5,9983770,500,119.46,2677143,5095383,-0.25041736227044836,0
2023-07-28 11:04:28,119.5,9983770,2,119.46,2677143,5095383,-0.25041736227044836,0
2023-07-28 11:04:28,119.5,9983770,30,119.46,2677143,5095383,-0.25041736227044836,0
2023-07-28 11:04:28,119.5,9983770,3,119.46,2677143,5095383,-0.25041736227044836,0
2023-07-28 11:04:31,119.5,9983814,3,119.46,2677093,5095894,-0.25041736227044836,0
2023-07-28 11:04:31,119.5,9983814,2,119.46,2677093,5095894,-0.25041736227044836,0
2023-07-28 11:04:31,119.45,9983814,2,119.46,2677093,5095894,-0.29215358931552116,0
2023-07-28 11:04:31,119.45,9983814,150,119.46,2677093,5095894,-0.29215358931552116,0
2023-07-28 11:04:31,119.5,9983814,15,119.46,2677093,5095894,-0.25041736227044836,0
2023-07-28 11:04:36,119.5,9983983,15,119.46,2677089,5096614,-0.25041736227044836,0
2023-07-28 11:04:36,119.5,9983983,39,119.46,2677089,5096614,-0.25041736227044836,0
2023-07-28 11:04:36,119.45,9983983,3,119.46,2677089,5096614,-0.29215358931552116,0
2023-07-28 11:04:36,119.45,9983983,500,119.46,2677089,5096614,-0.29215358931552116,0
2023-07-28 11:04:36,119.45,9983983,86,119.46,2677089,5096614,-0.29215358931552116,0
2023-07-28 11:04:41,119.5,9984793,1,119.46,2672502,5100015,-0.25041736227044836,0
2023-07-28 11:04:41,119.5,9984793,2,119.46,2672502,5100015,-0.25041736227044836,0
2023-07-28 11:04:41,119.45,9984793,143,119.46,2672502,5100015,-0.29215358931552116,0
2023-07-28 11:04:41,119.5,9984793,1,119.46,2672502,5100015,-0.25041736227044836,0
2023-07-28 11:04:41,119.5,9984793,8,119.46,2672502,5100015,-0.25041736227044836,0
2023-07-28 11:04:46,119.5,9986631,8,119.46,2669396,5100833,-0.25041736227044836,0
2023-07-28 11:04:46,119.5,9986631,40,119.46,2669396,5100833,-0.25041736227044836,0
2023-07-28 11:04:46,119.5,9986631,100,119.46,2669396,5100833,-0.25041736227044836,0
2023-07-28 11:04:46,119.45,9986631,2,119.46,2669396,5100833,-0.29215358931552116,0
2023-07-28 11:04:46,119.5,9986631,30,119.46,2669396,5100833,-0.25041736227044836,0
2023-07-28 11:04:49,119.5,9991303,30,119.46,2673077,5101657,-0.25041736227044836,0
2023-07-28 11:04:49,119.45,9991303,1,119.46,2673077,5101657,-0.29215358931552116,0
2023-07-28 11:04:49,119.5,9991303,2,119.46,2673077,5101657,-0.25041736227044836,0
2023-07-28 11:04:49,119.5,9991303,2,119.46,2673077,5101657,-0.25041736227044836,0
2023-07-28 11:04:54,119.5,9991308,384,119.46,2698042,5102338,-0.25041736227044836,0
2023-07-28 11:04:54,119.5,9991308,1,119.46,2698042,5102338,-0.25041736227044836,0
2023-07-28 11:04:54,119.5,9991308,1,119.46,2698042,5102338,-0.25041736227044836,0
2023-07-28 11:04:54,119.5,9991308,30,119.46,2698042,5102338,-0.25041736227044836,0
2023-07-28 11:04:54,119.45,9991308,20,119.46,2698042,5102338,-0.29215358931552116,0
2023-07-28 11:04:59,119.5,9991761,1,119.46,2699074,5103942,-0.25041736227044836,0
2023-07-28 11:04:59,119.45,9991761,86,119.46,2699074,5103942,-0.29215358931552116,0
2023-07-28 11:04:59,119.5,9991761,36,119.46,2699074,5103942,-0.25041736227044836,0
2023-07-28 11:04:59,119.5,9991761,1,119.46,2699074,5103942,-0.25041736227044836,0
2023-07-28 11:05:03,119.45,9992156,270,119.46,2697564,5105273,-0.29215358931552116,0
2023-07-28 11:05:03,119.45,9992156,9,119.46,2697564,5105273,-0.29215358931552116,0
2023-07-28 11:05:03,119.45,9992156,100,119.46,2697564,5105273,-0.29215358931552116,0
2023-07-28 11:05:03,119.45,9992156,34,119.46,2697564,5105273,-0.29215358931552116,0
2023-07-28 11:05:07,119.45,9992406,34,119.46,2698376,5105236,-0.29215358931552116,0
2023-07-28 11:05:07,119.45,9992406,150,119.46,2698376,5105236,-0.29215358931552116,0
2023-07-28 11:05:07,119.45,9992406,1,119.46,2698376,5105236,-0.29215358931552116,0
2023-07-28 11:05:10,119.45,9992657,1,119.46,2699250,5105336,-0.29215358931552116,0
2023-07-28 11:05:10,119.5,9992657,4,119.46,2699250,5105336,-0.25041736227044836,0
2023-07-28 11:05:10,119.45,9992657,437,119.46,2699250,5105336,-0.29215358931552116,0
2023-07-28 11:05:10,119.5,9992657,1,119.46,2699250,5105336,-0.25041736227044836,0
2023-07-28 11:05:15,119.5,9993261,1,119.46,2699654,5104721,-0.25041736227044836,0
2023-07-28 11:05:15,119.5,9993261,108,119.46,2699654,5104721,-0.25041736227044836,0
2023-07-28 11:05:15,119.5,9993261,6,119.46,2699654,5104721,-0.25041736227044836,0
2023-07-28 11:05:15,119.45,9993261,12802,119.46,2699654,5104721,-0.29215358931552116,0
2023-07-28 11:05:15,119.5,9993261,100,119.46,2699654,5104721,-0.25041736227044836,0
2023-07-28 11:05:18,119.5,10007821,100,119.46,2684911,5106637,-0.25041736227044836,0
2023-07-28 11:05:18,119.45,10007821,1,119.46,2684911,5106637,-0.29215358931552116,0
2023-07-28 11:05:18,119.45,10007821,85,119.46,2684911,5106637,-0.29215358931552116,0
2023-07-28 11:05:18,119.5,10007821,6,119.46,2684911,5106637,-0.25041736227044836,0
2023-07-28 11:05:18,119.5,10007821,80,119.46,2684911,5106637,-0.25041736227044836,0
2023-07-28 11:05:23,119.45,10008129,1,119.46,2687278,5104708,-0.29215358931552116,0
2023-07-28 11:05:23,119.45,10008129,1,119.46,2687278,5104708,-0.29215358931552116,0
2023-07-28 11:05:23,119.45,10008129,3500,119.46,2687278,5104708,-0.29215358931552116,0
2023-07-28 11:05:23,119.45,10008129,3500,119.46,2687278,5104708,-0.29215358931552116,0
2023-07-28 11:05:23,119.45,10008129,45,119.46,2687278,5104708,-0.29215358931552116,0
2023-07-28 11:05:23,119.5,10008129,114,119.46,2687278,5104708,-0.25041736227044836,0
2023-07-28 11:05:23,119.5,10008129,114,119.46,2687278,5104708,-0.25041736227044836,0
2023-07-28 11:05:23,119.45,10008129,20,119.46,2687278,5104708,-0.29215358931552116,0
2023-07-28 11:05:28,119.45,10011904,20,119.46,2684430,5107314,-0.29215358931552116,0
2023-07-28 11:05:28,119.45,10011904,177,119.46,2684430,5107314,-0.29215358931552116,0
2023-07-28 11:05:28,119.45,10011904,5,119.46,2684430,5107314,-0.29215358931552116,0
2023-07-28 11:05:28,119.45,10011904,31,119.46,2684430,5107314,-0.29215358931552116,0
2023-07-28 11:05:32,119.5,10014128,5,119.46,2685400,5105577,-0.25041736227044836,0
2023-07-28 11:05:32,119.45,10014128,5,119.46,2685400,5105577,-0.29215358931552116,0
2023-07-28 11:05:32,119.5,10014128,1,119.46,2685400,5105577,-0.25041736227044836,0
2023-07-28 11:05:32,119.5,10014128,250,119.46,2685400,5105577,-0.25041736227044836,0
2023-07-28 11:05:37,119.45,10014865,253,119.46,2684942,5105812,-0.29215358931552116,0
2023-07-28 11:05:37,119.5,10014865,255,119.46,2684942,5105812,-0.25041736227044836,0
2023-07-28 11:05:37,119.45,10014865,87,119.46,2684942,5105812,-0.29215358931552116,0
2023-07-28 11:05:41,119.5,10015553,1,119.46,2686313,5103913,-0.25041736227044836,0
2023-07-28 11:05:41,119.45,10015553,880,119.46,2686313,5103913,-0.29215358931552116,0
2023-07-28 11:05:41,119.45,10015553,709,119.46,2686313,5103913,-0.29215358931552116,0
2023-07-28 11:05:41,119.5,10015553,1,119.46,2686313,5103913,-0.25041736227044836,0
2023-07-28 11:05:45,119.45,10017149,500,119.46,2682433,5106640,-0.29215358931552116,0
2023-07-28 11:05:45,119.5,10017149,2,119.46,2682433,5106640,-0.25041736227044836,0
2023-07-28 11:05:45,119.5,10017149,2,119.46,2682433,5106640,-0.25041736227044836,0
2023-07-28 11:05:49,119.5,10017681,2,119.46,2677762,5109898,-0.25041736227044836,0
2023-07-28 11:05:49,119.5,10017681,1,119.46,2677762,5109898,-0.25041736227044836,0
2023-07-28 11:05:49,119.5,10017681,12,119.46,2677762,5109898,-0.25041736227044836,0
2023-07-28 11:05:49,119.45,10017681,1649,119.46,2677762,5109898,-0.29215358931552116,0
2023-07-28 11:05:49,119.45,10017681,100,119.46,2677762,5109898,-0.29215358931552116,0
2023-07-28 11:05:53,119.45,10019444,100,119.46,2688999,5084323,-0.29215358931552116,0
2023-07-28 11:05:53,119.45,10019444,500,119.46,2688999,5084323,-0.29215358931552116,0
2023-07-28 11:05:53,119.5,10019444,51,119.46,2688999,5084323,-0.25041736227044836,0
2023-07-28 11:05:53,119.5,10019444,1,119.46,2688999,5084323,-0.25041736227044836,0
2023-07-28 11:05:53,119.45,10019444,2,119.46,2688999,5084323,-0.29215358931552116,0
2023-07-28 11:05:58,119.5,10020350,50,119.46,2688101,5118695,-0.25041736227044836,0
2023-07-28 11:05:58,119.45,10020350,50,119.46,2688101,5118695,-0.29215358931552116,0
2023-07-28 11:05:58,119.45,10020350,85,119.46,2688101,5118695,-0.29215358931552116,0
2023-07-28 11:05:58,119.45,10020350,1,119.46,2688101,5118695,-0.29215358931552116,0
2023-07-28 11:05:58,119.5,10020350,1,119.46,2688101,5118695,-0.25041736227044836,0
2023-07-28 11:06:03,119.45,10020522,4,119.46,2685198,5120416,-0.29215358931552116,0
2023-07-28 11:06:03,119.5,10020522,1,119.46,2685198,5120416,-0.25041736227044836,0
2023-07-28 11:06:03,119.5,10020522,1,119.46,2685198,5120416,-0.25041736227044836,0
2023-07-28 11:06:03,119.45,10020522,100,119.46,2685198,5120416,-0.29215358931552116,0
2023-07-28 11:06:07,119.5,10020820,68,119.46,2686092,5120232,-0.25041736227044836,0
2023-07-28 11:06:07,119.5,10020820,1,119.46,2686092,5120232,-0.25041736227044836,0
2023-07-28 11:06:07,119.5,10020820,15,119.46,2686092,5120232,-0.25041736227044836,0
2023-07-28 11:06:11,119.5,10020905,40,119.46,2686090,5120370,-0.25041736227044836,0
2023-07-28 11:06:11,119.5,10020905,4,119.46,2686090,5120370,-0.25041736227044836,0
2023-07-28 11:06:11,119.5,10020905,50,119.46,2686090,5120370,-0.25041736227044836,0
2023-07-28 11:06:11,119.45,10020905,200,119.46,2686090,5120370,-0.29215358931552116,0
2023-07-28 11:06:14,119.45,10021999,200,119.46,2687687,5121152,-0.29215358931552116,0
2023-07-28 11:06:14,119.45,10021999,2,119.46,2687687,5121152,-0.29215358931552116,0
2023-07-28 11:06:14,119.5,10021999,18,119.46,2687687,5121152,-0.25041736227044836,0
2023-07-28 11:06:14,119.45,10021999,1,119.46,2687687,5121152,-0.29215358931552116,0
2023-07-28 11:06:14,119.45,10021999,2,119.46,2687687,5121152,-0.29215358931552116,0
2023-07-28 11:06:20,119.45,10029045,2,119.46,2676073,5123531,-0.29215358931552116,0
2023-07-28 11:06:20,119.4,10029045,5530,119.46,2676073,5123531,-0.3338898163605939,0
2023-07-28 11:06:20,119.4,10029045,10,119.46,2676073,5123531,-0.3338898163605939,0
2023-07-28 11:06:20,119.45,10029045,3,119.46,2676073,5123531,-0.29215358931552116,0
2023-07-28 11:06:25,119.45,10037141,2,119.46,2668168,5120573,-0.29215358931552116,0
2023-07-28 11:06:25,119.4,10037141,334,119.46,2668168,5120573,-0.3338898163605939,0
2023-07-28 11:06:25,119.45,10037141,8,119.46,2668168,5120573,-0.29215358931552116,0
2023-07-28 11:06:25,119.4,10037141,50,119.46,2668168,5120573,-0.3338898163605939,0
2023-07-28 11:06:30,119.4,10041963,7,119.46,2652881,5130237,-0.3338898163605939,0
2023-07-28 11:06:30,119.4,10041963,132,119.46,2652881,5130237,-0.3338898163605939,0
2023-07-28 11:06:30,119.4,10041963,34,119.46,2652881,5130237,-0.3338898163605939,0
2023-07-28 11:06:33,119.4,10042195,34,119.46,2656531,5132558,-0.3338898163605939,0
2023-07-28 11:06:33,119.35,10042195,3,119.46,2656531,5132558,-0.3756260434056785,0
2023-07-28 11:06:33,119.45,10042195,1,119.46,2656531,5132558,-0.29215358931552116,0
2023-07-28 11:06:33,119.4,10042195,1,119.46,2656531,5132558,-0.3338898163605939,0
2023-07-28 11:06:38,119.45,10042434,143,119.46,2660720,5130467,-0.29215358931552116,0
2023-07-28 11:06:38,119.4,10042434,100,119.46,2660720,5130467,-0.3338898163605939,0
2023-07-28 11:06:38,119.35,10042434,84,119.46,2660720,5130467,-0.3756260434056785,0
2023-07-28 11:06:43,119.35,10043350,12,119.46,2652104,5155050,-0.3756260434056785,0
2023-07-28 11:06:43,119.4,10043350,200,119.46,2652104,5155050,-0.3338898163605939,0
2023-07-28 11:06:43,119.4,10043350,20,119.46,2652104,5155050,-0.3338898163605939,0
2023-07-28 11:06:43,119.4,10043350,4,119.46,2652104,5155050,-0.3338898163605939,0
2023-07-28 11:06:43,119.35,10043350,10,119.46,2652104,5155050,-0.3756260434056785,0
2023-07-28 11:06:47,119.4,10043624,8,119.46,2647390,5159113,-0.3338898163605939,0
2023-07-28 11:06:47,119.35,10043624,2,119.46,2647390,5159113,-0.3756260434056785,0
2023-07-28 11:06:47,119.35,10043624,20,119.46,2647390,5159113,-0.3756260434056785,0
2023-07-28 11:06:47,119.35,10043624,50,119.46,2647390,5159113,-0.3756260434056785,0
2023-07-28 11:06:51,119.35,10044291,100,119.46,2651057,5156949,-0.3756260434056785,0
2023-07-28 11:06:51,119.4,10044291,5,119.46,2651057,5156949,-0.3338898163605939,0
2023-07-28 11:06:51,119.4,10044291,100,119.46,2651057,5156949,-0.3338898163605939,0
2023-07-28 11:06:51,119.4,10044291,1,119.46,2651057,5156949,-0.3338898163605939,0
2023-07-28 11:06:51,119.35,10044291,56,119.46,2651057,5156949,-0.3756260434056785,0
2023-07-28 11:06:56,119.4,10044807,28,119.46,2656163,5156822,-0.3338898163605939,0
2023-07-28 11:06:56,119.4,10044807,5,119.46,2656163,5156822,-0.3338898163605939,0
2023-07-28 11:06:56,119.35,10044807,10,119.46,2656163,5156822,-0.3756260434056785,0
2023-07-28 11:06:56,119.35,10044807,85,119.46,2656163,5156822,-0.3756260434056785,0
2023-07-28 11:07:00,119.35,10045112,86,119.46,2653688,5160316,-0.3756260434056785,0
2023-07-28 11:07:00,119.35,10045112,1,119.46,2653688,5160316,-0.3756260434056785,0
2023-07-28 11:07:00,119.4,10045112,5,119.46,2653688,5160316,-0.3338898163605939,0
2023-07-28 11:07:00,119.35,10045112,10,119.46,2653688,5160316,-0.3756260434056785,0
2023-07-28 11:07:00,119.35,10045112,20,119.46,2653688,5160316,-0.3756260434056785,0
2023-07-28 11:07:04,119.35,10071632,1,119.46,2634142,5127587,-0.3756260434056785,0
2023-07-28 11:07:04,119.3,10071632,212,119.46,2634142,5127587,-0.41736227045075125,0
2023-07-28 11:07:04,119.35,10071632,1,119.46,2634142,5127587,-0.3756260434056785,0
2023-07-28 11:07:04,119.35,10071632,50,119.46,2634142,5127587,-0.3756260434056785,0
2023-07-28 11:07:09,119.35,10072009,13,119.46,2633078,5135248,-0.3756260434056785,0
2023-07-28 11:07:09,119.35,10072009,100,119.46,2633078,5135248,-0.3756260434056785,0
2023-07-28 11:07:09,119.35,10072009,1,119.46,2633078,5135248,-0.3756260434056785,0
2023-07-28 11:07:09,119.3,10072009,150,119.46,2633078,5135248,-0.41736227045075125,0
2023-07-28 11:07:14,119.3,10075190,50,119.46,2629811,5132564,-0.41736227045075125,0
2023-07-28 11:07:14,119.35,10075190,5,119.46,2629811,5132564,-0.3756260434056785,0
2023-07-28 11:07:14,119.3,10075190,10,119.46,2629811,5132564,-0.41736227045075125,0
2023-07-28 11:07:14,119.35,10075190,2,119.46,2629811,5132564,-0.3756260434056785,0
2023-07-28 11:07:14,119.35,10075190,50,119.46,2629811,5132564,-0.3756260434056785,0
2023-07-28 11:07:14,119.3,10075190,80,119.46,2629811,5132564,-0.41736227045075125,0
2023-07-28 11:07:14,119.35,10075190,120,119.46,2629811,5132564,-0.3756260434056785,0
2023-07-28 11:07:14,119.3,10075190,85,119.46,2629811,5132564,-0.41736227045075125,0
2023-07-28 11:07:14,119.3,10075190,1,119.46,2629811,5132564,-0.41736227045075125,0
2023-07-28 11:07:22,119.35,10090680,5,119.46,2622398,5134592,-0.3756260434056785,0
2023-07-28 11:07:22,119.35,10090680,4,119.46,2622398,5134592,-0.3756260434056785,0
2023-07-28 11:07:22,119.35,10090680,250,119.46,2622398,5134592,-0.3756260434056785,0
2023-07-28 11:07:22,119.35,10090680,16,119.46,2622398,5134592,-0.3756260434056785,0
2023-07-28 11:07:26,119.35,10090950,16,119.46,2622649,5138592,-0.3756260434056785,0
2023-07-28 11:07:26,119.3,10090950,27,119.46,2622649,5138592,-0.41736227045075125,0
2023-07-28 11:07:28,119.3,10090977,27,119.46,2622697,5143544,-0.41736227045075125,0
2023-07-28 11:07:28,119.35,10090977,10,119.46,2622697,5143544,-0.3756260434056785,0
2023-07-28 11:07:28,119.35,10090977,10,119.46,2622697,5143544,-0.3756260434056785,0
2023-07-28 11:07:28,119.3,10090977,1,119.46,2622697,5143544,-0.41736227045075125,0
2023-07-28 11:07:34,119.3,10096032,342,119.46,2622986,5154434,-0.41736227045075125,0
2023-07-28 11:07:34,119.35,10096032,6,119.46,2622986,5154434,-0.3756260434056785,0
2023-07-28 11:07:34,119.35,10096032,9,119.46,2622986,5154434,-0.3756260434056785,0
2023-07-28 11:07:34,119.3,10096032,1,119.46,2622986,5154434,-0.41736227045075125,0
2023-07-28 11:07:38,119.3,10099094,1,119.46,2625356,5154972,-0.41736227045075125,0
2023-07-28 11:07:38,119.35,10099094,20,119.46,2625356,5154972,-0.3756260434056785,0
2023-07-28 11:07:38,119.3,10099094,87,119.46,2625356,5154972,-0.41736227045075125,0
2023-07-28 11:07:38,119.3,10099094,2,119.46,2625356,5154972,-0.41736227045075125,0
2023-07-28 11:07:43,119.3,10099939,79,119.46,2624962,5151200,-0.41736227045075125,0
2023-07-28 11:07:43,119.35,10099939,50,119.46,2624962,5151200,-0.3756260434056785,0
2023-07-28 11:07:43,119.35,10099939,30,119.46,2624962,5151200,-0.3756260434056785,0
2023-07-28 11:07:43,119.35,10099939,25,119.46,2624962,5151200,-0.3756260434056785,0
2023-07-28 11:07:48,119.35,10100292,1,119.46,2626119,5151558,-0.3756260434056785,0
2023-07-28 11:07:48,119.35,10100292,1,119.46,2626119,5151558,-0.3756260434056785,0
2023-07-28 11:07:48,119.3,10100292,3,119.46,2626119,5151558,-0.41736227045075125,0
2023-07-28 11:07:48,119.35,10100292,1,119.46,2626119,5151558,-0.3756260434056785,0
2023-07-28 11:07:52,119.35,10100356,5,119.46,2625859,5151477,-0.3756260434056785,0
2023-07-28 11:07:52,119.35,10100356,5,119.46,2625859,5151477,-0.3756260434056785,0
2023-07-28 11:07:52,119.3,10100356,45,119.46,2625859,5151477,-0.41736227045075125,0
2023-07-28 11:07:52,119.35,10100356,5,119.46,2625859,5151477,-0.3756260434056785,0
2023-07-28 11:07:52,119.35,10100356,1,119.46,2625859,5151477,-0.3756260434056785,0
2023-07-28 11:07:52,119.35,10100356,10,119.46,2625859,5151477,-0.3756260434056785,0
2023-07-28 11:07:56,119.35,10100691,10,119.46,2627020,5149985,-0.3756260434056785,0
2023-07-28 11:07:56,119.3,10100691,3,119.46,2627020,5149985,-0.41736227045075125,0
2023-07-28 11:07:56,119.35,10100691,6,119.46,2627020,5149985,-0.3756260434056785,0
2023-07-28 11:07:56,119.35,10100691,2,119.46,2627020,5149985,-0.3756260434056785,0
2023-07-28 11:07:56,119.3,10100691,85,119.46,2627020,5149985,-0.41736227045075125,0
2023-07-28 11:08:01,119.35,10101141,50,119.46,2639870,5146920,-0.3756260434056785,0
2023-07-28 11:08:01,119.35,10101141,5,119.46,2639870,5146920,-0.3756260434056785,0
2023-07-28 11:08:01,119.35,10101141,15,119.46,2639870,5146920,-0.3756260434056785,0
2023-07-28 11:08:01,119.35,10101141,3,119.46,2639870,5146920,-0.3756260434056785,0
2023-07-28 11:08:06,119.35,10101707,3,119.46,2640161,5147742,-0.3756260434056785,0
2023-07-28 11:08:06,119.35,10101707,13,119.46,2640161,5147742,-0.3756260434056785,0
2023-07-28 11:08:06,119.3,10101707,1,119.46,2640161,5147742,-0.41736227045075125,0
2023-07-28 11:08:06,119.35,10101707,5,119.46,2640161,5147742,-0.3756260434056785,0
2023-07-28 11:08:10,119.35,10102399,500,119.46,2618110,5148373,-0.3756260434056785,0
2023-07-28 11:08:10,119.35,10102399,50,119.46,2618110,5148373,-0.3756260434056785,0
2023-07-28 11:08:10,119.35,10102399,2,119.46,2618110,5148373,-0.3756260434056785,0
2023-07-28 11:08:14,119.35,10104412,4,119.46,2644649,5147929,-0.3756260434056785,0
2023-07-28 11:08:14,119.35,10104412,50,119.46,2644649,5147929,-0.3756260434056785,0
2023-07-28 11:08:14,119.35,10104412,81,119.46,2644649,5147929,-0.3756260434056785,0
2023-07-28 11:08:14,119.3,10104412,1,119.46,2644649,5147929,-0.41736227045075125,0
2023-07-28 11:08:14,119.35,10104412,768,119.46,2644649,5147929,-0.3756260434056785,0
2023-07-28 11:08:18,119.35,10120464,768,119.46,2652602,5113149,-0.3756260434056785,0
2023-07-28 11:08:18,119.35,10120464,10,119.46,2652602,5113149,-0.3756260434056785,0
2023-07-28 11:08:18,119.3,10120464,1,119.46,2652602,5113149,-0.41736227045075125,0
2023-07-28 11:08:18,119.35,10120464,50,119.46,2652602,5113149,-0.3756260434056785,0
2023-07-28 11:08:18,119.35,10120464,1,119.46,2652602,5113149,-0.3756260434056785,0
2023-07-28 11:08:23,119.3,10126215,90,119.46,2641650,5143980,-0.41736227045075125,0
2023-07-28 11:08:23,119.3,10126215,10,119.46,2641650,5143980,-0.41736227045075125,0
2023-07-28 11:08:23,119.35,10126215,3,119.46,2641650,5143980,-0.3756260434056785,0
2023-07-28 11:08:23,119.35,10126215,3,119.46,2641650,5143980,-0.3756260434056785,0
2023-07-28 11:08:23,119.35,10126215,1,119.46,2641650,5143980,-0.3756260434056785,0
2023-07-28 11:08:23,119.35,10126215,50,119.46,2641650,5143980,-0.3756260434056785,0
2023-07-28 11:08:23,119.35,10126215,50,119.46,2641650,5143980,-0.3756260434056785,0
2023-07-28 11:08:23,119.35,10126215,1,119.46,2641650,5143980,-0.3756260434056785,0
2023-07-28 11:08:28,119.3,10126787,1,119.46,2645336,5143139,-0.41736227045075125,0
2023-07-28 11:08:28,119.3,10126787,1,119.46,2645336,5143139,-0.41736227045075125,0
2023-07-28 11:08:28,119.35,10126787,4,119.46,2645336,5143139,-0.3756260434056785,0
2023-07-28 11:08:28,119.3,10126787,2,119.46,2645336,5143139,-0.41736227045075125,0
2023-07-28 11:08:28,119.35,10126787,4,119.46,2645336,5143139,-0.3756260434056785,0
2023-07-28 11:08:28,119.35,10126787,50,119.46,2645336,5143139,-0.3756260434056785,0
2023-07-28 11:08:33,119.35,10128849,2,119.46,2607124,5115813,-0.3756260434056785,0
2023-07-28 11:08:33,119.3,10128849,24,119.46,2607124,5115813,-0.41736227045075125,0
2023-07-28 11:08:33,119.3,10128849,1,119.46,2607124,5115813,-0.41736227045075125,0
2023-07-28 11:08:33,119.35,10128849,5,119.46,2607124,5115813,-0.3756260434056785,0
2023-07-28 11:08:33,119.35,10128849,449,119.46,2607124,5115813,-0.3756260434056785,0
2023-07-28 11:08:37,119.35,10129568,449,119.46,2653591,5150823,-0.3756260434056785,0
2023-07-28 11:08:37,119.35,10129568,100,119.46,2653591,5150823,-0.3756260434056785,0
2023-07-28 11:08:37,119.35,10129568,82,119.46,2653591,5150823,-0.3756260434056785,0
2023-07-28 11:08:37,119.3,10129568,3,119.46,2653591,5150823,-0.41736227045075125,0
2023-07-28 11:08:37,119.35,10129568,560,119.46,2653591,5150823,-0.3756260434056785,0
2023-07-28 11:08:42,119.35,10137713,1,119.46,2634513,5139115,-0.3756260434056785,0
2023-07-28 11:08:42,119.35,10137713,500,119.46,2634513,5139115,-0.3756260434056785,0
2023-07-28 11:08:42,119.4,10137713,1,119.46,2634513,5139115,-0.3338898163605939,0
2023-07-28 11:08:46,119.4,10138328,3,119.46,2654760,5149161,-0.3338898163605939,0
2023-07-28 11:08:46,119.4,10138328,1,119.46,2654760,5149161,-0.3338898163605939,0
2023-07-28 11:08:46,119.35,10138328,2,119.46,2654760,5149161,-0.3756260434056785,0
2023-07-28 11:08:46,119.3,10138328,28,119.46,2654760,5149161,-0.41736227045075125,0
2023-07-28 11:08:50,119.4,10140599,1,119.46,2655614,5157487,-0.3338898163605939,0
2023-07-28 11:08:50,119.4,10140599,1,119.46,2655614,5157487,-0.3338898163605939,0
2023-07-28 11:08:50,119.35,10140599,1,119.46,2655614,5157487,-0.3756260434056785,0
2023-07-28 11:08:50,119.4,10140599,25,119.46,2655614,5157487,-0.3338898163605939,0
2023-07-28 11:08:54,119.4,10140626,1,119.46,2652199,5156848,-0.3338898163605939,0
2023-07-28 11:08:54,119.4,10140626,2,119.46,2652199,5156848,-0.3338898163605939,0
