2023-07-28 10:49:28,857.65,685792,100,853.24,183548,304828,0.8940650549967676,0
2023-07-28 10:49:28,857.65,685792,100,853.24,183548,304787,0.8940650549967676,0
2023-07-28 10:49:28,857.8,685792,30,853.24,183556,304828,0.9117110758190695,0
2023-07-28 10:49:31,857.45,686464,85,853.25,180210,306286,0.8705370272337029,0
2023-07-28 10:49:31,857.45,686464,85,853.25,180636,306192,0.8705370272337029,0
2023-07-28 10:49:31,857.45,686464,85,853.25,180468,306247,0.8705370272337029,0
2023-07-28 10:49:34,857.1,686474,10,853.25,180283,306677,0.8293629786483229,0
2023-07-28 10:49:34,857.1,686474,10,853.25,179113,306557,0.8293629786483229,0
2023-07-28 10:49:34,857.1,686474,10,853.25,180460,306551,0.8293629786483229,0
2023-07-28 10:49:34,857.1,686474,10,853.25,180460,306570,0.8293629786483229,0
2023-07-28 10:49:34,857.1,686474,10,853.25,180460,306595,0.8293629786483229,0
2023-07-28 10:49:34,857.1,686474,10,853.25,180396,306503,0.8293629786483229,0
2023-07-28 10:49:34,857.1,686474,10,853.25,180406,306503,0.8293629786483229,0
2023-07-28 10:49:34,857.1,686474,10,853.25,180406,306513,0.8293629786483229,0
2023-07-28 10:49:34,857.1,686474,10,853.25,180406,306513,0.8293629786483229,0
2023-07-28 10:49:44,856.55,686496,2,853.25,180303,306455,0.7646609022998647,0
2023-07-28 10:49:44,856.55,686496,2,853.25,180303,306455,0.7646609022998647,0
2023-07-28 10:49:44,856.55,686496,10,853.25,180291,306455,0.7646609022998647,0
2023-07-28 10:49:46,856.5,686720,200,853.25,179270,306817,0.7587788953591019,0
2023-07-28 10:49:47,856.55,686758,19,853.25,179474,304245,0.7646609022998647,0
2023-07-28 10:49:47,856.55,686758,19,853.25,179474,305081,0.7646609022998647,0
2023-07-28 10:49:47,856.55,686758,9,853.25,179474,305081,0.7646609022998647,0
2023-07-28 10:49:49,856.25,687167,19,853.25,180251,306813,0.729368860655261,0
2023-07-28 10:49:50,856.55,687187,10,853.25,178255,306423,0.7646609022998647,0
2023-07-28 10:49:51,856.5,687237,25,853.25,179622,305960,0.7587788953591019,0
2023-07-28 10:49:51,856.5,687237,25,853.25,179622,305960,0.7587788953591019,0
2023-07-28 10:49:52,856.35,687330,46,853.25,180361,306785,0.7411328745368,0
2023-07-28 10:49:52,856.35,687330,46,853.25,180371,306785,0.7411328745368,0
2023-07-28 10:49:52,856.35,687330,46,853.25,179461,306785,0.7411328745368,0
2023-07-28 10:49:56,856.3,687440,87,853.25,180842,307116,0.7352508675960238,0
2023-07-28 10:49:56,856.3,687440,87,853.25,180855,307051,0.7352508675960238,0
2023-07-28 10:49:56,856.3,687440,87,853.25,180840,307051,0.7352508675960238,0
2023-07-28 10:49:56,856.3,687440,87,853.25,180840,307125,0.7352508675960238,0
2023-07-28 10:50:00,856.5,687450,10,853.25,180827,306765,0.7587788953591019,0
2023-07-28 10:50:00,856.5,687450,10,853.25,180827,306559,0.7587788953591019,0
2023-07-28 10:50:00,856.45,687450,4,853.25,180827,306559,0.7528968884183391,0
2023-07-28 10:50:02,856.45,687458,4,853.25,180829,306493,0.7528968884183391,0
2023-07-28 10:50:02,856.45,687458,9,853.25,180829,306493,0.7528968884183391,0
2023-07-28 10:50:03,856.45,687467,9,853.25,180827,306477,0.7528968884183391,0
2023-07-28 10:50:03,856.45,687467,9,853.25,180827,306498,0.7528968884183391,0
2023-07-28 10:50:06,856.45,687475,4,853.25,180677,307110,0.7528968884183391,0
2023-07-28 10:50:07,856.5,687512,29,853.25,180633,306948,0.7587788953591019,0
2023-07-28 10:50:07,856.9,687512,4,853.25,180633,306948,0.8058349508852448,0
2023-07-28 10:50:07,856.9,687712,4,853.25,180245,306989,0.8058349508852448,0
2023-07-28 10:50:07,856.9,687712,4,853.25,180255,306989,0.8058349508852448,0
2023-07-28 10:50:10,856.8,687726,7,853.25,180257,307191,0.7940709370037057,0
2023-07-28 10:50:10,856.8,687726,7,853.25,180292,307181,0.7940709370037057,0
2023-07-28 10:50:10,856.8,687726,7,853.25,180292,307181,0.7940709370037057,0
2023-07-28 10:50:10,856.8,687726,7,853.25,180256,307186,0.7940709370037057,0
2023-07-28 10:50:10,856.8,687726,7,853.25,180256,307191,0.7940709370037057,0
2023-07-28 10:50:10,856.8,687726,7,853.25,180257,307191,0.7940709370037057,0
2023-07-28 10:50:10,856.8,687726,7,853.25,180371,307191,0.7940709370037057,0
2023-07-28 10:50:16,856.35,687785,7,853.25,180319,306943,0.7411328745368,0
2023-07-28 10:50:16,856.8,687785,3,853.25,180393,307299,0.7940709370037057,0
2023-07-28 10:50:18,856.8,687789,1,853.25,180393,307474,0.7940709370037057,0
2023-07-28 10:50:18,856.8,687789,1,853.25,180393,307513,0.7940709370037057,0
2023-07-28 10:50:20,856.85,687909,3,853.25,180027,307113,0.7999529439444819,0
2023-07-28 10:50:20,856.85,687909,3,853.25,180027,307113,0.7999529439444819,0
2023-07-28 10:50:20,856.85,687909,3,853.25,180021,307113,0.7999529439444819,0
2023-07-28 10:50:20,856.85,687909,3,853.25,180021,307113,0.7999529439444819,0
2023-07-28 10:50:20,856.35,687909,80,853.25,180015,307133,0.7411328745368,0
2023-07-28 10:50:20,856.35,687909,80,853.25,180015,307133,0.7411328745368,0
2023-07-28 10:50:23,856.35,688415,80,853.25,181105,307208,0.7411328745368,0
2023-07-28 10:50:23,856.35,688415,80,853.25,181105,307208,0.7411328745368,0
2023-07-28 10:50:23,856.35,688415,80,853.25,181105,307208,0.7411328745368,0
2023-07-28 10:50:23,856.35,688415,80,853.25,181105,307161,0.7411328745368,0
2023-07-28 10:50:23,856.35,688415,80,853.25,181743,307357,0.7411328745368,0
2023-07-28 10:50:23,856.35,688415,80,853.25,181815,307342,0.7411328745368,0
2023-07-28 10:50:23,856.5,688415,200,853.25,181815,307342,0.7587788953591019,0
2023-07-28 10:50:28,856.5,688615,200,853.26,180174,306736,0.7587788953591019,0
2023-07-28 10:50:30,856.85,688655,20,853.26,180048,306956,0.7999529439444819,0
2023-07-28 10:50:31,856.85,688657,2,853.26,180490,307081,0.7999529439444819,0
2023-07-28 10:50:31,856.85,688657,2,853.26,180490,307081,0.7999529439444819,0
2023-07-28 10:50:31,856.85,688659,2,853.26,180060,307071,0.7999529439444819,0
2023-07-28 10:50:33,856.85,688661,2,853.26,180609,307072,0.7999529439444819,0
2023-07-28 10:50:34,856.8,688681,19,853.26,180436,307473,0.7940709370037057,0
2023-07-28 10:50:34,856.8,688681,19,853.26,179459,307358,0.7940709370037057,0
2023-07-28 10:50:34,856.45,688681,18,853.26,179652,307292,0.7528968884183391,0
2023-07-28 10:50:34,856.45,688681,18,853.26,179652,307292,0.7528968884183391,0
2023-07-28 10:50:37,856.45,688717,18,853.26,179686,307236,0.7528968884183391,0
2023-07-28 10:50:37,856.45,688717,18,853.26,179686,307206,0.7528968884183391,0
2023-07-28 10:50:37,856.45,688717,18,853.26,179686,307240,0.7528968884183391,0
2023-07-28 10:50:37,856.4,688717,4,853.26,179686,307240,0.7470148814775629,0
2023-07-28 10:50:41,856.4,688726,1,853.26,179574,307234,0.7470148814775629,0
2023-07-28 10:50:41,856.4,688727,1,853.26,179570,307224,0.7470148814775629,0
2023-07-28 10:50:42,856.35,688764,4,853.26,178937,307381,0.7411328745368,0
2023-07-28 10:50:42,856.35,688764,4,853.26,178937,307381,0.7411328745368,0
2023-07-28 10:50:42,856.35,688768,14,853.26,179351,307287,0.7411328745368,0
2023-07-28 10:50:43,856.35,688934,14,853.26,177705,306578,0.7411328745368,0
2023-07-28 10:50:43,856.35,688934,14,853.26,177899,306661,0.7411328745368,0
2023-07-28 10:50:43,856.35,688934,8,853.26,177899,306661,0.7411328745368,0
2023-07-28 10:50:46,856.15,688942,11,853.26,177905,306675,0.7176048467737219,0
2023-07-28 10:50:48,856.15,688975,11,853.26,176428,306461,0.7176048467737219,0
2023-07-28 10:50:48,856.15,688975,11,853.26,176428,306461,0.7176048467737219,0
2023-07-28 10:50:49,856.0,688991,1,853.26,170996,304629,0.69995882595142,0
2023-07-28 10:50:49,856.0,688991,1,853.26,175602,306768,0.69995882595142,0
2023-07-28 10:50:49,856.1,688991,4,853.26,175602,306768,0.711722839832959,0
2023-07-28 10:50:51,856.1,689016,10,853.26,176211,306770,0.711722839832959,0
2023-07-28 10:50:51,856.1,689016,4,853.26,176211,306770,0.711722839832959,0
2023-07-28 10:50:52,856.1,689020,4,853.26,176210,306774,0.711722839832959,0
2023-07-28 10:50:52,856.1,689020,4,853.26,176210,306774,0.711722839832959,0
2023-07-28 10:50:52,856.1,689020,1,853.26,176210,306774,0.711722839832959,0
2023-07-28 10:50:54,856.1,689071,1,853.26,177803,306515,0.711722839832959,0
2023-07-28 10:50:56,856.75,689073,2,853.26,177308,306361,0.7881889300629429,0
2023-07-28 10:50:56,856.7,689073,1,853.26,177308,306361,0.78230692312218,0
2023-07-28 10:50:58,856.7,689074,1,853.26,177095,306420,0.78230692312218,0
2023-07-28 10:50:58,856.7,689074,1,853.26,177106,306450,0.78230692312218,0
2023-07-28 10:50:58,856.7,689074,1,853.26,177168,306531,0.78230692312218,0
2023-07-28 10:50:58,856.35,689074,15,853.26,177168,306531,0.7411328745368,0
2023-07-28 10:51:01,856.35,689091,15,853.26,176737,306742,0.7411328745368,0
2023-07-28 10:51:01,856.35,689091,15,853.26,179370,306179,0.7411328745368,0
2023-07-28 10:51:01,856.35,689091,15,853.26,179198,306248,0.7411328745368,0
2023-07-28 10:51:01,856.35,689091,15,853.26,177721,306534,0.7411328745368,0
2023-07-28 10:51:01,856.35,689091,15,853.26,177509,306561,0.7411328745368,0
2023-07-28 10:51:08,856.6,689092,1,853.26,177887,306778,0.770542909240641,0
2023-07-28 10:51:08,856.05,689092,5,853.26,177887,306778,0.7058408328921828,0
2023-07-28 10:51:09,856.05,689097,5,853.26,177839,306933,0.7058408328921828,0
2023-07-28 10:51:09,856.05,689097,5,853.26,173778,306737,0.7058408328921828,0
2023-07-28 10:51:09,856.05,689097,5,853.26,174678,306737,0.7058408328921828,0
2023-07-28 10:51:09,856.65,689097,13,853.26,174678,306737,0.7764249161814039,0
2023-07-28 10:51:13,856.65,689297,13,853.26,178708,306942,0.7764249161814039,0
2023-07-28 10:51:13,856.65,689297,13,853.26,178479,306650,0.7764249161814039,0
2023-07-28 10:51:13,856.65,689297,13,853.26,178556,306885,0.7764249161814039,0
2023-07-28 10:51:13,856.65,689297,13,853.26,179145,306392,0.7764249161814039,0
2023-07-28 10:51:13,856.65,689297,13,853.26,179116,306248,0.7764249161814039,0
2023-07-28 10:51:13,856.65,689297,13,853.26,179281,306248,0.7764249161814039,0
2023-07-28 10:51:19,856.85,689347,35,853.26,179355,306154,0.7999529439444819,0
2023-07-28 10:51:19,856.8,689347,7,853.26,179324,306221,0.7940709370037057,0
2023-07-28 10:51:21,856.8,689354,7,853.26,181036,305494,0.7940709370037057,0
2023-07-28 10:51:22,856.8,689361,7,853.26,181661,305682,0.7940709370037057,0
2023-07-28 10:51:24,856.8,689368,7,853.26,179225,305863,0.7940709370037057,0
2023-07-28 10:51:24,856.8,689375,7,853.26,174969,305914,0.7940709370037057,0
2023-07-28 10:51:24,856.8,689375,7,853.26,174969,305914,0.7940709370037057,0
2023-07-28 10:51:26,856.65,689410,28,853.26,179451,306295,0.7764249161814039,0
2023-07-28 10:51:26,856.65,689410,28,853.26,179404,306544,0.7764249161814039,0
2023-07-28 10:51:26,856.65,689410,28,853.26,179442,306986,0.7764249161814039,0
2023-07-28 10:51:26,857.2,689410,1,853.26,179442,306986,0.8411269925298619,0
2023-07-28 10:51:29,857.45,689544,1,853.26,180783,300968,0.8705370272337029,0
2023-07-28 10:51:29,857.45,689544,1,853.26,181446,305390,0.8705370272337029,0
2023-07-28 10:51:29,857.45,689544,1,853.26,181468,305399,0.8705370272337029,0
2023-07-28 10:51:32,857.45,689548,1,853.26,182029,305226,0.8705370272337029,0
2023-07-28 10:51:32,857.45,689549,1,853.26,182161,305238,0.8705370272337029,0
2023-07-28 10:51:35,857.25,689563,10,853.26,181960,305238,0.8470089994706248,0
2023-07-28 10:51:35,857.2,689563,26,853.26,182008,305238,0.8411269925298619,0
2023-07-28 10:51:36,857.2,689589,26,853.26,181448,305584,0.8411269925298619,0
2023-07-28 10:51:36,857.2,689589,26,853.26,181496,305719,0.8411269925298619,0
2023-07-28 10:51:36,857.2,689589,26,853.26,181373,305602,0.8411269925298619,0
2023-07-28 10:51:36,857.5,689589,1,853.26,181494,305466,0.8764190341744658,0
2023-07-28 10:51:40,857.5,689690,1,853.26,181540,305582,0.8764190341744658,0
2023-07-28 10:51:40,857.5,689690,1,853.26,181538,305582,0.8764190341744658,0
2023-07-28 10:51:40,857.4,689690,1,853.26,181538,305582,0.8646550202929266,0
2023-07-28 10:51:42,857.4,689691,1,853.26,181538,305582,0.8646550202929266,0
2023-07-28 10:51:42,857.4,689691,1,853.26,181538,305582,0.8646550202929266,0
2023-07-28 10:51:43,857.4,689692,1,853.26,181764,305503,0.8646550202929266,0
2023-07-28 10:51:46,857.2,689694,2,853.26,181653,305401,0.8411269925298619,0
2023-07-28 10:51:46,857.2,689694,52,853.26,181653,305401,0.8411269925298619,0
2023-07-28 10:51:46,857.2,689746,52,853.26,181851,305209,0.8411269925298619,0
2023-07-28 10:51:46,857.2,689746,52,853.26,181343,305572,0.8411269925298619,0
2023-07-28 10:51:46,857.2,689746,52,853.26,181345,305650,0.8411269925298619,0
2023-07-28 10:51:46,857.2,689746,52,853.26,181335,305567,0.8411269925298619,0
2023-07-28 10:51:46,857.2,689746,52,853.26,181467,305539,0.8411269925298619,0
2023-07-28 10:51:46,857.2,689746,52,853.26,181478,305539,0.8411269925298619,0
2023-07-28 10:51:46,857.2,689746,52,853.26,181482,305539,0.8411269925298619,0
2023-07-28 10:51:46,857.2,689746,52,853.26,181511,305406,0.8411269925298619,0
2023-07-28 10:51:46,857.2,689746,52,853.26,181209,305879,0.8411269925298619,0
2023-07-28 10:51:46,857.2,689746,52,853.26,180011,306154,0.8411269925298619,0
2023-07-28 10:51:56,857.2,689864,80,853.26,179668,306737,0.8411269925298619,0
2023-07-28 10:51:56,857.2,689864,80,853.26,179799,306287,0.8411269925298619,0
2023-07-28 10:51:56,857.2,689864,80,853.26,179744,306284,0.8411269925298619,0
2023-07-28 10:51:56,857.2,689864,80,853.26,179819,306284,0.8411269925298619,0
2023-07-28 10:51:56,857.2,689864,80,853.26,179929,306207,0.8411269925298619,0
2023-07-28 10:51:56,857.2,689864,80,853.26,179947,306706,0.8411269925298619,0
2023-07-28 10:51:56,857.2,689864,80,853.26,179947,306712,0.8411269925298619,0
2023-07-28 10:51:56,857.2,689864,80,853.26,179947,306719,0.8411269925298619,0
2023-07-28 10:51:56,857.2,689864,80,853.26,179947,306827,0.8411269925298619,0
2023-07-28 10:51:56,857.2,689864,80,853.26,179947,306827,0.8411269925298619,0
2023-07-28 10:52:06,857.25,690071,36,853.26,180625,306213,0.8470089994706248,0
2023-07-28 10:52:06,857.25,690071,36,853.26,180625,306218,0.8470089994706248,0
2023-07-28 10:52:08,856.8,690073,2,853.26,180479,306480,0.7940709370037057,0
2023-07-28 10:52:08,856.8,690073,2,853.26,180485,306659,0.7940709370037057,0
2023-07-28 10:52:08,856.8,690073,2,853.26,180436,306561,0.7940709370037057,0
2023-07-28 10:52:08,856.8,690073,85,853.26,180436,306561,0.7940709370037057,0
2023-07-28 10:52:12,856.8,690173,85,853.26,180395,306786,0.7940709370037057,0
2023-07-28 10:52:12,856.8,690173,85,853.26,179437,306917,0.7940709370037057,0
2023-07-28 10:52:12,856.8,690173,85,853.26,179437,306902,0.7940709370037057,0
2023-07-28 10:52:12,856.8,690173,85,853.26,179437,306897,0.7940709370037057,0
2023-07-28 10:52:12,856.8,690173,85,853.26,179439,306794,0.7940709370037057,0
2023-07-28 10:52:12,856.8,690173,3,853.26,179439,306794,0.7940709370037057,0
2023-07-28 10:52:16,856.8,690184,3,853.26,179462,306598,0.7940709370037057,0
2023-07-28 10:52:17,856.8,690214,30,853.26,179478,306715,0.7940709370037057,0
2023-07-28 10:52:17,856.8,690214,30,853.26,179606,306678,0.7940709370037057,0
2023-07-28 10:52:17,856.8,690214,1,853.26,179606,306678,0.7940709370037057,0
2023-07-28 10:52:19,856.75,690220,3,853.26,179767,306595,0.7881889300629429,0
2023-07-28 10:52:20,856.75,690226,3,853.26,179767,306533,0.7881889300629429,0
2023-07-28 10:52:20,856.75,690226,3,853.26,179797,306533,0.7881889300629429,0
2023-07-28 10:52:20,856.75,690226,3,853.26,179797,306533,0.7881889300629429,0
2023-07-28 10:52:20,856.75,690226,5,853.26,179797,306533,0.7881889300629429,0
2023-07-28 10:52:23,856.75,690236,5,853.26,179795,306531,0.7881889300629429,0
2023-07-28 10:52:23,856.75,690236,5,853.26,177163,306937,0.7881889300629429,0
2023-07-28 10:52:23,856.65,690236,9,853.26,177163,306937,0.7764249161814039,0
2023-07-28 10:52:26,856.65,690245,9,853.26,177251,306724,0.7764249161814039,0
2023-07-28 10:52:26,856.65,690245,9,853.26,177251,306724,0.7764249161814039,0
2023-07-28 10:52:26,856.65,690245,9,853.26,177309,306724,0.7764249161814039,0
2023-07-28 10:52:26,856.65,690245,9,853.26,177309,306779,0.7764249161814039,0
2023-07-28 10:52:26,856.9,690245,1,853.26,177281,306622,0.8058349508852448,0
2023-07-28 10:52:26,856.9,690245,1,853.26,177281,306622,0.8058349508852448,0
2023-07-28 10:52:31,856.9,690247,1,853.26,177178,306539,0.8058349508852448,0
2023-07-28 10:52:31,856.9,690247,1,853.26,177129,307094,0.8058349508852448,0
2023-07-28 10:52:31,856.9,690247,1,853.26,177312,306841,0.8058349508852448,0
2023-07-28 10:52:31,856.9,690247,1,853.26,177312,307682,0.8058349508852448,0
2023-07-28 10:52:31,856.9,690247,1,853.26,177366,307440,0.8058349508852448,0
2023-07-28 10:52:31,856.9,690247,1,853.26,177646,307216,0.8058349508852448,0
2023-07-28 10:52:31,856.9,690247,1,853.26,177832,306676,0.8058349508852448,0
2023-07-28 10:52:31,857.05,690247,1,853.26,177832,306782,0.8234809717075466,0
2023-07-28 10:52:31,857.05,690247,1,853.26,177832,306782,0.8234809717075466,0
2023-07-28 10:52:40,857.05,690249,1,853.26,177822,306748,0.8234809717075466,0
2023-07-28 10:52:40,856.8,690249,4,853.26,177822,306748,0.7940709370037057,0
2023-07-28 10:52:43,857.05,690266,1,853.26,177866,306767,0.8234809717075466,0
2023-07-28 10:52:44,857.1,690362,57,853.26,177975,306729,0.8293629786483229,0
2023-07-28 10:52:44,857.15,691262,900,853.27,178672,305780,0.8352449855890857,0
2023-07-28 10:52:44,857.15,691262,900,853.27,178894,306086,0.8352449855890857,0
2023-07-28 10:52:44,857.15,691262,900,853.27,177802,306512,0.8352449855890857,0
2023-07-28 10:52:44,857.15,691262,900,853.27,177452,306735,0.8352449855890857,0
2023-07-28 10:52:48,857.2,691312,40,853.27,178212,305915,0.8411269925298619,0
2023-07-28 10:52:48,857.2,691312,40,853.27,178165,306245,0.8411269925298619,0
2023-07-28 10:52:48,857.2,691312,40,853.27,178135,306673,0.8411269925298619,0
2023-07-28 10:52:48,857.2,691312,40,853.27,178135,306673,0.8411269925298619,0
2023-07-28 10:52:48,857.05,691312,1,853.27,178135,306673,0.8234809717075466,0
2023-07-28 10:52:52,857.05,691313,1,853.27,178134,306673,0.8234809717075466,0
2023-07-28 10:52:52,857.3,691313,28,853.27,178477,306306,0.8528910064113876,0
2023-07-28 10:52:54,857.3,691369,28,853.27,177992,307029,0.8528910064113876,0
2023-07-28 10:52:54,857.3,691369,28,853.27,178184,306902,0.8528910064113876,0
2023-07-28 10:52:54,857.05,691369,28,853.27,178184,306902,0.8234809717075466,0
2023-07-28 10:52:57,857.05,691474,28,853.27,178561,307034,0.8234809717075466,0
2023-07-28 10:52:57,857.0,691474,51,853.27,178561,307034,0.8175989647667838,0
2023-07-28 10:52:57,857.0,691525,51,853.27,178506,306314,0.8175989647667838,0
2023-07-28 10:52:59,857.05,691555,30,853.27,178506,306321,0.8234809717075466,0
2023-07-28 10:52:59,857.05,691555,52,853.27,178506,306321,0.8234809717075466,0
2023-07-28 10:53:01,857.2,691752,3,853.27,178298,305793,0.8411269925298619,0
2023-07-28 10:53:01,857.2,691752,3,853.27,178374,305793,0.8411269925298619,0
2023-07-28 10:53:01,857.2,691752,3,853.27,178680,306056,0.8411269925298619,0
2023-07-28 10:53:01,857.2,691752,3,853.27,178732,305982,0.8411269925298619,0
2023-07-28 10:53:06,857.6,691952,11,853.27,179273,306050,0.8881830480560048,0
2023-07-28 10:53:07,857.65,692261,203,853.28,178978,306542,0.8940650549967676,0
2023-07-28 10:53:07,857.65,692261,203,853.28,179073,306542,0.8940650549967676,0
2023-07-28 10:53:07,857.65,692261,203,853.28,178989,306608,0.8940650549967676,0
2023-07-28 10:53:07,857.65,692261,203,853.28,178989,306713,0.8940650549967676,0
2023-07-28 10:53:07,857.65,692261,203,853.28,179932,306511,0.8940650549967676,0
2023-07-28 10:53:14,857.6,692275,14,853.28,179833,306571,0.8881830480560048,0
2023-07-28 10:53:16,857.2,692358,32,853.28,178697,306690,0.8411269925298619,0
2023-07-28 10:53:17,857.2,692374,16,853.28,177975,306723,0.8411269925298619,0
2023-07-28 10:53:17,857.2,692390,16,853.28,178642,306544,0.8411269925298619,0
2023-07-28 10:53:18,857.6,692490,57,853.28,179806,306060,0.8881830480560048,0
2023-07-28 10:53:18,857.6,692490,57,853.28,180010,306057,0.8881830480560048,0
2023-07-28 10:53:20,857.1,692510,20,853.28,180972,306559,0.8293629786483229,0
2023-07-28 10:53:20,857.1,692510,20,853.28,180972,306559,0.8293629786483229,0
2023-07-28 10:53:22,857.3,692522,12,853.28,181772,306447,0.8528910064113876,0
2023-07-28 10:53:22,857.55,692522,2,853.28,181772,306447,0.8823010411152286,0
2023-07-28 10:53:22,857.55,692522,2,853.28,181772,306447,0.8823010411152286,0
2023-07-28 10:53:24,857.65,692594,14,853.28,180204,306370,0.8940650549967676,0
2023-07-28 10:53:24,857.65,692594,14,853.28,180204,306370,0.8940650549967676,0
2023-07-28 10:53:24,857.65,692594,14,853.28,179523,306429,0.8940650549967676,0
2023-07-28 10:53:24,857.65,692594,14,853.28,179523,306429,0.8940650549967676,0
2023-07-28 10:53:24,857.65,692594,14,853.28,179523,306430,0.8940650549967676,0
2023-07-28 10:53:27,857.6,692606,12,853.28,178005,307738,0.8881830480560048,0
2023-07-28 10:53:28,857.75,693266,24,853.28,178505,306893,0.9058290688783067,0
2023-07-28 10:53:28,857.75,693266,24,853.28,178267,307182,0.9058290688783067,0
2023-07-28 10:53:28,857.75,693266,24,853.28,178605,306819,0.9058290688783067,0
2023-07-28 10:53:28,857.2,693266,1,853.28,178605,306819,0.8411269925298619,0
2023-07-28 10:53:31,857.2,693267,1,853.28,179284,306880,0.8411269925298619,0
2023-07-28 10:53:31,857.2,693267,1,853.28,179352,306944,0.8411269925298619,0
2023-07-28 10:53:31,857.2,693267,1,853.28,179387,306915,0.8411269925298619,0
2023-07-28 10:53:31,857.2,693267,1,853.28,179521,306666,0.8411269925298619,0
2023-07-28 10:53:36,857.25,693450,19,853.28,178866,307327,0.8470089994706248,0
2023-07-28 10:53:36,857.0,693502,27,853.28,177589,307595,0.8175989647667838,0
2023-07-28 10:53:36,857.2,693502,84,853.28,177589,307595,0.8411269925298619,0
2023-07-28 10:53:37,857.2,693796,84,853.28,177748,307176,0.8411269925298619,0
2023-07-28 10:53:37,857.2,693796,84,853.28,177285,306900,0.8411269925298619,0
2023-07-28 10:53:37,857.2,693796,84,853.28,177450,307615,0.8411269925298619,0
2023-07-28 10:53:40,857.15,693816,10,853.28,177190,307826,0.8352449855890857,0
2023-07-28 10:53:41,857.15,693859,25,853.29,177336,307751,0.8352449855890857,0
2023-07-28 10:53:42,857.0,693866,7,853.29,177124,307661,0.8175989647667838,0
2023-07-28 10:53:42,857.0,693866,7,853.29,177124,307651,0.8175989647667838,0
2023-07-28 10:53:44,857.15,693890,9,853.29,177515,307553,0.8352449855890857,0
2023-07-28 10:53:44,857.25,693890,1,853.29,177515,307553,0.8470089994706248,0
2023-07-28 10:53:45,857.25,693892,1,853.29,177306,307585,0.8470089994706248,0
2023-07-28 10:53:45,857.3,693892,10,853.29,177306,307749,0.8528910064113876,0
2023-07-28 10:53:47,857.3,693912,10,853.29,177586,307950,0.8528910064113876,0
2023-07-28 10:53:48,857.45,693962,2,853.29,177535,308076,0.8705370272337029,0
2023-07-28 10:53:48,857.45,693962,2,853.29,177535,308073,0.8705370272337029,0
2023-07-28 10:53:48,857.4,693962,2,853.29,177520,308073,0.8646550202929266,0
2023-07-28 10:53:51,857.4,693966,2,853.29,177757,308051,0.8646550202929266,0
2023-07-28 10:53:51,857.4,693966,2,853.29,177762,308051,0.8646550202929266,0
2023-07-28 10:53:51,857.4,693966,10,853.29,177762,308051,0.8646550202929266,0
2023-07-28 10:53:54,857.4,693990,8,853.29,177796,308190,0.8646550202929266,0
2023-07-28 10:53:54,857.4,693990,8,853.29,177755,309190,0.8646550202929266,0
2023-07-28 10:53:54,857.0,693990,10,853.29,177755,309190,0.8175989647667838,0
2023-07-28 10:53:56,857.0,694000,10,853.29,177692,309181,0.8175989647667838,0
2023-07-28 10:53:56,857.4,694000,50,853.29,177692,309181,0.8646550202929266,0
2023-07-28 10:53:57,857.45,694123,52,853.29,177707,309074,0.8705370272337029,0
2023-07-28 10:53:58,857.45,694143,13,853.29,177743,308942,0.8705370272337029,0
2023-07-28 10:54:00,857.4,694153,5,853.29,177770,308947,0.8646550202929266,0
2023-07-28 10:54:00,857.4,694153,5,853.29,177770,308947,0.8646550202929266,0
2023-07-28 10:54:00,857.4,694153,10,853.29,177828,308912,0.8646550202929266,0
2023-07-28 10:54:01,857.4,694163,10,853.29,177941,308795,0.8646550202929266,0
2023-07-28 10:54:03,857.4,694263,5,853.29,177576,309299,0.8646550202929266,0
2023-07-28 10:54:03,857.4,694263,5,853.29,177576,309299,0.8646550202929266,0
2023-07-28 10:54:03,857.4,694273,5,853.29,177524,309565,0.8646550202929266,0
2023-07-28 10:54:03,857.4,694273,5,853.29,177546,309556,0.8646550202929266,0
2023-07-28 10:54:03,857.4,694273,5,853.29,177546,309564,0.8646550202929266,0
2023-07-28 10:54:03,857.4,694273,5,853.29,177546,309557,0.8646550202929266,0
2023-07-28 10:54:03,857.4,694273,82,853.29,177546,309557,0.8646550202929266,0
2023-07-28 10:54:08,857.4,694498,82,853.29,177531,309465,0.8646550202929266,0
2023-07-28 10:54:10,857.35,694514,8,853.29,177597,309247,0.8587730133521638,0
2023-07-28 10:54:10,857.35,694514,5,853.29,177597,309247,0.8587730133521638,0
2023-07-28 10:54:10,857.35,694569,5,853.29,177529,309483,0.8587730133521638,0
2023-07-28 10:54:12,857.0,694570,1,853.29,177426,309444,0.8175989647667838,0
2023-07-28 10:54:12,857.0,694570,1,853.29,177859,308636,0.8175989647667838,0
2023-07-28 10:54:12,857.0,694570,1,853.29,177956,308751,0.8175989647667838,0
2023-07-28 10:54:15,857.35,694580,10,853.29,177957,308756,0.8587730133521638,0
2023-07-28 10:54:16,857.0,694626,11,853.29,177871,308687,0.8175989647667838,0
2023-07-28 10:54:16,857.0,694626,11,853.29,177497,309321,0.8175989647667838,0
2023-07-28 10:54:16,857.0,694626,11,853.29,177521,309621,0.8175989647667838,0
2023-07-28 10:54:16,857.35,694626,1,853.29,177521,309621,0.8587730133521638,0
2023-07-28 10:54:19,857.35,694627,12,853.29,177512,309306,0.8587730133521638,0
2023-07-28 10:54:20,857.35,694639,2,853.29,177699,308800,0.8587730133521638,0
2023-07-28 10:54:21,857.35,694643,2,853.29,177730,308928,0.8587730133521638,0
2023-07-28 10:54:21,857.35,694643,50,853.29,177730,308928,0.8587730133521638,0
2023-07-28 10:54:23,856.95,694715,12,853.29,173577,309518,0.8117169578260209,0
2023-07-28 10:54:23,856.95,694715,12,853.29,178077,309547,0.8117169578260209,0
2023-07-28 10:54:23,856.95,694715,12,853.29,178077,309407,0.8117169578260209,0
2023-07-28 10:54:23,856.95,694715,12,853.29,178077,309405,0.8117169578260209,0
2023-07-28 10:54:23,856.8,694715,14,853.29,178077,309405,0.7940709370037057,0
2023-07-28 10:54:26,856.8,694787,24,853.29,178313,308730,0.7940709370037057,0
2023-07-28 10:54:26,856.8,694787,24,853.29,177651,308740,0.7940709370037057,0
2023-07-28 10:54:26,856.8,694787,24,853.29,177858,309060,0.7940709370037057,0
2023-07-28 10:54:26,856.8,694787,24,853.29,178001,308880,0.7940709370037057,0
2023-07-28 10:54:26,856.8,694787,24,853.29,178021,308880,0.7940709370037057,0
2023-07-28 10:54:26,856.8,694787,24,853.29,178021,308995,0.7940709370037057,0
2023-07-28 10:54:26,856.8,694787,24,853.29,178220,309067,0.7940709370037057,0
2023-07-28 10:54:26,856.85,694787,55,853.29,178220,309067,0.7999529439444819,0
2023-07-28 10:54:34,856.85,694842,55,853.29,178199,309067,0.7999529439444819,0
2023-07-28 10:54:36,856.85,694848,2,853.29,177956,309490,0.7999529439444819,0
2023-07-28 10:54:36,856.85,694848,2,853.29,177956,309589,0.7999529439444819,0
2023-07-28 10:54:36,856.85,694848,2,853.29,177887,310201,0.7999529439444819,0
2023-07-28 10:54:36,856.85,694848,42,853.29,177887,310744,0.7999529439444819,0
2023-07-28 10:54:40,856.85,694898,42,853.29,177815,310919,0.7999529439444819,0
2023-07-28 10:54:40,856.85,694898,42,853.29,177815,310920,0.7999529439444819,0
2023-07-28 10:54:43,857.25,694918,6,853.29,177921,310902,0.8470089994706248,0
2023-07-28 10:54:44,857.25,694938,20,853.29,178039,310580,0.8470089994706248,0
2023-07-28 10:54:45,857.25,694951,13,853.29,178514,310462,0.8470089994706248,0
2023-07-28 10:54:45,857.25,694951,13,853.29,178337,310478,0.8470089994706248,0
2023-07-28 10:54:45,857.25,694951,13,853.29,178222,310525,0.8470089994706248,0
2023-07-28 10:54:45,857.4,694951,3,853.29,178427,310307,0.8646550202929266,0
2023-07-28 10:54:50,857.4,694957,3,853.29,178427,310479,0.8646550202929266,0
2023-07-28 10:54:50,857.4,694957,3,853.29,178494,311158,0.8646550202929266,0
2023-07-28 10:54:50,857.4,694957,3,853.29,178551,311594,0.8646550202929266,0
2023-07-28 10:54:53,857.4,694963,3,853.29,178541,311527,0.8646550202929266,0
2023-07-28 10:54:53,857.4,694963,3,853.29,178637,311527,0.8646550202929266,0
2023-07-28 10:54:53,857.4,694963,3,853.29,178541,311527,0.8646550202929266,0
2023-07-28 10:54:53,857.25,694963,1,853.29,178541,311527,0.8470089994706248,0
2023-07-28 10:54:58,857.45,695085,39,853.29,178605,312870,0.8705370272337029,0
2023-07-28 10:54:59,857.25,695185,59,853.29,177829,313040,0.8470089994706248,0
2023-07-28 10:54:59,857.4,695254,10,853.29,177828,313333,0.8646550202929266,0
2023-07-28 10:54:59,857.4,695254,10,853.29,177812,313901,0.8646550202929266,0
2023-07-28 10:54:59,857.4,695254,10,853.29,177812,313833,0.8646550202929266,0
2023-07-28 10:54:59,857.4,695254,10,853.29,177812,313833,0.8646550202929266,0
2023-07-28 10:54:59,857.35,695254,2,853.29,177812,313833,0.8587730133521638,0
2023-07-28 10:55:03,857.35,695267,1,853.29,177812,313923,0.8587730133521638,0
2023-07-28 10:55:03,857.35,695267,1,853.29,177662,313908,0.8587730133521638,0
2023-07-28 10:55:06,857.05,695281,14,853.29,177442,313906,0.8234809717075466,0
2023-07-28 10:55:06,857.05,695282,1,853.29,177437,314329,0.8234809717075466,0
2023-07-28 10:55:06,857.05,695282,1,853.29,177953,314421,0.8234809717075466,0
2023-07-28 10:55:06,857.05,695282,1,853.29,177953,314386,0.8234809717075466,0
2023-07-28 10:55:06,857.05,695282,1,853.29,177948,314450,0.8234809717075466,0
2023-07-28 10:55:06,857.05,695282,1,853.29,177442,313930,0.8234809717075466,0
2023-07-28 10:55:06,856.85,695282,40,853.29,177442,313930,0.7999529439444819,0
2023-07-28 10:55:12,856.85,695322,40,853.29,176706,313868,0.7999529439444819,0
2023-07-28 10:55:12,856.85,695322,40,853.29,176664,313890,0.7999529439444819,0
2023-07-28 10:55:15,857.0,695332,10,853.29,176703,313796,0.8175989647667838,0
2023-07-28 10:55:15,857.0,695332,10,853.29,176644,313861,0.8175989647667838,0
2023-07-28 10:55:15,857.0,695332,10,853.29,176644,313897,0.8175989647667838,0
2023-07-28 10:55:15,857.25,695332,9,853.29,176644,313897,0.8470089994706248,0
2023-07-28 10:55:19,857.25,695532,9,853.29,176987,313798,0.8470089994706248,0
2023-07-28 10:55:20,856.9,695552,10,853.29,176939,313857,0.8058349508852448,0
2023-07-28 10:55:20,856.9,695552,10,853.29,172218,313401,0.8058349508852448,0
2023-07-28 10:55:20,856.9,695552,10,853.29,178521,313200,0.8058349508852448,0
2023-07-28 10:55:20,856.9,695552,10,853.29,178584,313145,0.8058349508852448,0
2023-07-28 10:55:26,857.0,695598,6,853.29,178396,313210,0.8175989647667838,0
2023-07-28 10:55:26,857.0,695598,6,853.29,178407,313193,0.8175989647667838,0
2023-07-28 10:55:26,857.0,695598,6,853.29,178407,313205,0.8175989647667838,0
2023-07-28 10:55:26,856.85,695598,5,853.29,178482,313088,0.7999529439444819,0
2023-07-28 10:55:28,856.85,695603,5,853.29,178471,313088,0.7999529439444819,0
2023-07-28 10:55:31,856.85,695604,1,853.29,177911,313441,0.7999529439444819,0
2023-07-28 10:55:32,856.85,695610,6,853.3,177934,313486,0.7999529439444819,0
2023-07-28 10:55:32,856.85,695610,6,853.3,178319,313339,0.7999529439444819,0
2023-07-28 10:55:32,856.85,695610,6,853.3,178330,313213,0.7999529439444819,0
2023-07-28 10:55:32,856.85,695610,6,853.3,178330,313213,0.7999529439444819,0
2023-07-28 10:55:36,856.85,695617,7,853.3,178285,313271,0.7999529439444819,0
2023-07-28 10:55:36,856.85,695617,7,853.3,178285,311001,0.7999529439444819,0
2023-07-28 10:55:36,856.85,695617,7,853.3,178300,311001,0.7999529439444819,0
2023-07-28 10:55:36,856.85,695617,7,853.3,178300,311098,0.7999529439444819,0
2023-07-28 10:55:36,856.85,695617,7,853.3,178315,311098,0.7999529439444819,0
2023-07-28 10:55:36,856.85,695617,7,853.3,177951,311380,0.7999529439444819,0
2023-07-28 10:55:36,856.85,695617,7,853.3,177968,311380,0.7999529439444819,0
2023-07-28 10:55:36,856.85,695617,7,853.3,177953,311380,0.7999529439444819,0
2023-07-28 10:55:36,856.85,695617,7,853.3,177953,311380,0.7999529439444819,0
2023-07-28 10:55:36,856.85,695617,7,853.3,177991,311253,0.7999529439444819,0
2023-07-28 10:55:36,856.85,695617,7,853.3,178128,311364,0.7999529439444819,0
2023-07-28 10:55:36,856.85,695617,7,853.3,178069,311253,0.7999529439444819,0
2023-07-28 10:55:36,856.9,695617,2,853.3,178278,311247,0.8058349508852448,0
2023-07-28 10:55:52,856.9,695642,2,853.3,178400,311145,0.8058349508852448,0
2023-07-28 10:55:52,856.9,695642,2,853.3,178581,311125,0.8058349508852448,0
2023-07-28 10:55:52,857.0,695642,39,853.3,178581,311125,0.8175989647667838,0
2023-07-28 10:55:54,857.0,695731,39,853.3,178053,311075,0.8175989647667838,0
2023-07-28 10:55:54,857.0,695731,39,853.3,178053,311179,0.8175989647667838,0
2023-07-28 10:55:54,857.0,695731,39,853.3,179208,310816,0.8175989647667838,0
2023-07-28 10:55:54,857.0,695731,39,853.3,179223,310707,0.8175989647667838,0
2023-07-28 10:55:54,857.0,695731,39,853.3,179214,310732,0.8175989647667838,0
2023-07-28 10:55:54,857.0,695731,39,853.3,178967,310858,0.8175989647667838,0
2023-07-28 10:55:54,857.0,695731,39,853.3,178682,311027,0.8175989647667838,0
2023-07-28 10:55:54,857.0,695731,39,853.3,178698,311126,0.8175989647667838,0
2023-07-28 10:55:54,857.0,695731,39,853.3,178770,311063,0.8175989647667838,0
2023-07-28 10:56:03,857.0,695931,177,853.3,179117,310885,0.8175989647667838,0
2023-07-28 10:56:03,857.0,695931,177,853.3,179330,310562,0.8175989647667838,0
2023-07-28 10:56:05,857.85,698045,1,853.31,180202,310008,0.9175930827598457,0
2023-07-28 10:56:05,857.65,698045,1,853.31,180202,310008,0.8940650549967676,0
2023-07-28 10:56:06,857.65,698371,1,853.31,179446,310594,0.8940650549967676,0
2023-07-28 10:56:06,857.65,698371,1,853.31,179446,310644,0.8940650549967676,0
2023-07-28 10:56:06,857.65,698371,1,853.31,179383,310672,0.8940650549967676,0
2023-07-28 10:56:06,857.65,698371,1,853.31,179468,310672,0.8940650549967676,0
2023-07-28 10:56:06,857.35,698371,1,853.31,179468,310672,0.8587730133521638,0
2023-07-28 10:56:12,857.7,698412,2,853.31,182133,309035,0.8999470619375438,0
2023-07-28 10:56:12,857.7,698412,2,853.31,182032,309640,0.8999470619375438,0
2023-07-28 10:56:14,857.85,698612,196,853.31,182236,309141,0.9175930827598457,0
2023-07-28 10:56:14,857.85,698612,196,853.31,182236,308688,0.9175930827598457,0
2023-07-28 10:56:14,857.85,698612,196,853.31,182310,308720,0.9175930827598457,0
2023-07-28 10:56:18,857.5,698613,1,853.31,182290,308796,0.8764190341744658,0
2023-07-28 10:56:18,857.5,698613,1,853.31,182224,308796,0.8764190341744658,0
2023-07-28 10:56:18,857.5,698613,1,853.31,182241,308781,0.8764190341744658,0
2023-07-28 10:56:18,857.5,698613,1,853.31,182241,308781,0.8764190341744658,0
2023-07-28 10:56:18,857.5,698613,1,853.31,182241,308781,0.8764190341744658,0
2023-07-28 10:56:18,857.5,698613,1,853.31,182241,308781,0.8764190341744658,0
2023-07-28 10:56:18,857.5,698613,1,853.31,182241,308781,0.8764190341744658,0
2023-07-28 10:56:18,857.5,698613,1,853.31,182241,308877,0.8764190341744658,0
2023-07-28 10:56:25,857.5,698624,11,853.31,181197,308697,0.8764190341744658,0
2023-07-28 10:56:25,857.5,698624,11,853.31,181197,308697,0.8764190341744658,0
2023-07-28 10:56:25,857.5,698624,11,853.31,181145,308833,0.8764190341744658,0
2023-07-28 10:56:25,857.75,698624,2,853.31,181145,308833,0.9058290688783067,0
2023-07-28 10:56:27,857.75,802229,2,853.78,196581,309389,0.9058290688783067,0
2023-07-28 10:56:27,857.75,802229,2,853.78,197633,309057,0.9058290688783067,0
2023-07-28 10:56:27,857.75,802229,2,853.78,197629,309131,0.9058290688783067,0
2023-07-28 10:56:27,857.75,802229,1,853.78,197629,309131,0.9058290688783067,0
2023-07-28 10:56:30,857.75,802230,1,853.78,197177,308889,0.9058290688783067,0
2023-07-28 10:56:30,857.75,802230,1,853.78,197515,308889,0.9058290688783067,0
2023-07-28 10:56:30,857.75,802230,1,853.78,197536,308927,0.9058290688783067,0
2023-07-28 10:56:30,857.75,802230,1,853.78,196319,309165,0.9058290688783067,0
2023-07-28 10:56:30,857.75,802230,1,853.78,196319,309165,0.9058290688783067,0
2023-07-28 10:56:30,857.75,802230,2,853.78,196319,309165,0.9058290688783067,0
2023-07-28 10:56:35,857.75,802232,2,853.78,196325,309260,0.9058290688783067,0
2023-07-28 10:56:35,857.75,802232,2,853.78,196325,309262,0.9058290688783067,0
2023-07-28 10:56:35,857.75,802232,2,853.78,196325,309282,0.9058290688783067,0
2023-07-28 10:56:35,857.75,802232,2,853.78,196325,309250,0.9058290688783067,0
2023-07-28 10:56:35,857.75,802232,2,853.78,196325,309250,0.9058290688783067,0
2023-07-28 10:56:40,857.45,802233,1,853.78,196046,309788,0.8705370272337029,0
2023-07-28 10:56:42,857.5,802234,1,853.78,196433,309554,0.8764190341744658,0
2023-07-28 10:56:42,857.5,802234,1,853.78,196096,309865,0.8764190341744658,0
2023-07-28 10:56:42,857.5,802234,1,853.78,196112,309836,0.8764190341744658,0
2023-07-28 10:56:42,857.5,802234,1,853.78,196112,309836,0.8764190341744658,0
2023-07-28 10:56:45,857.45,802237,3,853.78,196112,309783,0.8705370272337029,0
2023-07-28 10:56:45,857.45,802237,3,853.78,196693,309804,0.8705370272337029,0
2023-07-28 10:56:45,857.25,802237,8,853.78,196693,309804,0.8470089994706248,0
2023-07-28 10:56:47,857.25,802264,8,853.78,196720,309709,0.8470089994706248,0
2023-07-28 10:56:47,857.25,802264,8,853.78,196700,309712,0.8470089994706248,0
2023-07-28 10:56:47,857.45,802264,39,853.78,196805,309712,0.8705370272337029,0
2023-07-28 10:56:50,857.75,802401,29,853.78,197397,309553,0.9058290688783067,0
2023-07-28 10:56:51,857.75,802456,29,853.79,197047,309452,0.9058290688783067,0
2023-07-28 10:56:51,857.75,802456,29,853.79,197077,309421,0.9058290688783067,0
2023-07-28 10:56:54,857.35,802490,23,853.79,197121,309429,0.8587730133521638,0
2023-07-28 10:56:54,857.35,802490,23,853.79,202834,315727,0.8587730133521638,0
2023-07-28 10:56:54,857.75,802490,30,853.79,202834,315727,0.9058290688783067,0
2023-07-28 10:56:57,857.75,802520,30,853.79,202954,315697,0.9058290688783067,0
2023-07-28 10:56:58,857.3,802924,3,853.79,202909,316289,0.8528910064113876,0
2023-07-28 10:56:58,857.3,802924,3,853.79,202909,316289,0.8528910064113876,0
2023-07-28 10:56:58,857.3,802924,3,853.79,203045,316015,0.8528910064113876,0
2023-07-28 10:56:58,857.3,802924,3,853.79,203045,316074,0.8528910064113876,0
2023-07-28 10:57:01,857.4,803131,5,853.79,203325,315770,0.8646550202929266,0
2023-07-28 10:57:01,857.4,803131,5,853.79,203166,315874,0.8646550202929266,0
2023-07-28 10:57:01,857.4,803131,5,853.79,203124,315940,0.8646550202929266,0
2023-07-28 10:57:01,857.4,803131,5,853.79,203124,315909,0.8646550202929266,0
2023-07-28 10:57:01,857.4,803131,5,853.79,203124,316109,0.8646550202929266,0
2023-07-28 10:57:07,857.85,803135,4,853.79,203201,316216,0.9175930827598457,0
2023-07-28 10:57:07,857.7,803135,1,853.79,203201,316216,0.8999470619375438,0
2023-07-28 10:57:11,857.7,803136,1,853.79,202773,316324,0.8999470619375438,0
2023-07-28 10:57:11,857.7,803136,1,853.79,202773,316315,0.8999470619375438,0
2023-07-28 10:57:11,857.7,803136,541,853.79,202773,316315,0.8999470619375438,0
2023-07-28 10:57:22,857.7,803677,541,853.79,202629,315831,0.8999470619375438,0
2023-07-28 10:57:22,857.3,803677,2,853.79,202629,315831,0.8528910064113876,0
2023-07-28 10:57:29,857.65,803734,55,853.79,202624,315745,0.8940650549967676,0
2023-07-28 10:57:29,857.7,803734,96,853.79,202624,315745,0.8999470619375438,0
2023-07-28 10:57:29,857.5,803734,5,853.79,202624,315745,0.8764190341744658,0
2023-07-28 10:57:33,857.5,804475,92,853.79,203357,314069,0.8764190341744658,0
2023-07-28 10:57:33,857.5,804475,92,853.79,203496,313855,0.8764190341744658,0
2023-07-28 10:57:33,857.95,804475,33,853.79,203496,313855,0.9293570966413848,0
2023-07-28 10:57:33,857.7,804475,4,853.79,203496,313855,0.8999470619375438,0
2023-07-28 10:57:42,857.95,805409,30,853.8,203666,313595,0.9293570966413848,0
2023-07-28 10:57:42,857.95,805409,30,853.8,203122,313667,0.9293570966413848,0
2023-07-28 10:57:42,857.7,805409,1,853.8,203122,313667,0.8999470619375438,0
2023-07-28 10:57:50,857.6,805436,25,853.8,185909,313726,0.8881830480560048,0
2023-07-28 10:57:50,857.6,805436,25,853.8,186082,313761,0.8881830480560048,0
2023-07-28 10:57:50,857.5,805436,11,853.8,186082,313761,0.8764190341744658,0
2023-07-28 10:57:55,857.5,805652,11,853.8,186342,313518,0.8764190341744658,0
2023-07-28 10:57:55,857.5,805652,2,853.8,186342,313518,0.8764190341744658,0
2023-07-28 10:57:55,857.9,805652,36,853.8,186342,313518,0.9234750897006085,0
2023-07-28 10:58:02,857.9,805854,36,853.8,185523,314319,0.9234750897006085,0
2023-07-28 10:58:02,857.9,805854,36,853.8,185353,314535,0.9234750897006085,0
2023-07-28 10:58:02,857.9,805854,36,853.8,185337,314733,0.9234750897006085,0
2023-07-28 10:58:02,857.9,805854,36,853.8,185337,314634,0.9234750897006085,0
2023-07-28 10:58:02,857.5,805854,3,853.8,185337,314757,0.8764190341744658,0
2023-07-28 10:58:09,857.5,805857,3,853.8,185334,314782,0.8764190341744658,0
2023-07-28 10:58:10,857.65,805866,4,853.8,185334,314778,0.8940650549967676,0
2023-07-28 10:58:10,857.65,805866,4,853.8,185425,315379,0.8940650549967676,0
2023-07-28 10:58:10,857.65,805866,4,853.8,185425,315266,0.8940650549967676,0
2023-07-28 10:58:10,857.65,805866,4,853.8,185425,315366,0.8940650549967676,0
2023-07-28 10:58:10,857.5,805866,7,853.8,185425,315368,0.8764190341744658,0
2023-07-28 10:58:15,857.5,805873,7,853.8,184401,316128,0.8764190341744658,0
2023-07-28 10:58:15,857.5,805873,7,853.8,184401,316052,0.8764190341744658,0
2023-07-28 10:58:15,857.5,805873,7,853.8,184385,315978,0.8764190341744658,0
2023-07-28 10:58:21,857.3,805898,25,853.8,186532,316241,0.8528910064113876,0
2023-07-28 10:58:21,857.3,805898,25,853.8,186532,316202,0.8528910064113876,0
2023-07-28 10:58:21,857.0,805898,3,853.8,184114,315439,0.8175989647667838,0
2023-07-28 10:58:25,857.0,805901,3,853.8,183871,315225,0.8175989647667838,0
2023-07-28 10:58:27,857.0,805917,2,853.8,183877,315308,0.8175989647667838,0
2023-07-28 10:58:27,857.0,805917,2,853.8,183944,315298,0.8175989647667838,0
2023-07-28 10:58:29,857.35,805919,2,853.8,184014,315128,0.8587730133521638,0
2023-07-28 10:58:29,857.35,805919,2,853.8,184115,315164,0.8587730133521638,0
2023-07-28 10:58:29,857.35,805919,2,853.8,183937,315363,0.8587730133521638,0
2023-07-28 10:58:29,857.35,805919,2,853.8,183937,315363,0.8587730133521638,0
2023-07-28 10:58:29,856.8,805919,33,853.8,183691,315465,0.7940709370037057,0
2023-07-28 10:58:35,857.0,806420,1,853.8,182997,314507,0.8175989647667838,0
2023-07-28 10:58:35,857.0,806420,1,853.8,182997,314462,0.8175989647667838,0
2023-07-28 10:58:36,857.0,806422,1,853.8,184161,314195,0.8175989647667838,0
2023-07-28 10:58:38,856.9,806522,21,853.8,183356,314669,0.8058349508852448,0
2023-07-28 10:58:38,856.9,806522,21,853.8,182729,314909,0.8058349508852448,0
2023-07-28 10:58:38,857.3,806522,1,853.8,182729,314909,0.8528910064113876,0
2023-07-28 10:58:39,857.3,806523,1,853.8,182695,314654,0.8528910064113876,0
2023-07-28 10:58:39,857.3,806523,1,853.8,182577,314830,0.8528910064113876,0
2023-07-28 10:58:39,857.3,806523,1,853.8,182577,314800,0.8528910064113876,0
2023-07-28 10:58:39,857.3,806523,1,853.8,182565,314800,0.8528910064113876,0
2023-07-28 10:58:39,856.95,806523,16,853.8,182565,314800,0.8117169578260209,0
2023-07-28 10:58:45,856.95,806615,1,853.8,182713,315119,0.8117169578260209,0
2023-07-28 10:58:46,856.85,806715,33,853.8,182680,315181,0.7999529439444819,0
2023-07-28 10:58:46,856.85,806715,33,853.8,182680,315646,0.7999529439444819,0
2023-07-28 10:58:49,856.9,806723,8,853.8,182664,315801,0.8058349508852448,0
2023-07-28 10:58:49,856.9,806723,8,853.8,182664,315801,0.8058349508852448,0
2023-07-28 10:58:51,856.8,806764,16,853.81,183480,315902,0.7940709370037057,0
2023-07-28 10:58:51,856.8,806764,16,853.81,183526,316069,0.7940709370037057,0
2023-07-28 10:58:51,856.8,806764,16,853.81,183526,315969,0.7940709370037057,0
2023-07-28 10:58:54,856.7,806874,41,853.81,183764,315922,0.78230692312218,0
2023-07-28 10:58:55,856.7,806941,67,853.81,183385,315972,0.78230692312218,0
2023-07-28 10:58:55,856.7,806941,67,853.81,183421,316016,0.78230692312218,0
2023-07-28 10:58:55,856.7,806941,100,853.81,183421,316016,0.78230692312218,0
2023-07-28 10:58:57,856.7,807062,21,853.81,183166,316215,0.78230692312218,0
2023-07-28 10:58:57,856.7,807062,21,853.81,183166,316215,0.78230692312218,0
2023-07-28 10:58:59,856.75,807068,6,853.81,183404,316284,0.7881889300629429,0
2023-07-28 10:58:59,856.75,807068,6,853.81,183406,316225,0.7881889300629429,0
2023-07-28 10:58:59,856.75,807068,6,853.81,183406,316225,0.7881889300629429,0
2023-07-28 10:59:01,856.75,807074,6,853.81,183618,315776,0.7881889300629429,0
2023-07-28 10:59:01,856.75,807074,6,853.81,183616,315994,0.7881889300629429,0
2023-07-28 10:59:01,857.2,807074,30,853.81,183616,315994,0.8411269925298619,0
2023-07-28 10:59:02,857.2,807274,30,853.81,185180,316035,0.8411269925298619,0
2023-07-28 10:59:02,857.2,807274,30,853.81,184929,316160,0.8411269925298619,0
2023-07-28 10:59:02,857.2,807274,30,853.81,186434,316304,0.8411269925298619,0
2023-07-28 10:59:02,857.2,807274,30,853.81,180129,316292,0.8411269925298619,0
2023-07-28 10:59:07,857.35,807391,17,853.81,186377,314678,0.8587730133521638,0
2023-07-28 10:59:07,857.35,807391,17,853.81,186746,315072,0.8587730133521638,0
2023-07-28 10:59:09,857.15,807396,5,853.81,185712,315508,0.8352449855890857,0
2023-07-28 10:59:09,857.15,807396,5,853.81,186025,315397,0.8352449855890857,0
2023-07-28 10:59:09,857.15,807396,5,853.81,186025,315397,0.8352449855890857,0
2023-07-28 10:59:12,857.15,807466,70,853.81,185828,316163,0.8352449855890857,0
2023-07-28 10:59:12,857.15,807466,70,853.81,185519,316222,0.8352449855890857,0
2023-07-28 10:59:12,857.15,807466,70,853.81,185514,316464,0.8352449855890857,0
2023-07-28 10:59:15,857.15,807484,7,853.81,185911,316730,0.8352449855890857,0
2023-07-28 10:59:15,857.15,807484,7,853.81,186954,317325,0.8352449855890857,0
2023-07-28 10:59:15,857.15,807484,7,853.81,187071,317491,0.8352449855890857,0
2023-07-28 10:59:15,857.15,807484,7,853.81,187071,317475,0.8352449855890857,0
2023-07-28 10:59:15,857.1,807484,2,853.81,187071,317475,0.8293629786483229,0
2023-07-28 10:59:19,857.1,807501,2,853.81,187337,317238,0.8293629786483229,0
2023-07-28 10:59:20,857.45,807601,29,853.81,187777,316845,0.8705370272337029,0
2023-07-28 10:59:20,857.45,807601,29,853.81,188036,316903,0.8705370272337029,0
2023-07-28 10:59:20,857.45,807601,29,853.81,188037,316903,0.8705370272337029,0
2023-07-28 10:59:20,857.45,807601,29,853.81,188037,316903,0.8705370272337029,0
2023-07-28 10:59:20,857.45,807601,29,853.81,188037,316903,0.8705370272337029,0
2023-07-28 10:59:20,857.45,807601,29,853.81,188037,316903,0.8705370272337029,0
2023-07-28 10:59:20,857.45,807601,29,853.81,188037,316903,0.8705370272337029,0
2023-07-28 10:59:20,857.45,807601,29,853.81,186859,317063,0.8705370272337029,0
2023-07-28 10:59:20,857.45,807601,29,853.81,186859,317063,0.8705370272337029,0
2023-07-28 10:59:26,857.15,807607,6,853.81,186891,317176,0.8352449855890857,0
2023-07-28 10:59:26,857.15,807607,6,853.81,186891,317176,0.8352449855890857,0
2023-07-28 10:59:27,857.45,807609,2,853.81,186904,317116,0.8705370272337029,0
2023-07-28 10:59:27,857.45,807609,2,853.81,186904,317116,0.8705370272337029,0
2023-07-28 10:59:27,857.45,807609,2,853.81,186918,317138,0.8705370272337029,0
2023-07-28 10:59:27,857.45,807609,2,853.81,186918,317237,0.8705370272337029,0
2023-07-28 10:59:27,857.2,807609,20,853.81,186918,317237,0.8411269925298619,0
2023-07-28 10:59:31,857.2,807638,20,853.81,186853,317023,0.8411269925298619,0
2023-07-28 10:59:31,857.2,807638,20,853.81,186932,317002,0.8411269925298619,0
2023-07-28 10:59:34,857.4,807642,2,853.81,187076,317048,0.8646550202929266,0
2023-07-28 10:59:34,857.4,807642,2,853.81,187076,317048,0.8646550202929266,0
2023-07-28 10:59:34,857.35,807642,22,853.81,186373,317351,0.8587730133521638,0
2023-07-28 10:59:35,857.35,807670,22,853.81,185932,317383,0.8587730133521638,0
2023-07-28 10:59:35,857.35,807670,22,853.81,185932,317573,0.8587730133521638,0
2023-07-28 10:59:35,857.35,807670,22,853.81,185981,317584,0.8587730133521638,0
2023-07-28 10:59:35,857.35,807670,22,853.81,186084,317643,0.8587730133521638,0
2023-07-28 10:59:35,857.35,807670,22,853.81,186231,318709,0.8587730133521638,0
2023-07-28 10:59:40,857.35,807700,30,853.81,186167,318650,0.8587730133521638,0
2023-07-28 10:59:40,857.35,807700,30,853.81,186228,318650,0.8587730133521638,0
2023-07-28 10:59:40,857.35,807700,30,853.81,186387,318666,0.8587730133521638,0
2023-07-28 10:59:40,857.35,807700,30,853.81,186260,318598,0.8587730133521638,0
2023-07-28 10:59:45,857.35,807710,10,853.81,186217,318634,0.8587730133521638,0
2023-07-28 10:59:45,857.35,807710,10,853.81,186217,318934,0.8587730133521638,0
2023-07-28 10:59:45,857.35,807710,10,853.81,186570,318897,0.8587730133521638,0
2023-07-28 10:59:45,857.35,807710,10,853.81,186565,318897,0.8587730133521638,0
2023-07-28 10:59:45,857.4,807710,1,853.81,186565,318897,0.8646550202929266,0
2023-07-28 10:59:50,857.45,807726,8,853.81,186255,318961,0.8705370272337029,0
2023-07-28 10:59:50,857.05,807726,13,853.81,186255,318961,0.8234809717075466,0
2023-07-28 10:59:50,857.05,807844,13,853.81,187762,319065,0.8234809717075466,0
2023-07-28 10:59:50,857.05,807844,13,853.81,187762,319117,0.8234809717075466,0
2023-07-28 10:59:50,857.45,807844,25,853.81,187762,319117,0.8705370272337029,0
2023-07-28 10:59:52,857.45,807869,25,853.81,186948,318993,0.8705370272337029,0
2023-07-28 10:59:52,857.45,807869,25,853.81,187048,318993,0.8705370272337029,0
2023-07-28 10:59:52,857.45,807869,25,853.81,187045,318993,0.8705370272337029,0
2023-07-28 10:59:52,857.45,807869,25,853.81,187046,318993,0.8705370272337029,0
2023-07-28 10:59:52,857.5,807869,100,853.81,187084,319056,0.8764190341744658,0
2023-07-28 11:00:01,857.5,808134,1,853.81,186625,318424,0.8764190341744658,0
2023-07-28 11:00:02,857.5,808348,13,853.81,186273,318759,0.8764190341744658,0
2023-07-28 11:00:02,857.5,808348,1,853.81,186273,318759,0.8764190341744658,0
2023-07-28 11:00:02,857.5,808370,1,853.81,187687,318983,0.8764190341744658,0
2023-07-28 11:00:02,857.5,808370,1,853.81,186334,318819,0.8764190341744658,0
2023-07-28 11:00:04,857.5,808371,1,853.81,186335,318805,0.8764190341744658,0
2023-07-28 11:00:04,857.5,808371,100,853.81,186618,318799,0.8764190341744658,0
2023-07-28 11:00:06,857.5,808584,100,853.81,187003,318762,0.8764190341744658,0
2023-07-28 11:00:07,857.5,808595,11,853.81,186233,318818,0.8764190341744658,0
2023-07-28 11:00:07,857.5,808595,11,853.81,186317,318760,0.8764190341744658,0
2023-07-28 11:00:07,857.45,808595,42,853.81,186317,318760,0.8705370272337029,0
2023-07-28 11:00:07,857.5,808595,2,853.81,186317,318760,0.8764190341744658,0
2023-07-28 11:00:10,857.5,808639,1,853.81,186179,318921,0.8764190341744658,0
2023-07-28 11:00:11,857.5,808640,1,853.81,186179,318920,0.8764190341744658,0
2023-07-28 11:00:11,857.5,808640,100,853.81,186179,318920,0.8764190341744658,0
2023-07-28 11:00:12,857.5,809085,28,853.82,188583,318442,0.8764190341744658,0
2023-07-28 11:00:13,857.5,809209,25,853.82,187043,319173,0.8764190341744658,0
2023-07-28 11:00:13,857.75,809209,11,853.82,187043,319173,0.9058290688783067,0
2023-07-28 11:00:14,857.75,809220,11,853.82,188319,318522,0.9058290688783067,0
2023-07-28 11:00:14,857.85,809220,1,853.82,188319,318522,0.9175930827598457,0
2023-07-28 11:00:15,857.85,809221,1,853.82,187080,318740,0.9175930827598457,0
2023-07-28 11:00:15,857.85,809221,1,853.82,187909,318842,0.9175930827598457,0
2023-07-28 11:00:15,857.85,809221,10,853.82,187909,318842,0.9175930827598457,0
2023-07-28 11:00:17,857.85,809231,1,853.82,187094,318977,0.9175930827598457,0
2023-07-28 11:00:18,857.85,809232,1,853.82,187100,318977,0.9175930827598457,0
2023-07-28 11:00:18,857.85,809232,1,853.82,183510,318977,0.9175930827598457,0
2023-07-28 11:00:18,857.85,809232,1,853.82,186030,319143,0.9175930827598457,0
2023-07-28 11:00:18,857.5,809232,239,853.82,186164,318912,0.8764190341744658,0
2023-07-28 11:00:22,857.5,809471,239,853.82,186215,319269,0.8764190341744658,0
2023-07-28 11:00:24,857.8,809492,2,853.82,186420,318894,0.9117110758190695,0
2023-07-28 11:00:25,857.4,809523,5,853.82,187399,318875,0.8646550202929266,0
2023-07-28 11:00:25,857.4,809523,5,853.82,187399,318875,0.8646550202929266,0
2023-07-28 11:00:25,857.4,809523,5,853.82,187301,319012,0.8646550202929266,0
2023-07-28 11:00:25,857.4,809523,5,853.82,186873,318880,0.8646550202929266,0
2023-07-28 11:00:25,857.4,809523,5,853.82,186565,319022,0.8646550202929266,0
2023-07-28 11:00:25,857.4,809523,5,853.82,186528,319105,0.8646550202929266,0
2023-07-28 11:00:32,857.45,809535,12,853.82,188105,319085,0.8705370272337029,0
2023-07-28 11:00:32,857.45,809535,12,853.82,187492,318933,0.8705370272337029,0
2023-07-28 11:00:32,857.75,809535,5,853.82,187492,318933,0.9058290688783067,0
2023-07-28 11:00:35,857.3,809595,55,853.82,187353,319071,0.8528910064113876,0
2023-07-28 11:00:35,857.3,809595,55,853.82,187359,319076,0.8528910064113876,0
2023-07-28 11:00:35,857.3,809595,55,853.82,187291,319201,0.8528910064113876,0
2023-07-28 11:00:35,857.3,809595,55,853.82,187212,319201,0.8528910064113876,0
2023-07-28 11:00:35,857.3,809595,55,853.82,187180,319314,0.8528910064113876,0
2023-07-28 11:00:39,857.75,809635,15,853.82,187175,319279,0.9058290688783067,0
2023-07-28 11:00:39,857.75,809635,15,853.82,187192,319279,0.9058290688783067,0
2023-07-28 11:00:42,857.75,809650,15,853.82,190101,317893,0.9058290688783067,0
2023-07-28 11:00:42,857.4,809650,11,853.82,189288,318524,0.8646550202929266,0
2023-07-28 11:00:44,857.4,809661,11,853.82,188430,318436,0.8646550202929266,0
2023-07-28 11:00:44,857.4,809661,11,853.82,188357,318441,0.8646550202929266,0
2023-07-28 11:00:44,857.4,809661,11,853.82,187405,318760,0.8646550202929266,0
2023-07-28 11:00:44,857.8,809661,1,853.82,187405,318760,0.9117110758190695,0
2023-07-28 11:00:48,857.8,809662,1,853.82,192062,318626,0.9117110758190695,0
2023-07-28 11:00:48,857.8,809662,1,853.82,192062,318695,0.9117110758190695,0
2023-07-28 11:00:48,857.8,809662,1,853.82,192016,318754,0.9117110758190695,0
2023-07-28 11:00:51,857.75,809677,15,853.82,191953,318796,0.9058290688783067,0
2023-07-28 11:00:52,857.5,809697,20,853.82,191771,318796,0.8764190341744658,0
2023-07-28 11:00:52,857.5,809697,20,853.82,191829,318796,0.8764190341744658,0
2023-07-28 11:00:52,857.5,809697,20,853.82,191582,318949,0.8764190341744658,0
2023-07-28 11:00:52,857.5,809697,3,853.82,191582,318949,0.8764190341744658,0
2023-07-28 11:00:55,857.5,809701,3,853.82,191465,318948,0.8764190341744658,0
2023-07-28 11:00:55,857.5,809701,3,853.82,191470,318948,0.8764190341744658,0
2023-07-28 11:00:55,857.5,809701,3,853.82,190622,318948,0.8764190341744658,0
2023-07-28 11:00:55,857.5,809701,3,853.82,190622,318984,0.8764190341744658,0
2023-07-28 11:00:55,857.8,809701,5,853.82,190622,318984,0.9117110758190695,0
2023-07-28 11:01:00,857.8,809712,1,853.82,191522,318981,0.9117110758190695,0
2023-07-28 11:01:00,857.8,809712,1,853.82,191322,319109,0.9117110758190695,0
2023-07-28 11:01:00,857.8,809712,1,853.82,191035,319332,0.9117110758190695,0
2023-07-28 11:01:03,857.8,809717,1,853.82,191063,319343,0.9117110758190695,0
2023-07-28 11:01:04,857.85,809917,116,853.82,191061,318962,0.9175930827598457,0
2023-07-28 11:01:04,857.45,809917,2,853.82,191061,318962,0.8705370272337029,0
2023-07-28 11:01:07,857.45,809924,2,853.82,184661,312648,0.8705370272337029,0
2023-07-28 11:01:07,857.8,809924,20,853.82,184661,312648,0.9117110758190695,0
2023-07-28 11:01:09,857.55,810315,1,853.82,182682,314920,0.8823010411152286,0
2023-07-28 11:01:10,857.5,810316,29,853.82,182885,314282,0.8764190341744658,0
2023-07-28 11:01:11,857.5,810347,1,853.82,182832,314617,0.8764190341744658,0
2023-07-28 11:01:12,857.5,810349,2,853.82,182846,313916,0.8764190341744658,0
2023-07-28 11:01:12,857.65,810349,2,853.82,182846,313916,0.8940650549967676,0
2023-07-28 11:01:13,857.65,810352,2,853.82,182905,313414,0.8940650549967676,0
2023-07-28 11:01:13,857.3,810352,12,853.82,182823,313525,0.8528910064113876,0
2023-07-28 11:01:15,857.3,810437,15,853.82,182856,313243,0.8528910064113876,0
2023-07-28 11:01:15,857.3,810437,15,853.82,182856,313273,0.8528910064113876,0
2023-07-28 11:01:15,857.3,810437,15,853.82,182870,313358,0.8528910064113876,0
2023-07-28 11:01:15,857.0,810437,146,853.82,182870,313358,0.8175989647667838,0
2023-07-28 11:01:21,857.15,810810,12,853.82,183887,313601,0.8352449855890857,0
2023-07-28 11:01:21,857.15,810810,13,853.82,183887,313601,0.8352449855890857,0
2023-07-28 11:01:21,857.15,810823,13,853.82,184077,313186,0.8352449855890857,0
2023-07-28 11:01:22,857.15,810824,1,853.82,183369,313070,0.8352449855890857,0
2023-07-28 11:01:22,857.15,810824,1,853.82,183315,313070,0.8352449855890857,0
2023-07-28 11:01:22,857.25,810824,1,853.82,183315,313070,0.8470089994706248,0
2023-07-28 11:01:25,857.05,810922,8,853.82,190467,319646,0.8234809717075466,0
2023-07-28 11:01:25,857.05,810922,8,853.82,190467,319646,0.8234809717075466,0
2023-07-28 11:01:25,857.05,810922,8,853.82,190467,319626,0.8234809717075466,0
2023-07-28 11:01:29,857.0,811030,108,853.82,190226,319898,0.8175989647667838,0
2023-07-28 11:01:30,857.0,811043,9,853.82,190031,319491,0.8175989647667838,0
2023-07-28 11:01:30,857.4,811043,7,853.82,190031,319491,0.8646550202929266,0
2023-07-28 11:01:31,857.4,811051,1,853.82,189979,319310,0.8646550202929266,0
2023-07-28 11:01:31,857.4,811051,1,853.82,189979,319310,0.8646550202929266,0
2023-07-28 11:01:31,857.4,811051,1,853.82,190033,319310,0.8646550202929266,0
2023-07-28 11:01:33,857.05,811152,59,853.82,189858,319434,0.8234809717075466,0
2023-07-28 11:01:33,857.4,811152,8,853.82,189858,319434,0.8646550202929266,0
2023-07-28 11:01:34,857.4,811160,8,853.82,189796,319406,0.8646550202929266,0
2023-07-28 11:01:35,857.4,811161,1,853.82,189000,319347,0.8646550202929266,0
2023-07-28 11:01:35,857.4,811161,1,853.82,188352,319559,0.8646550202929266,0
2023-07-28 11:01:35,857.4,811161,1,853.82,188452,319559,0.8646550202929266,0
2023-07-28 11:01:39,857.4,811209,48,853.82,188431,319551,0.8646550202929266,0
2023-07-28 11:01:39,857.35,811209,4,853.82,188431,319551,0.8587730133521638,0
2023-07-28 11:01:39,857.35,811213,4,853.82,188538,319552,0.8587730133521638,0
2023-07-28 11:01:39,857.35,811213,4,853.82,188638,319554,0.8587730133521638,0
2023-07-28 11:01:39,857.35,811213,4,853.82,188638,319559,0.8587730133521638,0
2023-07-28 11:01:39,857.1,811213,28,853.82,188638,319559,0.8293629786483229,0
2023-07-28 11:01:45,857.1,811241,28,853.82,188692,319494,0.8293629786483229,0
2023-07-28 11:01:45,857.1,811241,28,853.82,188676,319636,0.8293629786483229,0
2023-07-28 11:01:51,857.4,811259,4,853.82,189929,319182,0.8646550202929266,0
2023-07-28 11:01:51,857.4,811259,4,853.82,189422,319090,0.8646550202929266,0
2023-07-28 11:01:51,857.4,811259,4,853.82,189422,318723,0.8646550202929266,0
2023-07-28 11:01:54,857.4,811261,1,853.82,189447,318532,0.8646550202929266,0
2023-07-28 11:01:54,857.4,811261,1,853.82,189447,318532,0.8646550202929266,0
2023-07-28 11:01:54,857.4,811261,1,853.82,189469,318456,0.8646550202929266,0
2023-07-28 11:01:54,857.4,811261,1,853.82,189568,318456,0.8646550202929266,0
2023-07-28 11:01:59,857.5,811263,1,853.82,189498,318130,0.8764190341744658,0
2023-07-28 11:02:00,857.5,811593,300,853.83,189126,317744,0.8764190341744658,0
2023-07-28 11:02:00,857.75,811593,4,853.83,189126,317744,0.9058290688783067,0
2023-07-28 11:02:00,857.75,811599,4,853.83,188822,317667,0.9058290688783067,0
2023-07-28 11:02:01,857.9,811799,42,853.83,188748,317579,0.9234750897006085,0
2023-07-28 11:02:02,857.9,811816,2,853.83,188748,317666,0.9234750897006085,0
2023-07-28 11:02:03,857.9,811818,2,853.83,188866,317945,0.9234750897006085,0
2023-07-28 11:02:04,857.6,811820,2,853.83,189474,317771,0.8881830480560048,0
2023-07-28 11:02:04,857.6,811820,2,853.83,189619,317918,0.8881830480560048,0
2023-07-28 11:02:04,857.6,811820,2,853.83,189620,317943,0.8881830480560048,0
2023-07-28 11:02:04,857.6,811820,2,853.83,188441,318009,0.8881830480560048,0
2023-07-28 11:02:04,857.6,811820,2,853.83,188441,318009,0.8881830480560048,0
2023-07-28 11:02:09,857.6,811822,2,853.83,187582,318098,0.8881830480560048,0
2023-07-28 11:02:09,857.6,811822,2,853.83,188573,317980,0.8881830480560048,0
2023-07-28 11:02:09,857.6,811822,2,853.83,188627,317980,0.8881830480560048,0
2023-07-28 11:02:09,857.6,811822,2,853.83,188627,318108,0.8881830480560048,0
2023-07-28 11:02:13,857.6,811853,19,853.83,188597,318107,0.8881830480560048,0
2023-07-28 11:02:13,857.8,811853,22,853.83,188597,318107,0.9117110758190695,0
2023-07-28 11:02:15,857.6,812046,171,853.83,188426,317918,0.8881830480560048,0
2023-07-28 11:02:15,857.9,812046,5,853.83,188426,317918,0.9234750897006085,0
2023-07-28 11:02:15,857.9,812051,5,853.83,188493,317884,0.9234750897006085,0
2023-07-28 11:02:17,857.6,812886,3,853.83,187424,318351,0.8881830480560048,0
2023-07-28 11:02:17,857.6,812886,3,853.83,187424,318351,0.8881830480560048,0
2023-07-28 11:02:17,857.6,812886,3,853.83,187505,318356,0.8881830480560048,0
2023-07-28 11:02:17,857.6,812886,3,853.83,187472,318302,0.8881830480560048,0
2023-07-28 11:02:17,857.6,812886,3,853.83,187472,318348,0.8881830480560048,0
2023-07-28 11:02:22,857.5,812904,18,853.83,187457,318407,0.8764190341744658,0
2023-07-28 11:02:22,857.5,812904,18,853.83,187457,318407,0.8764190341744658,0
2023-07-28 11:02:22,857.5,812904,18,853.83,187457,318407,0.8764190341744658,0
2023-07-28 11:02:25,857.5,812913,9,853.83,187528,318398,0.8764190341744658,0
2023-07-28 11:02:25,857.5,812913,9,853.83,187528,318398,0.8764190341744658,0
2023-07-28 11:02:25,857.5,813013,8,853.83,188586,318254,0.8764190341744658,0
2023-07-28 11:02:25,857.5,813013,8,853.83,189492,318473,0.8764190341744658,0
2023-07-28 11:02:28,857.5,813213,100,853.83,189954,318549,0.8764190341744658,0
2023-07-28 11:02:28,857.5,813213,50,853.83,189954,318549,0.8764190341744658,0
2023-07-28 11:02:28,857.5,813263,50,853.83,189215,318432,0.8764190341744658,0
2023-07-28 11:02:28,857.5,813263,50,853.83,191111,318536,0.8764190341744658,0
2023-07-28 11:02:30,857.5,813563,300,853.84,191280,318700,0.8764190341744658,0
2023-07-28 11:02:30,857.5,813563,300,853.84,191290,318589,0.8764190341744658,0
2023-07-28 11:02:30,857.5,813563,300,853.84,191290,318589,0.8764190341744658,0
2023-07-28 11:02:30,857.5,813563,300,853.84,191290,318565,0.8764190341744658,0
2023-07-28 11:02:34,857.5,813564,1,853.84,191290,318564,0.8764190341744658,0
2023-07-28 11:02:34,857.9,813564,140,853.84,191290,318564,0.9234750897006085,0
2023-07-28 11:02:35,857.9,814396,140,853.84,191824,317319,0.9234750897006085,0
2023-07-28 11:02:35,857.9,814396,10,853.84,191824,317319,0.9234750897006085,0
2023-07-28 11:02:36,857.9,814406,10,853.84,189413,317466,0.9234750897006085,0
2023-07-28 11:02:36,857.45,814406,19,853.84,189413,317466,0.8705370272337029,0
2023-07-28 11:02:38,857.45,814558,19,853.84,190672,317759,0.8705370272337029,0
2023-07-28 11:02:38,857.9,814559,1,853.84,189762,317916,0.9234750897006085,0
2023-07-28 11:02:38,858.3,814559,127,853.84,189768,317876,0.9705311452267514,0
2023-07-28 11:02:41,858.4,820562,900,853.87,193522,311812,0.9822951591082905,0
2023-07-28 11:02:42,858.45,820572,1,853.87,188860,311995,0.9881771660490667,0
2023-07-28 11:02:42,858.45,822314,68,853.88,191225,314053,0.9881771660490667,0
2023-07-28 11:02:43,858.5,822818,99,853.88,192902,313944,0.9940591729898295,0
2023-07-28 11:02:45,858.55,822918,52,853.88,193011,313849,0.9999411799305924,0
2023-07-28 11:02:46,858.7,824268,3,853.89,196025,310761,1.0175872007529077,0
2023-07-28 11:02:46,858.7,824268,3,853.89,196025,310761,1.0175872007529077,0
2023-07-28 11:02:47,859.4,841978,12,854.0,196146,293719,1.0999352979236543,0
2023-07-28 11:02:48,859.5,844076,51,854.01,194853,290628,1.1116993118051934,0
2023-07-28 11:02:49,859.7,848092,28,854.04,196788,291495,1.1352273395682715,0
2023-07-28 11:02:51,859.7,848417,118,854.04,196476,293470,1.1352273395682715,0
2023-07-28 11:02:51,859.65,850451,50,854.05,196533,294884,1.1293453326274951,0
2023-07-28 11:02:51,859.65,850451,50,854.05,195764,294546,1.1293453326274951,0
2023-07-28 11:02:51,859.65,850451,50,854.05,197457,294889,1.1293453326274951,0
2023-07-28 11:02:51,859.35,850451,78,854.05,197587,295069,1.0940532909828915,0
2023-07-28 11:02:55,859.2,850797,104,854.06,198486,294932,1.0764072701605896,0
2023-07-28 11:02:56,859.2,851047,104,854.06,199787,295690,1.0764072701605896,0
2023-07-28 11:02:56,859.2,851047,104,854.06,199630,295630,1.0764072701605896,0
2023-07-28 11:02:59,859.1,853079,30,854.07,192151,296999,1.0646432562790504,0
2023-07-28 11:02:59,859.1,853079,41,854.07,192151,296999,1.0646432562790504,0
2023-07-28 11:02:59,859.1,853203,41,854.07,192244,297358,1.0646432562790504,0
2023-07-28 11:03:01,858.5,853280,7,854.07,190377,296965,0.9940591729898295,0
2023-07-28 11:03:02,858.5,853526,200,854.07,192484,294975,0.9940591729898295,0
2023-07-28 11:03:02,858.5,853526,200,854.07,193289,297096,0.9940591729898295,0
2023-07-28 11:03:02,858.5,853526,200,854.07,191314,296990,0.9940591729898295,0
2023-07-28 11:03:02,858.5,853526,200,854.07,193119,297030,0.9940591729898295,0
2023-07-28 11:03:06,858.5,853528,2,854.07,193119,297028,0.9940591729898295,0
2023-07-28 11:03:06,858.5,853528,2,854.07,193119,297056,0.9940591729898295,0
2023-07-28 11:03:06,858.3,853528,461,854.07,193119,297056,0.9705311452267514,0
2023-07-28 11:03:07,858.3,854098,10,854.08,191675,296846,0.9705311452267514,0
2023-07-28 11:03:08,858.3,854108,10,854.08,190727,296977,0.9705311452267514,0
2023-07-28 11:03:09,858.25,854153,45,854.08,193026,296488,0.9646491382859885,0
2023-07-28 11:03:09,858.25,854153,45,854.08,194491,296649,0.9646491382859885,0
2023-07-28 11:03:09,858.25,854153,34,854.08,194414,296729,0.9646491382859885,0
2023-07-28 11:03:09,858.25,854153,62,854.08,194414,296729,0.9646491382859885,0
2023-07-28 11:03:12,858.25,854249,62,854.08,194524,296238,0.9646491382859885,0
2023-07-28 11:03:12,858.25,854249,62,854.08,194520,296243,0.9646491382859885,0
2023-07-28 11:03:14,858.2,854299,50,854.08,194340,296509,0.9587671313452257,0
2023-07-28 11:03:15,858.3,854301,2,854.08,191648,296248,0.9705311452267514,0
2023-07-28 11:03:15,858.3,854301,2,854.08,193496,296497,0.9705311452267514,0
2023-07-28 11:03:15,858.3,854301,2,854.08,193454,296654,0.9705311452267514,0
2023-07-28 11:03:15,858.3,854301,2,854.08,193414,296684,0.9705311452267514,0
2023-07-28 11:03:15,858.3,854301,2,854.08,191811,297091,0.9705311452267514,0
2023-07-28 11:03:15,858.3,854301,2,854.08,191907,297145,0.9705311452267514,0
2023-07-28 11:03:15,858.3,854301,2,854.08,192992,297149,0.9705311452267514,0
2023-07-28 11:03:15,858.3,854301,2,854.08,192843,297127,0.9705311452267514,0
2023-07-28 11:03:15,858.35,854301,2,854.08,192848,297127,0.9764131521675277,0
2023-07-28 11:03:24,858.35,854334,150,854.08,192899,297421,0.9764131521675277,0
2023-07-28 11:03:25,858.35,854552,11,854.08,192054,296849,0.9764131521675277,0
2023-07-28 11:03:25,858.35,854552,11,854.08,192054,296952,0.9764131521675277,0
2023-07-28 11:03:25,858.15,854552,44,854.08,191511,297602,0.9528851244044495,0
2023-07-28 11:03:28,858.15,854607,44,854.08,190762,297736,0.9528851244044495,0
2023-07-28 11:03:28,858.15,854607,44,854.08,192365,297761,0.9528851244044495,0
2023-07-28 11:03:28,858.05,854607,92,854.08,191549,297701,0.9411211105229105,0
2023-07-28 11:03:31,858.05,854807,92,854.08,192998,298039,0.9411211105229105,0
2023-07-28 11:03:33,858.05,854809,2,854.08,193936,296039,0.9411211105229105,0
2023-07-28 11:03:33,858.05,854809,2,854.08,193051,298224,0.9411211105229105,0
2023-07-28 11:03:33,858.05,854809,900,854.08,193051,298224,0.9411211105229105,0
2023-07-28 11:03:35,858.05,855731,900,854.08,193191,297498,0.9411211105229105,0
2023-07-28 11:03:35,858.05,855731,900,854.08,190493,297790,0.9411211105229105,0
2023-07-28 11:03:37,858.0,856481,87,854.09,192073,297537,0.9352391035821477,0
2023-07-28 11:03:37,858.0,856481,87,854.09,192073,297537,0.9352391035821477,0
2023-07-28 11:03:37,858.4,856481,25,854.09,193134,296562,0.9822951591082905,0
2023-07-28 11:03:39,858.4,856506,25,854.09,192579,296665,0.9822951591082905,0
2023-07-28 11:03:39,858.45,856506,25,854.09,192579,296665,0.9881771660490667,0
2023-07-28 11:03:39,858.45,856531,25,854.09,192447,296737,0.9881771660490667,0
2023-07-28 11:03:41,858.45,856623,92,854.09,191634,297831,0.9881771660490667,0
2023-07-28 11:03:41,858.45,856623,92,854.09,192003,297493,0.9881771660490667,0
2023-07-28 11:03:41,858.25,856623,80,854.09,192003,297493,0.9646491382859885,0
2023-07-28 11:03:43,858.25,856723,80,854.09,191799,297579,0.9646491382859885,0
2023-07-28 11:03:43,858.25,856723,80,854.09,191877,297419,0.9646491382859885,0
2023-07-28 11:03:43,858.25,856723,80,854.09,191827,297419,0.9646491382859885,0
2023-07-28 11:03:43,858.25,856723,80,854.09,191928,297280,0.9646491382859885,0
2023-07-28 11:03:43,858.25,856723,80,854.09,192140,297280,0.9646491382859885,0
2023-07-28 11:03:43,858.25,856723,80,854.09,192145,297215,0.9646491382859885,0
2023-07-28 11:03:43,858.25,856723,80,854.09,192145,297215,0.9646491382859885,0
2023-07-28 11:03:43,858.25,856723,80,854.09,192165,297209,0.9646491382859885,0
2023-07-28 11:03:43,858.3,856723,2,854.09,192165,297209,0.9705311452267514,0
2023-07-28 11:03:51,858.3,856725,2,854.09,192905,297073,0.9705311452267514,0
2023-07-28 11:03:51,858.3,856725,2,854.09,192905,297083,0.9705311452267514,0
2023-07-28 11:03:51,858.3,856725,60,854.09,192910,297083,0.9705311452267514,0
2023-07-28 11:03:55,858.3,856785,60,854.09,192650,297384,0.9705311452267514,0
2023-07-28 11:03:55,858.3,856785,100,854.09,192650,297384,0.9705311452267514,0
2023-07-28 11:03:57,858.3,856886,100,854.09,192392,297409,0.9705311452267514,0
2023-07-28 11:03:57,858.3,856886,100,854.09,192407,297509,0.9705311452267514,0
2023-07-28 11:03:57,858.6,856886,17,854.09,192407,297509,1.0058231868713685,0
2023-07-28 11:03:58,858.6,856903,17,854.09,192561,297445,1.0058231868713685,0
2023-07-28 11:04:00,858.3,856904,28,854.09,192495,297445,0.9705311452267514,0
2023-07-28 11:04:01,858.3,857132,28,854.09,192398,297050,0.9705311452267514,0
2023-07-28 11:04:01,858.3,857132,28,854.09,192400,297058,0.9705311452267514,0
2023-07-28 11:04:01,858.4,857132,50,854.09,194092,296946,0.9822951591082905,0
2023-07-28 11:04:04,858.4,857182,50,854.09,193873,297085,0.9822951591082905,0
2023-07-28 11:04:04,858.4,857182,50,854.09,193868,297085,0.9822951591082905,0
2023-07-28 11:04:04,858.4,857182,50,854.09,192239,297447,0.9822951591082905,0
2023-07-28 11:04:04,858.4,857182,50,854.09,192123,297593,0.9822951591082905,0
2023-07-28 11:04:04,858.3,857182,150,854.09,192036,297531,0.9705311452267514,0
2023-07-28 11:04:09,858.3,857332,150,854.09,191833,297514,0.9705311452267514,0
2023-07-28 11:04:09,858.3,857332,150,854.09,190709,297974,0.9705311452267514,0
2023-07-28 11:04:09,858.3,857332,150,854.09,190632,297868,0.9705311452267514,0
2023-07-28 11:04:09,858.3,857332,150,854.09,190632,297927,0.9705311452267514,0
2023-07-28 11:04:15,858.3,857340,8,854.09,190729,297838,0.9705311452267514,0
2023-07-28 11:04:15,858.3,857340,1,854.09,190624,297860,0.9705311452267514,0
2023-07-28 11:04:15,858.3,857340,10,854.09,190624,297860,0.9705311452267514,0
2023-07-28 11:04:18,858.3,857351,10,854.09,190391,297283,0.9705311452267514,0
2023-07-28 11:04:18,858.25,857351,5,854.09,190391,297283,0.9646491382859885,0
2023-07-28 11:04:18,858.15,857351,5,854.09,190391,297283,0.9528851244044495,0
2023-07-28 11:04:21,858.15,857366,5,854.09,191466,297301,0.9528851244044495,0
2023-07-28 11:04:21,858.15,857366,5,854.09,191466,297302,0.9528851244044495,0
2023-07-28 11:04:21,857.9,857366,125,854.09,191466,297302,0.9234750897006085,0
2023-07-28 11:04:21,857.5,857366,37,854.09,191466,297302,0.8764190341744658,0
2023-07-28 11:04:21,858.0,857366,41,854.09,191466,297302,0.9352391035821477,0
2023-07-28 11:04:25,857.55,858919,27,854.1,189294,297470,0.8823010411152286,0
2023-07-28 11:04:25,857.5,858919,2,854.1,188921,297511,0.8764190341744658,0
2023-07-28 11:04:25,858.0,858919,4,854.1,188921,297511,0.9352391035821477,0
2023-07-28 11:04:27,858.0,858967,4,854.1,187163,297559,0.9352391035821477,0
2023-07-28 11:04:27,858.0,858967,4,854.1,187674,297178,0.9352391035821477,0
2023-07-28 11:04:27,858.0,858967,4,854.1,183319,297240,0.9352391035821477,0
2023-07-28 11:04:31,857.6,859021,20,854.1,187307,297468,0.8881830480560048,0
2023-07-28 11:04:31,857.6,859021,20,854.1,188239,297552,0.8881830480560048,0
2023-07-28 11:04:31,857.95,859021,12,854.1,188239,297552,0.9293570966413848,0
2023-07-28 11:04:33,857.55,859084,13,854.1,188317,298157,0.8823010411152286,0
2023-07-28 11:04:35,857.4,859150,66,854.1,186835,298311,0.8646550202929266,0
2023-07-28 11:04:36,857.0,859481,72,854.1,187908,298414,0.8175989647667838,0
2023-07-28 11:04:36,857.4,859481,1,854.1,187908,298414,0.8646550202929266,0
2023-07-28 11:04:37,857.4,859515,4,854.1,188284,297707,0.8646550202929266,0
2023-07-28 11:04:37,857.4,859515,4,854.1,188284,297707,0.8646550202929266,0
2023-07-28 11:04:37,857.4,859515,4,854.1,186553,297707,0.8646550202929266,0
2023-07-28 11:04:37,857.4,859515,4,854.1,188289,297051,0.8646550202929266,0
2023-07-28 11:04:37,857.15,859515,246,854.1,188229,297051,0.8352449855890857,0
2023-07-28 11:04:41,857.15,859761,246,854.1,191090,297073,0.8352449855890857,0
2023-07-28 11:04:41,857.15,859761,246,854.1,191164,297138,0.8352449855890857,0
2023-07-28 11:04:44,857.35,859762,1,854.1,191164,297277,0.8587730133521638,0
2023-07-28 11:04:45,857.15,859864,102,854.1,188692,297142,0.8352449855890857,0
2023-07-28 11:04:47,857.55,859964,15,854.1,187950,297074,0.8823010411152286,0
2023-07-28 11:04:47,857.55,859964,15,854.1,189718,297005,0.8823010411152286,0
2023-07-28 11:04:47,857.55,859964,15,854.1,189718,297108,0.8823010411152286,0
2023-07-28 11:04:47,857.55,859964,15,854.1,189718,297205,0.8823010411152286,0
2023-07-28 11:04:47,857.25,859964,22,854.1,189718,297205,0.8470089994706248,0
2023-07-28 11:04:53,857.25,859986,22,854.1,189696,297205,0.8470089994706248,0
2023-07-28 11:04:53,857.35,859986,25,854.1,190692,297092,0.8587730133521638,0
2023-07-28 11:04:55,857.35,860011,25,854.1,190555,297312,0.8587730133521638,0
2023-07-28 11:04:56,857.5,860012,1,854.1,188768,297218,0.8764190341744658,0
2023-07-28 11:04:58,857.4,860037,25,854.1,188743,297223,0.8646550202929266,0
2023-07-28 11:04:58,857.4,860037,25,854.1,188809,297122,0.8646550202929266,0
2023-07-28 11:04:58,857.4,860037,25,854.1,188809,297122,0.8646550202929266,0
2023-07-28 11:04:58,857.0,860037,31,854.1,188809,297122,0.8175989647667838,0
2023-07-28 11:05:01,857.0,861031,31,854.11,184283,298593,0.8175989647667838,0
2023-07-28 11:05:01,857.0,861031,4,854.11,184283,298593,0.8175989647667838,0
2023-07-28 11:05:02,856.5,861035,1,854.11,182694,296564,0.7587788953591019,0
2023-07-28 11:05:02,856.0,861809,7,854.11,178486,299646,0.69995882595142,0
2023-07-28 11:05:04,856.75,863474,38,854.11,184191,296501,0.7881889300629429,0
2023-07-28 11:05:04,857.05,863474,1,854.11,184191,296501,0.8234809717075466,0
2023-07-28 11:05:05,857.05,863506,1,854.11,183815,296819,0.8234809717075466,0
2023-07-28 11:05:07,856.8,863507,1,854.11,183133,296447,0.7940709370037057,0
2023-07-28 11:05:07,856.8,863507,1,854.11,184133,296518,0.7940709370037057,0
2023-07-28 11:05:07,857.2,863507,5,854.11,184133,296518,0.8411269925298619,0
2023-07-28 11:05:09,857.2,863707,195,854.11,184920,296875,0.8411269925298619,0
2023-07-28 11:05:09,857.2,863707,195,854.11,186607,296910,0.8411269925298619,0
2023-07-28 11:05:09,857.2,863707,195,854.11,186536,296835,0.8411269925298619,0
2023-07-28 11:05:09,857.2,863707,195,854.11,186633,296763,0.8411269925298619,0
2023-07-28 11:05:09,856.85,863707,20,854.11,186633,296763,0.7999529439444819,0
2023-07-28 11:05:13,856.85,863727,20,854.11,186573,296868,0.7999529439444819,0
2023-07-28 11:05:13,856.85,863727,27,854.11,186573,296868,0.7999529439444819,0
2023-07-28 11:05:15,856.85,863754,27,854.11,186589,296997,0.7999529439444819,0
2023-07-28 11:05:15,856.85,863754,60,854.11,186589,296997,0.7999529439444819,0
2023-07-28 11:05:15,856.85,863754,16,854.11,186589,296997,0.7999529439444819,0
2023-07-28 11:05:15,856.8,863754,8,854.11,186589,296997,0.7940709370037057,0
2023-07-28 11:05:20,856.8,863865,8,854.11,188155,297135,0.7940709370037057,0
2023-07-28 11:05:21,856.75,864433,568,854.12,187576,297127,0.7881889300629429,0
2023-07-28 11:05:21,856.75,864433,568,854.12,187576,297018,0.7881889300629429,0
2023-07-28 11:05:21,856.75,864433,568,854.12,187576,297018,0.7881889300629429,0
2023-07-28 11:05:21,856.75,864433,568,854.12,187586,297018,0.7881889300629429,0
2023-07-28 11:05:21,856.75,864433,568,854.12,187586,297018,0.7881889300629429,0
2023-07-28 11:05:21,856.75,864433,568,854.12,187586,297018,0.7881889300629429,0
2023-07-28 11:05:21,856.75,864433,568,854.12,188420,297506,0.7881889300629429,0
2023-07-28 11:05:21,856.75,864433,568,854.12,188420,297506,0.7881889300629429,0
2023-07-28 11:05:21,856.75,864433,568,854.12,188420,297506,0.7881889300629429,0
2023-07-28 11:05:21,856.75,864433,568,854.12,188420,297506,0.7881889300629429,0
2023-07-28 11:05:21,856.75,864433,568,854.12,188420,297506,0.7881889300629429,0
2023-07-28 11:05:21,856.75,864433,11,854.12,188420,297506,0.7881889300629429,0
2023-07-28 11:05:29,856.75,864481,36,854.12,187473,297540,0.7881889300629429,0
2023-07-28 11:05:29,856.75,864481,36,854.12,187473,297552,0.7881889300629429,0
2023-07-28 11:05:29,856.75,864481,36,854.12,187673,297552,0.7881889300629429,0
2023-07-28 11:05:29,856.75,864481,36,854.12,187710,297447,0.7881889300629429,0
2023-07-28 11:05:29,856.75,864481,36,854.12,187910,297447,0.7881889300629429,0
2023-07-28 11:05:29,856.75,864481,36,854.12,187910,297195,0.7881889300629429,0
2023-07-28 11:05:29,856.75,864481,36,854.12,188810,297313,0.7881889300629429,0
2023-07-28 11:05:29,856.75,864481,36,854.12,188951,297081,0.7881889300629429,0
2023-07-28 11:05:38,856.75,864531,50,854.12,188901,297086,0.7881889300629429,0
2023-07-28 11:05:39,856.75,864553,22,854.12,188819,297240,0.7881889300629429,0
2023-07-28 11:05:40,856.5,865956,26,854.12,181438,297830,0.7587788953591019,0
2023-07-28 11:05:40,856.5,865956,26,854.12,181877,297849,0.7587788953591019,0
2023-07-28 11:05:40,856.5,865956,26,854.12,182989,293877,0.7587788953591019,0
2023-07-28 11:05:44,856.65,866056,2,854.12,181936,296089,0.7764249161814039,0
2023-07-28 11:05:44,856.65,866056,2,854.12,182668,296276,0.7764249161814039,0
2023-07-28 11:05:44,856.65,866056,2,854.12,181625,297008,0.7764249161814039,0
2023-07-28 11:05:44,856.65,866056,2,854.12,182678,297064,0.7764249161814039,0
2023-07-28 11:05:44,856.65,866056,2,854.12,181365,297623,0.7764249161814039,0
2023-07-28 11:05:44,856.65,866056,2,854.12,182163,297969,0.7764249161814039,0
2023-07-28 11:05:44,856.65,866056,2,854.12,183203,297969,0.7764249161814039,0
2023-07-28 11:05:52,856.05,866057,1,854.12,176916,297861,0.7058408328921828,0
2023-07-28 11:05:52,856.05,866057,1,854.12,183462,297550,0.7058408328921828,0
2023-07-28 11:05:52,856.05,866057,1,854.12,183437,297568,0.7058408328921828,0
2023-07-28 11:05:52,856.05,866057,1,854.12,183842,297618,0.7058408328921828,0
2023-07-28 11:05:52,856.05,866057,187,854.12,183806,297605,0.7058408328921828,0
2023-07-28 11:05:56,856.05,866584,187,854.12,185237,297031,0.7058408328921828,0
2023-07-28 11:05:56,856.05,866584,187,854.12,183526,297097,0.7058408328921828,0
2023-07-28 11:05:56,856.05,866584,187,854.12,183434,297050,0.7058408328921828,0
2023-07-28 11:05:56,856.05,866584,187,854.12,183434,297051,0.7058408328921828,0
2023-07-28 11:06:02,856.3,866638,4,854.12,184307,296906,0.7352508675960238,0
2023-07-28 11:06:02,856.3,866638,4,854.12,184352,296980,0.7352508675960238,0
2023-07-28 11:06:02,856.3,866638,4,854.12,184636,296980,0.7352508675960238,0
2023-07-28 11:06:05,856.35,866721,50,854.12,182901,296780,0.7411328745368,0
2023-07-28 11:06:05,856.35,866721,50,854.12,183780,296827,0.7411328745368,0
2023-07-28 11:06:05,856.45,866721,21,854.12,182927,296803,0.7528968884183391,0
2023-07-28 11:06:08,856.8,866944,8,854.12,182534,296647,0.7940709370037057,0
2023-07-28 11:06:08,856.8,866944,8,854.12,187239,296287,0.7940709370037057,0
2023-07-28 11:06:08,856.8,866944,8,854.12,187349,296248,0.7940709370037057,0
2023-07-28 11:06:08,856.8,866944,8,854.12,186783,296357,0.7940709370037057,0
2023-07-28 11:06:12,856.5,867002,58,854.12,186687,296330,0.7587788953591019,0
2023-07-28 11:06:12,856.5,867002,58,854.12,186688,296331,0.7587788953591019,0
2023-07-28 11:06:12,856.5,867002,58,854.12,186688,296431,0.7587788953591019,0
2023-07-28 11:06:12,856.5,867002,81,854.12,186688,296431,0.7587788953591019,0
2023-07-28 11:06:15,856.5,867083,81,854.12,185995,296726,0.7587788953591019,0
2023-07-28 11:06:15,856.5,867083,81,854.12,185995,296736,0.7587788953591019,0
2023-07-28 11:06:15,856.5,867083,81,854.12,185995,296860,0.7587788953591019,0
2023-07-28 11:06:15,856.5,867083,81,854.12,186065,297069,0.7587788953591019,0
2023-07-28 11:06:15,856.5,867083,81,854.12,186203,297050,0.7587788953591019,0
2023-07-28 11:06:15,856.5,867083,81,854.12,186994,296807,0.7587788953591019,0
2023-07-28 11:06:15,856.5,867083,81,854.12,187119,296909,0.7587788953591019,0
2023-07-28 11:06:15,856.5,867083,81,854.12,187119,296909,0.7587788953591019,0
2023-07-28 11:06:15,856.6,867083,15,854.12,187119,296909,0.770542909240641,0
2023-07-28 11:06:25,856.6,867129,15,854.12,187060,296903,0.770542909240641,0
2023-07-28 11:06:25,856.6,867129,15,854.12,187060,296903,0.770542909240641,0
2023-07-28 11:06:25,856.6,867129,15,854.12,187060,297103,0.770542909240641,0
2023-07-28 11:06:29,856.6,867144,10,854.12,187068,297148,0.770542909240641,0
2023-07-28 11:06:29,856.6,867144,10,854.12,187496,297148,0.770542909240641,0
2023-07-28 11:06:29,856.6,867144,10,854.12,187496,297148,0.770542909240641,0
2023-07-28 11:06:29,856.6,867144,10,854.12,187483,297294,0.770542909240641,0
2023-07-28 11:06:35,856.6,867146,2,854.12,187444,297279,0.770542909240641,0
2023-07-28 11:06:35,856.8,867146,40,854.12,187444,297279,0.7940709370037057,0
2023-07-28 11:06:37,856.8,867191,5,854.12,187492,297302,0.7940709370037057,0
2023-07-28 11:06:37,856.6,868033,841,854.13,185435,298217,0.770542909240641,0
2023-07-28 11:06:37,856.6,868033,841,854.13,183391,298499,0.770542909240641,0
2023-07-28 11:06:37,856.6,868033,841,854.13,185441,298014,0.770542909240641,0
2023-07-28 11:06:37,856.6,868033,841,854.13,185563,298132,0.770542909240641,0
2023-07-28 11:06:37,856.6,868033,841,854.13,185588,298132,0.770542909240641,0
2023-07-28 11:06:37,856.6,868033,841,854.13,185588,298182,0.770542909240641,0
2023-07-28 11:06:45,856.05,868275,10,854.13,185467,298243,0.7058408328921828,0
2023-07-28 11:06:45,856.05,868275,10,854.13,185430,298185,0.7058408328921828,0
2023-07-28 11:06:45,856.05,868275,10,854.13,185339,298078,0.7058408328921828,0
2023-07-28 11:06:49,855.95,868325,17,854.13,185302,298078,0.6940768190106572,0
2023-07-28 11:06:49,855.95,868325,17,854.13,186536,297270,0.6940768190106572,0
2023-07-28 11:06:49,855.95,868325,17,854.13,186536,297286,0.6940768190106572,0
2023-07-28 11:06:49,856.25,868325,1,854.13,186536,297286,0.729368860655261,0
2023-07-28 11:06:54,856.25,868326,1,854.13,186051,296793,0.729368860655261,0
2023-07-28 11:06:54,856.25,868326,1,854.13,185140,297058,0.729368860655261,0
2023-07-28 11:06:54,856.25,868326,1,854.13,184190,297094,0.729368860655261,0
2023-07-28 11:06:54,856.2,868326,10,854.13,184190,297094,0.7234868537144982,0
2023-07-28 11:06:58,856.2,868336,10,854.13,184190,297218,0.7234868537144982,0
2023-07-28 11:06:58,856.2,868336,10,854.13,183090,297310,0.7234868537144982,0
2023-07-28 11:06:58,856.2,868336,10,854.13,183717,297350,0.7234868537144982,0
2023-07-28 11:07:01,856.6,868496,94,854.13,185709,297013,0.770542909240641,0
2023-07-28 11:07:01,856.6,868496,94,854.13,185671,296985,0.770542909240641,0
2023-07-28 11:07:01,856.75,868496,45,854.13,185671,296985,0.7881889300629429,0
2023-07-28 11:07:03,856.75,868696,45,854.13,185707,296948,0.7881889300629429,0
2023-07-28 11:07:03,856.25,868696,36,854.13,185707,296948,0.729368860655261,0
2023-07-28 11:07:04,856.25,868736,36,854.13,185807,296996,0.729368860655261,0
2023-07-28 11:07:04,856.25,868736,36,854.13,182846,297678,0.729368860655261,0
2023-07-28 11:07:04,856.25,868736,36,854.13,184373,297793,0.729368860655261,0
2023-07-28 11:07:04,856.25,868736,36,854.13,184315,297559,0.729368860655261,0
2023-07-28 11:07:04,856.25,868736,36,854.13,183420,297568,0.729368860655261,0
2023-07-28 11:07:11,856.2,868766,30,854.13,183420,297525,0.7234868537144982,0
2023-07-28 11:07:11,856.2,868766,30,854.13,183420,297525,0.7234868537144982,0
2023-07-28 11:07:11,856.2,868766,30,854.13,183420,297525,0.7234868537144982,0
2023-07-28 11:07:11,856.2,868766,30,854.13,183420,297525,0.7234868537144982,0
2023-07-28 11:07:15,856.2,868801,35,854.13,185205,298068,0.7234868537144982,0
2023-07-28 11:07:15,856.2,868801,10,854.13,185479,297947,0.7234868537144982,0
2023-07-28 11:07:16,856.2,868811,10,854.13,185479,297911,0.7234868537144982,0
2023-07-28 11:07:16,856.2,868811,10,854.13,185479,297911,0.7234868537144982,0
2023-07-28 11:07:16,856.2,868811,10,854.13,185621,297816,0.7234868537144982,0
2023-07-28 11:07:16,856.2,868811,10,854.13,185621,297875,0.7234868537144982,0
2023-07-28 11:07:16,856.05,868811,5,854.13,185621,297875,0.7058408328921828,0
2023-07-28 11:07:22,856.4,868967,15,854.13,185594,297744,0.7470148814775629,0
2023-07-28 11:07:22,856.5,868969,2,854.13,185594,298343,0.7587788953591019,0
2023-07-28 11:07:25,856.05,868989,1,854.13,185593,298324,0.7058408328921828,0
2023-07-28 11:07:25,856.05,868989,1,854.13,185594,298324,0.7058408328921828,0
2023-07-28 11:07:25,856.05,868989,1,854.13,185594,298324,0.7058408328921828,0
2023-07-28 11:07:27,856.05,869014,25,854.13,185569,298324,0.7058408328921828,0
2023-07-28 11:07:29,856.5,869314,63,854.13,184594,298179,0.7587788953591019,0
2023-07-28 11:07:29,856.5,869314,63,854.13,184594,298179,0.7587788953591019,0
2023-07-28 11:07:31,856.05,869316,2,854.13,185492,298179,0.7058408328921828,0
2023-07-28 11:07:31,856.05,869316,2,854.13,184688,298054,0.7058408328921828,0
2023-07-28 11:07:31,856.05,869316,2,854.13,184688,298094,0.7058408328921828,0
2023-07-28 11:07:35,856.45,869427,2,854.13,185521,298181,0.7528968884183391,0
2023-07-28 11:07:35,856.45,869429,2,854.13,184914,297858,0.7528968884183391,0
2023-07-28 11:07:35,856.45,869429,2,854.13,184914,297849,0.7528968884183391,0
2023-07-28 11:07:35,856.45,869429,2,854.13,184853,297849,0.7528968884183391,0
2023-07-28 11:07:35,856.45,869429,2,854.13,184848,297750,0.7528968884183391,0
2023-07-28 11:07:35,856.45,869429,2,854.13,184699,297932,0.7528968884183391,0
2023-07-28 11:07:35,856.45,869429,1,854.13,184699,297932,0.7528968884183391,0
2023-07-28 11:07:40,856.45,869430,1,854.13,185316,298170,0.7528968884183391,0
2023-07-28 11:07:40,856.05,869430,20,854.13,185497,298183,0.7058408328921828,0
2023-07-28 11:07:44,856.45,869460,4,854.13,185663,297942,0.7528968884183391,0
2023-07-28 11:07:44,856.45,869460,4,854.13,181974,298732,0.7528968884183391,0
2023-07-28 11:07:44,856.05,869460,1,854.13,181974,298732,0.7058408328921828,0
2023-07-28 11:07:46,856.05,869461,1,854.13,182510,298731,0.7058408328921828,0
2023-07-28 11:07:46,856.05,869461,1,854.13,182515,298781,0.7058408328921828,0
2023-07-28 11:07:46,856.05,869461,1,854.13,182589,298777,0.7058408328921828,0
2023-07-28 11:07:46,856.05,869461,1,854.13,182524,298839,0.7058408328921828,0
2023-07-28 11:07:51,855.95,869466,5,854.13,182562,298850,0.6940768190106572,0
2023-07-28 11:07:51,855.95,869466,5,854.13,182562,298763,0.6940768190106572,0
2023-07-28 11:07:51,855.95,869466,5,854.13,182562,298833,0.6940768190106572,0
2023-07-28 11:07:55,855.85,869473,7,854.13,182555,298865,0.6823128051291181,0
2023-07-28 11:07:55,855.85,869473,7,854.13,182555,298865,0.6823128051291181,0
2023-07-28 11:07:57,855.85,869481,8,854.13,182588,298809,0.6823128051291181,0
2023-07-28 11:07:57,856.0,869481,1,854.13,182588,298809,0.69995882595142,0
2023-07-28 11:07:58,856.0,869533,50,854.13,182624,298597,0.69995882595142,0
2023-07-28 11:07:58,856.0,869533,50,854.13,182624,298597,0.69995882595142,0
2023-07-28 11:07:58,856.0,869533,50,854.13,182635,297993,0.69995882595142,0
2023-07-28 11:07:58,856.0,869533,50,854.13,183248,297298,0.69995882595142,0
2023-07-28 11:07:58,856.0,869533,50,854.13,183264,297298,0.69995882595142,0
2023-07-28 11:07:58,856.0,869533,50,854.13,183203,297298,0.69995882595142,0
2023-07-28 11:08:03,855.95,869534,1,854.13,183187,297299,0.6940768190106572,0
2023-07-28 11:08:03,855.95,869534,1,854.13,183203,297099,0.6940768190106572,0
2023-07-28 11:08:03,855.85,869534,13,854.13,183203,297099,0.6823128051291181,0
2023-07-28 11:08:03,855.85,869534,199,854.13,183203,297099,0.6823128051291181,0
2023-07-28 11:08:03,855.85,869534,1,854.13,183203,297099,0.6823128051291181,0
2023-07-28 11:08:03,855.35,869534,2,854.13,183203,297099,0.6234927357214363,0
2023-07-28 11:08:10,855.05,870074,46,854.13,178673,298003,0.5882006940768191,0
2023-07-28 11:08:11,855.05,870495,33,854.13,180563,297831,0.5882006940768191,0
2023-07-28 11:08:11,855.45,870495,1,854.13,180563,297831,0.6352567496029753,0
2023-07-28 11:08:11,855.05,870495,78,854.13,180563,297831,0.5882006940768191,0
2023-07-28 11:08:11,855.0,870495,8,854.13,180563,297831,0.5823186871360562,0
2023-07-28 11:08:19,855.4,871271,4,854.13,180439,297174,0.6293747426621991,0
2023-07-28 11:08:19,855.15,871271,3,854.13,180439,297174,0.5999647079583581,0
2023-07-28 11:08:23,855.15,871274,3,854.13,179344,297277,0.5999647079583581,0
2023-07-28 11:08:23,855.15,871274,3,854.13,179344,297277,0.5999647079583581,0
2023-07-28 11:08:23,855.1,871274,2,854.13,179344,297277,0.5940827010175953,0
2023-07-28 11:08:23,855.1,871274,2,854.13,179344,297277,0.5940827010175953,0
2023-07-28 11:08:23,855.0,871274,25,854.13,179344,297277,0.5823186871360562,0
2023-07-28 11:08:23,855.0,871274,25,854.13,179344,297277,0.5823186871360562,0
2023-07-28 11:08:23,855.0,871274,25,854.13,179344,297277,0.5823186871360562,0
2023-07-28 11:08:23,855.0,871274,25,854.13,179344,297277,0.5823186871360562,0
2023-07-28 11:08:27,855.0,871403,25,854.13,179822,297562,0.5823186871360562,0
2023-07-28 11:08:27,855.05,871403,3,854.13,179822,297562,0.5882006940768191,0
2023-07-28 11:08:27,855.0,871403,1,854.13,179822,297562,0.5823186871360562,0
2023-07-28 11:08:31,855.0,871458,14,854.13,180647,297188,0.5823186871360562,0
2023-07-28 11:08:31,855.55,871458,8,854.13,180647,297188,0.647020763484501,0
2023-07-28 11:08:31,855.05,871458,15,854.13,180647,297188,0.5882006940768191,0
2023-07-28 11:08:36,855.05,871868,15,854.13,180614,297931,0.5882006940768191,0
2023-07-28 11:08:36,855.0,871868,100,854.13,180614,297931,0.5823186871360562,0
2023-07-28 11:08:40,855.0,871968,100,854.13,180581,297897,0.5823186871360562,0
2023-07-28 11:08:40,855.35,871968,3,854.13,180581,297897,0.6234927357214363,0
2023-07-28 11:08:40,854.95,871968,6,854.13,180581,297897,0.5764366801952934,0
2023-07-28 11:08:45,854.95,871978,1,854.13,178609,297988,0.5764366801952934,0
2023-07-28 11:08:45,854.85,871978,114,854.13,178609,297988,0.5646726663137543,0
2023-07-28 11:08:45,854.9,871978,123,854.13,178609,297988,0.5705546732545171,0
2023-07-28 11:08:45,854.9,871978,12,854.13,178609,297988,0.5705546732545171,0
2023-07-28 11:08:49,854.9,872752,12,854.13,171720,297321,0.5705546732545171,0
2023-07-28 11:08:49,854.7,872752,4,854.13,171720,297321,0.5470266454914524,0
2023-07-28 11:08:49,854.7,872752,103,854.13,171720,297321,0.5470266454914524,0
2023-07-28 11:08:49,854.9,872752,2,854.13,171720,297321,0.5705546732545171,0
2023-07-28 11:08:53,854.7,872986,70,854.13,178908,296714,0.5470266454914524,0
2023-07-28 11:08:53,854.75,872986,4,854.13,178908,296714,0.5529086524322152,0
2023-07-28 11:08:55,854.75,872990,4,854.13,179202,296715,0.5529086524322152,0
2023-07-28 11:08:55,855.15,872990,10,854.13,179202,296715,0.5999647079583581,0
2023-07-28 11:09:01,855.15,873000,10,854.13,176489,296734,0.5999647079583581,0
2023-07-28 11:09:01,854.7,873000,8,854.13,176489,296734,0.5470266454914524,0
2023-07-28 11:09:05,854.7,873137,8,854.13,176817,296610,0.5470266454914524,0
2023-07-28 11:09:05,854.7,873137,8,854.13,176817,296614,0.5470266454914524,0
2023-07-28 11:09:07,854.7,873337,170,854.13,176568,296701,0.5470266454914524,0
2023-07-28 11:09:08,854.7,873338,1,854.13,178545,296877,0.5470266454914524,0
2023-07-28 11:09:08,854.7,873338,1,854.13,179616,296828,0.5470266454914524,0
2023-07-28 11:09:08,854.7,873338,1,854.13,177745,296828,0.5470266454914524,0
2023-07-28 11:09:11,854.6,873355,6,854.13,177201,296825,0.5352626316099134,0
2023-07-28 11:09:13,854.6,873455,100,854.13,178901,296896,0.5352626316099134,0
2023-07-28 11:09:13,854.6,873455,100,854.13,177985,296972,0.5352626316099134,0
2023-07-28 11:09:15,855.05,873456,1,854.13,178721,296379,0.5882006940768191,0
2023-07-28 11:09:15,855.05,873456,1,854.13,180049,296553,0.5882006940768191,0
2023-07-28 11:09:15,855.05,873456,1,854.13,180151,296566,0.5882006940768191,0
2023-07-28 11:09:15,855.05,873456,1,854.13,180346,296569,0.5882006940768191,0
2023-07-28 11:09:15,855.05,873456,1,854.13,179455,296664,0.5882006940768191,0
2023-07-28 11:09:21,855.15,873656,170,854.13,182397,293084,0.5999647079583581,0
2023-07-28 11:09:21,855.15,873656,170,854.13,179439,293069,0.5999647079583581,0
2023-07-28 11:09:21,855.15,873656,170,854.13,179404,293069,0.5999647079583581,0
2023-07-28 11:09:21,855.45,873656,528,854.13,182406,296069,0.6352567496029753,0
2023-07-28 11:09:24,855.45,874556,528,854.14,180733,296617,0.6352567496029753,0
2023-07-28 11:09:24,855.45,874556,528,854.14,180073,296481,0.6352567496029753,0
2023-07-28 11:09:24,855.45,874556,528,854.14,175134,297173,0.6352567496029753,0
2023-07-28 11:09:24,855.35,874556,8,854.14,181291,296900,0.6234927357214363,0
2023-07-28 11:09:28,855.35,874614,8,854.14,181208,296834,0.6234927357214363,0
2023-07-28 11:09:28,855.35,874614,8,854.14,181118,296834,0.6234927357214363,0
2023-07-28 11:09:28,855.35,874614,8,854.14,181123,296720,0.6234927357214363,0
2023-07-28 11:09:28,855.35,874614,8,854.14,181023,296720,0.6234927357214363,0
2023-07-28 11:09:35,854.85,874884,13,854.14,180649,296726,0.5646726663137543,0
2023-07-28 11:09:35,854.85,874884,13,854.14,180649,296726,0.5646726663137543,0
2023-07-28 11:09:35,854.85,874884,13,854.14,179580,296673,0.5646726663137543,0
2023-07-28 11:09:37,855.4,874944,60,854.14,178847,296880,0.6293747426621991,0
2023-07-28 11:09:37,855.4,874944,60,854.14,179812,296918,0.6293747426621991,0
2023-07-28 11:09:37,855.4,874944,60,854.14,179419,296871,0.6293747426621991,0
2023-07-28 11:09:37,855.4,874944,60,854.14,179424,296970,0.6293747426621991,0
2023-07-28 11:09:37,855.4,874944,60,854.14,180197,297280,0.6293747426621991,0
2023-07-28 11:09:37,855.35,874944,3,854.14,180197,297280,0.6234927357214363,0
2023-07-28 11:09:42,855.35,874994,3,854.14,179550,297005,0.6234927357214363,0
2023-07-28 11:09:42,855.35,874994,3,854.14,179560,296995,0.6234927357214363,0
2023-07-28 11:09:42,855.0,874994,10,854.14,179560,296995,0.5823186871360562,0
2023-07-28 11:09:45,855.0,875005,1,854.14,178934,297425,0.5823186871360562,0
2023-07-28 11:09:45,855.0,875005,1,854.14,178367,297061,0.5823186871360562,0
2023-07-28 11:09:45,855.0,875005,1,854.14,179024,296986,0.5823186871360562,0
2023-07-28 11:09:45,855.0,875005,1,854.14,178574,297295,0.5823186871360562,0
2023-07-28 11:09:45,855.0,875005,1,854.14,178574,297295,0.5823186871360562,0
2023-07-28 11:09:45,855.0,875005,1,854.14,178952,297295,0.5823186871360562,0
2023-07-28 11:09:51,854.9,875010,3,854.14,178826,297330,0.5705546732545171,0
2023-07-28 11:09:51,854.9,875010,3,854.14,178826,296502,0.5705546732545171,0
2023-07-28 11:09:51,854.9,875010,3,854.14,178821,297194,0.5705546732545171,0
2023-07-28 11:09:51,854.75,875010,4,854.14,178821,297194,0.5529086524322152,0
2023-07-28 11:09:55,854.75,875014,4,854.14,178822,297169,0.5529086524322152,0
2023-07-28 11:09:55,854.75,875014,4,854.14,178258,297196,0.5529086524322152,0
2023-07-28 11:09:55,854.75,875014,4,854.14,178332,297402,0.5529086524322152,0
2023-07-28 11:09:55,854.75,875014,5,854.14,178332,297402,0.5529086524322152,0
2023-07-28 11:09:58,854.75,875019,5,854.14,178063,297281,0.5529086524322152,0
2023-07-28 11:09:58,854.75,875019,5,854.14,177241,296976,0.5529086524322152,0
2023-07-28 11:10:00,854.75,875057,6,854.14,177195,296900,0.5529086524322152,0
2023-07-28 11:10:01,855.15,875257,30,854.14,173832,294808,0.5999647079583581,0
2023-07-28 11:10:01,855.15,875257,30,854.14,178344,296430,0.5999647079583581,0
2023-07-28 11:10:01,855.15,875257,30,854.14,178368,296446,0.5999647079583581,0
2023-07-28 11:10:01,854.8,875257,20,854.14,178368,296446,0.5587906593729781,0
2023-07-28 11:10:04,854.8,875279,20,854.14,177457,296593,0.5587906593729781,0
2023-07-28 11:10:04,855.25,875279,2,854.14,177457,296593,0.6117287218398971,0
2023-07-28 11:10:05,855.25,875281,2,854.14,178498,296497,0.6117287218398971,0
2023-07-28 11:10:07,854.75,875282,1,854.14,177110,296594,0.5529086524322152,0
2023-07-28 11:10:08,854.75,875283,1,854.14,177652,296531,0.5529086524322152,0
2023-07-28 11:10:08,854.75,875283,1,854.14,177412,296654,0.5529086524322152,0
2023-07-28 11:10:08,854.75,875283,1,854.14,176697,296559,0.5529086524322152,0
2023-07-28 11:10:08,854.75,875283,1,854.14,178481,296568,0.5529086524322152,0
2023-07-28 11:10:08,854.8,875283,21,854.14,179352,296434,0.5587906593729781,0
2023-07-28 11:10:15,854.65,875371,16,854.14,178725,296586,0.5411446385506762,0
2023-07-28 11:10:15,855.0,875456,85,854.14,177676,296823,0.5823186871360562,0
2023-07-28 11:10:15,854.7,875456,22,854.14,177676,296823,0.5470266454914524,0
2023-07-28 11:10:17,854.7,875478,22,854.14,178002,297103,0.5470266454914524,0
2023-07-28 11:10:17,854.7,875478,22,854.14,177017,296890,0.5470266454914524,0
2023-07-28 11:10:17,854.7,875478,22,854.14,179311,296623,0.5470266454914524,0
2023-07-28 11:10:17,854.7,875478,22,854.14,178530,296739,0.5470266454914524,0
2023-07-28 11:10:17,854.7,875478,22,854.14,179437,296815,0.5470266454914524,0
2023-07-28 11:10:17,854.7,875478,22,854.14,178461,296716,0.5470266454914524,0
2023-07-28 11:10:25,854.65,875515,37,854.14,178959,296946,0.5411446385506762,0
2023-07-28 11:10:25,854.65,875515,1,854.14,178959,296946,0.5411446385506762,0
2023-07-28 11:10:27,854.65,875516,1,854.14,179095,296785,0.5411446385506762,0
2023-07-28 11:10:27,854.65,875516,1,854.14,178194,296974,0.5411446385506762,0
2023-07-28 11:10:27,855.0,875516,83,854.14,178194,296974,0.5823186871360562,0
2023-07-28 11:10:29,854.6,875616,141,854.14,178090,296788,0.5352626316099134,0
2023-07-28 11:10:30,854.6,875891,141,854.14,178961,296818,0.5352626316099134,0
2023-07-28 11:10:30,854.6,875891,141,854.14,178961,296897,0.5352626316099134,0
2023-07-28 11:10:33,855.0,876191,41,854.14,177738,296770,0.5823186871360562,0
2023-07-28 11:10:33,855.0,876191,41,854.14,177796,296891,0.5823186871360562,0
2023-07-28 11:10:33,855.0,876191,41,854.14,180519,296726,0.5823186871360562,0
2023-07-28 11:10:33,855.0,876191,41,854.14,181036,291777,0.5823186871360562,0
2023-07-28 11:10:37,855.0,876214,23,854.14,181036,291728,0.5823186871360562,0
2023-07-28 11:10:37,855.0,876214,30,854.14,181036,291728,0.5823186871360562,0
2023-07-28 11:10:39,855.0,876249,5,854.14,181036,291660,0.5823186871360562,0
2023-07-28 11:10:39,855.0,876249,5,854.14,181036,291738,0.5823186871360562,0
2023-07-28 11:10:39,855.0,876249,5,854.14,181036,291800,0.5823186871360562,0
2023-07-28 11:10:42,854.95,876252,3,854.14,181036,291641,0.5764366801952934,0
