2023-07-28 10:49:30,228.3,9009954,2000,225.54,1430795,2038710,3.34993209597103,0
2023-07-28 10:49:29,228.3,9005436,1,225.54,1440918,2029494,3.34993209597103,0
2023-07-28 10:49:30,228.3,9009954,4,225.54,1430795,2038710,3.34993209597103,0
2023-07-28 10:49:31,228.2,9010268,12,225.54,1433573,2040440,3.304662743322763,0
2023-07-28 10:49:31,228.2,9010268,20,225.54,1433573,2040440,3.304662743322763,0
2023-07-28 10:49:32,228.25,9016378,100,225.54,1443711,2038504,3.3272974196468965,0
2023-07-28 10:49:33,228.2,9016831,100,225.54,1444798,2049103,3.304662743322763,0
2023-07-28 10:49:34,228.15,9017081,50,225.54,1446542,2051753,3.2820280669986417,0
2023-07-28 10:49:34,228.3,9017081,3,225.54,1446542,2051753,3.34993209597103,0
2023-07-28 10:49:35,228.25,9019561,61,225.54,1442349,2046123,3.3272974196468965,0
2023-07-28 10:49:36,228.3,9022059,233,225.54,1436996,2054050,3.34993209597103,0
2023-07-28 10:49:36,228.1,9022059,91,225.54,1436996,2054050,3.259393390674508,0
2023-07-28 10:49:37,228.1,9025950,91,225.54,1440670,2063376,3.259393390674508,0
2023-07-28 10:49:38,228.1,9026737,30,225.54,1436717,2065860,3.259393390674508,0
2023-07-28 10:49:40,228.15,9027866,172,225.54,1430660,2065337,3.2820280669986417,0
2023-07-28 10:49:40,228.15,9027866,50,225.54,1430660,2065337,3.2820280669986417,0
2023-07-28 10:49:41,228.2,9034980,50,225.54,1432408,2060715,3.304662743322763,0
2023-07-28 10:49:41,228.15,9034980,44,225.54,1432408,2060715,3.2820280669986417,0
2023-07-28 10:49:43,228.15,9035491,10,225.54,1429762,2067041,3.2820280669986417,0
2023-07-28 10:49:43,228.3,9035491,182,225.54,1429762,2067041,3.34993209597103,0
2023-07-28 10:49:44,228.75,9162815,74,225.59,1452342,1943484,3.553644182888182,0
2023-07-28 10:49:44,228.75,9162815,200,225.59,1452342,1943484,3.553644182888182,0
2023-07-28 10:49:45,228.85,9173946,8,225.59,1449689,1965499,3.5989135355364366,0
2023-07-28 10:49:45,228.75,9173946,220,225.59,1449689,1965499,3.553644182888182,0
2023-07-28 10:49:46,228.7,9178249,134,225.59,1452677,1969362,3.531009506564048,0
2023-07-28 10:49:46,228.8,9178249,251,225.59,1452677,1969362,3.576278859212316,0
2023-07-28 10:49:47,228.7,9183760,125,225.59,1459559,1968312,3.531009506564048,0
2023-07-28 10:49:48,228.75,9185464,10,225.59,1447600,1967959,3.553644182888182,0
2023-07-28 10:49:49,228.9,9186144,203,225.59,1459316,1971162,3.62154821186057,0
2023-07-28 10:49:51,228.9,9192735,150,225.6,1473056,1983264,3.62154821186057,0
2023-07-28 10:49:52,228.9,9195468,40,225.6,1478442,1981962,3.62154821186057,0
2023-07-28 10:49:52,228.9,9195468,143,225.6,1478442,1981962,3.62154821186057,0
2023-07-28 10:49:53,228.85,9199985,200,225.6,1482154,1982698,3.5989135355364366,0
2023-07-28 10:49:53,228.9,9199985,17,225.6,1482154,1982698,3.62154821186057,0
2023-07-28 10:49:54,228.85,9201019,2,225.6,1480191,1982736,3.5989135355364366,0
2023-07-28 10:49:54,228.9,9201019,10,225.6,1480191,1982736,3.62154821186057,0
2023-07-28 10:49:55,228.9,9203433,1,225.6,1484279,1985748,3.62154821186057,0
2023-07-28 10:49:56,228.8,9204929,100,225.6,1482401,1985791,3.576278859212316,0
2023-07-28 10:49:56,228.85,9204929,1,225.6,1482401,1985791,3.5989135355364366,0
2023-07-28 10:49:57,228.9,9241121,132,225.61,1487800,1960344,3.62154821186057,0
2023-07-28 10:49:58,228.85,9255847,174,225.62,1483019,1964145,3.5989135355364366,0
2023-07-28 10:49:59,228.95,9267191,284,225.62,1480018,1969123,3.644182888184691,0
2023-07-28 10:49:59,228.95,9267191,85,225.62,1480018,1969123,3.644182888184691,0
2023-07-28 10:50:00,228.8,9279229,19,225.63,1487853,1971871,3.576278859212316,0
2023-07-28 10:50:00,228.8,9279229,3,225.63,1487853,1971871,3.576278859212316,0
2023-07-28 10:50:01,228.85,9282351,500,225.63,1475304,1977427,3.5989135355364366,0
2023-07-28 10:50:02,228.75,9305884,500,225.64,1472244,1974093,3.553644182888182,0
2023-07-28 10:50:03,228.75,9310557,790,225.64,1460174,1977394,3.553644182888182,0
2023-07-28 10:50:04,228.85,9311214,1,225.64,1470675,1980397,3.5989135355364366,0
2023-07-28 10:50:04,228.85,9311214,2,225.64,1470675,1980397,3.5989135355364366,0
2023-07-28 10:50:06,228.7,9313233,43,225.64,1476362,1984703,3.531009506564048,0
2023-07-28 10:50:06,228.8,9313233,5,225.64,1476362,1984703,3.576278859212316,0
2023-07-28 10:50:07,228.8,9323295,888,225.64,1466655,1984324,3.576278859212316,0
2023-07-28 10:50:08,228.8,9323995,63,225.64,1465300,1988466,3.576278859212316,0
2023-07-28 10:50:08,228.8,9323995,63,225.64,1457272,1988062,3.576278859212316,0
2023-07-28 10:50:09,228.8,9325859,389,225.64,1457569,1988181,3.576278859212316,0
2023-07-28 10:50:09,228.7,9325859,199,225.64,1457569,1988181,3.531009506564048,0
2023-07-28 10:50:10,228.6,9331698,15,225.64,1453753,1993575,3.4857401539157937,0
2023-07-28 10:50:10,228.8,9331698,132,225.64,1453753,1993575,3.576278859212316,0
2023-07-28 10:50:11,228.8,9341900,115,225.65,1456065,1982198,3.576278859212316,0
2023-07-28 10:50:12,228.85,9346087,403,225.65,1451983,1984526,3.5989135355364366,0
2023-07-28 10:50:13,228.8,9359411,150,225.65,1449714,1984019,3.576278859212316,0
2023-07-28 10:50:15,228.7,9361964,100,225.65,1460236,1984760,3.531009506564048,0
2023-07-28 10:50:16,228.65,9364514,1,225.66,1456922,1987105,3.5083748302399274,0
2023-07-28 10:50:16,228.9,9364514,100,225.66,1456922,1987105,3.62154821186057,0
2023-07-28 10:50:17,228.85,9377395,5,225.66,1524164,1988110,3.5989135355364366,0
2023-07-28 10:50:17,228.9,9377395,40,225.66,1524164,1988110,3.62154821186057,0
2023-07-28 10:50:18,228.8,9387156,15,225.66,1537614,1990715,3.576278859212316,0
2023-07-28 10:50:18,228.8,9387156,1,225.66,1537614,1990715,3.576278859212316,0
2023-07-28 10:50:19,228.8,9388178,200,225.66,1534805,1990393,3.576278859212316,0
2023-07-28 10:50:19,228.9,9388178,2169,225.66,1534805,1990393,3.62154821186057,0
2023-07-28 10:50:21,228.95,9423881,200,225.68,1541790,1963423,3.644182888184691,0
2023-07-28 10:50:21,228.95,9423881,100,225.68,1541790,1963423,3.644182888184691,0
2023-07-28 10:50:22,228.95,9424663,1,225.68,1546104,1966039,3.644182888184691,0
2023-07-28 10:50:22,228.95,9424663,1,225.68,1546104,1966039,3.644182888184691,0
2023-07-28 10:50:23,228.95,9429140,27,225.68,1563019,1963464,3.644182888184691,0
2023-07-28 10:50:23,228.95,9429140,27,225.68,1563019,1963464,3.644182888184691,0
2023-07-28 10:50:24,229.0,9436435,5,225.68,1568889,1959049,3.666817564508825,0
2023-07-28 10:50:25,229.0,9452504,30,225.69,1581331,1949428,3.666817564508825,0
2023-07-28 10:50:27,229.15,9519702,700,225.71,1564194,1888565,3.734721593481213,0
2023-07-28 10:50:28,229.05,9527537,46,225.71,1512803,1895067,3.6894522408329586,0
2023-07-28 10:50:28,229.2,9527537,1,225.71,1512803,1895067,3.7573562698053338,0
2023-07-28 10:50:29,229.2,9535488,200,225.72,1515540,1898336,3.7573562698053338,0
2023-07-28 10:50:30,229.2,9548690,4,225.72,1508786,1894980,3.7573562698053338,0
2023-07-28 10:50:30,229.2,9548690,145,225.72,1508786,1894980,3.7573562698053338,0
2023-07-28 10:50:31,229.25,9554854,45,225.72,1527877,1900072,3.779990946129468,0
2023-07-28 10:50:32,229.05,9575876,10,225.73,1516662,1927859,3.6894522408329586,0
2023-07-28 10:50:33,229.15,9576545,1,225.73,1516295,1933419,3.734721593481213,0
2023-07-28 10:50:34,229.15,9578221,100,225.73,1516983,1943225,3.734721593481213,0
2023-07-28 10:50:35,229.0,9587902,2,225.73,1513243,1947623,3.666817564508825,0
2023-07-28 10:50:37,229.2,9594354,493,225.74,1503462,1949690,3.7573562698053338,0
2023-07-28 10:50:37,229.15,9594354,44,225.74,1503462,1949690,3.734721593481213,0
2023-07-28 10:50:38,229.05,9595828,25,225.74,1508191,1950143,3.6894522408329586,0
2023-07-28 10:50:38,229.0,9595828,885,225.74,1508191,1950143,3.666817564508825,0
2023-07-28 10:50:39,229.15,9608358,74,225.74,1500089,1952904,3.734721593481213,0
2023-07-28 10:50:39,229.15,9608358,74,225.74,1500089,1952904,3.734721593481213,0
2023-07-28 10:50:40,229.2,9614047,4,225.74,1497167,1953219,3.7573562698053338,0
2023-07-28 10:50:41,229.15,9622614,100,225.75,1512560,1951251,3.734721593481213,0
2023-07-28 10:50:42,229.15,9624766,50,225.75,1504221,1948986,3.734721593481213,0
2023-07-28 10:50:43,229.25,9637847,100,225.75,1499486,1945932,3.779990946129468,0
2023-07-28 10:50:44,229.2,9668216,150,225.76,1495459,1946293,3.7573562698053338,0
2023-07-28 10:50:45,229.3,9675441,4653,225.77,1507409,1940216,3.8026256224536015,0
2023-07-28 10:50:46,229.1,9682693,30,225.77,1502475,1943970,3.7120869171570794,0
2023-07-28 10:50:47,229.1,9688968,400,225.77,1505547,1955366,3.7120869171570794,0
2023-07-28 10:50:49,229.1,9693714,119,225.77,1510758,1964815,3.7120869171570794,0
2023-07-28 10:50:49,229.15,9693714,200,225.77,1510758,1964815,3.734721593481213,0
2023-07-28 10:50:50,229.2,9695612,325,225.77,1510548,1967124,3.7573562698053338,0
2023-07-28 10:50:51,229.1,9707304,500,225.78,1501281,1960630,3.7120869171570794,0
2023-07-28 10:50:52,229.15,9709802,500,225.78,1511494,1958194,3.734721593481213,0
2023-07-28 10:50:52,229.25,9709802,35,225.78,1511494,1958194,3.779990946129468,0
2023-07-28 10:50:53,229.2,9712699,12,225.78,1506755,1963752,3.7573562698053338,0
2023-07-28 10:50:53,229.15,9712699,1,225.78,1506755,1963752,3.734721593481213,0
2023-07-28 10:50:53,229.25,9712699,777,225.78,1506755,1963752,3.779990946129468,0
2023-07-28 10:50:55,229.1,9723003,200,225.78,1511119,1975455,3.7120869171570794,0
2023-07-28 10:50:56,229.2,9731697,1333,225.78,1512334,1972737,3.7573562698053338,0
2023-07-28 10:50:57,229.25,9737946,61,225.79,1502621,1978445,3.779990946129468,0
2023-07-28 10:50:58,229.25,9753459,15,225.79,1506897,1976798,3.779990946129468,0
2023-07-28 10:50:59,229.15,9761130,600,225.8,1510284,1980228,3.734721593481213,0
2023-07-28 10:51:00,229.2,9766637,36,225.8,1504529,1987134,3.7573562698053338,0
2023-07-28 10:51:00,229.2,9766637,50,225.8,1504529,1987134,3.7573562698053338,0
2023-07-28 10:51:02,229.15,9770505,20,225.8,1493890,1997853,3.734721593481213,0
2023-07-28 10:51:02,229.05,9773705,471,225.8,1497004,1998897,3.6894522408329586,0
2023-07-28 10:51:03,229.05,9774646,10,225.8,1496242,2002097,3.6894522408329586,0
2023-07-28 10:51:04,229.05,9775690,20,225.8,1497899,2003256,3.6894522408329586,0
2023-07-28 10:51:05,229.05,9778171,500,225.8,1490120,2006567,3.6894522408329586,0
2023-07-28 10:51:05,229.05,9778171,1246,225.8,1490120,2006567,3.6894522408329586,0
2023-07-28 10:51:05,229.0,9778171,134,225.8,1490120,2006567,3.666817564508825,0
2023-07-28 10:51:08,229.05,9786633,315,225.8,1504803,2008079,3.6894522408329586,0
2023-07-28 10:51:08,229.15,9786638,5,225.8,1504788,2004919,3.734721593481213,0
2023-07-28 10:51:09,229.1,9788153,50,225.8,1491944,2013986,3.7120869171570794,0
2023-07-28 10:51:09,229.05,9788153,2,225.8,1491944,2013986,3.6894522408329586,0
2023-07-28 10:51:10,229.1,9800667,4,225.81,1489058,2008685,3.7120869171570794,0
2023-07-28 10:51:11,229.0,9801760,11,225.81,1484648,2009649,3.666817564508825,0
2023-07-28 10:51:12,229.05,9807813,860,225.81,1479776,2021595,3.6894522408329586,0
2023-07-28 10:51:12,229.05,9807813,300,225.81,1479776,2021595,3.6894522408329586,0
2023-07-28 10:51:13,229.05,9810488,63,225.81,1475409,2024743,3.6894522408329586,0
2023-07-28 10:51:13,229.05,9810488,16,225.81,1475409,2024743,3.6894522408329586,0
2023-07-28 10:51:15,229.05,9811210,50,225.81,1476091,2026241,3.6894522408329586,0
2023-07-28 10:51:15,229.1,9811210,5,225.81,1476091,2026241,3.7120869171570794,0
2023-07-28 10:51:16,229.0,9811713,50,225.81,1476681,2025922,3.666817564508825,0
2023-07-28 10:51:17,229.0,9813415,100,225.81,1453138,2025003,3.666817564508825,0
2023-07-28 10:51:18,229.0,9814610,18,225.81,1460255,2024657,3.666817564508825,0
2023-07-28 10:51:19,229.2,9834565,1,225.82,1458242,2004805,3.7573562698053338,0
2023-07-28 10:51:19,229.1,9834565,35,225.82,1458242,2004805,3.7120869171570794,0
2023-07-28 10:51:22,229.15,9837541,1,225.82,1451311,2009390,3.734721593481213,0
2023-07-28 10:51:23,229.15,9838651,100,225.82,1450267,2014813,3.734721593481213,0
2023-07-28 10:51:23,229.15,9838651,1,225.82,1450267,2014813,3.734721593481213,0
2023-07-28 10:51:24,229.05,9839115,10,225.82,1449225,2023815,3.6894522408329586,0
2023-07-28 10:51:24,229.05,9839115,300,225.82,1449225,2023815,3.6894522408329586,0
2023-07-28 10:51:25,229.15,9845944,1750,225.82,1455489,2022961,3.734721593481213,0
2023-07-28 10:51:25,229.05,9845944,200,225.82,1455489,2022961,3.6894522408329586,0
2023-07-28 10:51:26,229.05,9849853,180,225.82,1458117,2026478,3.6894522408329586,0
2023-07-28 10:51:28,229.1,9850763,9,225.83,1461684,2026021,3.7120869171570794,0
2023-07-28 10:51:28,229.0,9852339,500,225.83,1463825,2029985,3.666817564508825,0
2023-07-28 10:51:28,229.1,9852339,10,225.83,1463825,2029985,3.7120869171570794,0
2023-07-28 10:51:30,229.0,9853286,100,225.83,1462481,2035629,3.666817564508825,0
2023-07-28 10:51:31,229.1,9855414,100,225.83,1469087,2037754,3.7120869171570794,0
2023-07-28 10:51:32,229.0,9860087,25,225.83,1463312,2036386,3.666817564508825,0
2023-07-28 10:51:32,229.05,9860087,1,225.83,1463312,2036386,3.6894522408329586,0
2023-07-28 10:51:33,229.0,9863357,20,225.83,1461331,2036728,3.666817564508825,0
2023-07-28 10:51:33,229.05,9863357,2,225.83,1461331,2036728,3.6894522408329586,0
2023-07-28 10:51:34,229.1,9863544,1,225.83,1464074,2041069,3.7120869171570794,0
2023-07-28 10:51:35,229.0,9866188,1200,225.83,1454992,2043114,3.666817564508825,0
2023-07-28 10:51:35,229.15,9866188,200,225.83,1454992,2043114,3.734721593481213,0
2023-07-28 10:51:36,229.15,9880225,10,225.83,1463191,2033277,3.734721593481213,0
2023-07-28 10:51:36,229.15,9880225,100,225.83,1463191,2033277,3.734721593481213,0
2023-07-28 10:51:37,229.15,9880770,500,225.84,1459787,2035055,3.734721593481213,0
2023-07-28 10:51:38,229.15,9901665,42,225.84,1452215,2040301,3.734721593481213,0
2023-07-28 10:51:38,229.1,9901665,50,225.84,1452215,2040301,3.7120869171570794,0
2023-07-28 10:51:39,229.0,9903757,400,225.84,1458018,2054444,3.666817564508825,0
2023-07-28 10:51:40,229.1,9908297,3375,225.84,1455532,2053400,3.7120869171570794,0
2023-07-28 10:51:41,229.1,9910578,28,225.84,1450850,2053248,3.7120869171570794,0
2023-07-28 10:51:42,229.05,9925178,20,225.85,1449407,2063899,3.6894522408329586,0
2023-07-28 10:51:42,229.0,9925178,100,225.85,1449407,2063899,3.666817564508825,0
2023-07-28 10:51:44,229.0,9933068,7,225.85,1449456,2065130,3.666817564508825,0
2023-07-28 10:51:44,229.0,9933645,25,225.85,1463378,2068473,3.666817564508825,0
2023-07-28 10:51:45,229.0,9937696,500,225.85,1459779,2073844,3.666817564508825,0
2023-07-28 10:51:46,229.1,9938434,2,225.85,1459197,2076985,3.7120869171570794,0
2023-07-28 10:51:48,229.0,9941624,60,225.85,1464471,2079476,3.666817564508825,0
2023-07-28 10:51:49,228.95,9960310,200,225.86,1426276,2079660,3.644182888184691,0
2023-07-28 10:51:50,228.95,9962979,100,225.86,1441665,2074063,3.644182888184691,0
2023-07-28 10:51:51,228.95,9979008,50,225.87,1416362,2065746,3.644182888184691,0
2023-07-28 10:51:52,229.0,9979578,98,225.87,1421041,2068687,3.666817564508825,0
2023-07-28 10:51:53,228.9,9979808,30,225.87,1420269,2072655,3.62154821186057,0
2023-07-28 10:51:55,229.0,9981044,86,225.87,1439490,2073900,3.666817564508825,0
2023-07-28 10:51:55,228.9,9981044,200,225.87,1439490,2073900,3.62154821186057,0
2023-07-28 10:51:56,228.9,9982498,100,225.87,1449135,2076047,3.62154821186057,0
2023-07-28 10:51:56,228.9,9982498,25,225.87,1449135,2076047,3.62154821186057,0
2023-07-28 10:51:57,228.95,9985271,10,225.87,1446983,2084692,3.644182888184691,0
2023-07-28 10:51:57,228.95,9985271,10,225.87,1446983,2084692,3.644182888184691,0
2023-07-28 10:51:58,228.85,9986396,462,225.87,1449679,2097298,3.5989135355364366,0
2023-07-28 10:52:00,228.95,9986775,3,225.87,1453218,2098565,3.644182888184691,0
2023-07-28 10:52:01,228.9,9989598,1,225.87,1454330,2099667,3.62154821186057,0
2023-07-28 10:52:01,228.85,9989598,3,225.87,1454330,2099667,3.5989135355364366,0
2023-07-28 10:52:02,228.85,9994854,25,225.87,1446446,2104264,3.5989135355364366,0
2023-07-28 10:52:02,228.85,9994854,25,225.87,1446446,2104264,3.5989135355364366,0
2023-07-28 10:52:03,228.85,9995019,60,225.87,1453472,2106294,3.5989135355364366,0
2023-07-28 10:52:04,228.85,9996490,100,225.87,1447934,2108789,3.5989135355364366,0
2023-07-28 10:52:05,228.95,10001761,380,225.87,1447372,2108601,3.644182888184691,0
2023-07-28 10:52:05,228.85,10001761,100,225.87,1447372,2108601,3.5989135355364366,0
2023-07-28 10:52:07,228.85,10002576,11,225.87,1441417,2113537,3.5989135355364366,0
2023-07-28 10:52:08,228.85,10004129,50,225.87,1443238,2109401,3.5989135355364366,0
2023-07-28 10:52:09,228.85,10004706,2,225.87,1439010,2109640,3.5989135355364366,0
2023-07-28 10:52:09,228.9,10004706,28,225.87,1439010,2109640,3.62154821186057,0
2023-07-28 10:52:11,228.85,10006575,1,225.87,1439458,2115387,3.5989135355364366,0
2023-07-28 10:52:12,228.8,10013790,80,225.88,1442341,2116049,3.576278859212316,0
2023-07-28 10:52:12,228.8,10013790,65,225.88,1442341,2116049,3.576278859212316,0
2023-07-28 10:52:13,228.9,10013944,1,225.88,1433269,2119685,3.62154821186057,0
2023-07-28 10:52:14,228.75,10016005,169,225.88,1435815,2131267,3.553644182888182,0
2023-07-28 10:52:15,228.9,10021655,100,225.88,1433799,2136206,3.62154821186057,0
2023-07-28 10:52:15,228.9,10021655,51,225.88,1433799,2136206,3.62154821186057,0
2023-07-28 10:52:17,228.95,10022352,40,225.88,1436541,2137394,3.644182888184691,0
2023-07-28 10:52:17,228.9,10022352,24,225.88,1436541,2137394,3.62154821186057,0
2023-07-28 10:52:18,228.9,10024398,25,225.88,1435224,2137251,3.62154821186057,0
2023-07-28 10:52:18,228.9,10024398,40,225.88,1435224,2137251,3.62154821186057,0
2023-07-28 10:52:19,228.85,10026185,324,225.88,1446349,2137025,3.5989135355364366,0
2023-07-28 10:52:20,228.85,10026885,475,225.88,1446675,2149469,3.5989135355364366,0
2023-07-28 10:52:21,228.8,10028615,150,225.88,1442191,2157248,3.576278859212316,0
2023-07-28 10:52:22,229.0,10036224,100,225.88,1451029,2149139,3.666817564508825,0
2023-07-28 10:52:24,228.85,10041799,215,225.89,1446023,2151645,3.5989135355364366,0
2023-07-28 10:52:25,228.9,10043706,68,225.89,1441919,2164992,3.62154821186057,0
2023-07-28 10:52:25,228.9,10043706,2,225.89,1441919,2164992,3.62154821186057,0
2023-07-28 10:52:26,228.9,10046516,292,225.89,1440080,2165563,3.62154821186057,0
2023-07-28 10:52:27,228.75,10048736,250,225.89,1439467,2144669,3.553644182888182,0
2023-07-28 10:52:28,228.8,10050893,100,225.89,1434695,2155558,3.576278859212316,0
2023-07-28 10:52:29,228.7,10072233,30,225.89,1439365,2167132,3.531009506564048,0
2023-07-28 10:52:30,228.7,10085990,15,225.9,1438962,2169004,3.531009506564048,0
2023-07-28 10:52:30,228.7,10085990,64,225.9,1438962,2169004,3.531009506564048,0
2023-07-28 10:52:33,228.7,10095474,10,225.9,1426374,2178689,3.531009506564048,0
2023-07-28 10:52:34,228.85,10102773,71,225.9,1431561,2175690,3.5989135355364366,0
2023-07-28 10:52:34,228.75,10102773,1500,225.9,1431561,2175690,3.553644182888182,0
2023-07-28 10:52:35,228.75,10105035,44,225.9,1433008,2177454,3.553644182888182,0
2023-07-28 10:52:35,228.8,10107265,1,225.9,1430715,2179152,3.576278859212316,0
2023-07-28 10:52:36,228.8,10108301,47,225.9,1422244,2185429,3.576278859212316,0
2023-07-28 10:52:37,228.8,10109701,122,225.9,1432332,2189145,3.576278859212316,0
2023-07-28 10:52:38,228.75,10111081,1,225.9,1432399,2194851,3.553644182888182,0
2023-07-28 10:52:39,228.85,10114431,100,225.91,1428685,2192353,3.5989135355364366,0
2023-07-28 10:52:39,228.75,10114431,200,225.91,1428685,2192353,3.553644182888182,0
2023-07-28 10:52:41,228.75,10115444,25,225.91,1433629,2193495,3.553644182888182,0
2023-07-28 10:52:41,228.7,10115444,200,225.91,1433629,2193495,3.531009506564048,0
2023-07-28 10:52:42,228.7,10122121,250,225.91,1432357,2198998,3.531009506564048,0
2023-07-28 10:52:42,228.7,10122121,250,225.91,1432357,2198998,3.531009506564048,0
2023-07-28 10:52:43,228.7,10122633,200,225.91,1431051,2200777,3.531009506564048,0
2023-07-28 10:52:45,228.7,10123695,3,225.91,1430404,2204492,3.531009506564048,0
2023-07-28 10:52:46,228.75,10125082,100,225.91,1432030,2205438,3.553644182888182,0
2023-07-28 10:52:46,228.65,10125082,9,225.91,1432030,2205438,3.5083748302399274,0
2023-07-28 10:52:47,228.75,10142527,43,225.91,1425089,2209867,3.553644182888182,0
2023-07-28 10:52:47,228.8,10142527,178,225.91,1425089,2209867,3.576278859212316,0
2023-07-28 10:52:48,228.8,10150775,8,225.92,1438705,2207076,3.576278859212316,0
2023-07-28 10:52:48,228.8,10150775,1,225.92,1438705,2207076,3.576278859212316,0
2023-07-28 10:52:49,228.95,10239231,100,225.94,1441208,2132401,3.644182888184691,0
2023-07-28 10:52:50,229.15,10253736,10,225.95,1456837,2112602,3.734721593481213,0
2023-07-28 10:52:51,229.05,10256002,12,225.95,1454606,2127362,3.6894522408329586,0
2023-07-28 10:52:52,229.05,10256224,2,225.95,1456924,2128628,3.6894522408329586,0
2023-07-28 10:52:53,229.2,10270956,287,225.95,1481339,2106139,3.7573562698053338,0
2023-07-28 10:52:55,229.2,10292466,100,225.96,1469863,2091720,3.7573562698053338,0
2023-07-28 10:52:55,229.2,10292466,20,225.96,1469863,2091720,3.7573562698053338,0
2023-07-28 10:52:56,229.2,10295255,50,225.96,1470789,2095787,3.7573562698053338,0
2023-07-28 10:52:56,229.15,10295255,15,225.96,1470789,2095787,3.734721593481213,0
2023-07-28 10:52:57,229.15,10301630,50,225.96,1462892,2100099,3.734721593481213,0
2023-07-28 10:52:58,229.2,10302586,1,225.96,1468040,2102831,3.7573562698053338,0
2023-07-28 10:52:58,229.2,10302586,1,225.96,1468040,2102831,3.7573562698053338,0
2023-07-28 10:52:59,229.1,10305557,20,225.96,1470021,2105042,3.7120869171570794,0
2023-07-28 10:52:59,229.2,10305912,70,225.96,1465840,2104888,3.7573562698053338,0
2023-07-28 10:52:59,229.05,10305912,1237,225.96,1465840,2104888,3.6894522408329586,0
2023-07-28 10:53:01,229.2,10317706,100,225.97,1467101,2106019,3.7573562698053338,0
2023-07-28 10:53:02,229.15,10340096,20,225.97,1469238,2103442,3.734721593481213,0
2023-07-28 10:53:02,229.15,10340096,200,225.97,1469238,2103442,3.734721593481213,0
2023-07-28 10:53:03,229.1,10352583,45,225.98,1464930,2103026,3.7120869171570794,0
2023-07-28 10:53:03,229.1,10352583,200,225.98,1464930,2103026,3.7120869171570794,0
2023-07-28 10:53:04,229.2,10356651,121,225.98,1464497,2103014,3.7573562698053338,0
2023-07-28 10:53:06,229.2,10359373,1,225.98,1478952,2116603,3.7573562698053338,0
2023-07-28 10:53:06,229.2,10360080,45,225.98,1477506,2118030,3.7573562698053338,0
2023-07-28 10:53:06,229.2,10360080,45,225.98,1477506,2118030,3.7573562698053338,0
2023-07-28 10:53:07,229.15,10360909,5,225.98,1477754,2117342,3.734721593481213,0
2023-07-28 10:53:08,229.0,10371284,1,225.98,1464239,2156798,3.666817564508825,0
2023-07-28 10:53:09,229.0,10371844,250,225.98,1462211,2158779,3.666817564508825,0
2023-07-28 10:53:09,229.0,10371844,1,225.98,1462211,2158779,3.666817564508825,0
2023-07-28 10:53:11,229.1,10373114,21,225.98,1458434,2166470,3.7120869171570794,0
2023-07-28 10:53:12,229.0,10376296,100,225.99,1457680,2174681,3.666817564508825,0
2023-07-28 10:53:13,229.1,10383697,2,225.99,1461691,2174183,3.7120869171570794,0
2023-07-28 10:53:14,229.0,10384699,600,225.99,1459164,2179021,3.666817564508825,0
2023-07-28 10:53:16,229.0,10393453,5,225.99,1455338,2178387,3.666817564508825,0
2023-07-28 10:53:16,228.85,10393453,232,225.99,1455338,2178387,3.5989135355364366,0
2023-07-28 10:53:17,229.0,10396179,386,225.99,1448610,2176352,3.666817564508825,0
2023-07-28 10:53:18,228.95,10398254,30,225.99,1432158,2189368,3.644182888184691,0
2023-07-28 10:53:19,228.95,10399726,1,225.99,1437826,2189173,3.644182888184691,0
2023-07-28 10:53:21,228.95,10403756,1,225.99,1435351,2198088,3.644182888184691,0
2023-07-28 10:53:21,229.0,10403756,1702,225.99,1435351,2198088,3.666817564508825,0
2023-07-28 10:53:22,228.95,10414426,23,226.0,1441152,2205653,3.644182888184691,0
2023-07-28 10:53:23,228.8,10416131,31,226.0,1438148,2212479,3.576278859212316,0
2023-07-28 10:53:23,228.95,10416131,1,226.0,1438148,2212479,3.644182888184691,0
2023-07-28 10:53:24,228.9,10416698,10,226.0,1437972,2215618,3.62154821186057,0
2023-07-28 10:53:24,228.8,10416698,96,226.0,1437972,2215618,3.576278859212316,0
2023-07-28 10:53:25,228.9,10418287,25,226.0,1445687,2214631,3.62154821186057,0
2023-07-28 10:53:25,228.9,10418287,25,226.0,1445687,2214631,3.62154821186057,0
2023-07-28 10:53:26,228.9,10418328,1,226.0,1443814,2209343,3.62154821186057,0
2023-07-28 10:53:27,228.9,10423342,1,226.0,1442211,2224794,3.62154821186057,0
2023-07-28 10:53:27,228.8,10423342,70,226.0,1442211,2224794,3.576278859212316,0
2023-07-28 10:53:29,228.9,10424375,100,226.0,1432325,2229194,3.62154821186057,0
2023-07-28 10:53:29,228.8,10424375,50,226.0,1432325,2229194,3.576278859212316,0
2023-07-28 10:53:29,228.75,10424375,19,226.0,1432325,2229194,3.553644182888182,0
2023-07-28 10:53:31,228.7,10431572,30,226.0,1430057,2237942,3.531009506564048,0
2023-07-28 10:53:32,228.7,10432796,209,226.0,1421133,2251034,3.531009506564048,0
2023-07-28 10:53:33,228.8,10435221,50,226.0,1429345,2252244,3.576278859212316,0
2023-07-28 10:53:33,228.8,10435221,10,226.0,1429345,2252244,3.576278859212316,0
2023-07-28 10:53:34,228.75,10435943,153,226.0,1422271,2251872,3.553644182888182,0
2023-07-28 10:53:35,228.7,10436147,102,226.0,1431487,2252693,3.531009506564048,0
2023-07-28 10:53:36,228.75,10437098,44,226.0,1441614,2253171,3.553644182888182,0
2023-07-28 10:53:36,228.75,10437098,50,226.0,1441614,2253171,3.553644182888182,0
2023-07-28 10:53:38,228.75,10439310,10,226.0,1436557,2250733,3.553644182888182,0
2023-07-28 10:53:39,228.8,10440542,13,226.0,1432082,2253800,3.576278859212316,0
2023-07-28 10:53:39,228.85,10440852,2,226.0,1434260,2264325,3.5989135355364366,0
2023-07-28 10:53:39,228.7,10440852,41,226.0,1434260,2264325,3.531009506564048,0
2023-07-28 10:53:41,228.75,10445674,400,226.0,1443926,2278023,3.553644182888182,0
2023-07-28 10:53:41,228.8,10446675,1200,226.0,1441201,2277322,3.576278859212316,0
2023-07-28 10:53:42,228.75,10453252,85,226.01,1447109,2280552,3.553644182888182,0
2023-07-28 10:53:42,228.8,10453252,443,226.01,1447109,2280552,3.576278859212316,0
2023-07-28 10:53:43,228.8,10454191,206,226.01,1453290,2284426,3.576278859212316,0
2023-07-28 10:53:44,228.85,10458148,7,226.01,1445783,2285301,3.5989135355364366,0
2023-07-28 10:53:45,228.7,10462968,10,226.01,1440963,2285008,3.531009506564048,0
2023-07-28 10:53:45,228.85,10462968,1,226.01,1440963,2285008,3.5989135355364366,0
2023-07-28 10:53:46,228.7,10463124,50,226.01,1409793,2310268,3.531009506564048,0
2023-07-28 10:53:47,228.65,10469422,3,226.01,1428756,2306134,3.5083748302399274,0
2023-07-28 10:53:49,228.7,10470084,50,226.01,1433488,2311846,3.531009506564048,0
2023-07-28 10:53:50,228.6,10473270,50,226.01,1433111,2308349,3.4857401539157937,0
2023-07-28 10:53:50,228.6,10473270,13,226.01,1433111,2308349,3.4857401539157937,0
2023-07-28 10:53:51,228.65,10474659,123,226.01,1430763,2308405,3.5083748302399274,0
2023-07-28 10:53:51,228.75,10474659,1,226.01,1430763,2308405,3.553644182888182,0
2023-07-28 10:53:52,228.6,10476526,38,226.01,1433877,2314043,3.4857401539157937,0
2023-07-28 10:53:53,228.7,10477183,61,226.01,1433831,2316575,3.531009506564048,0
2023-07-28 10:53:54,228.6,10478462,387,226.01,1426398,2317705,3.4857401539157937,0
2023-07-28 10:53:54,228.65,10478462,108,226.01,1426398,2317705,3.5083748302399274,0
2023-07-28 10:53:56,228.6,10479399,4,226.01,1433575,2322114,3.4857401539157937,0
2023-07-28 10:53:56,228.6,10479399,72,226.01,1433575,2322114,3.4857401539157937,0
2023-07-28 10:53:57,228.6,10489623,140,226.02,1423771,2318191,3.4857401539157937,0
2023-07-28 10:53:57,228.6,10489623,100,226.02,1423771,2318191,3.4857401539157937,0
2023-07-28 10:53:58,228.6,10491355,294,226.02,1424545,2319333,3.4857401539157937,0
2023-07-28 10:53:59,228.65,10492275,35,226.02,1428925,2323028,3.5083748302399274,0
2023-07-28 10:54:00,228.6,10498091,45,226.02,1418501,2324816,3.4857401539157937,0
2023-07-28 10:54:00,228.7,10498091,58,226.02,1418501,2324816,3.531009506564048,0
2023-07-28 10:54:02,228.6,10498386,50,226.02,1420469,2329821,3.4857401539157937,0
2023-07-28 10:54:02,228.6,10498386,30,226.02,1420469,2329821,3.4857401539157937,0
2023-07-28 10:54:03,228.75,10502805,1003,226.02,1425479,2322332,3.553644182888182,0
2023-07-28 10:54:03,228.65,10502805,100,226.02,1425479,2322332,3.5083748302399274,0
2023-07-28 10:54:04,228.7,10503889,1,226.02,1421412,2326218,3.531009506564048,0
2023-07-28 10:54:04,228.7,10503889,1,226.02,1421922,2327518,3.531009506564048,0
2023-07-28 10:54:05,228.65,10504218,120,226.02,1427167,2329235,3.5083748302399274,0
2023-07-28 10:54:06,228.6,10505775,140,226.02,1426752,2334010,3.4857401539157937,0
2023-07-28 10:54:07,228.6,10507249,295,226.02,1418485,2342229,3.4857401539157937,0
2023-07-28 10:54:08,228.55,10507829,48,226.02,1428556,2348266,3.463105477591673,0
2023-07-28 10:54:08,228.7,10507829,73,226.02,1428556,2348266,3.531009506564048,0
2023-07-28 10:54:08,228.75,10507829,90,226.02,1428556,2348266,3.553644182888182,0
2023-07-28 10:54:11,228.75,10510849,3,226.02,1425078,2346649,3.553644182888182,0
2023-07-28 10:54:11,228.6,10510849,50,226.02,1425078,2346649,3.4857401539157937,0
2023-07-28 10:54:12,228.6,10511743,200,226.02,1426714,2349217,3.4857401539157937,0
2023-07-28 10:54:13,228.7,10511744,1,226.02,1432037,2350577,3.531009506564048,0
2023-07-28 10:54:14,228.8,10513351,50,226.02,1429501,2349332,3.576278859212316,0
2023-07-28 10:54:14,228.8,10513353,2,226.02,1429744,2351671,3.576278859212316,0
2023-07-28 10:54:15,228.75,10514399,428,226.02,1431562,2352614,3.553644182888182,0
2023-07-28 10:54:16,228.65,10517121,500,226.02,1430962,2357219,3.5083748302399274,0
2023-07-28 10:54:17,228.7,10530631,8,226.03,1434713,2356899,3.531009506564048,0
2023-07-28 10:54:18,228.7,10530884,1,226.03,1429851,2360275,3.531009506564048,0
2023-07-28 10:54:18,228.7,10530884,52,226.03,1429851,2360275,3.531009506564048,0
2023-07-28 10:54:19,228.65,10531823,100,226.03,1439509,2361455,3.5083748302399274,0
2023-07-28 10:54:20,228.7,10531988,98,226.03,1448912,2364412,3.531009506564048,0
2023-07-28 10:54:21,228.7,10532155,2,226.03,1445521,2372217,3.531009506564048,0
2023-07-28 10:54:21,228.7,10532155,2,226.03,1445521,2372217,3.531009506564048,0
2023-07-28 10:54:22,228.6,10533544,25,226.03,1437211,2377191,3.4857401539157937,0
2023-07-28 10:54:23,228.6,10534321,16,226.03,1436698,2377481,3.4857401539157937,0
2023-07-28 10:54:24,228.6,10536041,80,226.03,1435472,2379004,3.4857401539157937,0
2023-07-28 10:54:24,228.6,10536041,80,226.03,1435472,2379004,3.4857401539157937,0
2023-07-28 10:54:25,228.7,10537159,64,226.03,1434456,2376491,3.531009506564048,0
2023-07-28 10:54:26,228.75,10538162,242,226.03,1435393,2380291,3.553644182888182,0
2023-07-28 10:54:27,228.6,10538598,100,226.03,1438383,2376617,3.4857401539157937,0
2023-07-28 10:54:28,228.6,10544300,2,226.03,1435481,2373804,3.4857401539157937,0
2023-07-28 10:54:29,228.7,10550628,3,226.03,1434730,2374321,3.531009506564048,0
2023-07-28 10:54:31,228.65,10564712,29,226.04,1431805,2375320,3.5083748302399274,0
2023-07-28 10:54:31,228.7,10564712,200,226.04,1431805,2375320,3.531009506564048,0
2023-07-28 10:54:32,228.9,10589299,100,226.04,1438748,2359013,3.62154821186057,0
2023-07-28 10:54:33,228.9,10593508,1,226.04,1436394,2358815,3.62154821186057,0
2023-07-28 10:54:34,228.8,10595544,50,226.04,1441117,2366718,3.576278859212316,0
2023-07-28 10:54:34,228.8,10595544,1,226.04,1441117,2366718,3.576278859212316,0
2023-07-28 10:54:34,228.8,10596300,1,226.04,1439021,2369192,3.576278859212316,0
2023-07-28 10:54:35,228.7,10597363,250,226.04,1439244,2370638,3.531009506564048,0
2023-07-28 10:54:37,228.65,10598509,25,226.04,1434236,2371358,3.5083748302399274,0
2023-07-28 10:54:38,228.75,10600480,250,226.04,1434056,2373624,3.553644182888182,0
2023-07-28 10:54:38,228.6,10600480,30,226.04,1434056,2373624,3.4857401539157937,0
2023-07-28 10:54:39,228.75,10601803,5,226.04,1436756,2378595,3.553644182888182,0
2023-07-28 10:54:39,228.75,10601803,50,226.04,1436756,2378595,3.553644182888182,0
2023-07-28 10:54:41,228.65,10602534,50,226.05,1443257,2377462,3.5083748302399274,0
2023-07-28 10:54:41,228.6,10602534,100,226.05,1443257,2377462,3.4857401539157937,0
2023-07-28 10:54:42,228.6,10603677,1,226.05,1433515,2375482,3.4857401539157937,0
2023-07-28 10:54:42,228.6,10603677,1389,226.05,1433515,2375482,3.4857401539157937,0
2023-07-28 10:54:43,228.65,10606306,25,226.05,1431973,2390506,3.5083748302399274,0
2023-07-28 10:54:43,228.7,10607356,121,226.05,1430460,2390833,3.531009506564048,0
2023-07-28 10:54:44,228.6,10609646,10,226.05,1431611,2395277,3.4857401539157937,0
2023-07-28 10:54:45,228.7,10612599,112,226.05,1432391,2400119,3.531009506564048,0
2023-07-28 10:54:46,228.75,10614911,11,226.05,1431816,2404596,3.553644182888182,0
2023-07-28 10:54:47,228.75,10616471,50,226.05,1451784,2410370,3.553644182888182,0
2023-07-28 10:54:47,228.65,10616471,94,226.05,1451784,2410370,3.5083748302399274,0
2023-07-28 10:54:49,228.6,10643971,3,226.06,1447863,2408666,3.4857401539157937,0
2023-07-28 10:54:50,228.65,10650184,1,226.06,1436170,2429423,3.5083748302399274,0
2023-07-28 10:54:51,228.6,10650297,8,226.06,1438768,2433645,3.4857401539157937,0
2023-07-28 10:54:52,228.6,10651072,21,226.06,1436881,2427305,3.4857401539157937,0
2023-07-28 10:54:53,228.6,10651074,2,226.06,1432932,2433027,3.4857401539157937,0
2023-07-28 10:54:54,228.6,10654211,50,226.06,1432350,2437896,3.4857401539157937,0
2023-07-28 10:54:55,228.5,10656723,18,226.06,1430669,2439426,3.4404708012675393,0
2023-07-28 10:54:56,228.6,10657174,141,226.06,1431557,2444316,3.4857401539157937,0
2023-07-28 10:54:57,228.6,10663022,2500,226.06,1440693,2444804,3.4857401539157937,0
2023-07-28 10:54:58,228.6,10663212,10,226.06,1446986,2448867,3.4857401539157937,0
2023-07-28 10:54:58,228.6,10663212,50,226.06,1446986,2448867,3.4857401539157937,0
2023-07-28 10:55:00,228.75,10670610,2726,226.06,1443782,2459634,3.553644182888182,0
2023-07-28 10:55:01,228.7,10674919,110,226.06,1441929,2467856,3.531009506564048,0
2023-07-28 10:55:02,228.7,10675889,215,226.06,1441251,2476336,3.531009506564048,0
2023-07-28 10:55:03,228.55,10681403,6,226.06,1439907,2473435,3.463105477591673,0
2023-07-28 10:55:04,228.65,10683954,96,226.06,1438414,2479351,3.5083748302399274,0
2023-07-28 10:55:05,228.55,10684439,48,226.06,1439241,2481291,3.463105477591673,0
2023-07-28 10:55:06,228.5,10684756,259,226.06,1439336,2483964,3.4404708012675393,0
2023-07-28 10:55:07,228.55,10685825,148,226.07,1442931,2486635,3.463105477591673,0
2023-07-28 10:55:09,228.6,10686373,5,226.07,1442448,2483359,3.4857401539157937,0
2023-07-28 10:55:09,228.55,10687998,24,226.07,1440550,2487546,3.463105477591673,0
2023-07-28 10:55:11,228.6,10689001,250,226.07,1459440,2488073,3.4857401539157937,0
2023-07-28 10:55:11,228.6,10689644,18,226.07,1460424,2487744,3.4857401539157937,0
2023-07-28 10:55:12,228.65,10690695,1001,226.07,1462304,2489913,3.5083748302399274,0
2023-07-28 10:55:14,228.6,10695019,1,226.07,1452060,2488419,3.4857401539157937,0
2023-07-28 10:55:14,228.6,10695375,66,226.07,1452830,2490973,3.4857401539157937,0
2023-07-28 10:55:14,228.6,10695375,20,226.07,1452830,2490973,3.4857401539157937,0
2023-07-28 10:55:16,228.6,10699512,100,226.07,1449627,2491957,3.4857401539157937,0
2023-07-28 10:55:17,228.6,10702806,20,226.07,1452589,2495954,3.4857401539157937,0
2023-07-28 10:55:18,228.6,10703751,150,226.07,1449340,2504039,3.4857401539157937,0
2023-07-28 10:55:18,228.6,10703751,200,226.07,1449340,2504039,3.4857401539157937,0
2023-07-28 10:55:19,228.6,10704968,34,226.07,1458213,2505513,3.4857401539157937,0
2023-07-28 10:55:20,228.65,10705644,57,226.07,1448284,2508534,3.5083748302399274,0
2023-07-28 10:55:21,228.6,10708996,1000,226.07,1455414,2514503,3.4857401539157937,0
2023-07-28 10:55:21,228.6,10708996,1,226.07,1455414,2514503,3.4857401539157937,0
2023-07-28 10:55:23,228.5,10711839,18,226.07,1453419,2519069,3.4404708012675393,0
2023-07-28 10:55:24,228.5,10712139,100,226.07,1452918,2521955,3.4404708012675393,0
2023-07-28 10:55:24,228.5,10712139,300,226.07,1452918,2521955,3.4404708012675393,0
2023-07-28 10:55:25,228.5,10718181,300,226.07,1444686,2528608,3.4404708012675393,0
2023-07-28 10:55:27,228.5,10718427,132,226.07,1444079,2529148,3.4404708012675393,0
2023-07-28 10:55:27,228.5,10718427,11,226.07,1444079,2529148,3.4404708012675393,0
2023-07-28 10:55:27,228.5,10718584,11,226.07,1444025,2535302,3.4404708012675393,0
2023-07-28 10:55:29,228.5,10721194,250,226.07,1419299,2540886,3.4404708012675393,0
2023-07-28 10:55:29,228.5,10721194,57,226.07,1419299,2540886,3.4404708012675393,0
2023-07-28 10:55:30,228.5,10723057,245,226.07,1433283,2543672,3.4404708012675393,0
2023-07-28 10:55:30,228.5,10723057,74,226.07,1433283,2543672,3.4404708012675393,0
2023-07-28 10:55:31,228.5,10723658,30,226.07,1444631,2541994,3.4404708012675393,0
2023-07-28 10:55:32,228.5,10725464,300,226.07,1445403,2555864,3.4404708012675393,0
2023-07-28 10:55:32,228.5,10725464,25,226.07,1445403,2555864,3.4404708012675393,0
2023-07-28 10:55:33,228.6,10728104,65,226.08,1445090,2560968,3.4857401539157937,0
2023-07-28 10:55:34,228.5,10732948,5,226.08,1444970,2568174,3.4404708012675393,0
2023-07-28 10:55:35,228.5,10736257,400,226.08,1443706,2565471,3.4404708012675393,0
2023-07-28 10:55:36,228.5,10741268,5,226.08,1438208,2578522,3.4404708012675393,0
2023-07-28 10:55:37,228.5,10744707,24,226.08,1443670,2580515,3.4404708012675393,0
2023-07-28 10:55:39,228.35,10745218,100,226.08,1444870,2582306,3.372566772295151,0
2023-07-28 10:55:39,228.4,10745218,100,226.08,1444870,2582306,3.3952014486192845,0
2023-07-28 10:55:40,228.55,10748927,80,226.08,1442371,2581494,3.463105477591673,0
2023-07-28 10:55:41,228.5,10751454,10,226.08,1440965,2582542,3.4404708012675393,0
2023-07-28 10:55:41,228.4,10751454,5,226.08,1440965,2582542,3.3952014486192845,0
2023-07-28 10:55:42,228.35,10751664,61,226.08,1441248,2585306,3.372566772295151,0
2023-07-28 10:55:42,228.4,10751664,380,226.08,1441248,2585306,3.3952014486192845,0
2023-07-28 10:55:44,228.5,10752730,73,226.08,1442924,2590914,3.4404708012675393,0
2023-07-28 10:55:45,228.35,10753445,159,226.08,1442867,2590322,3.372566772295151,0
2023-07-28 10:55:45,228.35,10753445,5,226.08,1442867,2590322,3.372566772295151,0
2023-07-28 10:55:46,228.5,10754871,5,226.08,1441907,2590722,3.4404708012675393,0
2023-07-28 10:55:47,228.35,10756093,272,226.08,1442207,2590604,3.372566772295151,0
2023-07-28 10:55:47,228.35,10756093,58,226.08,1442207,2590604,3.372566772295151,0
2023-07-28 10:55:48,228.4,10757333,2,226.08,1446533,2596466,3.3952014486192845,0
2023-07-28 10:55:48,228.35,10757698,100,226.08,1442361,2596339,3.372566772295151,0
2023-07-28 10:55:49,228.4,10757999,50,226.08,1445683,2597316,3.3952014486192845,0
2023-07-28 10:55:50,228.5,10758414,12,226.08,1442129,2598528,3.4404708012675393,0
2023-07-28 10:55:52,228.35,10758659,1,226.08,1435342,2601859,3.372566772295151,0
2023-07-28 10:55:52,228.4,10758659,15,226.08,1435342,2601859,3.3952014486192845,0
2023-07-28 10:55:53,228.45,10758967,65,226.08,1432648,2604202,3.4178361249434057,0
2023-07-28 10:55:53,228.4,10758967,2,226.08,1432648,2604202,3.3952014486192845,0
2023-07-28 10:55:54,228.35,10759063,200,226.08,1430289,2611073,3.372566772295151,0
2023-07-28 10:55:55,228.3,10759602,10,226.08,1432438,2603827,3.34993209597103,0
2023-07-28 10:55:56,228.3,10769858,6,226.08,1432390,2612327,3.34993209597103,0
2023-07-28 10:55:58,228.3,10772121,455,226.08,1429157,2616603,3.34993209597103,0
2023-07-28 10:55:58,228.4,10772121,200,226.08,1429157,2616603,3.3952014486192845,0
2023-07-28 10:55:59,228.4,10773057,120,226.08,1426822,2619447,3.3952014486192845,0
2023-07-28 10:55:59,228.25,10773057,194,226.08,1426822,2619447,3.3272974196468965,0
2023-07-28 10:56:00,228.45,10778730,100,226.09,1446620,2600460,3.4178361249434057,0
2023-07-28 10:56:00,228.5,10778869,7,226.09,1451360,2616548,3.4404708012675393,0
2023-07-28 10:56:01,228.7,10849943,300,226.1,1462466,2540221,3.531009506564048,0
2023-07-28 10:56:02,228.65,10863483,1,226.11,1460833,2525137,3.5083748302399274,0
2023-07-28 10:56:02,228.65,10863483,5,226.11,1460833,2525137,3.5083748302399274,0
2023-07-28 10:56:03,228.65,10865069,1,226.11,1465196,2528125,3.5083748302399274,0
2023-07-28 10:56:03,228.65,10865069,20,226.11,1465196,2528125,3.5083748302399274,0
2023-07-28 10:56:05,228.65,10870813,12,226.11,1467178,2534526,3.5083748302399274,0
2023-07-28 10:56:05,228.6,10877962,895,226.11,1468050,2536650,3.4857401539157937,0
2023-07-28 10:56:07,228.65,10878521,25,226.11,1467249,2538136,3.5083748302399274,0
2023-07-28 10:56:07,228.65,10878521,25,226.11,1467249,2538136,3.5083748302399274,0
2023-07-28 10:56:08,228.65,10879193,572,226.11,1467468,2539542,3.5083748302399274,0
2023-07-28 10:56:09,228.8,10887110,173,226.11,1480903,2520835,3.576278859212316,0
2023-07-28 10:56:09,228.75,10887110,25,226.11,1480903,2520835,3.553644182888182,0
2023-07-28 10:56:10,228.95,10911649,2609,226.12,1481768,2516230,3.644182888184691,0
2023-07-28 10:56:10,228.8,10911649,160,226.12,1481768,2516230,3.576278859212316,0
2023-07-28 10:56:11,228.85,10916036,8,226.12,1469820,2521958,3.5989135355364366,0
2023-07-28 10:56:12,228.7,10916454,68,226.12,1476947,2523019,3.531009506564048,0
2023-07-28 10:56:13,228.8,10917903,40,226.12,1477814,2525518,3.576278859212316,0
2023-07-28 10:56:14,228.7,10918902,25,226.12,1476988,2527582,3.531009506564048,0
2023-07-28 10:56:15,228.8,10919245,12,226.12,1478581,2527726,3.576278859212316,0
2023-07-28 10:56:17,228.75,10920270,35,226.12,1481418,2523691,3.553644182888182,0
2023-07-28 10:56:17,228.9,10920270,20,226.12,1481418,2523691,3.62154821186057,0
2023-07-28 10:56:18,228.85,10921459,10,226.12,1491471,2524007,3.5989135355364366,0
2023-07-28 10:56:18,228.85,10921459,20,226.12,1491471,2524007,3.5989135355364366,0
2023-07-28 10:56:19,228.85,10923293,800,226.12,1484810,2525346,3.5989135355364366,0
2023-07-28 10:56:20,229.0,10936820,100,226.12,1502201,2505341,3.666817564508825,0
2023-07-28 10:56:20,229.0,10936820,100,226.12,1502201,2505341,3.666817564508825,0
2023-07-28 10:56:21,228.9,10939139,400,226.12,1490250,2495700,3.62154821186057,0
2023-07-28 10:56:23,228.95,10943370,65,226.13,1500717,2510392,3.644182888184691,0
2023-07-28 10:56:23,228.95,10943370,65,226.13,1500717,2510392,3.644182888184691,0
2023-07-28 10:56:23,228.95,10943370,65,226.13,1500717,2510392,3.644182888184691,0
2023-07-28 10:56:24,228.9,10947089,200,226.13,1486616,2514931,3.62154821186057,0
2023-07-28 10:56:24,228.9,10947089,100,226.13,1486616,2514931,3.62154821186057,0
2023-07-28 10:56:25,228.75,10955640,160,226.13,1475038,2518667,3.553644182888182,0
2023-07-28 10:56:26,228.85,10956560,180,226.13,1479999,2515430,3.5989135355364366,0
2023-07-28 10:56:26,228.85,10956560,100,226.13,1479999,2515430,3.5989135355364366,0
2023-07-28 10:56:27,228.85,10958879,43,226.13,1477698,2513818,3.5989135355364366,0
2023-07-28 10:56:28,228.85,10960900,20,226.13,1477159,2515491,3.5989135355364366,0
2023-07-28 10:56:29,228.95,10962720,50,226.13,1471056,2517295,3.644182888184691,0
2023-07-28 10:56:29,228.95,10962720,6,226.13,1471056,2517295,3.644182888184691,0
2023-07-28 10:56:30,228.9,10965125,4,226.13,1471293,2516488,3.62154821186057,0
2023-07-28 10:56:30,228.95,10969402,2,226.13,1471955,2520578,3.644182888184691,0
2023-07-28 10:56:32,228.85,10978178,175,226.13,1473987,2518295,3.5989135355364366,0
2023-07-28 10:56:32,228.95,10978178,102,226.13,1473987,2518295,3.644182888184691,0
2023-07-28 10:56:33,228.85,10979387,60,226.13,1474396,2522145,3.5989135355364366,0
2023-07-28 10:56:33,228.95,10979387,300,226.13,1474396,2522145,3.644182888184691,0
2023-07-28 10:56:33,228.95,10985739,300,226.14,1474035,2520038,3.644182888184691,0
2023-07-28 10:56:35,228.95,10986980,100,226.14,1480667,2518596,3.644182888184691,0
2023-07-28 10:56:36,228.85,10998303,300,226.14,1475167,2521295,3.5989135355364366,0
2023-07-28 10:56:36,228.85,10998303,400,226.14,1475167,2521295,3.5989135355364366,0
2023-07-28 10:56:37,228.85,10998998,90,226.14,1475950,2522520,3.5989135355364366,0
2023-07-28 10:56:37,228.85,10999056,1,226.14,1471099,2524945,3.5989135355364366,0
2023-07-28 10:56:39,228.8,10999940,9,226.14,1480273,2527708,3.576278859212316,0
2023-07-28 10:56:39,228.9,10999940,60,226.14,1480273,2527708,3.62154821186057,0
2023-07-28 10:56:40,228.95,11000429,37,226.14,1478032,2528110,3.644182888184691,0
2023-07-28 10:56:41,228.95,11001063,15,226.14,1478271,2536937,3.644182888184691,0
2023-07-28 10:56:41,228.95,11001063,15,226.14,1478271,2536937,3.644182888184691,0
2023-07-28 10:56:42,228.9,11001215,2,226.14,1475465,2537837,3.62154821186057,0
2023-07-28 10:56:43,228.95,11002416,84,226.14,1476547,2532206,3.644182888184691,0
2023-07-28 10:56:45,228.95,11002583,2,226.14,1476573,2533934,3.644182888184691,0
2023-07-28 10:56:45,228.85,11003004,200,226.14,1476315,2539891,3.5989135355364366,0
2023-07-28 10:56:46,228.85,11003702,5,226.14,1475730,2540419,3.5989135355364366,0
2023-07-28 10:56:47,228.95,11003937,38,226.14,1477362,2546709,3.644182888184691,0
2023-07-28 10:56:48,228.85,11007127,115,226.14,1477177,2546208,3.5989135355364366,0
2023-07-28 10:56:49,228.95,11007391,45,226.14,1477262,2549159,3.644182888184691,0
2023-07-28 10:56:51,228.85,11007856,26,226.14,1477907,2550279,3.5989135355364366,0
2023-07-28 10:56:51,228.9,11007856,1,226.14,1477907,2550279,3.62154821186057,0
2023-07-28 10:56:53,228.9,11010852,45,226.14,1472437,2557720,3.62154821186057,0
2023-07-28 10:56:53,228.8,11010852,1,226.14,1472437,2557720,3.576278859212316,0
2023-07-28 10:56:54,228.75,11011522,20,226.14,1470760,2558577,3.553644182888182,0
2023-07-28 10:56:54,228.85,11011522,40,226.14,1470760,2558577,3.5989135355364366,0
2023-07-28 10:56:55,228.85,11012777,87,226.14,1464681,2560085,3.5989135355364366,0
2023-07-28 10:56:56,228.85,11016307,50,226.14,1465786,2564366,3.5989135355364366,0
2023-07-28 10:56:57,228.7,11021396,1000,226.14,1453491,2566255,3.531009506564048,0
2023-07-28 10:56:58,228.7,11021596,550,226.14,1462568,2572966,3.531009506564048,0
2023-07-28 10:56:59,228.65,11022466,50,226.15,1463053,2575388,3.5083748302399274,0
2023-07-28 10:57:00,228.85,11024630,350,226.15,1460387,2575541,3.5989135355364366,0
2023-07-28 10:57:02,228.8,11024960,150,226.15,1463637,2578270,3.576278859212316,0
2023-07-28 10:57:02,228.7,11024960,20,226.15,1463637,2578270,3.531009506564048,0
2023-07-28 10:57:02,228.7,11025230,20,226.15,1465146,2582014,3.531009506564048,0
2023-07-28 10:57:03,228.7,11025830,100,226.15,1455371,2587176,3.531009506564048,0
2023-07-28 10:57:03,228.7,11025830,6,226.15,1457795,2582801,3.531009506564048,0
2023-07-28 10:57:05,228.7,11025840,4,226.15,1457434,2575468,3.531009506564048,0
2023-07-28 10:57:06,228.6,11025937,464,226.15,1448587,2595754,3.4857401539157937,0
2023-07-28 10:57:07,228.75,11027635,8,226.15,1472109,2592405,3.553644182888182,0
2023-07-28 10:57:09,228.7,11028475,160,226.15,1466969,2589742,3.531009506564048,0
2023-07-28 10:57:10,228.8,11029095,16,226.15,1466696,2592506,3.576278859212316,0
2023-07-28 10:57:10,228.75,11029200,1,226.15,1457569,2594621,3.553644182888182,0
2023-07-28 10:57:12,228.75,11036529,500,226.15,1469529,2585594,3.553644182888182,0
2023-07-28 10:57:12,228.75,11036529,20,226.15,1469529,2585594,3.553644182888182,0
2023-07-28 10:57:13,228.65,11037177,82,226.15,1471149,2593416,3.5083748302399274,0
2023-07-28 10:57:14,228.8,11037977,100,226.15,1474081,2598516,3.576278859212316,0
2023-07-28 10:57:16,228.65,11038445,50,226.15,1477267,2602748,3.5083748302399274,0
2023-07-28 10:57:16,228.65,11038445,1,226.15,1477267,2602748,3.5083748302399274,0
2023-07-28 10:57:17,228.75,11039541,1,226.15,1477086,2600347,3.553644182888182,0
2023-07-28 10:57:18,228.65,11039831,100,226.15,1476034,2603276,3.5083748302399274,0
2023-07-28 10:57:19,228.65,11039979,22,226.15,1480677,2603980,3.5083748302399274,0
2023-07-28 10:57:21,228.65,11040164,10,226.15,1476756,2605642,3.5083748302399274,0
2023-07-28 10:57:21,228.65,11040164,15,226.15,1476756,2605642,3.5083748302399274,0
2023-07-28 10:57:24,228.6,11044157,100,226.15,1478310,2608045,3.4857401539157937,0
2023-07-28 10:57:24,228.65,11044157,45,226.15,1478310,2608045,3.5083748302399274,0
2023-07-28 10:57:25,228.6,11044623,10,226.15,1478110,2608450,3.4857401539157937,0
2023-07-28 10:57:26,228.6,11046728,100,226.15,1481886,2608594,3.4857401539157937,0
2023-07-28 10:57:26,228.65,11046728,7,226.15,1481886,2608594,3.5083748302399274,0
2023-07-28 10:57:27,228.6,11047725,90,226.15,1481166,2609455,3.4857401539157937,0
2023-07-28 10:57:27,228.75,11047725,20,226.15,1481166,2609455,3.553644182888182,0
2023-07-28 10:57:28,228.65,11051287,1,226.15,1481112,2610069,3.5083748302399274,0
2023-07-28 10:57:28,228.65,11051287,1,226.15,1481112,2610069,3.5083748302399274,0
2023-07-28 10:57:29,228.65,11051951,100,226.15,1480490,2612849,3.5083748302399274,0
2023-07-28 10:57:30,228.6,11053278,1,226.15,1481362,2613316,3.4857401539157937,0
2023-07-28 10:57:31,228.6,11056506,3000,226.15,1475322,2611027,3.4857401539157937,0
2023-07-28 10:57:32,228.65,11057425,42,226.15,1478107,2612272,3.5083748302399274,0
2023-07-28 10:57:33,228.65,11058099,19,226.15,1474742,2617273,3.5083748302399274,0
2023-07-28 10:57:34,228.55,11059271,4,226.15,1476060,2617240,3.463105477591673,0
2023-07-28 10:57:34,228.55,11059271,26,226.15,1476060,2617240,3.463105477591673,0
2023-07-28 10:57:36,228.6,11059567,125,226.15,1465828,2622266,3.4857401539157937,0
2023-07-28 10:57:36,228.65,11059567,5,226.15,1465828,2622266,3.5083748302399274,0
2023-07-28 10:57:37,228.6,11060771,1000,226.15,1478586,2636977,3.4857401539157937,0
2023-07-28 10:57:38,228.65,11061948,200,226.15,1472692,2652138,3.5083748302399274,0
2023-07-28 10:57:39,228.6,11062080,30,226.15,1465949,2654868,3.4857401539157937,0
2023-07-28 10:57:39,228.7,11062080,1,226.15,1465949,2654868,3.531009506564048,0
2023-07-28 10:57:41,228.65,11062753,40,226.15,1472136,2659478,3.5083748302399274,0
2023-07-28 10:57:41,228.6,11062852,11,226.15,1478745,2663350,3.4857401539157937,0
2023-07-28 10:57:41,228.6,11062852,1,226.15,1478745,2663350,3.4857401539157937,0
2023-07-28 10:57:43,228.6,11063242,200,226.15,1479529,2661950,3.4857401539157937,0
2023-07-28 10:57:43,228.6,11063242,200,226.15,1479529,2661950,3.4857401539157937,0
2023-07-28 10:57:43,228.65,11063242,50,226.15,1479529,2661950,3.5083748302399274,0
2023-07-28 10:57:45,228.6,11066039,385,226.16,1454882,2667355,3.4857401539157937,0
2023-07-28 10:57:45,228.55,11066039,5,226.16,1454882,2667355,3.463105477591673,0
2023-07-28 10:57:46,228.6,11067614,10,226.16,1460653,2667598,3.4857401539157937,0
2023-07-28 10:57:48,228.55,11071186,3,226.16,1449690,2661920,3.463105477591673,0
2023-07-28 10:57:48,228.4,11071186,200,226.16,1449690,2661920,3.3952014486192845,0
2023-07-28 10:57:49,228.4,11072448,25,226.16,1448526,2666132,3.3952014486192845,0
2023-07-28 10:57:50,228.55,11076626,10,226.16,1451862,2656445,3.463105477591673,0
2023-07-28 10:57:50,228.55,11076626,25,226.16,1451862,2656445,3.463105477591673,0
2023-07-28 10:57:50,228.55,11076653,25,226.16,1453488,2664161,3.463105477591673,0
2023-07-28 10:57:51,228.6,11078052,1,226.16,1437309,2664767,3.4857401539157937,0
2023-07-28 10:57:53,228.45,11083137,1913,226.16,1459919,2673332,3.4178361249434057,0
2023-07-28 10:57:53,228.45,11083137,16,226.16,1459919,2673332,3.4178361249434057,0
2023-07-28 10:57:54,228.55,11084704,25,226.16,1463526,2673308,3.463105477591673,0
2023-07-28 10:57:54,228.45,11084704,50,226.16,1463526,2673208,3.4178361249434057,0
2023-07-28 10:57:55,228.55,11085129,25,226.16,1470929,2674283,3.463105477591673,0
2023-07-28 10:57:57,228.6,11085479,50,226.16,1471951,2674578,3.4857401539157937,0
2023-07-28 10:57:58,228.55,11088060,50,226.16,1483046,2673095,3.463105477591673,0
2023-07-28 10:57:58,228.6,11088895,375,226.16,1482098,2672370,3.4857401539157937,0
2023-07-28 10:57:58,228.55,11088895,40,226.16,1482098,2672370,3.463105477591673,0
2023-07-28 10:58:00,228.55,11095440,2,226.16,1478915,2667168,3.463105477591673,0
2023-07-28 10:58:00,228.65,11095440,190,226.16,1478915,2667168,3.5083748302399274,0
2023-07-28 10:58:01,228.7,11097285,380,226.16,1478742,2665465,3.531009506564048,0
2023-07-28 10:58:01,228.7,11097285,43,226.16,1478742,2665465,3.531009506564048,0
2023-07-28 10:58:02,228.6,11100563,300,226.16,1490190,2667199,3.4857401539157937,0
2023-07-28 10:58:03,228.7,11111663,100,226.16,1493224,2664987,3.531009506564048,0
2023-07-28 10:58:04,228.6,11111826,5,226.16,1491047,2663821,3.4857401539157937,0
2023-07-28 10:58:06,228.6,11112204,75,226.16,1491750,2664065,3.4857401539157937,0
2023-07-28 10:58:06,228.7,11113354,10,226.17,1489761,2664384,3.531009506564048,0
2023-07-28 10:58:08,228.65,11113822,20,226.17,1488386,2665386,3.5083748302399274,0
2023-07-28 10:58:09,228.65,11114036,10,226.17,1491834,2664670,3.5083748302399274,0
2023-07-28 10:58:09,228.6,11114326,4,226.17,1492595,2666790,3.4857401539157937,0
2023-07-28 10:58:10,228.7,11115402,113,226.17,1474678,2671991,3.531009506564048,0
2023-07-28 10:58:11,228.65,11125939,220,226.17,1506041,2662076,3.5083748302399274,0
2023-07-28 10:58:12,228.75,11132950,13,226.17,1507710,2661428,3.553644182888182,0
2023-07-28 10:58:14,228.65,11133871,12,226.17,1503838,2661977,3.5083748302399274,0
2023-07-28 10:58:14,228.75,11133871,543,226.17,1503838,2661977,3.553644182888182,0
2023-07-28 10:58:14,228.75,11151523,543,226.17,1503111,2645372,3.553644182888182,0
2023-07-28 10:58:14,228.7,11151523,7,226.17,1503111,2645372,3.531009506564048,0
2023-07-28 10:58:16,228.7,11154856,150,226.17,1508868,2648741,3.531009506564048,0
2023-07-28 10:58:18,228.7,11155711,5,226.17,1505011,2650411,3.531009506564048,0
2023-07-28 10:58:18,228.65,11157931,10,226.18,1504969,2646911,3.5083748302399274,0
2023-07-28 10:58:20,228.75,11160146,25,226.18,1482542,2647561,3.553644182888182,0
2023-07-28 10:58:21,228.8,11160827,2,226.18,1549663,2651139,3.576278859212316,0
2023-07-28 10:58:22,228.7,11161042,140,226.18,1535451,2653727,3.531009506564048,0
2023-07-28 10:58:22,228.7,11161177,7,226.18,1535332,2653944,3.531009506564048,0
2023-07-28 10:58:23,228.65,11161680,50,226.18,1534934,2654039,3.5083748302399274,0
2023-07-28 10:58:24,228.65,11162330,50,226.18,1535408,2653675,3.5083748302399274,0
2023-07-28 10:58:26,228.75,11162759,90,226.18,1526691,2654158,3.553644182888182,0
2023-07-28 10:58:26,228.6,11169057,875,226.18,1526894,2656410,3.4857401539157937,0
2023-07-28 10:58:28,228.55,11170230,10,226.18,1529158,2659517,3.463105477591673,0
2023-07-28 10:58:28,228.55,11170230,10,226.18,1529158,2659860,3.463105477591673,0
2023-07-28 10:58:29,228.55,11170570,30,226.18,1523482,2661747,3.463105477591673,0
2023-07-28 10:58:30,228.55,11170720,150,226.18,1519930,2662518,3.463105477591673,0
2023-07-28 10:58:30,228.55,11170720,4,226.18,1519930,2662518,3.463105477591673,0
2023-07-28 10:58:30,228.55,11170720,220,226.18,1519930,2662518,3.463105477591673,0
2023-07-28 10:58:33,228.55,11171417,100,226.18,1517833,2667103,3.463105477591673,0
2023-07-28 10:58:33,228.6,11171417,70,226.18,1517833,2667103,3.4857401539157937,0
2023-07-28 10:58:34,228.55,11171507,1000,226.18,1521491,2672844,3.463105477591673,0
2023-07-28 10:58:35,228.55,11175226,3,226.18,1517446,2672860,3.463105477591673,0
2023-07-28 10:58:36,228.6,11177581,55,226.18,1519956,2671066,3.4857401539157937,0
2023-07-28 10:58:37,228.55,11180641,4,226.18,1524240,2671175,3.463105477591673,0
2023-07-28 10:58:37,228.55,11180641,4,226.18,1524240,2671175,3.463105477591673,0
2023-07-28 10:58:38,228.55,11180885,5,226.18,1524116,2670992,3.463105477591673,0
2023-07-28 10:58:39,228.6,11181065,3,226.18,1519125,2671133,3.4857401539157937,0
2023-07-28 10:58:40,228.55,11188231,10,226.18,1513596,2672169,3.463105477591673,0
2023-07-28 10:58:42,228.65,11188945,51,226.18,1518645,2672468,3.5083748302399274,0
2023-07-28 10:58:42,228.55,11191655,47,226.18,1521679,2674081,3.463105477591673,0
2023-07-28 10:58:43,228.5,11191891,5,226.18,1519374,2675464,3.4404708012675393,0
2023-07-28 10:58:45,228.6,11193731,4,226.18,1514028,2675285,3.4857401539157937,0
2023-07-28 10:58:45,228.6,11193731,46,226.18,1514028,2675285,3.4857401539157937,0
2023-07-28 10:58:46,228.5,11196331,899,226.18,1515256,2676665,3.4404708012675393,0
2023-07-28 10:58:46,228.55,11196780,135,226.18,1502775,2682840,3.463105477591673,0
2023-07-28 10:58:48,228.55,11197230,50,226.18,1498459,2686545,3.463105477591673,0
2023-07-28 10:58:48,228.55,11199945,100,226.18,1495848,2684752,3.463105477591673,0
2023-07-28 10:58:49,228.45,11229794,40,226.19,1448786,2683392,3.4178361249434057,0
2023-07-28 10:58:49,228.45,11229794,40,226.19,1448786,2683392,3.4178361249434057,0
2023-07-28 10:58:50,228.45,11230915,8,226.19,1455415,2688345,3.4178361249434057,0
2023-07-28 10:58:51,228.4,11231027,93,226.19,1459309,2684064,3.3952014486192845,0
2023-07-28 10:58:52,228.4,11231572,10,226.19,1458842,2689474,3.3952014486192845,0
2023-07-28 10:58:53,228.35,11231990,48,226.19,1456658,2692316,3.372566772295151,0
2023-07-28 10:58:54,228.3,11243624,473,226.19,1453175,2697519,3.34993209597103,0
2023-07-28 10:58:55,228.45,11244018,32,226.19,1455197,2693121,3.4178361249434057,0
2023-07-28 10:58:56,228.3,11244618,88,226.19,1459867,2686090,3.34993209597103,0
2023-07-28 10:58:57,228.4,11244753,22,226.19,1456774,2694487,3.3952014486192845,0
2023-07-28 10:58:58,228.45,11244963,1109,226.19,1458340,2694560,3.4178361249434057,0
2023-07-28 10:58:59,228.45,11248738,200,226.19,1475154,2696879,3.4178361249434057,0
2023-07-28 10:59:00,228.4,11252106,141,226.19,1476538,2697299,3.3952014486192845,0
2023-07-28 10:59:00,228.4,11252106,13,226.19,1476538,2697299,3.3952014486192845,0
2023-07-28 10:59:02,228.4,11252685,16,226.19,1470015,2699526,3.3952014486192845,0
2023-07-28 10:59:03,228.4,11253570,250,226.2,1473199,2700905,3.3952014486192845,0
2023-07-28 10:59:04,228.35,11255074,423,226.2,1475083,2702039,3.372566772295151,0
2023-07-28 10:59:05,228.35,11255320,39,226.2,1471051,2700770,3.372566772295151,0
2023-07-28 10:59:06,228.35,11256591,100,226.2,1475122,2701632,3.372566772295151,0
2023-07-28 10:59:07,228.35,11257397,130,226.2,1473606,2697471,3.372566772295151,0
2023-07-28 10:59:07,228.35,11257397,130,226.2,1473606,2697471,3.372566772295151,0
2023-07-28 10:59:08,228.35,11258642,5,226.2,1470560,2699268,3.372566772295151,0
2023-07-28 10:59:09,228.45,11259648,99,226.2,1466022,2700862,3.4178361249434057,0
2023-07-28 10:59:10,228.4,11262855,202,226.2,1469860,2698719,3.3952014486192845,0
2023-07-28 10:59:10,228.4,11262855,202,226.2,1469860,2698719,3.3952014486192845,0
2023-07-28 10:59:10,228.35,11262855,100,226.2,1469860,2698719,3.372566772295151,0
2023-07-28 10:59:12,228.35,11263788,50,226.2,1463492,2702558,3.372566772295151,0
2023-07-28 10:59:12,228.4,11263808,45,226.2,1460139,2702351,3.3952014486192845,0
2023-07-28 10:59:12,228.45,11263808,6,226.2,1460139,2702351,3.4178361249434057,0
2023-07-28 10:59:14,228.4,11265269,8,226.2,1455349,2695641,3.3952014486192845,0
2023-07-28 10:59:14,228.5,11265269,41,226.2,1455349,2695641,3.4404708012675393,0
2023-07-28 10:59:15,228.8,11306841,249,226.21,1502299,2674798,3.576278859212316,0
2023-07-28 10:59:16,229.1,11445640,4,226.24,1506224,2533240,3.7120869171570794,0
2023-07-28 10:59:17,229.05,11453501,200,226.24,1513309,2550483,3.6894522408329586,0
2023-07-28 10:59:18,229.1,11474028,201,226.25,1524507,2532832,3.7120869171570794,0
2023-07-28 10:59:19,229.3,11513406,1,226.26,1527813,2490828,3.8026256224536015,0
2023-07-28 10:59:19,229.5,11513406,1,226.26,1527813,2490828,3.8931643277501107,0
2023-07-28 10:59:21,229.5,11594036,100,226.28,1514889,2401953,3.8931643277501107,0
2023-07-28 10:59:21,229.5,11594036,200,226.28,1514889,2401953,3.8931643277501107,0
2023-07-28 10:59:22,229.6,11653055,158,226.3,1512253,2394364,3.938433680398365,0
2023-07-28 10:59:22,229.6,11653055,158,226.3,1512253,2394364,3.938433680398365,0
2023-07-28 10:59:23,229.8,11659040,400,226.3,1528226,2382034,4.028972385694887,0
2023-07-28 10:59:23,229.8,11659040,400,226.3,1528226,2382034,4.028972385694887,0
2023-07-28 10:59:25,229.7,11722322,5,226.32,1573194,2340168,3.9837030330466194,0
2023-07-28 10:59:25,229.7,11722322,5,226.32,1573194,2340168,3.9837030330466194,0
2023-07-28 10:59:25,229.8,11752050,400,226.33,1583381,2306022,4.028972385694887,0
2023-07-28 10:59:26,229.8,11765085,150,226.33,1593635,2310616,4.028972385694887,0
2023-07-28 10:59:28,229.65,11781033,260,226.33,1583699,2314541,3.9610683567224987,0
2023-07-28 10:59:29,229.6,11791162,3,226.34,1585014,2316367,3.938433680398365,0
2023-07-28 10:59:29,229.6,11791162,250,226.34,1585014,2316367,3.938433680398365,0
2023-07-28 10:59:30,229.7,11800657,2000,226.34,1592523,2316453,3.9837030330466194,0
2023-07-28 10:59:30,229.6,11800657,69,226.34,1592523,2316453,3.938433680398365,0
2023-07-28 10:59:31,229.6,11803433,1,226.34,1598566,2323334,3.938433680398365,0
2023-07-28 10:59:31,229.75,11803433,81,226.34,1598566,2323334,4.0063377093707535,0
2023-07-28 10:59:32,229.7,11808227,50,226.34,1591838,2317802,3.9837030330466194,0
2023-07-28 10:59:33,229.8,11808526,2,226.34,1543564,2319325,4.028972385694887,0
2023-07-28 10:59:33,229.75,11808526,5,226.34,1543564,2319325,4.0063377093707535,0
2023-07-28 10:59:34,229.8,11812376,2,226.34,1555661,2315639,4.028972385694887,0
2023-07-28 10:59:35,229.8,11837517,10,226.35,1544226,2298618,4.028972385694887,0
2023-07-28 10:59:35,229.9,11837517,1,226.35,1544226,2298618,4.074241738343142,0
2023-07-28 10:59:36,229.9,11859050,250,226.36,1578637,2281934,4.074241738343142,0
2023-07-28 10:59:36,229.8,11859050,299,226.36,1578637,2281934,4.028972385694887,0
2023-07-28 10:59:37,229.75,11875337,1,226.36,1549689,2280951,4.0063377093707535,0
2023-07-28 10:59:37,229.7,11875337,70,226.36,1549689,2280951,3.9837030330466194,0
2023-07-28 10:59:39,229.6,11911878,100,226.37,1502864,2291406,3.938433680398365,0
2023-07-28 10:59:39,229.55,11913286,760,226.37,1513809,2302624,3.9157990040742443,0
2023-07-28 10:59:39,229.6,11913286,1,226.37,1513809,2302624,3.938433680398365,0
2023-07-28 10:59:41,229.45,11918250,100,226.37,1512433,2308332,3.8705296514259766,0
2023-07-28 10:59:41,229.55,11918250,50,226.37,1512433,2308332,3.9157990040742443,0
2023-07-28 10:59:43,229.55,11923113,10,226.37,1530328,2315147,3.9157990040742443,0
2023-07-28 10:59:43,229.55,11923113,10,226.37,1530328,2315147,3.9157990040742443,0
2023-07-28 10:59:44,229.5,11928595,1,226.38,1545898,2312471,3.8931643277501107,0
2023-07-28 10:59:45,229.6,11932476,1,226.38,1551335,2320046,3.938433680398365,0
2023-07-28 10:59:47,229.55,11939235,25,226.38,1559040,2322682,3.9157990040742443,0
2023-07-28 10:59:48,229.55,11940660,386,226.38,1547512,2323497,3.9157990040742443,0
2023-07-28 10:59:48,229.65,11940660,200,226.38,1547512,2323497,3.9610683567224987,0
2023-07-28 10:59:49,229.7,11942341,1,226.38,1560556,2326658,3.9837030330466194,0
2023-07-28 10:59:49,229.65,11942341,20,226.38,1560556,2326658,3.9610683567224987,0
2023-07-28 10:59:50,229.75,11944148,1,226.38,1569401,2326637,4.0063377093707535,0
2023-07-28 10:59:50,229.7,11944148,200,226.38,1569401,2326637,3.9837030330466194,0
2023-07-28 10:59:52,229.6,11949220,100,226.38,1564417,2337654,3.938433680398365,0
2023-07-28 10:59:53,229.7,11954292,353,226.38,1563518,2336432,3.9837030330466194,0
2023-07-28 10:59:54,229.75,11958710,3375,226.38,1571801,2335889,4.0063377093707535,0
2023-07-28 10:59:56,229.8,12007900,50,226.4,1544588,2301257,4.028972385694887,0
2023-07-28 10:59:56,229.95,12017118,375,226.4,1550292,2304527,4.096876414667262,0
2023-07-28 10:59:57,229.8,12018846,100,226.4,1548141,2304593,4.028972385694887,0
2023-07-28 10:59:58,229.8,12019566,100,226.4,1540799,2308213,4.028972385694887,0
2023-07-28 10:59:58,229.8,12019566,135,226.4,1540799,2308213,4.028972385694887,0
2023-07-28 11:00:00,229.95,12029794,50,226.41,1561234,2291845,4.096876414667262,0
2023-07-28 11:00:00,229.8,12029910,4,226.41,1556158,2292804,4.028972385694887,0
2023-07-28 11:00:01,229.9,12039565,89,226.41,1561991,2309102,4.074241738343142,0
2023-07-28 11:00:03,229.8,12044859,92,226.41,1568500,2312173,4.028972385694887,0
2023-07-28 11:00:04,229.8,12046880,25,226.41,1566751,2312051,4.028972385694887,0
2023-07-28 11:00:05,229.8,12048138,411,226.41,1567377,2314325,4.028972385694887,0
2023-07-28 11:00:06,229.9,12049315,191,226.41,1568582,2316671,4.074241738343142,0
2023-07-28 11:00:07,229.8,12051060,200,226.41,1569746,2319647,4.028972385694887,0
2023-07-28 11:00:08,229.85,12051975,84,226.41,1570456,2315502,4.051607062019007,0
2023-07-28 11:00:09,229.85,12054626,20,226.41,1569852,2321805,4.051607062019007,0
2023-07-28 11:00:10,229.8,12069972,1,226.42,1559363,2327454,4.028972385694887,0
2023-07-28 11:00:10,229.7,12069972,161,226.42,1559363,2327454,3.9837030330466194,0
2023-07-28 11:00:11,229.7,12081262,9,226.42,1545597,2342346,3.9837030330466194,0
2023-07-28 11:00:12,229.8,12082029,1,226.42,1548100,2341646,4.028972385694887,0
2023-07-28 11:00:12,229.75,12082129,5,226.42,1548047,2338405,4.0063377093707535,0
2023-07-28 11:00:12,229.7,12082129,50,226.42,1548047,2338405,3.9837030330466194,0
2023-07-28 11:00:14,229.7,12086638,76,226.42,1544243,2339314,3.9837030330466194,0
2023-07-28 11:00:15,229.7,12090130,456,226.42,1533854,2342932,3.9837030330466194,0
2023-07-28 11:00:16,229.65,12090850,500,226.42,1543212,2346992,3.9610683567224987,0
2023-07-28 11:00:16,229.7,12090850,100,226.42,1543212,2346992,3.9837030330466194,0
2023-07-28 11:00:18,229.65,12094736,10,226.42,1548813,2347856,3.9610683567224987,0
2023-07-28 11:00:19,229.7,12096047,400,226.42,1547994,2347815,3.9837030330466194,0
2023-07-28 11:00:19,229.75,12096047,509,226.42,1547994,2347815,4.0063377093707535,0
2023-07-28 11:00:21,229.75,12100098,600,226.42,1544201,2351764,4.0063377093707535,0
2023-07-28 11:00:22,229.65,12100522,100,226.43,1549871,2353265,3.9610683567224987,0
2023-07-28 11:00:23,229.75,12102940,20,226.43,1566246,2350998,4.0063377093707535,0
2023-07-28 11:00:24,229.7,12103265,139,226.43,1556983,2354205,3.9837030330466194,0
2023-07-28 11:00:25,229.7,12108402,139,226.43,1571817,2355590,3.9837030330466194,0
2023-07-28 11:00:26,229.7,12110205,10,226.43,1565681,2358174,3.9837030330466194,0
2023-07-28 11:00:26,229.75,12110205,10,226.43,1565681,2358174,4.0063377093707535,0
2023-07-28 11:00:27,229.65,12112737,96,226.43,1570272,2372247,3.9610683567224987,0
2023-07-28 11:00:27,229.65,12112737,10,226.43,1570272,2372247,3.9610683567224987,0
2023-07-28 11:00:28,229.7,12117166,1,226.43,1571821,2380073,3.9837030330466194,0
2023-07-28 11:00:28,229.7,12117166,100,226.43,1571821,2380073,3.9837030330466194,0
2023-07-28 11:00:29,229.7,12119342,1000,226.43,1566682,2378180,3.9837030330466194,0
2023-07-28 11:00:30,229.7,12124071,100,226.43,1572050,2382247,3.9837030330466194,0
2023-07-28 11:00:31,229.65,12125231,50,226.43,1571686,2381910,3.9610683567224987,0
2023-07-28 11:00:33,229.7,12125405,23,226.43,1571786,2384249,3.9837030330466194,0
2023-07-28 11:00:33,229.75,12125405,44,226.43,1571786,2384249,4.0063377093707535,0
2023-07-28 11:00:35,229.75,12150339,100,226.44,1578044,2361125,4.0063377093707535,0
2023-07-28 11:00:35,229.75,12150339,1,226.44,1578044,2361125,4.0063377093707535,0
2023-07-28 11:00:36,229.8,12156670,1,226.44,1579091,2358576,4.028972385694887,0
2023-07-28 11:00:37,229.75,12158272,33,226.44,1567469,2361967,4.0063377093707535,0
2023-07-28 11:00:38,229.8,12160354,44,226.44,1574295,2363174,4.028972385694887,0
2023-07-28 11:00:39,229.8,12162010,50,226.44,1573052,2364331,4.028972385694887,0
2023-07-28 11:00:39,229.7,12162010,5,226.44,1573052,2364331,3.9837030330466194,0
2023-07-28 11:00:41,229.75,12168086,5,226.44,1568829,2371403,4.0063377093707535,0
2023-07-28 11:00:42,229.7,12170254,100,226.44,1572987,2371868,3.9837030330466194,0
2023-07-28 11:00:43,229.8,12172025,3,226.44,1576481,2372263,4.028972385694887,0
2023-07-28 11:00:44,229.75,12175882,60,226.45,1573099,2371876,4.0063377093707535,0
2023-07-28 11:00:45,229.8,12176965,15,226.45,1570364,2373078,4.028972385694887,0
2023-07-28 11:00:45,229.65,12176965,200,226.45,1570364,2373078,3.9610683567224987,0
2023-07-28 11:00:47,229.75,12178518,1,226.45,1587075,2384547,4.0063377093707535,0
2023-07-28 11:00:49,229.65,12183728,5,226.45,1581019,2386696,3.9610683567224987,0
2023-07-28 11:00:50,229.7,12184006,20,226.45,1588334,2388500,3.9837030330466194,0
2023-07-28 11:00:50,229.65,12184006,968,226.45,1588334,2388500,3.9610683567224987,0
2023-07-28 11:00:51,229.75,12187961,32,226.45,1581052,2388810,4.0063377093707535,0
2023-07-28 11:00:51,229.75,12188234,26,226.45,1580852,2390381,4.0063377093707535,0
2023-07-28 11:00:53,229.8,12209593,300,226.45,1592544,2365045,4.028972385694887,0
2023-07-28 11:00:53,229.8,12209593,200,226.45,1592544,2365045,4.028972385694887,0
2023-07-28 11:00:53,229.8,12209593,25,226.45,1592544,2365045,4.028972385694887,0
2023-07-28 11:00:53,229.9,12209593,13,226.45,1592544,2365045,4.074241738343142,0
2023-07-28 11:00:56,229.75,12215265,193,226.46,1593612,2370966,4.0063377093707535,0
2023-07-28 11:00:57,229.8,12219240,3,226.46,1598848,2369570,4.028972385694887,0
2023-07-28 11:00:57,229.75,12219240,120,226.46,1598848,2369570,4.0063377093707535,0
2023-07-28 11:00:58,229.8,12221648,100,226.46,1603459,2367932,4.028972385694887,0
2023-07-28 11:00:58,229.8,12221648,10,226.46,1603459,2367932,4.028972385694887,0
2023-07-28 11:00:59,229.9,12223347,89,226.46,1608034,2368842,4.074241738343142,0
2023-07-28 11:01:00,229.8,12230954,100,226.46,1609020,2364406,4.028972385694887,0
2023-07-28 11:01:02,229.85,12234559,1,226.46,1620766,2365919,4.051607062019007,0
2023-07-28 11:01:03,229.85,12239249,1500,226.46,1622246,2368832,4.051607062019007,0
2023-07-28 11:01:04,229.9,12241794,124,226.46,1619365,2371281,4.074241738343142,0
2023-07-28 11:01:05,229.8,12242273,50,226.46,1618839,2372874,4.028972385694887,0
2023-07-28 11:01:05,229.8,12242273,40,226.46,1618839,2372874,4.028972385694887,0
2023-07-28 11:01:06,229.85,12244118,1,226.46,1609343,2372422,4.051607062019007,0
2023-07-28 11:01:07,229.85,12245726,15,226.46,1618496,2374932,4.051607062019007,0
2023-07-28 11:01:08,229.9,12249400,900,226.47,1612754,2368919,4.074241738343142,0
2023-07-28 11:01:09,229.85,12249711,50,226.47,1614521,2371718,4.051607062019007,0
2023-07-28 11:01:09,229.9,12249711,4,226.47,1614521,2371718,4.074241738343142,0
2023-07-28 11:01:10,229.85,12249802,10,226.47,1615105,2372361,4.051607062019007,0
2023-07-28 11:01:11,229.85,12255782,1,226.47,1617802,2381723,4.051607062019007,0
2023-07-28 11:01:12,229.85,12259522,1000,226.47,1605139,2386198,4.051607062019007,0
2023-07-28 11:01:12,229.85,12259522,3,226.47,1605139,2386198,4.051607062019007,0
2023-07-28 11:01:12,229.8,12259522,20,226.47,1605139,2386198,4.028972385694887,0
2023-07-28 11:01:14,229.8,12276564,631,226.47,1603123,2375800,4.028972385694887,0
2023-07-28 11:01:15,229.9,12281775,522,226.47,1599634,2377315,4.074241738343142,0
2023-07-28 11:01:16,229.8,12283138,113,226.48,1592228,2382501,4.028972385694887,0
2023-07-28 11:01:17,229.85,12287766,300,226.48,1598305,2383090,4.051607062019007,0
2023-07-28 11:01:18,229.7,12288884,50,226.48,1585201,2385194,3.9837030330466194,0
2023-07-28 11:01:19,229.85,12290326,10,226.48,1588447,2387921,4.051607062019007,0
2023-07-28 11:01:19,229.85,12290326,25,226.48,1588447,2387921,4.051607062019007,0
2023-07-28 11:01:22,229.9,12301892,55,226.48,1601959,2381994,4.074241738343142,0
2023-07-28 11:01:23,229.95,12316359,1066,226.48,1591162,2369384,4.096876414667262,0
2023-07-28 11:01:24,229.95,12327905,1,226.49,1595402,2363658,4.096876414667262,0
2023-07-28 11:01:25,229.9,12329053,7,226.49,1597543,2365438,4.074241738343142,0
2023-07-28 11:01:26,229.9,12332922,29,226.49,1592521,2361793,4.074241738343142,0
2023-07-28 11:01:26,229.95,12332922,1444,226.49,1592521,2361793,4.096876414667262,0
2023-07-28 11:01:27,229.85,12344904,35,226.49,1624142,2362542,4.051607062019007,0
2023-07-28 11:01:28,229.95,12350100,4,226.49,1615507,2365145,4.096876414667262,0
2023-07-28 11:01:29,229.95,12351702,7,226.49,1615242,2369134,4.096876414667262,0
2023-07-28 11:01:29,229.9,12351702,497,226.49,1615242,2369134,4.074241738343142,0
2023-07-28 11:01:29,230.05,12351702,100,226.49,1615242,2369134,4.1421457673155295,0
2023-07-28 11:01:31,230.1,12761422,43,226.61,1627809,1989328,4.164780443639651,0
2023-07-28 11:01:32,230.15,12765594,15,226.61,1623829,2032554,4.187415119963784,0
2023-07-28 11:01:32,230.15,12765594,80,226.61,1623829,2032554,4.187415119963784,0
2023-07-28 11:01:33,230.1,12770932,254,226.61,1622564,2026899,4.164780443639651,0
2023-07-28 11:01:33,230.2,12770932,500,226.61,1622564,2026899,4.2100497962879055,0
2023-07-28 11:01:34,230.15,12776200,100,226.61,1612878,2038666,4.187415119963784,0
2023-07-28 11:01:35,230.1,12784931,7,226.61,1616194,2042507,4.164780443639651,0
2023-07-28 11:01:35,230.2,12784931,5,226.61,1616194,2042507,4.2100497962879055,0
2023-07-28 11:01:36,230.15,12798694,1,226.62,1622013,2044420,4.187415119963784,0
2023-07-28 11:01:36,230.2,12804226,2000,226.62,1621257,2051035,4.2100497962879055,0
2023-07-28 11:01:37,230.2,12807887,90,226.62,1616958,2049699,4.2100497962879055,0
2023-07-28 11:01:37,230.1,12807887,1,226.62,1616958,2049699,4.164780443639651,0
2023-07-28 11:01:37,230.05,12807887,30,226.62,1616958,2049699,4.1421457673155295,0
2023-07-28 11:01:40,230.15,12821467,20,226.62,1616528,2051050,4.187415119963784,0
2023-07-28 11:01:40,230.1,12821467,208,226.62,1616528,2051050,4.164780443639651,0
2023-07-28 11:01:41,230.1,12826981,100,226.62,1622297,2046934,4.164780443639651,0
2023-07-28 11:01:41,230.2,12826981,20,226.62,1622297,2046934,4.2100497962879055,0
2023-07-28 11:01:42,230.3,12828915,18,226.63,1624879,2042222,4.255319148936173,0
2023-07-28 11:01:44,230.3,12847726,25,226.63,1643083,2013674,4.255319148936173,0
2023-07-28 11:01:44,230.35,12853300,100,226.63,1652742,2014223,4.277953825260293,0
2023-07-28 11:01:46,230.35,12871105,10,226.64,1649566,2017098,4.277953825260293,0
2023-07-28 11:01:47,230.25,12872847,71,226.64,1639054,2019683,4.232684472612039,0
2023-07-28 11:01:47,230.35,12872847,1408,226.64,1639054,2019683,4.277953825260293,0
2023-07-28 11:01:48,230.25,12877811,10,226.64,1644186,2025180,4.232684472612039,0
2023-07-28 11:01:49,230.3,12882224,200,226.64,1647697,2023158,4.255319148936173,0
2023-07-28 11:01:50,230.3,12896723,3375,226.64,1628869,2023747,4.255319148936173,0
2023-07-28 11:01:50,230.2,12896723,18,226.64,1628869,2023747,4.2100497962879055,0
2023-07-28 11:01:51,230.2,12901957,75,226.65,1636665,2029103,4.2100497962879055,0
2023-07-28 11:01:52,230.3,12907427,25,226.65,1639254,2023574,4.255319148936173,0
2023-07-28 11:01:52,230.3,12908745,5,226.65,1637083,2025883,4.255319148936173,0
2023-07-28 11:01:52,230.25,12908745,50,226.65,1637083,2025883,4.232684472612039,0
2023-07-28 11:01:54,230.3,12913589,21,226.65,1636905,2027424,4.255319148936173,0
2023-07-28 11:01:54,230.2,12913589,18,226.65,1636905,2027424,4.2100497962879055,0
2023-07-28 11:01:55,230.2,12918162,102,226.65,1621553,2034239,4.2100497962879055,0
2023-07-28 11:01:55,230.2,12918162,50,226.65,1621553,2034239,4.2100497962879055,0
2023-07-28 11:01:56,230.2,12928725,100,226.65,1613711,2038444,4.2100497962879055,0
2023-07-28 11:01:56,230.25,12928725,2000,226.65,1613711,2038444,4.232684472612039,0
2023-07-28 11:01:58,230.2,12949786,2,226.66,1616549,2033978,4.2100497962879055,0
2023-07-28 11:01:59,230.2,12950931,2,226.66,1609571,2037604,4.2100497962879055,0
2023-07-28 11:01:59,230.25,12950931,1000,226.66,1609571,2037604,4.232684472612039,0
2023-07-28 11:02:00,230.1,12955156,80,226.66,1603609,2030765,4.164780443639651,0
2023-07-28 11:02:00,230.2,12955166,90,226.66,1603599,2033045,4.2100497962879055,0
2023-07-28 11:02:01,230.1,12956391,3,226.66,1607763,2040187,4.164780443639651,0
2023-07-28 11:02:01,230.1,12956391,2000,226.66,1607763,2040187,4.164780443639651,0
2023-07-28 11:02:02,230.05,12964359,5,226.66,1598266,2048014,4.1421457673155295,0
2023-07-28 11:02:03,230.2,12965473,1,226.66,1605402,2046408,4.2100497962879055,0
2023-07-28 11:02:04,230.2,12966511,58,226.66,1604673,2051946,4.2100497962879055,0
2023-07-28 11:02:04,230.2,12966511,58,226.66,1604673,2051946,4.2100497962879055,0
2023-07-28 11:02:05,230.15,12967172,250,226.66,1614353,2054815,4.187415119963784,0
2023-07-28 11:02:05,230.25,12967172,3,226.66,1614353,2054815,4.232684472612039,0
2023-07-28 11:02:07,230.25,12969417,28,226.66,1618067,2048223,4.232684472612039,0
2023-07-28 11:02:07,230.2,12969417,100,226.66,1618067,2048223,4.2100497962879055,0
2023-07-28 11:02:08,230.25,12972778,40,226.67,1627397,2050069,4.232684472612039,0
2023-07-28 11:02:10,230.3,12985434,39,226.67,1624081,2048435,4.255319148936173,0
2023-07-28 11:02:11,230.25,12987845,1,226.67,1626819,2053594,4.232684472612039,0
2023-07-28 11:02:11,230.3,12987845,40,226.67,1626819,2053594,4.255319148936173,0
2023-07-28 11:02:12,230.25,12990800,8,226.67,1629065,2053039,4.232684472612039,0
2023-07-28 11:02:12,230.25,12990800,35,226.67,1629065,2053039,4.232684472612039,0
2023-07-28 11:02:13,230.15,13013437,50,226.68,1620093,2055674,4.187415119963784,0
2023-07-28 11:02:14,230.15,13014318,1,226.68,1615936,2058637,4.187415119963784,0
2023-07-28 11:02:14,230.2,13014318,1,226.68,1615936,2058637,4.2100497962879055,0
2023-07-28 11:02:15,230.15,13017174,100,226.68,1618335,2061372,4.187415119963784,0
2023-07-28 11:02:15,230.15,13017174,60,226.68,1618335,2061372,4.187415119963784,0
2023-07-28 11:02:15,230.2,13017174,5,226.68,1618335,2061372,4.2100497962879055,0
2023-07-28 11:02:17,230.15,13025905,14,226.68,1619897,2069702,4.187415119963784,0
2023-07-28 11:02:19,230.25,13027085,1,226.68,1608981,2071028,4.232684472612039,0
2023-07-28 11:02:19,230.15,13027085,14,226.68,1608981,2071028,4.187415119963784,0
2023-07-28 11:02:20,230.15,13028727,45,226.68,1626220,2074920,4.187415119963784,0
2023-07-28 11:02:20,230.05,13028727,914,226.68,1626220,2074920,4.1421457673155295,0
2023-07-28 11:02:22,230.0,13095939,200,226.7,1561312,2080192,4.119511090991396,0
2023-07-28 11:02:23,230.0,13123496,300,226.71,1571428,2078859,4.119511090991396,0
2023-07-28 11:02:23,230.1,13123496,125,226.71,1571428,2078859,4.164780443639651,0
2023-07-28 11:02:24,230.0,13124596,193,226.71,1575483,2110468,4.119511090991396,0
2023-07-28 11:02:24,230.0,13124596,99,226.71,1575483,2110468,4.119511090991396,0
2023-07-28 11:02:24,230.0,13124596,99,226.71,1575483,2110468,4.119511090991396,0
2023-07-28 11:02:25,230.0,13126418,100,226.71,1572130,2122425,4.119511090991396,0
2023-07-28 11:02:27,230.0,13129241,10,226.71,1581246,2117471,4.119511090991396,0
2023-07-28 11:02:27,230.0,13129241,10,226.71,1581246,2117471,4.119511090991396,0
2023-07-28 11:02:27,230.0,13129241,196,226.71,1581246,2117471,4.119511090991396,0
2023-07-28 11:02:29,230.0,13133522,6,226.71,1563391,2138969,4.119511090991396,0
2023-07-28 11:02:29,230.0,13134701,398,226.71,1568918,2149851,4.119511090991396,0
2023-07-28 11:02:30,230.0,13134981,25,226.71,1565202,2150282,4.119511090991396,0
2023-07-28 11:02:32,230.0,13135323,41,226.71,1573461,2152052,4.119511090991396,0
2023-07-28 11:02:33,230.0,13178767,97,226.72,1580630,2128426,4.119511090991396,0
2023-07-28 11:02:33,229.95,13178767,161,226.72,1580630,2128426,4.096876414667262,0
2023-07-28 11:02:34,229.95,13180011,295,226.72,1578919,2131141,4.096876414667262,0
2023-07-28 11:02:35,229.9,13181954,200,226.72,1581915,2133331,4.074241738343142,0
2023-07-28 11:02:35,229.95,13181954,1,226.72,1581915,2133331,4.096876414667262,0
2023-07-28 11:02:36,229.95,13183276,15,226.72,1574251,2141674,4.096876414667262,0
2023-07-28 11:02:37,229.9,13186545,200,226.72,1574528,2150324,4.074241738343142,0
2023-07-28 11:02:37,229.85,13186545,100,226.72,1574528,2150324,4.051607062019007,0
2023-07-28 11:02:38,229.9,13210391,110,226.73,1568364,2131360,4.074241738343142,0
2023-07-28 11:02:39,230.0,13211496,2,226.73,1577546,2137879,4.119511090991396,0
2023-07-28 11:02:41,229.95,13212603,150,226.73,1570618,2136903,4.096876414667262,0
2023-07-28 11:02:42,230.0,13218447,40,226.73,1570384,2141051,4.119511090991396,0
2023-07-28 11:02:43,230.0,13221783,1,226.73,1563808,2149473,4.119511090991396,0
2023-07-28 11:02:43,230.0,13221783,25,226.73,1563808,2149473,4.119511090991396,0
2023-07-28 11:02:44,229.9,13223584,650,226.73,1567505,2151582,4.074241738343142,0
2023-07-28 11:02:45,229.95,13223748,1,226.73,1565270,2158136,4.096876414667262,0
2023-07-28 11:02:45,229.9,13223748,70,226.73,1565270,2158136,4.074241738343142,0
2023-07-28 11:02:46,229.9,13233286,5,226.73,1546784,2155578,4.074241738343142,0
2023-07-28 11:02:46,229.9,13233286,200,226.73,1546784,2155578,4.074241738343142,0
2023-07-28 11:02:47,230.0,13234141,100,226.73,1558899,2181204,4.119511090991396,0
2023-07-28 11:02:47,229.85,13234141,40,226.73,1558899,2181204,4.051607062019007,0
2023-07-28 11:02:48,229.9,13235724,48,226.73,1567643,2196225,4.074241738343142,0
2023-07-28 11:02:50,229.9,13237569,200,226.73,1567904,2198129,4.074241738343142,0
2023-07-28 11:02:50,229.85,13237569,100,226.73,1567904,2198129,4.051607062019007,0
2023-07-28 11:02:51,229.9,13239817,55,226.73,1565440,2201019,4.074241738343142,0
2023-07-28 11:02:51,229.85,13239817,800,226.73,1565440,2201019,4.051607062019007,0
2023-07-28 11:02:52,229.95,13243419,1,226.74,1561899,2191909,4.096876414667262,0
2023-07-28 11:02:52,229.95,13243419,3,226.74,1561899,2191909,4.096876414667262,0
2023-07-28 11:02:53,229.85,13244517,74,226.74,1558008,2189371,4.051607062019007,0
2023-07-28 11:02:54,229.9,13247676,199,226.74,1561761,2207958,4.074241738343142,0
2023-07-28 11:02:54,229.85,13247676,2,226.74,1561761,2207958,4.051607062019007,0
2023-07-28 11:02:55,229.85,13247872,6,226.74,1559616,2233811,4.051607062019007,0
2023-07-28 11:02:55,229.8,13247872,5,226.74,1559616,2233811,4.028972385694887,0
2023-07-28 11:02:57,229.7,13286017,25,226.74,1505520,2227021,3.9837030330466194,0
2023-07-28 11:02:57,229.7,13290687,127,226.75,1536313,2220534,3.9837030330466194,0
2023-07-28 11:02:57,229.85,13290687,134,226.75,1536313,2220534,4.051607062019007,0
2023-07-28 11:02:59,229.7,13293643,31,226.75,1534133,2251702,3.9837030330466194,0
2023-07-28 11:03:00,229.8,13297765,1464,226.75,1557715,2231672,4.028972385694887,0
2023-07-28 11:03:00,229.8,13297765,135,226.75,1557715,2231672,4.028972385694887,0
2023-07-28 11:03:01,229.8,13297929,20,226.75,1560928,2253463,4.028972385694887,0
2023-07-28 11:03:01,229.8,13297929,50,226.75,1560928,2253463,4.028972385694887,0
2023-07-28 11:03:02,229.85,13298974,25,226.75,1560585,2253291,4.051607062019007,0
2023-07-28 11:03:03,229.8,13302829,684,226.75,1561786,2258130,4.028972385694887,0
2023-07-28 11:03:03,229.85,13302829,50,226.75,1561786,2258130,4.051607062019007,0
2023-07-28 11:03:06,229.85,13316634,50,226.75,1569135,2240372,4.051607062019007,0
2023-07-28 11:03:06,229.85,13317484,500,226.75,1567661,2244768,4.051607062019007,0
2023-07-28 11:03:07,229.85,13319195,100,226.75,1569453,2249987,4.051607062019007,0
2023-07-28 11:03:09,229.9,13319525,2,226.75,1567232,2249368,4.074241738343142,0
2023-07-28 11:03:09,229.85,13319525,500,226.75,1567232,2249368,4.051607062019007,0
2023-07-28 11:03:10,229.85,13321309,100,226.75,1566344,2259091,4.051607062019007,0
2023-07-28 11:03:11,229.85,13322057,18,226.75,1564351,2266239,4.051607062019007,0
2023-07-28 11:03:12,229.85,13327150,367,226.75,1570069,2270220,4.051607062019007,0
2023-07-28 11:03:12,229.85,13327150,21,226.75,1570069,2270220,4.051607062019007,0
2023-07-28 11:03:13,229.9,13328151,1,226.75,1570190,2272846,4.074241738343142,0
2023-07-28 11:03:14,229.85,13328951,53,226.75,1568439,2273018,4.051607062019007,0
2023-07-28 11:03:15,229.85,13334916,1500,226.76,1568900,2272187,4.051607062019007,0
2023-07-28 11:03:15,229.9,13334916,5,226.76,1568900,2272187,4.074241738343142,0
2023-07-28 11:03:16,229.85,13335146,200,226.76,1567580,2276689,4.051607062019007,0
2023-07-28 11:03:16,229.9,13335146,35,226.76,1567580,2276689,4.074241738343142,0
2023-07-28 11:03:17,229.95,13340106,1,226.76,1568109,2277754,4.096876414667262,0
2023-07-28 11:03:17,229.85,13340106,10,226.76,1568109,2277754,4.051607062019007,0
2023-07-28 11:03:19,229.95,13352817,30,226.76,1568729,2270965,4.096876414667262,0
2023-07-28 11:03:19,229.7,13352817,70,226.76,1568729,2270965,3.9837030330466194,0
2023-07-28 11:03:20,229.8,13374463,10,226.77,1534853,2276481,4.028972385694887,0
2023-07-28 11:03:21,229.8,13375262,8,226.77,1534866,2278548,4.028972385694887,0
2023-07-28 11:03:22,229.8,13380747,50,226.77,1537606,2277989,4.028972385694887,0
2023-07-28 11:03:22,229.8,13380747,1,226.77,1537606,2277989,4.028972385694887,0
2023-07-28 11:03:23,229.7,13382085,35,226.77,1537233,2280340,3.9837030330466194,0
2023-07-28 11:03:24,229.8,13383286,82,226.77,1547738,2286652,4.028972385694887,0
2023-07-28 11:03:25,229.75,13385400,200,226.77,1543095,2288648,4.0063377093707535,0
2023-07-28 11:03:25,229.75,13385400,350,226.77,1543095,2288648,4.0063377093707535,0
2023-07-28 11:03:27,229.8,13391746,480,226.77,1546439,2283102,4.028972385694887,0
2023-07-28 11:03:28,229.65,13392876,80,226.77,1549133,2285679,3.9610683567224987,0
2023-07-28 11:03:30,229.8,13393219,100,226.77,1552917,2287985,4.028972385694887,0
2023-07-28 11:03:31,229.8,13395580,900,226.77,1550743,2285892,4.028972385694887,0
2023-07-28 11:03:32,229.8,13399817,50,226.77,1551497,2285051,4.028972385694887,0
2023-07-28 11:03:32,229.85,13399817,50,226.77,1551497,2285051,4.051607062019007,0
2023-07-28 11:03:33,229.75,13401037,30,226.77,1542810,2285715,4.0063377093707535,0
2023-07-28 11:03:33,229.75,13401037,30,226.77,1542810,2285715,4.0063377093707535,0
2023-07-28 11:03:34,229.75,13401689,300,226.77,1554441,2289763,4.0063377093707535,0
2023-07-28 11:03:34,229.7,13401689,50,226.77,1554441,2289763,3.9837030330466194,0
2023-07-28 11:03:35,229.7,13403884,56,226.77,1553605,2291794,3.9837030330466194,0
2023-07-28 11:03:37,229.7,13404087,125,226.77,1551758,2325123,3.9837030330466194,0
2023-07-28 11:03:37,229.8,13409242,80,226.77,1548690,2329547,4.028972385694887,0
2023-07-28 11:03:39,229.75,13409559,17,226.77,1554319,2327888,4.0063377093707535,0
2023-07-28 11:03:40,229.8,13410125,22,226.77,1554971,2332294,4.028972385694887,0
2023-07-28 11:03:41,229.8,13412445,500,226.77,1559350,2331366,4.028972385694887,0
2023-07-28 11:03:41,229.85,13412445,846,226.77,1559350,2331366,4.051607062019007,0
2023-07-28 11:03:42,229.75,13415676,1,226.77,1560235,2333300,4.0063377093707535,0
2023-07-28 11:03:42,229.8,13415676,23,226.77,1560235,2333300,4.028972385694887,0
2023-07-28 11:03:43,229.75,13419264,250,226.78,1560993,2335661,4.0063377093707535,0
2023-07-28 11:03:44,229.85,13419508,11,226.78,1558933,2335048,4.051607062019007,0
2023-07-28 11:03:45,229.75,13419733,200,226.78,1560108,2339039,4.0063377093707535,0
2023-07-28 11:03:47,229.75,13433269,6,226.78,1569663,2327933,4.0063377093707535,0
2023-07-28 11:03:48,229.9,13434684,500,226.78,1573684,2330127,4.074241738343142,0
2023-07-28 11:03:49,229.8,13434950,10,226.78,1578709,2340016,4.028972385694887,0
2023-07-28 11:03:49,229.75,13434950,5,226.78,1578709,2340016,4.0063377093707535,0
2023-07-28 11:03:50,229.9,13437261,68,226.78,1576840,2339452,4.074241738343142,0
2023-07-28 11:03:50,229.75,13437261,143,226.78,1576840,2339452,4.0063377093707535,0
2023-07-28 11:03:51,229.8,13442659,10,226.78,1582761,2342302,4.028972385694887,0
2023-07-28 11:03:52,229.9,13445767,535,226.78,1584477,2346152,4.074241738343142,0
2023-07-28 11:03:53,229.95,13448542,12,226.78,1597019,2341128,4.096876414667262,0
2023-07-28 11:03:53,229.85,13448542,10,226.78,1597019,2341128,4.051607062019007,0
2023-07-28 11:03:55,229.85,13450676,218,226.78,1603335,2345350,4.051607062019007,0
2023-07-28 11:03:55,229.9,13450676,500,226.78,1603335,2345350,4.074241738343142,0
2023-07-28 11:03:56,230.0,13501407,6,226.79,1604778,2298715,4.119511090991396,0
2023-07-28 11:03:57,230.0,13526579,238,226.8,1597042,2285691,4.119511090991396,0
2023-07-28 11:03:57,229.95,13526579,369,226.8,1597042,2285691,4.096876414667262,0
2023-07-28 11:03:59,230.1,13570889,150,226.81,1591440,2305974,4.164780443639651,0
2023-07-28 11:04:01,229.9,13588559,22,226.82,1580991,2321787,4.074241738343142,0
2023-07-28 11:04:02,229.95,13595022,23,226.82,1590835,2321675,4.096876414667262,0
2023-07-28 11:04:02,230.0,13598624,465,226.82,1589412,2319810,4.119511090991396,0
2023-07-28 11:04:04,230.0,13605465,132,226.82,1592190,2316271,4.119511090991396,0
2023-07-28 11:04:04,229.95,13605465,48,226.82,1592190,2316271,4.096876414667262,0
2023-07-28 11:04:05,229.95,13608718,100,226.82,1590845,2308603,4.096876414667262,0
2023-07-28 11:04:06,229.95,13616312,100,226.82,1592879,2304106,4.096876414667262,0
2023-07-28 11:04:07,230.1,13680485,6,226.84,1601418,2239962,4.164780443639651,0
2023-07-28 11:04:07,230.1,13680485,250,226.84,1601418,2239962,4.164780443639651,0
2023-07-28 11:04:08,230.1,13692941,497,226.84,1593092,2211069,4.164780443639651,0
2023-07-28 11:04:09,230.1,13709170,62,226.84,1592232,2243508,4.164780443639651,0
2023-07-28 11:04:09,230.2,13709170,10,226.84,1592232,2243508,4.2100497962879055,0
2023-07-28 11:04:10,230.1,13718960,200,226.85,1593778,2245810,4.164780443639651,0
2023-07-28 11:04:10,230.2,13718960,1,226.85,1593778,2245810,4.2100497962879055,0
2023-07-28 11:04:11,230.2,13724528,5,226.85,1591074,2244534,4.2100497962879055,0
2023-07-28 11:04:13,230.3,13745877,273,226.85,1590445,2239293,4.255319148936173,0
2023-07-28 11:04:14,230.3,13750517,114,226.85,1585952,2239074,4.255319148936173,0
2023-07-28 11:04:14,230.3,13750517,100,226.85,1585952,2239074,4.255319148936173,0
2023-07-28 11:04:15,230.3,13758035,4,226.86,1583956,2246532,4.255319148936173,0
2023-07-28 11:04:16,230.15,13769254,75,226.86,1589705,2263005,4.187415119963784,0
2023-07-28 11:04:16,230.15,13769254,50,226.86,1589705,2263005,4.187415119963784,0
2023-07-28 11:04:17,230.2,13775649,145,226.86,1579365,2272436,4.2100497962879055,0
2023-07-28 11:04:17,230.05,13775773,53,226.86,1577131,2272744,4.1421457673155295,0
2023-07-28 11:04:18,230.2,13780882,1,226.86,1574555,2268596,4.2100497962879055,0
2023-07-28 11:04:20,229.9,13813290,941,226.87,1562234,2285157,4.074241738343142,0
2023-07-28 11:04:20,230.0,13813290,10,226.87,1562234,2285157,4.119511090991396,0
2023-07-28 11:04:21,230.0,13828065,300,226.87,1563243,2271369,4.119511090991396,0
2023-07-28 11:04:22,230.0,13876863,500,226.88,1569848,2300715,4.119511090991396,0
2023-07-28 11:04:22,230.0,13876863,500,226.88,1569848,2300715,4.119511090991396,0
2023-07-28 11:04:23,230.0,13906251,40,226.89,1566738,2301083,4.119511090991396,0
2023-07-28 11:04:25,229.95,13906663,4,226.89,1573931,2306691,4.096876414667262,0
2023-07-28 11:04:26,230.0,13910314,3,226.89,1568283,2339962,4.119511090991396,0
2023-07-28 11:04:26,230.0,13910314,30,226.89,1568283,2339962,4.119511090991396,0
2023-07-28 11:04:27,229.9,13911044,5,226.89,1567541,2340707,4.074241738343142,0
2023-07-28 11:04:28,229.85,13945415,200,226.9,1537729,2345357,4.051607062019007,0
2023-07-28 11:04:28,229.95,13945415,1,226.9,1537729,2345357,4.096876414667262,0
2023-07-28 11:04:29,229.85,13953119,12,226.9,1542284,2351730,4.051607062019007,0
2023-07-28 11:04:30,229.9,13966298,40,226.9,1539890,2353498,4.074241738343142,0
2023-07-28 11:04:31,229.9,13970151,100,226.9,1542482,2356834,4.074241738343142,0
2023-07-28 11:04:32,229.9,13970461,15,226.9,1539359,2367543,4.074241738343142,0
2023-07-28 11:04:34,229.65,13978515,2,226.91,1538829,2361962,3.9610683567224987,0
2023-07-28 11:04:34,229.65,13978515,5,226.91,1538829,2361962,3.9610683567224987,0
2023-07-28 11:04:35,229.8,13979443,1,226.91,1531929,2379870,4.028972385694887,0
2023-07-28 11:04:36,229.7,13981857,135,226.91,1539649,2379468,3.9837030330466194,0
2023-07-28 11:04:37,229.8,13982535,2,226.91,1538804,2383705,4.028972385694887,0
2023-07-28 11:04:39,229.8,13983073,200,226.91,1536442,2385828,4.028972385694887,0
2023-07-28 11:04:40,229.65,13989520,31,226.91,1539339,2388770,3.9610683567224987,0
2023-07-28 11:04:41,229.7,13990820,98,226.91,1545580,2393239,3.9837030330466194,0
2023-07-28 11:04:42,229.8,13990978,12,226.91,1548928,2391122,4.028972385694887,0
2023-07-28 11:04:42,229.8,13994256,2,226.91,1548202,2392469,4.028972385694887,0
2023-07-28 11:04:43,229.55,14034549,500,226.92,1533964,2393792,3.9157990040742443,0
2023-07-28 11:04:43,229.65,14034549,21,226.92,1533964,2393792,3.9610683567224987,0
2023-07-28 11:04:45,229.65,14034917,30,226.92,1538984,2385632,3.9610683567224987,0
2023-07-28 11:04:46,229.65,14037127,60,226.92,1539907,2396865,3.9610683567224987,0
2023-07-28 11:04:46,229.55,14037127,444,226.92,1539907,2396865,3.9157990040742443,0
2023-07-28 11:04:47,229.5,14040603,196,226.92,1537499,2384318,3.8931643277501107,0
2023-07-28 11:04:48,229.5,14041107,7,226.92,1543721,2385643,3.8931643277501107,0
2023-07-28 11:04:48,229.65,14041107,10,226.92,1543721,2385643,3.9610683567224987,0
2023-07-28 11:04:50,229.55,14046488,3375,226.92,1534237,2386886,3.9157990040742443,0
2023-07-28 11:04:50,229.55,14046488,30,226.92,1534237,2386886,3.9157990040742443,0
2023-07-28 11:04:51,229.55,14053695,30,226.92,1536823,2386235,3.9157990040742443,0
2023-07-28 11:04:52,229.5,14054797,20,226.92,1543220,2391031,3.8931643277501107,0
2023-07-28 11:04:52,229.5,14056387,40,226.92,1530269,2392427,3.8931643277501107,0
2023-07-28 11:04:54,229.65,14057645,1,226.92,1529104,2394819,3.9610683567224987,0
2023-07-28 11:04:55,229.5,14066712,160,226.92,1526137,2397915,3.8931643277501107,0
2023-07-28 11:04:56,229.5,14075523,106,226.92,1515267,2394333,3.8931643277501107,0
2023-07-28 11:04:56,229.4,14075523,101,226.92,1515267,2394333,3.847894975101856,0
2023-07-28 11:04:57,229.4,14076259,44,226.92,1517594,2394854,3.847894975101856,0
2023-07-28 11:04:57,229.45,14076259,100,226.92,1517594,2394854,3.8705296514259766,0
2023-07-28 11:04:58,229.45,14077060,10,226.92,1516995,2397577,3.8705296514259766,0
2023-07-28 11:04:58,229.4,14077060,372,226.92,1516995,2397577,3.847894975101856,0
2023-07-28 11:04:59,229.5,14077590,20,226.92,1517840,2403167,3.8931643277501107,0
2023-07-28 11:05:00,229.35,14082444,346,226.93,1524754,2405994,3.8252602987777222,0
2023-07-28 11:05:02,229.5,14084926,1,226.93,1526183,2402697,3.8931643277501107,0
2023-07-28 11:05:03,229.45,14086566,80,226.93,1526478,2410507,3.8705296514259766,0
2023-07-28 11:05:04,229.4,14086779,10,226.93,1520074,2415753,3.847894975101856,0
2023-07-28 11:05:05,229.3,14088992,50,226.93,1526275,2420594,3.8026256224536015,0
2023-07-28 11:05:05,229.35,14088992,3,226.93,1526275,2420594,3.8252602987777222,0
2023-07-28 11:05:06,229.4,14090504,100,226.93,1521001,2426604,3.847894975101856,0
2023-07-28 11:05:07,229.3,14091408,50,226.93,1532609,2426598,3.8026256224536015,0
2023-07-28 11:05:07,229.3,14091408,200,226.93,1532609,2426598,3.8026256224536015,0
2023-07-28 11:05:08,229.3,14092256,1,226.93,1532126,2428220,3.8026256224536015,0
2023-07-28 11:05:08,229.45,14092256,400,226.93,1532126,2428220,3.8705296514259766,0
2023-07-28 11:05:10,229.5,14100027,111,226.93,1534617,2421464,3.8931643277501107,0
2023-07-28 11:05:11,229.4,14100338,1,226.93,1520791,2430356,3.847894975101856,0
2023-07-28 11:05:11,229.3,14100338,32,226.93,1520791,2430356,3.8026256224536015,0
2023-07-28 11:05:12,229.3,14103310,5,226.93,1524280,2432058,3.8026256224536015,0
2023-07-28 11:05:13,229.35,14104133,500,226.93,1535025,2429103,3.8252602987777222,0
2023-07-28 11:05:13,229.4,14104133,10,226.93,1535025,2429103,3.847894975101856,0
2023-07-28 11:05:14,229.5,14105468,50,226.93,1535573,2430928,3.8931643277501107,0
2023-07-28 11:05:15,229.45,14105899,25,226.93,1532063,2429306,3.8705296514259766,0
2023-07-28 11:05:16,229.5,14106153,200,226.93,1535035,2438087,3.8931643277501107,0
2023-07-28 11:05:17,229.5,14106353,20,226.93,1535075,2437296,3.8931643277501107,0
2023-07-28 11:05:17,229.4,14106353,25,226.93,1535075,2437296,3.847894975101856,0
2023-07-28 11:05:19,229.4,14107864,250,226.93,1541113,2443071,3.847894975101856,0
2023-07-28 11:05:20,229.35,14111075,400,226.93,1539373,2447390,3.8252602987777222,0
2023-07-28 11:05:20,229.3,14111075,490,226.93,1539373,2447390,3.8026256224536015,0
2023-07-28 11:05:21,229.35,14112455,200,226.93,1540709,2446931,3.8252602987777222,0
2023-07-28 11:05:21,229.4,14112455,50,226.93,1540709,2446931,3.847894975101856,0
2023-07-28 11:05:22,229.4,14113937,142,226.93,1539313,2447518,3.847894975101856,0
2023-07-28 11:05:22,229.35,14113937,100,226.93,1539313,2447518,3.8252602987777222,0
2023-07-28 11:05:23,229.35,14114162,100,226.93,1536338,2438819,3.8252602987777222,0
2023-07-28 11:05:23,229.35,14114162,10,226.93,1536338,2438819,3.8252602987777222,0
2023-07-28 11:05:24,229.3,14114909,118,226.93,1536264,2455758,3.8026256224536015,0
2023-07-28 11:05:25,229.3,14116515,6,226.93,1535890,2472818,3.8026256224536015,0
2023-07-28 11:05:25,229.35,14116515,1,226.93,1535890,2472818,3.8252602987777222,0
2023-07-28 11:05:26,229.3,14117367,9,226.93,1533886,2475460,3.8026256224536015,0
2023-07-28 11:05:26,229.4,14117367,30,226.93,1533886,2475460,3.847894975101856,0
2023-07-28 11:05:26,229.35,14117367,32,226.93,1533886,2475460,3.8252602987777222,0
2023-07-28 11:05:28,229.4,14121619,363,226.93,1526301,2481865,3.847894975101856,0
2023-07-28 11:05:28,229.3,14121619,90,226.93,1526301,2481865,3.8026256224536015,0
2023-07-28 11:05:29,229.35,14122487,17,226.93,1527862,2485181,3.8252602987777222,0
2023-07-28 11:05:29,229.35,14122487,17,226.93,1527862,2485181,3.8252602987777222,0
2023-07-28 11:05:31,229.3,14123682,5,226.93,1526312,2487711,3.8026256224536015,0
2023-07-28 11:05:32,229.25,14127937,50,226.93,1527308,2492511,3.779990946129468,0
2023-07-28 11:05:33,229.25,14130249,500,226.93,1530348,2500115,3.779990946129468,0
2023-07-28 11:05:33,229.35,14130249,340,226.93,1530348,2500115,3.8252602987777222,0
2023-07-28 11:05:34,229.25,14130749,100,226.93,1530725,2492334,3.779990946129468,0
2023-07-28 11:05:34,229.25,14130749,100,226.93,1530725,2492334,3.779990946129468,0
2023-07-28 11:05:35,229.2,14134865,2,226.93,1502121,2503059,3.7573562698053338,0
2023-07-28 11:05:36,229.3,14138120,50,226.93,1512589,2500201,3.8026256224536015,0
2023-07-28 11:05:37,229.3,14138561,90,226.93,1518150,2505719,3.8026256224536015,0
2023-07-28 11:05:38,229.25,14139201,50,226.93,1518889,2505248,3.779990946129468,0
2023-07-28 11:05:39,229.35,14140107,5,226.94,1520803,2496853,3.8252602987777222,0
2023-07-28 11:05:40,229.3,14140640,1,226.94,1531895,2498934,3.8026256224536015,0
2023-07-28 11:05:40,229.3,14140640,404,226.94,1531895,2498934,3.8026256224536015,0
2023-07-28 11:05:41,229.25,14145004,500,226.94,1530276,2505262,3.779990946129468,0
2023-07-28 11:05:42,229.3,14145375,50,226.94,1538225,2508566,3.8026256224536015,0
2023-07-28 11:05:42,229.3,14145375,250,226.94,1538225,2508566,3.8026256224536015,0
2023-07-28 11:05:43,229.45,14147018,130,226.94,1537259,2508068,3.8705296514259766,0
2023-07-28 11:05:43,229.3,14147472,500,226.94,1537756,2511371,3.8026256224536015,0
2023-07-28 11:05:43,229.35,14147472,831,226.94,1537756,2511371,3.8252602987777222,0
2023-07-28 11:05:45,229.25,14231940,664,226.95,1499980,2486613,3.779990946129468,0
2023-07-28 11:05:46,229.4,14244448,20,226.95,1511991,2490814,3.847894975101856,0
2023-07-28 11:05:46,229.45,14244448,135,226.95,1511991,2490814,3.8705296514259766,0
2023-07-28 11:05:47,229.45,14246463,135,226.95,1509175,2494654,3.8705296514259766,0
2023-07-28 11:05:48,229.4,14246807,3,226.95,1512261,2496189,3.847894975101856,0
2023-07-28 11:05:49,229.4,14247042,20,226.95,1512068,2497899,3.847894975101856,0
2023-07-28 11:05:49,229.4,14247042,113,226.95,1512068,2497899,3.847894975101856,0
2023-07-28 11:05:50,229.4,14247405,773,226.95,1520393,2498206,3.847894975101856,0
