2023-07-28 10:49:29,636.0,3394568,1,639.32,576902,1018069,-1.1962094143234496,0
2023-07-28 10:49:28,636.0,3394494,3,639.32,576454,1020800,-1.1962094143234496,0
2023-07-28 10:49:29,636.1,3394568,3,639.32,576902,1018069,-1.1806742271244404,0
2023-07-28 10:49:31,636.1,3394786,1,639.31,577592,1017776,-1.1806742271244404,0
2023-07-28 10:49:32,636.1,3394841,20,639.31,577748,1017786,-1.1806742271244404,0
2023-07-28 10:49:32,636.1,3394841,1,639.31,577890,1017471,-1.1806742271244404,0
2023-07-28 10:49:34,636.15,3394977,5,639.31,578853,1017429,-1.1729066335249445,0
2023-07-28 10:49:34,636.1,3395057,10,639.31,578990,1017050,-1.1806742271244404,0
2023-07-28 10:49:36,636.15,3396133,1,639.31,578130,1017101,-1.1729066335249445,0
2023-07-28 10:49:36,636.15,3396133,1,639.31,578080,1017626,-1.1729066335249445,0
2023-07-28 10:49:36,636.15,3396133,20,639.31,578080,1017626,-1.1729066335249445,0
2023-07-28 10:49:38,636.15,3396228,30,639.31,578056,1016939,-1.1729066335249445,0
2023-07-28 10:49:38,636.1,3396228,1,639.31,578056,1016939,-1.1806742271244404,0
2023-07-28 10:49:38,636.1,3396297,1,639.31,579017,1027553,-1.1806742271244404,0
2023-07-28 10:49:38,636.15,3396297,3,639.31,579017,1027553,-1.1729066335249445,0
2023-07-28 10:49:40,636.0,3400010,70,639.31,574936,1029069,-1.1962094143234496,0
2023-07-28 10:49:40,636.0,3400010,5,639.31,574936,1029069,-1.1962094143234496,0
2023-07-28 10:49:41,636.0,3400026,20,639.31,575536,1029000,-1.1962094143234496,0
2023-07-28 10:49:42,635.9,3400060,1,639.31,575437,1029567,-1.2117446015224589,0
2023-07-28 10:49:43,635.9,3400265,202,639.31,575267,1029331,-1.2117446015224589,0
2023-07-28 10:49:44,636.05,3400618,41,639.31,575132,1028374,-1.1884418207239538,0
2023-07-28 10:49:45,636.1,3400643,5,639.31,575508,1028380,-1.1806742271244404,0
2023-07-28 10:49:46,636.1,3400649,4,639.31,575522,1028486,-1.1806742271244404,0
2023-07-28 10:49:47,636.1,3400654,4,639.31,575526,1028106,-1.1806742271244404,0
2023-07-28 10:49:48,636.0,3400656,1,639.31,576387,1028286,-1.1962094143234496,0
2023-07-28 10:49:49,636.15,3400690,16,639.31,575809,1028482,-1.1729066335249445,0
2023-07-28 10:49:50,636.15,3400731,1,639.31,576136,1031185,-1.1729066335249445,0
2023-07-28 10:49:50,636.15,3400731,1,639.31,576136,1031185,-1.1729066335249445,0
2023-07-28 10:49:53,636.15,3400735,1,639.31,576283,1031376,-1.1729066335249445,0
2023-07-28 10:49:53,636.15,3400751,1,639.31,576270,1031351,-1.1729066335249445,0
2023-07-28 10:49:54,636.15,3400960,1,639.31,576614,1031580,-1.1729066335249445,0
2023-07-28 10:49:54,636.15,3400960,34,639.31,576614,1031580,-1.1729066335249445,0
2023-07-28 10:49:56,636.0,3401105,35,639.31,576136,1034227,-1.1962094143234496,0
2023-07-28 10:49:56,636.0,3401208,2,639.31,576146,1034222,-1.1962094143234496,0
2023-07-28 10:49:57,636.15,3401230,5,639.31,576448,1034040,-1.1729066335249445,0
2023-07-28 10:49:57,636.15,3401230,14,639.31,576448,1034040,-1.1729066335249445,0
2023-07-28 10:49:59,636.1,3401248,1,639.31,576478,1034448,-1.1806742271244404,0
2023-07-28 10:49:59,636.15,3401252,320,639.31,576478,1035005,-1.1729066335249445,0
2023-07-28 10:50:00,636.15,3401691,25,639.31,576679,1034496,-1.1729066335249445,0
2023-07-28 10:50:00,636.15,3401691,25,639.31,576679,1034496,-1.1729066335249445,0
2023-07-28 10:50:01,636.2,3402104,14,639.31,576433,1036327,-1.165139039925431,0
2023-07-28 10:50:02,636.15,3402120,2,639.31,576364,1037975,-1.1729066335249445,0
2023-07-28 10:50:03,636.1,3402230,98,639.31,577007,1036960,-1.1806742271244404,0
2023-07-28 10:50:04,636.2,3403080,1,639.31,576823,1036445,-1.165139039925431,0
2023-07-28 10:50:05,636.2,3403182,10,639.31,576534,1036321,-1.165139039925431,0
2023-07-28 10:50:06,636.2,3403328,76,639.31,576885,1036247,-1.165139039925431,0
2023-07-28 10:50:07,636.2,3403331,3,639.31,576785,1036244,-1.165139039925431,0
2023-07-28 10:50:07,636.0,3403331,2,639.31,576785,1036244,-1.1962094143234496,0
2023-07-28 10:50:08,636.2,3403393,40,639.31,577260,1036417,-1.165139039925431,0
2023-07-28 10:50:09,636.2,3403394,1,639.31,577899,1036591,-1.165139039925431,0
2023-07-28 10:50:09,636.2,3403394,13,639.31,577899,1036591,-1.165139039925431,0
2023-07-28 10:50:10,636.2,3403407,13,639.31,577496,1036512,-1.165139039925431,0
2023-07-28 10:50:12,636.2,3403430,16,639.31,578098,1036667,-1.165139039925431,0
2023-07-28 10:50:12,636.15,3403430,4,639.31,578098,1036667,-1.1729066335249445,0
2023-07-28 10:50:13,636.2,3403566,12,639.31,578201,1036170,-1.165139039925431,0
2023-07-28 10:50:14,636.15,3404467,30,639.31,577608,1038751,-1.1729066335249445,0
2023-07-28 10:50:15,636.15,3404502,1,639.31,577416,1040605,-1.1729066335249445,0
2023-07-28 10:50:15,636.15,3404502,9,639.31,577416,1040605,-1.1729066335249445,0
2023-07-28 10:50:16,635.9,3404687,5,639.31,577758,1040340,-1.2117446015224589,0
2023-07-28 10:50:17,635.9,3409089,8,639.3,570197,1038496,-1.2117446015224589,0
2023-07-28 10:50:18,635.9,3409388,18,639.3,571505,1038443,-1.2117446015224589,0
2023-07-28 10:50:19,635.9,3409469,50,639.3,572475,1038462,-1.2117446015224589,0
2023-07-28 10:50:20,635.9,3410029,50,639.3,572582,1038662,-1.2117446015224589,0
2023-07-28 10:50:20,635.9,3410029,50,639.3,572582,1038662,-1.2117446015224589,0
2023-07-28 10:50:21,635.9,3410061,1,639.3,571897,1038513,-1.2117446015224589,0
2023-07-28 10:50:22,635.9,3410171,100,639.3,573345,1038167,-1.2117446015224589,0
2023-07-28 10:50:22,635.9,3410171,100,639.3,573345,1038167,-1.2117446015224589,0
2023-07-28 10:50:23,635.9,3410286,10,639.3,573486,1038338,-1.2117446015224589,0
2023-07-28 10:50:24,635.9,3410437,1,639.3,573626,1038112,-1.2117446015224589,0
2023-07-28 10:50:24,635.9,3410437,15,639.3,573850,1038112,-1.2117446015224589,0
2023-07-28 10:50:26,635.9,3410460,1,639.3,574255,1037978,-1.2117446015224589,0
2023-07-28 10:50:28,635.9,3410471,1,639.3,574250,1037962,-1.2117446015224589,0
2023-07-28 10:50:28,636.0,3410471,1,639.3,574250,1037962,-1.1962094143234496,0
2023-07-28 10:50:28,636.0,3412127,1,639.3,576481,1035578,-1.1962094143234496,0
2023-07-28 10:50:29,636.0,3412372,119,639.3,576412,1036143,-1.1962094143234496,0
2023-07-28 10:50:30,636.0,3412525,100,639.3,576552,1036104,-1.1962094143234496,0
2023-07-28 10:50:30,636.0,3412525,4,639.3,576552,1036104,-1.1962094143234496,0
2023-07-28 10:50:31,636.0,3412608,78,639.3,576756,1035907,-1.1962094143234496,0
2023-07-28 10:50:32,636.0,3412963,345,639.3,576808,1036182,-1.1962094143234496,0
2023-07-28 10:50:33,635.9,3413033,41,639.3,576575,1035802,-1.2117446015224589,0
2023-07-28 10:50:34,636.0,3413146,2,639.3,576540,1036439,-1.1962094143234496,0
2023-07-28 10:50:35,636.0,3413193,2,639.3,576546,1035840,-1.1962094143234496,0
2023-07-28 10:50:35,635.9,3413193,1,639.3,576546,1035840,-1.2117446015224589,0
2023-07-28 10:50:35,636.0,3413193,300,639.3,576546,1035840,-1.1962094143234496,0
2023-07-28 10:50:37,636.0,3413534,300,639.3,576511,1036180,-1.1962094143234496,0
2023-07-28 10:50:38,636.0,3413615,20,639.3,576666,1036972,-1.1962094143234496,0
2023-07-28 10:50:39,636.0,3413730,10,639.3,576591,1036899,-1.1962094143234496,0
2023-07-28 10:50:39,636.0,3413730,60,639.3,576591,1036899,-1.1962094143234496,0
2023-07-28 10:50:41,636.0,3415264,640,639.3,578568,1037656,-1.1962094143234496,0
2023-07-28 10:50:41,636.0,3415264,640,639.3,578568,1037656,-1.1962094143234496,0
2023-07-28 10:50:42,636.0,3415278,10,639.3,578947,1037567,-1.1962094143234496,0
2023-07-28 10:50:43,636.0,3415460,97,639.29,578690,1037003,-1.1962094143234496,0
2023-07-28 10:50:43,636.0,3415460,25,639.29,578690,1037003,-1.1962094143234496,0
2023-07-28 10:50:44,635.95,3415515,5,639.29,578384,1036514,-1.2039770079229455,0
2023-07-28 10:50:44,636.0,3415515,10,639.29,578384,1036514,-1.1962094143234496,0
2023-07-28 10:50:46,636.0,3415735,1,639.29,578101,1036548,-1.1962094143234496,0
2023-07-28 10:50:47,636.0,3416050,10,639.29,577592,1037509,-1.1962094143234496,0
2023-07-28 10:50:48,636.0,3416617,500,639.29,577360,1037858,-1.1962094143234496,0
2023-07-28 10:50:48,635.9,3416617,11,639.29,577360,1037858,-1.2117446015224589,0
2023-07-28 10:50:48,635.85,3416617,1,639.29,577360,1037858,-1.2195121951219547,0
2023-07-28 10:50:50,635.9,3417038,10,639.29,576169,1036609,-1.2117446015224589,0
2023-07-28 10:50:51,635.9,3417088,1,639.29,576209,1036617,-1.2117446015224589,0
2023-07-28 10:50:51,635.95,3417088,2,639.29,576209,1036617,-1.2039770079229455,0
2023-07-28 10:50:52,635.75,3418435,1,639.29,575202,1036498,-1.235047382320964,0
2023-07-28 10:50:53,635.9,3418441,1,639.29,575449,1037595,-1.2117446015224589,0
2023-07-28 10:50:54,635.85,3418467,5,639.29,575673,1037119,-1.2195121951219547,0
2023-07-28 10:50:55,635.85,3418508,5,639.29,576073,1037252,-1.2195121951219547,0
2023-07-28 10:50:56,635.85,3419519,10,639.29,577553,1037510,-1.2195121951219547,0
2023-07-28 10:50:57,635.9,3419589,4,639.29,577591,1037819,-1.2117446015224589,0
2023-07-28 10:50:58,635.9,3419614,3,639.29,577620,1036843,-1.2117446015224589,0
2023-07-28 10:50:59,635.9,3419653,10,639.29,577784,1036824,-1.2117446015224589,0
2023-07-28 10:51:00,635.75,3419750,20,639.29,578187,1037140,-1.235047382320964,0
2023-07-28 10:51:00,635.9,3419750,1,639.29,578187,1037140,-1.2117446015224589,0
2023-07-28 10:51:00,635.8,3419750,1,639.29,578187,1037140,-1.2272797887214681,0
2023-07-28 10:51:01,635.8,3419753,1,639.29,580219,1036327,-1.2272797887214681,0
2023-07-28 10:51:02,635.85,3419755,2,639.29,581746,1036250,-1.2195121951219547,0
2023-07-28 10:51:04,635.85,3420056,1,639.29,581648,1036297,-1.2195121951219547,0
2023-07-28 10:51:04,635.85,3420056,10,639.29,581648,1036297,-1.2195121951219547,0
2023-07-28 10:51:05,635.7,3420499,30,639.29,580285,1036622,-1.2428149759204599,0
2023-07-28 10:51:05,635.7,3420674,20,639.29,580106,1036795,-1.2428149759204599,0
2023-07-28 10:51:07,635.05,3448038,150,639.26,537683,1042748,-1.3437936927140113,0
2023-07-28 10:51:07,635.1,3466679,75,639.24,534586,1033380,-1.3360260991144979,0
2023-07-28 10:51:08,635.2,3470659,10,639.23,536721,1035525,-1.3204909119154884,0
2023-07-28 10:51:10,635.05,3471956,15,639.23,537682,1038699,-1.3437936927140113,0
2023-07-28 10:51:10,635.05,3471956,20,639.23,537682,1038699,-1.3437936927140113,0
2023-07-28 10:51:11,635.2,3473569,15,639.23,537966,1036763,-1.3204909119154884,0
2023-07-28 10:51:12,635.2,3476076,1041,639.22,539820,1037405,-1.3204909119154884,0
2023-07-28 10:51:12,635.1,3476077,1,639.22,540276,1037640,-1.3360260991144979,0
2023-07-28 10:51:14,635.1,3476912,100,639.22,541635,1040771,-1.3360260991144979,0
2023-07-28 10:51:14,635.15,3476912,20,639.22,541635,1040771,-1.328258505515002,0
2023-07-28 10:51:15,635.15,3478367,200,639.22,542180,1038115,-1.328258505515002,0
2023-07-28 10:51:15,635.1,3478448,6,639.22,541998,1038928,-1.3360260991144979,0
2023-07-28 10:51:15,635.2,3478448,4,639.22,541998,1038928,-1.3204909119154884,0
2023-07-28 10:51:17,635.1,3478749,7,639.22,542120,1036265,-1.3360260991144979,0
2023-07-28 10:51:17,635.1,3478749,21,639.22,542120,1036465,-1.3360260991144979,0
2023-07-28 10:51:19,635.05,3479438,11,639.22,541345,1037498,-1.3437936927140113,0
2023-07-28 10:51:19,635.05,3479891,25,639.22,541169,1037345,-1.3437936927140113,0
2023-07-28 10:51:20,635.05,3480981,654,639.22,540277,1035534,-1.3437936927140113,0
2023-07-28 10:51:21,635.1,3481172,11,639.22,541847,1035403,-1.3360260991144979,0
2023-07-28 10:51:22,635.2,3481258,1,639.22,542337,1035255,-1.3204909119154884,0
2023-07-28 10:51:23,635.2,3481280,8,639.22,542387,1035352,-1.3204909119154884,0
2023-07-28 10:51:25,635.15,3481372,51,639.22,541765,1034845,-1.328258505515002,0
2023-07-28 10:51:25,635.2,3481372,50,639.22,541765,1034845,-1.3204909119154884,0
2023-07-28 10:51:25,635.2,3481582,50,639.22,541801,1034695,-1.3204909119154884,0
2023-07-28 10:51:25,635.2,3481582,2,639.22,541801,1034695,-1.3204909119154884,0
2023-07-28 10:51:28,635.2,3482376,1,639.22,540643,1034115,-1.3204909119154884,0
2023-07-28 10:51:28,635.2,3482376,50,639.22,540643,1034115,-1.3204909119154884,0
2023-07-28 10:51:29,635.15,3482431,1,639.22,540832,1034172,-1.328258505515002,0
2023-07-28 10:51:29,635.05,3482431,2,639.22,540832,1034172,-1.3437936927140113,0
2023-07-28 10:51:30,635.25,3484302,9,639.21,540170,1036425,-1.3127233183159928,0
2023-07-28 10:51:30,635.15,3484451,3,639.21,540307,1037093,-1.328258505515002,0
2023-07-28 10:51:30,635.05,3484451,12,639.21,540307,1037093,-1.3437936927140113,0
2023-07-28 10:51:33,635.2,3484823,29,639.21,540652,1037188,-1.3204909119154884,0
2023-07-28 10:51:33,635.05,3485878,45,639.21,541069,1037073,-1.3437936927140113,0
2023-07-28 10:51:35,635.2,3487464,34,639.21,541909,1036635,-1.3204909119154884,0
2023-07-28 10:51:36,635.15,3488664,29,639.21,545925,1035640,-1.328258505515002,0
2023-07-28 10:51:36,635.15,3488734,50,639.21,545975,1035663,-1.328258505515002,0
2023-07-28 10:51:36,635.1,3488734,13,639.21,545975,1035663,-1.3360260991144979,0
2023-07-28 10:51:38,635.15,3488766,10,639.21,546693,1036644,-1.328258505515002,0
2023-07-28 10:51:39,635.15,3489029,15,639.21,548273,1034159,-1.328258505515002,0
2023-07-28 10:51:39,635.15,3489030,1,639.21,548404,1034308,-1.328258505515002,0
2023-07-28 10:51:39,635.1,3489030,160,639.21,548404,1034308,-1.3360260991144979,0
2023-07-28 10:51:41,635.05,3490391,16,639.21,547704,1033468,-1.3437936927140113,0
2023-07-28 10:51:42,635.2,3490443,29,639.21,547522,1033040,-1.3204909119154884,0
2023-07-28 10:51:42,635.05,3490443,2,639.21,547522,1033040,-1.3437936927140113,0
2023-07-28 10:51:43,635.05,3490596,2,639.21,548007,1032797,-1.3437936927140113,0
2023-07-28 10:51:45,635.0,3491314,2,639.21,546897,1035164,-1.3515612863135071,0
2023-07-28 10:51:45,635.05,3493861,772,639.2,548561,1033036,-1.3437936927140113,0
2023-07-28 10:51:45,635.0,3493861,5,639.2,548561,1033036,-1.3515612863135071,0
2023-07-28 10:51:46,635.0,3497335,5,639.2,546537,1034357,-1.3515612863135071,0
2023-07-28 10:51:48,635.15,3497509,154,639.2,547399,1034190,-1.328258505515002,0
2023-07-28 10:51:49,635.1,3497784,146,639.2,544667,1034376,-1.3360260991144979,0
2023-07-28 10:51:49,635.1,3497784,5,639.2,544667,1034376,-1.3360260991144979,0
2023-07-28 10:51:49,635.1,3497864,5,639.2,545083,1034643,-1.3360260991144979,0
2023-07-28 10:51:49,635.1,3497864,297,639.2,545083,1034643,-1.3360260991144979,0
2023-07-28 10:51:51,635.1,3498460,100,639.2,544698,1034406,-1.3360260991144979,0
2023-07-28 10:51:51,635.2,3498470,10,639.2,546735,1034246,-1.3204909119154884,0
2023-07-28 10:51:52,635.15,3498492,15,639.2,546781,1034291,-1.328258505515002,0
2023-07-28 10:51:53,635.15,3498509,8,639.2,547412,1034349,-1.328258505515002,0
2023-07-28 10:51:54,635.0,3500412,317,639.2,544679,1035529,-1.3515612863135071,0
2023-07-28 10:51:55,635.1,3500567,25,639.2,544717,1036052,-1.3360260991144979,0
2023-07-28 10:51:56,635.2,3502012,116,639.19,545295,1034337,-1.3204909119154884,0
2023-07-28 10:51:57,635.15,3502445,5,639.19,546610,1032517,-1.328258505515002,0
2023-07-28 10:51:58,635.2,3505838,10,639.19,547751,1032717,-1.3204909119154884,0
2023-07-28 10:51:58,635.1,3505838,99,639.19,548044,1032917,-1.3360260991144979,0
2023-07-28 10:52:00,635.1,3507582,1,639.19,545298,1034893,-1.3360260991144979,0
2023-07-28 10:52:01,635.0,3507627,6,639.19,545542,1035876,-1.3515612863135071,0
2023-07-28 10:52:02,635.1,3508000,100,639.19,545145,1035274,-1.3360260991144979,0
2023-07-28 10:52:03,635.1,3508141,20,639.19,546174,1034093,-1.3360260991144979,0
2023-07-28 10:52:03,635.1,3508141,20,639.19,546174,1034093,-1.3360260991144979,0
2023-07-28 10:52:06,635.05,3512751,25,639.18,542954,1034535,-1.3437936927140113,0
2023-07-28 10:52:06,635.05,3512751,25,639.18,542954,1034535,-1.3437936927140113,0
2023-07-28 10:52:07,634.7,3562882,127,639.12,497215,1036813,-1.3981668479105172,0
2023-07-28 10:52:08,634.5,3568216,29,639.12,490851,1038741,-1.4292372223085357,0
2023-07-28 10:52:09,634.35,3574949,4,639.11,485196,1037973,-1.4525400031070408,0
2023-07-28 10:52:09,634.5,3574949,300,639.11,485196,1037973,-1.4292372223085357,0
2023-07-28 10:52:09,634.65,3574949,2,639.11,485196,1037973,-1.4059344415100308,0
2023-07-28 10:52:11,634.7,3577384,4,639.1,487743,1038275,-1.3981668479105172,0
2023-07-28 10:52:12,634.55,3577409,5,639.1,488509,1038849,-1.42146962870904,0
2023-07-28 10:52:12,634.7,3577409,1,639.1,488509,1038849,-1.3981668479105172,0
2023-07-28 10:52:13,634.5,3577441,1,639.1,487892,1038761,-1.4292372223085357,0
2023-07-28 10:52:15,634.8,3577630,34,639.1,487471,1036747,-1.3826316607115257,0
2023-07-28 10:52:16,634.7,3577732,1,639.1,487971,1036042,-1.3981668479105172,0
2023-07-28 10:52:16,634.7,3577732,50,639.1,487971,1036042,-1.3981668479105172,0
2023-07-28 10:52:17,634.8,3578946,30,639.1,488144,1035081,-1.3826316607115257,0
2023-07-28 10:52:17,634.6,3578946,240,639.1,488144,1035081,-1.4137020351095264,0
2023-07-28 10:52:18,634.65,3579311,60,639.1,487573,1035818,-1.4059344415100308,0
2023-07-28 10:52:19,634.55,3579946,197,639.1,489884,1033233,-1.42146962870904,0
2023-07-28 10:52:20,634.6,3580007,25,639.1,490278,1033377,-1.4137020351095264,0
2023-07-28 10:52:21,635.0,3580093,15,639.1,492479,1033797,-1.3515612863135071,0
2023-07-28 10:52:22,635.0,3580350,5,639.1,493671,1033176,-1.3515612863135071,0
2023-07-28 10:52:22,634.8,3580350,99,639.1,493671,1033176,-1.3826316607115257,0
2023-07-28 10:52:24,635.0,3580631,50,639.1,490066,1033315,-1.3515612863135071,0
2023-07-28 10:52:25,634.8,3580898,7,639.1,490712,1033470,-1.3826316607115257,0
2023-07-28 10:52:25,634.8,3580898,7,639.1,490712,1033470,-1.3826316607115257,0
2023-07-28 10:52:26,634.95,3581146,14,639.1,490908,1032270,-1.3593288799130028,0
2023-07-28 10:52:27,634.95,3581664,400,639.1,490673,1034249,-1.3593288799130028,0
2023-07-28 10:52:28,634.95,3582087,1,639.1,490093,1034361,-1.3593288799130028,0
2023-07-28 10:52:30,634.7,3582274,37,639.1,490869,1034266,-1.3981668479105172,0
2023-07-28 10:52:31,634.8,3582296,5,639.1,492246,1033568,-1.3826316607115257,0
2023-07-28 10:52:31,634.95,3582296,78,639.1,492246,1033568,-1.3593288799130028,0
2023-07-28 10:52:32,635.0,3582731,391,639.1,493556,1033428,-1.3515612863135071,0
2023-07-28 10:52:32,635.0,3583972,391,639.1,487609,1033238,-1.3515612863135071,0
2023-07-28 10:52:32,634.75,3583972,1,639.1,487609,1033238,-1.3903992543110215,0
2023-07-28 10:52:34,635.0,3584063,69,639.1,494828,1032911,-1.3515612863135071,0
2023-07-28 10:52:35,634.75,3584673,21,639.09,495108,1033115,-1.3903992543110215,0
2023-07-28 10:52:36,634.75,3585708,1,639.09,496232,1032408,-1.3903992543110215,0
2023-07-28 10:52:37,635.0,3585971,1,639.09,498021,1032650,-1.3515612863135071,0
2023-07-28 10:52:38,635.0,3586791,300,639.09,497992,1032194,-1.3515612863135071,0
2023-07-28 10:52:39,634.9,3586915,5,639.09,498311,1032205,-1.3670964735125164,0
2023-07-28 10:52:39,634.9,3586915,5,639.09,498311,1032205,-1.3670964735125164,0
2023-07-28 10:52:41,634.9,3587200,20,639.09,498534,1031839,-1.3670964735125164,0
2023-07-28 10:52:42,635.1,3587791,6,639.09,498765,1031132,-1.3360260991144979,0
2023-07-28 10:52:43,635.0,3587858,50,639.09,498916,1031491,-1.3515612863135071,0
2023-07-28 10:52:44,635.0,3587896,5,639.09,499193,1032236,-1.3515612863135071,0
2023-07-28 10:52:46,635.0,3587961,48,639.09,499629,1032423,-1.3515612863135071,0
2023-07-28 10:52:47,634.8,3588466,139,639.09,498847,1031664,-1.3826316607115257,0
2023-07-28 10:52:47,634.85,3588577,10,639.09,500446,1032075,-1.374864067112012,0
2023-07-28 10:52:47,634.85,3588587,10,639.09,501275,1032490,-1.374864067112012,0
2023-07-28 10:52:47,634.85,3588587,2,639.09,501275,1032490,-1.374864067112012,0
2023-07-28 10:52:49,635.0,3588604,5,639.09,500805,1031805,-1.3515612863135071,0
2023-07-28 10:52:50,634.95,3588739,5,639.09,501234,1031697,-1.3593288799130028,0
2023-07-28 10:52:51,635.1,3589747,12,639.09,501072,1030959,-1.3360260991144979,0
2023-07-28 10:52:51,635.0,3589747,90,639.09,501072,1030959,-1.3515612863135071,0
2023-07-28 10:52:52,635.0,3589912,25,639.09,502223,1031050,-1.3515612863135071,0
2023-07-28 10:52:54,634.95,3590016,50,639.09,502451,1035473,-1.3593288799130028,0
2023-07-28 10:52:55,634.95,3590139,1,639.09,502588,1035177,-1.3593288799130028,0
2023-07-28 10:52:55,634.95,3590139,1,639.09,502588,1035177,-1.3593288799130028,0
2023-07-28 10:52:56,635.0,3590151,1,639.09,502859,1035301,-1.3515612863135071,0
2023-07-28 10:52:56,635.0,3590151,20,639.09,502859,1035301,-1.3515612863135071,0
2023-07-28 10:52:56,635.0,3590171,20,639.09,502937,1035599,-1.3515612863135071,0
2023-07-28 10:52:56,635.2,3590171,1,639.09,502937,1035599,-1.3204909119154884,0
2023-07-28 10:52:58,635.05,3590528,46,639.09,504555,1034776,-1.3437936927140113,0
2023-07-28 10:52:58,635.05,3590687,10,639.09,501543,1037986,-1.3437936927140113,0
2023-07-28 10:52:59,635.05,3590747,2,639.09,502485,1038224,-1.3437936927140113,0
2023-07-28 10:52:59,634.9,3590747,500,639.09,502485,1038224,-1.3670964735125164,0
2023-07-28 10:53:01,634.8,3592939,10,639.09,500610,1038928,-1.3826316607115257,0
2023-07-28 10:53:01,634.85,3592939,1,639.09,500610,1038928,-1.374864067112012,0
2023-07-28 10:53:02,634.85,3594045,15,639.08,501658,1038131,-1.374864067112012,0
2023-07-28 10:53:03,634.85,3594495,6,639.08,502278,1042887,-1.374864067112012,0
2023-07-28 10:53:03,634.85,3594495,6,639.08,502278,1042887,-1.374864067112012,0
2023-07-28 10:53:04,634.9,3594666,40,639.08,504455,1045503,-1.3670964735125164,0
2023-07-28 10:53:06,634.7,3594878,1,639.08,504545,1046493,-1.3981668479105172,0
2023-07-28 10:53:06,634.7,3594880,1,639.08,504723,1046342,-1.3981668479105172,0
2023-07-28 10:53:07,634.95,3594919,15,639.08,504482,1047003,-1.3593288799130028,0
2023-07-28 10:53:09,634.65,3594921,1,639.08,504725,1045046,-1.4059344415100308,0
2023-07-28 10:53:10,634.95,3595148,106,639.08,504567,1039591,-1.3593288799130028,0
2023-07-28 10:53:10,634.65,3595148,26,639.08,504567,1039591,-1.4059344415100308,0
2023-07-28 10:53:10,634.65,3595798,26,639.08,503638,1047548,-1.4059344415100308,0
2023-07-28 10:53:11,634.9,3595806,8,639.08,504873,1047544,-1.3670964735125164,0
2023-07-28 10:53:13,634.7,3595818,10,639.08,504955,1047378,-1.3981668479105172,0
2023-07-28 10:53:15,634.95,3595934,3,639.08,504909,1045611,-1.3593288799130028,0
2023-07-28 10:53:16,634.8,3596080,25,639.08,494600,1038544,-1.3826316607115257,0
2023-07-28 10:53:16,634.9,3596080,5,639.08,494600,1038544,-1.3670964735125164,0
2023-07-28 10:53:17,634.7,3596175,2,639.08,504940,1047578,-1.3981668479105172,0
2023-07-28 10:53:18,634.7,3597697,355,639.08,506145,1047965,-1.3981668479105172,0
2023-07-28 10:53:19,634.7,3597702,5,639.08,506041,1047173,-1.3981668479105172,0
2023-07-28 10:53:21,634.75,3597818,10,639.08,506015,1046377,-1.3903992543110215,0
2023-07-28 10:53:21,634.75,3597818,10,639.08,506015,1046377,-1.3903992543110215,0
2023-07-28 10:53:21,634.7,3597818,5,639.08,506015,1046377,-1.3981668479105172,0
2023-07-28 10:53:21,634.7,3597850,5,639.08,506252,1046577,-1.3981668479105172,0
2023-07-28 10:53:21,634.8,3597850,250,639.08,506252,1046577,-1.3826316607115257,0
2023-07-28 10:53:23,634.85,3598201,1,639.08,507660,1045981,-1.374864067112012,0
2023-07-28 10:53:24,634.9,3598411,1,639.08,507451,1046765,-1.3670964735125164,0
2023-07-28 10:53:24,634.9,3598411,1,639.08,507451,1046765,-1.3670964735125164,0
2023-07-28 10:53:25,634.9,3599095,2,639.08,506698,1048139,-1.3670964735125164,0
2023-07-28 10:53:25,634.9,3599095,2,639.08,506698,1048139,-1.3670964735125164,0
2023-07-28 10:53:26,634.9,3599111,3,639.08,506954,1049292,-1.3670964735125164,0
2023-07-28 10:53:27,634.9,3599144,2,639.08,507050,1049275,-1.3670964735125164,0
2023-07-28 10:53:27,634.95,3599144,30,639.08,507050,1049275,-1.3593288799130028,0
2023-07-28 10:53:29,634.75,3599181,1,639.08,507002,1049111,-1.3903992543110215,0
2023-07-28 10:53:29,634.85,3599181,1,639.08,507002,1049111,-1.374864067112012,0
2023-07-28 10:53:29,634.85,3599182,1,639.08,507172,1048096,-1.374864067112012,0
2023-07-28 10:53:31,635.0,3599418,30,639.08,507868,1048469,-1.3515612863135071,0
2023-07-28 10:53:31,634.8,3599418,106,639.08,507868,1048469,-1.3826316607115257,0
2023-07-28 10:53:32,634.85,3599775,2,639.08,498490,1050556,-1.374864067112012,0
2023-07-28 10:53:33,634.85,3600290,16,639.08,506007,1047573,-1.374864067112012,0
2023-07-28 10:53:33,634.85,3600290,10,639.08,506007,1047573,-1.374864067112012,0
2023-07-28 10:53:34,634.7,3600377,1,639.08,506183,1046443,-1.3981668479105172,0
2023-07-28 10:53:35,634.7,3603520,90,639.07,501830,1045804,-1.3981668479105172,0
2023-07-28 10:53:36,634.65,3604345,3,639.07,500385,1048575,-1.4059344415100308,0
2023-07-28 10:53:36,634.65,3604345,10,639.07,500385,1048575,-1.4059344415100308,0
2023-07-28 10:53:38,634.6,3606592,20,639.07,498282,1048007,-1.4137020351095264,0
2023-07-28 10:53:38,634.6,3606592,20,639.07,498282,1048007,-1.4137020351095264,0
2023-07-28 10:53:39,634.55,3606808,10,639.07,497993,1048030,-1.42146962870904,0
2023-07-28 10:53:39,634.35,3606808,10,639.07,497993,1048030,-1.4525400031070408,0
2023-07-28 10:53:40,634.5,3613518,10,639.06,497131,1045470,-1.4292372223085357,0
2023-07-28 10:53:41,634.5,3613657,3,639.06,497729,1048333,-1.4292372223085357,0
2023-07-28 10:53:42,634.35,3613872,1,639.06,499224,1046867,-1.4525400031070408,0
2023-07-28 10:53:42,634.35,3613872,1,639.06,499224,1046867,-1.4525400031070408,0
2023-07-28 10:53:43,634.5,3614874,4,639.06,498608,1045571,-1.4292372223085357,0
2023-07-28 10:53:44,634.35,3616111,65,639.06,490741,1045578,-1.4525400031070408,0
2023-07-28 10:53:45,634.5,3616219,5,639.06,497806,1045612,-1.4292372223085357,0
2023-07-28 10:53:45,634.45,3616219,50,639.06,497806,1045612,-1.4370048159080315,0
2023-07-28 10:53:47,634.5,3616974,100,639.06,498625,1044997,-1.4292372223085357,0
2023-07-28 10:53:48,634.35,3616989,2,639.06,498016,1045370,-1.4525400031070408,0
2023-07-28 10:53:48,634.5,3616989,2,639.06,498016,1045370,-1.4292372223085357,0
2023-07-28 10:53:48,634.4,3617194,5,639.06,499034,1045443,-1.4447724095075452,0
2023-07-28 10:53:50,634.5,3617707,179,639.05,499563,1044530,-1.4292372223085357,0
2023-07-28 10:53:50,634.5,3617707,2,639.05,499563,1044530,-1.4292372223085357,0
2023-07-28 10:53:51,634.35,3618526,50,639.05,493322,1046699,-1.4525400031070408,0
2023-07-28 10:53:51,634.35,3618526,40,639.05,493322,1046699,-1.4525400031070408,0
2023-07-28 10:53:52,634.5,3620530,500,639.05,498713,1044887,-1.4292372223085357,0
2023-07-28 10:53:53,634.35,3620917,1,639.05,497501,1046787,-1.4525400031070408,0
2023-07-28 10:53:53,634.2,3620917,20,639.05,497501,1046787,-1.475842783905546,0
2023-07-28 10:53:55,634.05,3625070,5,639.05,488834,1046644,-1.4991455647040688,0
2023-07-28 10:53:56,634.2,3628404,1,639.04,491077,1045733,-1.475842783905546,0
2023-07-28 10:53:56,634.0,3628404,7,639.04,491077,1045733,-1.5069131583035644,0
2023-07-28 10:53:57,633.9,3659756,73,639.0,450463,1043852,-1.5224483455025737,0
2023-07-28 10:53:57,634.0,3659756,182,639.0,450463,1043852,-1.5069131583035644,0
2023-07-28 10:53:58,633.95,3661240,127,638.99,470760,1043243,-1.5146807519030603,0
2023-07-28 10:53:59,633.9,3661961,2,638.99,470962,1044592,-1.5224483455025737,0
2023-07-28 10:54:01,634.1,3662686,10,638.99,471580,1042591,-1.4913779711045552,0
2023-07-28 10:54:02,634.15,3662836,10,638.99,471654,1043089,-1.4836103775050595,0
2023-07-28 10:54:02,634.15,3662836,1,638.99,471654,1043089,-1.4836103775050595,0
2023-07-28 10:54:03,634.35,3663509,2,638.99,471823,1043452,-1.4525400031070408,0
2023-07-28 10:54:03,634.35,3663509,1,638.99,471823,1043452,-1.4525400031070408,0
2023-07-28 10:54:04,634.2,3663625,1,638.99,473179,1043793,-1.475842783905546,0
2023-07-28 10:54:04,634.35,3663675,1,638.99,472704,1045211,-1.4525400031070408,0
2023-07-28 10:54:05,634.4,3663982,15,638.99,474562,1046667,-1.4447724095075452,0
2023-07-28 10:54:06,634.15,3664222,20,638.99,473120,1045811,-1.4836103775050595,0
2023-07-28 10:54:06,634.45,3664222,19,638.99,473120,1045811,-1.4370048159080315,0
2023-07-28 10:54:08,634.5,3664717,5,638.99,476164,1046594,-1.4292372223085357,0
2023-07-28 10:54:09,634.35,3664862,1,638.99,477087,1046349,-1.4525400031070408,0
2023-07-28 10:54:09,634.3,3664862,65,638.99,477087,1046349,-1.4603075967065544,0
2023-07-28 10:54:10,634.2,3665395,2,638.99,476906,1045427,-1.475842783905546,0
2023-07-28 10:54:10,634.2,3665395,2,638.99,477595,1045512,-1.475842783905546,0
2023-07-28 10:54:11,634.35,3665951,5,638.99,477857,1045440,-1.4525400031070408,0
2023-07-28 10:54:12,634.2,3667111,48,638.99,479050,1044310,-1.475842783905546,0
2023-07-28 10:54:12,634.5,3667111,1,638.99,479050,1044310,-1.4292372223085357,0
2023-07-28 10:54:13,634.5,3667120,1,638.99,478178,1044954,-1.4292372223085357,0
2023-07-28 10:54:15,634.5,3668588,34,638.99,479955,1042949,-1.4292372223085357,0
2023-07-28 10:54:15,634.65,3668588,6,638.99,479955,1042949,-1.4059344415100308,0
2023-07-28 10:54:16,634.7,3670108,3,638.98,483660,1042133,-1.3981668479105172,0
2023-07-28 10:54:16,634.6,3670108,10,638.98,483660,1042133,-1.4137020351095264,0
2023-07-28 10:54:17,634.6,3670330,10,638.98,483317,1043956,-1.4137020351095264,0
2023-07-28 10:54:17,634.5,3670330,10,638.98,483317,1043956,-1.4292372223085357,0
2023-07-28 10:54:19,634.5,3670390,50,638.98,483203,1043894,-1.4292372223085357,0
2023-07-28 10:54:19,634.55,3670390,7,638.98,483203,1043894,-1.42146962870904,0
2023-07-28 10:54:21,634.25,3677577,40,638.97,482666,1050076,-1.46807519030605,0
2023-07-28 10:54:21,634.25,3677577,1,638.97,482666,1050076,-1.46807519030605,0
2023-07-28 10:54:23,634.25,3677679,36,638.97,482648,1050684,-1.46807519030605,0
2023-07-28 10:54:24,634.35,3677790,1,638.97,482529,1049964,-1.4525400031070408,0
2023-07-28 10:54:25,634.4,3678046,1,638.97,482849,1050369,-1.4447724095075452,0
2023-07-28 10:54:25,634.2,3678046,15,638.97,482849,1050369,-1.475842783905546,0
2023-07-28 10:54:26,634.35,3678075,1,638.97,483552,1051789,-1.4525400031070408,0
2023-07-28 10:54:26,634.35,3678075,1,638.97,483552,1051789,-1.4525400031070408,0
2023-07-28 10:54:27,634.45,3678684,6,638.97,483692,1051484,-1.4370048159080315,0
2023-07-28 10:54:27,634.25,3678684,10,638.97,483692,1051484,-1.46807519030605,0
2023-07-28 10:54:28,634.45,3678727,1,638.97,482174,1052266,-1.4370048159080315,0
2023-07-28 10:54:29,634.15,3679427,8,638.97,479226,1052596,-1.4836103775050595,0
2023-07-28 10:54:30,634.15,3679836,17,638.97,478538,1053040,-1.4836103775050595,0
2023-07-28 10:54:30,634.2,3679836,1,638.97,478538,1053040,-1.475842783905546,0
2023-07-28 10:54:31,634.0,3682883,443,638.97,467012,1053032,-1.5069131583035644,0
2023-07-28 10:54:33,634.0,3682938,49,638.97,476483,1051096,-1.5069131583035644,0
2023-07-28 10:54:34,634.05,3683707,1,638.97,475789,1051951,-1.4991455647040688,0
2023-07-28 10:54:34,634.05,3683707,50,638.97,475789,1051951,-1.4991455647040688,0
2023-07-28 10:54:35,634.1,3683911,50,638.97,476496,1051214,-1.4913779711045552,0
2023-07-28 10:54:36,633.9,3684147,44,638.97,477196,1052804,-1.5224483455025737,0
2023-07-28 10:54:36,634.0,3684147,2,638.97,477196,1052804,-1.5069131583035644,0
2023-07-28 10:54:36,634.0,3684169,5,638.96,477746,1052586,-1.5069131583035644,0
2023-07-28 10:54:38,634.1,3684579,39,638.96,476143,1052394,-1.4913779711045552,0
2023-07-28 10:54:38,634.0,3684599,3,638.96,477139,1051943,-1.5069131583035644,0
2023-07-28 10:54:39,634.1,3684732,100,638.96,477483,1052267,-1.4913779711045552,0
2023-07-28 10:54:39,634.0,3684732,14,638.96,477483,1052267,-1.5069131583035644,0
2023-07-28 10:54:40,634.0,3684762,14,638.96,477620,1052938,-1.5069131583035644,0
2023-07-28 10:54:42,634.05,3684986,33,638.96,474616,1053539,-1.4991455647040688,0
2023-07-28 10:54:42,634.0,3684986,8,638.96,474616,1053539,-1.5069131583035644,0
2023-07-28 10:54:43,634.1,3685337,10,638.96,480047,1050760,-1.4913779711045552,0
2023-07-28 10:54:44,634.0,3685378,1,638.96,480106,1050666,-1.5069131583035644,0
2023-07-28 10:54:44,634.0,3685378,100,638.96,480106,1050666,-1.5069131583035644,0
2023-07-28 10:54:45,634.0,3687216,20,638.96,479942,1050049,-1.5069131583035644,0
2023-07-28 10:54:46,634.0,3687519,2,638.96,478186,1052818,-1.5069131583035644,0
2023-07-28 10:54:47,634.0,3688937,6,638.96,477427,1053071,-1.5069131583035644,0
2023-07-28 10:54:47,633.65,3688937,24,638.96,477427,1053071,-1.561286313500088,0
2023-07-28 10:54:49,633.7,3690363,1,638.96,473947,1053167,-1.5535187199005747,0
2023-07-28 10:54:50,633.7,3691393,1,638.96,474204,1053820,-1.5535187199005747,0
2023-07-28 10:54:50,633.85,3691393,25,638.96,474204,1053820,-1.5302159391020695,0
2023-07-28 10:54:50,633.9,3691393,31,638.96,474204,1053820,-1.5224483455025737,0
2023-07-28 10:54:52,633.9,3693219,65,638.95,476750,1054055,-1.5224483455025737,0
2023-07-28 10:54:52,633.7,3693219,20,638.95,476750,1054055,-1.5535187199005747,0
2023-07-28 10:54:53,633.9,3693428,5,638.95,477647,1054262,-1.5224483455025737,0
2023-07-28 10:54:54,633.8,3693801,165,638.95,476886,1053247,-1.5379835327015832,0
2023-07-28 10:54:55,633.8,3693960,25,638.95,476139,1056249,-1.5379835327015832,0
2023-07-28 10:54:55,633.8,3693960,81,638.95,476139,1056249,-1.5379835327015832,0
2023-07-28 10:54:55,633.8,3693960,50,638.95,476139,1056249,-1.5379835327015832,0
2023-07-28 10:54:58,633.6,3694800,310,638.95,474102,1059246,-1.569053907099584,0
2023-07-28 10:54:59,633.75,3696621,99,638.95,478672,1057914,-1.5457511263010788,0
2023-07-28 10:55:00,633.55,3696867,37,638.95,477732,1057666,-1.5768215006990975,0
2023-07-28 10:55:02,633.5,3701579,3,638.94,474555,1058568,-1.5845890942985932,0
2023-07-28 10:55:02,633.7,3702415,92,638.94,473817,1059536,-1.5535187199005747,0
2023-07-28 10:55:03,633.65,3703029,10,638.94,475661,1058039,-1.561286313500088,0
2023-07-28 10:55:03,633.5,3703029,162,638.94,475661,1058039,-1.5845890942985932,0
2023-07-28 10:55:05,633.35,3705235,8,638.94,472233,1060108,-1.6078918750970983,0
2023-07-28 10:55:06,633.6,3708877,6,638.93,474502,1057202,-1.569053907099584,0
2023-07-28 10:55:06,633.6,3708877,50,638.93,474502,1057202,-1.569053907099584,0
2023-07-28 10:55:07,633.55,3709253,2,638.93,474319,1057393,-1.5768215006990975,0
2023-07-28 10:55:07,633.5,3709253,78,638.93,474319,1057393,-1.5845890942985932,0
2023-07-28 10:55:08,633.3,3709792,91,638.93,474967,1055360,-1.6156594686966117,0
2023-07-28 10:55:09,633.55,3711047,164,638.93,476659,1054658,-1.5768215006990975,0
2023-07-28 10:55:09,633.55,3711047,134,638.93,476659,1054658,-1.5768215006990975,0
2023-07-28 10:55:10,633.7,3711524,1,638.93,477037,1056576,-1.5535187199005747,0
2023-07-28 10:55:11,633.7,3711530,100,638.93,475894,1057176,-1.5535187199005747,0
2023-07-28 10:55:12,633.5,3712019,113,638.93,476709,1057119,-1.5845890942985932,0
2023-07-28 10:55:13,633.45,3712210,20,638.92,477151,1057803,-1.592356687898089,0
2023-07-28 10:55:14,633.45,3712309,4,638.92,478610,1057061,-1.592356687898089,0
2023-07-28 10:55:15,633.75,3712549,37,638.92,479331,1058155,-1.5457511263010788,0
2023-07-28 10:55:15,633.7,3712549,10,638.92,479331,1058155,-1.5535187199005747,0
2023-07-28 10:55:17,633.65,3713442,5,638.92,479114,1057051,-1.561286313500088,0
2023-07-28 10:55:17,633.45,3713442,20,638.92,479114,1057051,-1.592356687898089,0
2023-07-28 10:55:18,633.7,3713781,78,638.92,481477,1056166,-1.5535187199005747,0
2023-07-28 10:55:18,633.2,3713781,1,638.92,481477,1056166,-1.6311946558956034,0
2023-07-28 10:55:19,633.05,3720379,1,638.91,456284,1062398,-1.654497436694126,0
2023-07-28 10:55:20,633.05,3726974,10,638.9,461742,1058629,-1.654497436694126,0
2023-07-28 10:55:20,632.8,3726974,58,638.9,461742,1058629,-1.6933354046916405,0
2023-07-28 10:55:20,632.55,3726974,26,638.9,461742,1058629,-1.7321733726891548,0
2023-07-28 10:55:22,632.55,3739460,70,638.88,456897,1062030,-1.7321733726891548,0
2023-07-28 10:55:23,632.5,3741094,14,638.88,458931,1058004,-1.7399409662886507,0
2023-07-28 10:55:24,632.95,3745996,78,638.87,461557,1056248,-1.6700326238931178,0
2023-07-28 10:55:24,632.8,3745996,50,638.87,461557,1056248,-1.6933354046916405,0
2023-07-28 10:55:25,633.0,3746236,14,638.87,459997,1056424,-1.662265030293622,0
2023-07-28 10:55:26,632.8,3746425,144,638.87,461647,1056490,-1.6933354046916405,0
2023-07-28 10:55:26,632.8,3746425,144,638.87,461647,1056490,-1.6933354046916405,0
2023-07-28 10:55:27,632.9,3746511,1,638.87,461541,1057770,-1.6778002174926312,0
2023-07-28 10:55:28,632.8,3747495,200,638.87,445783,1058663,-1.6933354046916405,0
2023-07-28 10:55:30,632.8,3747545,1,638.87,446680,1058395,-1.6933354046916405,0
2023-07-28 10:55:30,632.8,3748137,4,638.87,446149,1058380,-1.6933354046916405,0
2023-07-28 10:55:31,632.55,3749091,29,638.87,445799,1058432,-1.7321733726891548,0
2023-07-28 10:55:33,632.8,3749644,1,638.86,446616,1058634,-1.6933354046916405,0
2023-07-28 10:55:33,632.55,3749644,6,638.86,446616,1058634,-1.7321733726891548,0
2023-07-28 10:55:34,632.45,3749861,22,638.86,458537,1060531,-1.7477085598881466,0
2023-07-28 10:55:35,632.65,3754349,70,638.86,459230,1060509,-1.7166381854901456,0
2023-07-28 10:55:35,632.65,3754349,1,638.86,459230,1060509,-1.7166381854901456,0
2023-07-28 10:55:36,632.65,3754392,5,638.86,460798,1059904,-1.7166381854901456,0
2023-07-28 10:55:36,632.5,3754392,15,638.86,460798,1059904,-1.7399409662886507,0
2023-07-28 10:55:37,632.8,3756241,80,638.85,461379,1060238,-1.6933354046916405,0
2023-07-28 10:55:38,632.7,3757893,50,638.85,467991,1055349,-1.7088705918906322,0
2023-07-28 10:55:40,632.8,3758383,200,638.85,467591,1057895,-1.6933354046916405,0
2023-07-28 10:55:40,632.95,3758383,250,638.85,467591,1057895,-1.6700326238931178,0
2023-07-28 10:55:41,632.85,3767112,9,638.84,464355,1058727,-1.685567811092127,0
2023-07-28 10:55:41,632.9,3767112,10,638.84,464355,1058727,-1.6778002174926312,0
2023-07-28 10:55:42,632.95,3770143,1,638.83,465620,1056718,-1.6700326238931178,0
2023-07-28 10:55:42,632.65,3770143,3,638.83,465620,1056718,-1.7166381854901456,0
2023-07-28 10:55:43,632.7,3770246,4,638.83,465901,1059291,-1.7088705918906322,0
2023-07-28 10:55:44,632.75,3770383,110,638.83,466836,1058927,-1.7011029982911363,0
2023-07-28 10:55:45,632.75,3771918,1,638.83,467547,1057354,-1.7011029982911363,0
2023-07-28 10:55:46,632.7,3772554,1,638.83,466404,1058934,-1.7088705918906322,0
2023-07-28 10:55:48,632.85,3773190,30,638.83,468157,1058463,-1.685567811092127,0
2023-07-28 10:55:48,632.6,3773190,37,638.83,468157,1058463,-1.7244057790896414,0
2023-07-28 10:55:49,632.9,3773940,1,638.82,469646,1060197,-1.6778002174926312,0
2023-07-28 10:55:49,632.9,3775501,1,638.82,471976,1057304,-1.6778002174926312,0
2023-07-28 10:55:49,632.85,3775501,50,638.82,471976,1057304,-1.685567811092127,0
2023-07-28 10:55:51,632.75,3775825,50,638.82,471867,1058940,-1.7011029982911363,0
2023-07-28 10:55:51,632.75,3775889,30,638.82,472422,1057940,-1.7011029982911363,0
2023-07-28 10:55:53,632.65,3778386,4,638.82,468618,1060384,-1.7166381854901456,0
2023-07-28 10:55:54,632.55,3778779,1,638.82,469172,1059696,-1.7321733726891548,0
2023-07-28 10:55:54,632.5,3778779,117,638.82,469172,1059696,-1.7399409662886507,0
2023-07-28 10:55:55,632.5,3781915,101,638.81,468947,1056148,-1.7399409662886507,0
2023-07-28 10:55:56,632.7,3782488,78,638.81,469425,1055742,-1.7088705918906322,0
2023-07-28 10:55:56,632.35,3782488,31,638.81,469425,1055742,-1.7632437470871558,0
2023-07-28 10:55:57,632.3,3785108,16,638.81,467085,1060105,-1.7710113406866692,0
2023-07-28 10:55:57,632.55,3785108,1,638.81,467085,1060105,-1.7321733726891548,0
2023-07-28 10:55:59,632.55,3785368,1,638.81,467314,1061073,-1.7321733726891548,0
2023-07-28 10:56:00,632.55,3785596,10,638.81,469002,1060768,-1.7321733726891548,0
2023-07-28 10:56:00,632.55,3785596,25,638.81,469002,1060768,-1.7321733726891548,0
2023-07-28 10:56:00,632.55,3787464,5,638.8,468996,1057913,-1.7321733726891548,0
2023-07-28 10:56:02,632.85,3788284,1,638.8,469822,1056685,-1.685567811092127,0
2023-07-28 10:56:03,632.85,3788373,2,638.8,471127,1055275,-1.685567811092127,0
2023-07-28 10:56:03,632.85,3788386,6,638.8,464772,1056802,-1.685567811092127,0
2023-07-28 10:56:04,632.85,3788984,10,638.8,471733,1056691,-1.685567811092127,0
2023-07-28 10:56:05,632.7,3789119,1,638.8,472149,1056161,-1.7088705918906322,0
2023-07-28 10:56:07,633.0,3789965,5,638.8,473274,1056355,-1.662265030293622,0
2023-07-28 10:56:07,632.95,3789965,10,638.8,473274,1056355,-1.6700326238931178,0
2023-07-28 10:56:08,632.85,3790041,10,638.8,473741,1055666,-1.685567811092127,0
2023-07-28 10:56:08,632.85,3790041,10,638.8,473741,1055666,-1.685567811092127,0
2023-07-28 10:56:09,632.7,3791841,5,638.8,472796,1053380,-1.7088705918906322,0
2023-07-28 10:56:09,632.7,3791841,5,638.8,472796,1053380,-1.7088705918906322,0
2023-07-28 10:56:10,632.9,3792273,15,638.79,472053,1055159,-1.6778002174926312,0
2023-07-28 10:56:11,632.95,3792547,200,638.79,473595,1057221,-1.6700326238931178,0
2023-07-28 10:56:11,633.0,3792547,1,638.79,473595,1057221,-1.662265030293622,0
2023-07-28 10:56:13,632.6,3793418,99,638.79,473935,1059361,-1.7244057790896414,0
2023-07-28 10:56:13,632.7,3793418,1,638.79,473935,1059361,-1.7088705918906322,0
2023-07-28 10:56:15,632.75,3797245,34,638.79,475069,1058860,-1.7011029982911363,0
2023-07-28 10:56:15,632.85,3797245,256,638.79,475069,1058860,-1.685567811092127,0
2023-07-28 10:56:16,633.0,3799551,212,638.78,477749,1051851,-1.662265030293622,0
2023-07-28 10:56:17,633.05,3802569,100,638.78,476408,1055387,-1.654497436694126,0
2023-07-28 10:56:18,632.95,3803578,88,638.78,478375,1053640,-1.6700326238931178,0
2023-07-28 10:56:18,632.95,3803578,88,638.78,478375,1053640,-1.6700326238931178,0
2023-07-28 10:56:18,632.95,3803578,5,638.78,478375,1053640,-1.6700326238931178,0
2023-07-28 10:56:20,632.85,3804332,1,638.78,477164,1056925,-1.685567811092127,0
2023-07-28 10:56:20,632.85,3804332,1,638.78,477164,1056925,-1.685567811092127,0
2023-07-28 10:56:21,632.85,3804749,17,638.78,478419,1055992,-1.685567811092127,0
2023-07-28 10:56:21,633.05,3804749,392,638.78,478419,1055992,-1.654497436694126,0
2023-07-28 10:56:23,633.05,3805352,10,638.77,478498,1055607,-1.654497436694126,0
2023-07-28 10:56:23,632.8,3805352,13,638.77,478498,1055607,-1.6933354046916405,0
2023-07-28 10:56:24,633.1,3806255,200,638.77,480460,1054504,-1.6467298430946127,0
2023-07-28 10:56:24,633.1,3806255,200,638.77,480460,1054504,-1.6467298430946127,0
2023-07-28 10:56:25,632.8,3806632,2,638.77,480334,1056951,-1.6933354046916405,0
2023-07-28 10:56:25,632.8,3806632,2,638.77,480334,1056951,-1.6933354046916405,0
2023-07-28 10:56:26,633.05,3806933,1,638.77,480168,1056744,-1.654497436694126,0
2023-07-28 10:56:26,632.8,3806933,31,638.77,480168,1056744,-1.6933354046916405,0
2023-07-28 10:56:28,632.95,3807630,75,638.77,483333,1057896,-1.6700326238931178,0
2023-07-28 10:56:29,632.95,3807831,1,638.77,482828,1060607,-1.6700326238931178,0
2023-07-28 10:56:29,633.0,3807831,350,638.77,482828,1060607,-1.662265030293622,0
2023-07-28 10:56:30,633.0,3809208,2,638.77,483492,1060406,-1.662265030293622,0
2023-07-28 10:56:30,633.0,3810212,2,638.77,481612,1059096,-1.662265030293622,0
2023-07-28 10:56:30,633.0,3810212,10,638.77,481612,1059096,-1.662265030293622,0
2023-07-28 10:56:31,633.0,3810258,3,638.77,481709,1059165,-1.662265030293622,0
2023-07-28 10:56:33,633.0,3810368,100,638.77,481642,1058028,-1.662265030293622,0
2023-07-28 10:56:33,633.0,3810368,25,638.77,481642,1058028,-1.662265030293622,0
2023-07-28 10:56:34,632.95,3810606,3,638.77,482711,1060197,-1.6700326238931178,0
2023-07-28 10:56:35,632.9,3811415,1,638.77,483047,1059276,-1.6778002174926312,0
2023-07-28 10:56:36,633.05,3811457,30,638.77,483652,1059437,-1.654497436694126,0
2023-07-28 10:56:36,633.05,3811457,30,638.77,483652,1059437,-1.654497436694126,0
2023-07-28 10:56:37,633.05,3811462,5,638.77,483910,1060365,-1.654497436694126,0
2023-07-28 10:56:38,633.05,3811465,1,638.77,484078,1060626,-1.654497436694126,0
2023-07-28 10:56:39,633.2,3812286,5,638.76,484115,1060419,-1.6311946558956034,0
2023-07-28 10:56:39,633.2,3812286,2,638.76,484115,1060419,-1.6311946558956034,0
2023-07-28 10:56:40,633.0,3812923,16,638.76,483414,1057411,-1.662265030293622,0
2023-07-28 10:56:41,632.65,3819683,1,638.75,481547,1067437,-1.7166381854901456,0
2023-07-28 10:56:42,632.85,3820294,250,638.75,478001,1068785,-1.685567811092127,0
2023-07-28 10:56:43,632.85,3820667,30,638.75,481505,1068224,-1.685567811092127,0
2023-07-28 10:56:45,632.7,3821320,100,638.75,480570,1067791,-1.7088705918906322,0
2023-07-28 10:56:45,632.7,3821386,61,638.75,481128,1066341,-1.7088705918906322,0
2023-07-28 10:56:46,632.6,3823259,153,638.75,480777,1068260,-1.7244057790896414,0
2023-07-28 10:56:47,632.6,3824143,100,638.75,480963,1067528,-1.7244057790896414,0
2023-07-28 10:56:49,632.55,3824198,1,638.75,481258,1074655,-1.7321733726891548,0
2023-07-28 10:56:50,632.55,3826324,100,638.74,478515,1075064,-1.7321733726891548,0
2023-07-28 10:56:50,632.5,3826324,200,638.74,478515,1075064,-1.7399409662886507,0
2023-07-28 10:56:51,632.5,3833158,5,638.73,477337,1076942,-1.7399409662886507,0
2023-07-28 10:56:51,632.5,3833158,3,638.73,477337,1076942,-1.7399409662886507,0
2023-07-28 10:56:52,632.5,3834937,1503,638.73,479275,1078484,-1.7399409662886507,0
2023-07-28 10:56:52,632.85,3834937,85,638.73,479275,1078484,-1.685567811092127,0
2023-07-28 10:56:53,632.6,3835256,63,638.73,480725,1077084,-1.7244057790896414,0
2023-07-28 10:56:54,633.1,3835908,1,638.73,482061,1074967,-1.6467298430946127,0
2023-07-28 10:56:54,632.85,3835908,5,638.73,482061,1074967,-1.685567811092127,0
2023-07-28 10:56:55,633.1,3836563,31,638.73,480513,1075653,-1.6467298430946127,0
2023-07-28 10:56:56,633.05,3837036,1,638.72,479905,1075789,-1.654497436694126,0
2023-07-28 10:56:57,633.1,3838046,1,638.72,480352,1075658,-1.6467298430946127,0
2023-07-28 10:56:58,633.2,3838350,2,638.72,482594,1075835,-1.6311946558956034,0
2023-07-28 10:57:00,633.1,3838553,50,638.72,480784,1078485,-1.6467298430946127,0
2023-07-28 10:57:00,633.1,3838553,10,638.72,480784,1078485,-1.6467298430946127,0
2023-07-28 10:57:01,633.1,3838583,10,638.72,483296,1079445,-1.6467298430946127,0
2023-07-28 10:57:02,633.05,3838843,1,638.72,483274,1080516,-1.654497436694126,0
2023-07-28 10:57:03,632.95,3840457,10,638.72,489154,1078373,-1.6700326238931178,0
2023-07-28 10:57:03,632.95,3840457,10,638.72,489154,1078373,-1.6700326238931178,0
2023-07-28 10:57:05,632.8,3840545,25,638.72,488695,1079730,-1.6933354046916405,0
2023-07-28 10:57:05,632.65,3840545,41,638.72,488695,1079730,-1.7166381854901456,0
2023-07-28 10:57:06,632.9,3842062,2,638.72,489510,1078785,-1.6778002174926312,0
2023-07-28 10:57:06,632.9,3842244,12,638.72,491880,1078478,-1.6778002174926312,0
2023-07-28 10:57:08,633.1,3843269,768,638.72,487693,1080177,-1.6467298430946127,0
2023-07-28 10:57:09,633.1,3843287,15,638.72,488546,1080142,-1.6467298430946127,0
2023-07-28 10:57:09,633.1,3843287,26,638.72,488546,1080142,-1.6467298430946127,0
2023-07-28 10:57:10,632.6,3843763,1,638.71,489296,1083506,-1.7244057790896414,0
2023-07-28 10:57:10,632.6,3843763,8,638.71,489296,1083506,-1.7244057790896414,0
2023-07-28 10:57:11,632.6,3844496,3,638.71,485202,1083098,-1.7244057790896414,0
2023-07-28 10:57:12,632.65,3845811,1,638.71,486640,1080663,-1.7166381854901456,0
2023-07-28 10:57:13,632.65,3846651,300,638.71,487570,1080293,-1.7166381854901456,0
2023-07-28 10:57:13,632.6,3846651,37,638.71,487570,1080293,-1.7244057790896414,0
2023-07-28 10:57:14,632.6,3847878,37,638.71,491138,1076808,-1.7244057790896414,0
2023-07-28 10:57:16,632.9,3848168,8,638.71,483373,1077908,-1.6778002174926312,0
2023-07-28 10:57:16,632.9,3849220,10,638.71,491521,1077837,-1.6778002174926312,0
2023-07-28 10:57:16,632.9,3849220,71,638.71,491521,1077837,-1.6778002174926312,0
2023-07-28 10:57:16,632.6,3849220,100,638.71,491521,1077837,-1.7244057790896414,0
2023-07-28 10:57:20,632.35,3852416,4,638.7,491946,1082454,-1.7632437470871558,0
2023-07-28 10:57:20,632.35,3852416,194,638.7,491946,1082454,-1.7632437470871558,0
2023-07-28 10:57:21,632.4,3852788,1,638.7,477385,1080139,-1.75547615348766,0
2023-07-28 10:57:21,632.25,3854288,62,638.7,475473,1080168,-1.778778934286165,0
2023-07-28 10:57:23,632.45,3855661,550,638.7,475759,1079354,-1.7477085598881466,0
2023-07-28 10:57:23,632.25,3855661,10,638.7,475759,1079354,-1.778778934286165,0
2023-07-28 10:57:24,632.25,3856101,370,638.69,476013,1078693,-1.778778934286165,0
2023-07-28 10:57:24,632.4,3856101,12,638.69,476013,1078693,-1.75547615348766,0
2023-07-28 10:57:25,632.4,3856985,1,638.69,478268,1080278,-1.75547615348766,0
2023-07-28 10:57:25,632.45,3856985,50,638.69,478268,1080278,-1.7477085598881466,0
2023-07-28 10:57:26,632.25,3857134,11,638.69,492512,1079942,-1.778778934286165,0
2023-07-28 10:57:27,632.4,3858906,10,638.69,490968,1081893,-1.75547615348766,0
2023-07-28 10:57:27,632.4,3858906,1,638.69,490968,1081893,-1.75547615348766,0
2023-07-28 10:57:28,632.4,3859183,65,638.69,491491,1082874,-1.75547615348766,0
2023-07-28 10:57:29,632.55,3859689,10,638.69,494199,1082794,-1.7321733726891548,0
2023-07-28 10:57:30,632.3,3862159,35,638.68,494736,1082809,-1.7710113406866692,0
2023-07-28 10:57:32,632.25,3862306,5,638.68,495151,1082852,-1.778778934286165,0
2023-07-28 10:57:32,632.5,3863621,5,638.68,494848,1082056,-1.7399409662886507,0
2023-07-28 10:57:32,632.7,3863621,31,638.68,494848,1082056,-1.7088705918906322,0
2023-07-28 10:57:34,632.7,3863875,41,638.68,495588,1082365,-1.7088705918906322,0
2023-07-28 10:57:35,632.75,3864099,25,638.68,496175,1082120,-1.7011029982911363,0
2023-07-28 10:57:35,632.75,3864099,3,638.68,496175,1082120,-1.7011029982911363,0
2023-07-28 10:57:36,632.55,3864321,3,638.68,498739,1083007,-1.7321733726891548,0
2023-07-28 10:57:36,632.55,3864321,3,638.68,498739,1083007,-1.7321733726891548,0
2023-07-28 10:57:37,632.6,3864661,50,638.68,501042,1082817,-1.7244057790896414,0
2023-07-28 10:57:38,632.8,3864982,90,638.68,501323,1085379,-1.6933354046916405,0
2023-07-28 10:57:39,632.6,3865049,9,638.68,500837,1085373,-1.7244057790896414,0
2023-07-28 10:57:40,632.85,3865117,5,638.68,503042,1085368,-1.685567811092127,0
2023-07-28 10:57:42,632.65,3865190,67,638.68,502663,1086357,-1.7166381854901456,0
2023-07-28 10:57:42,632.6,3865190,1,638.68,502663,1086357,-1.7244057790896414,0
2023-07-28 10:57:43,632.9,3865195,2,638.68,503298,1086119,-1.6778002174926312,0
2023-07-28 10:57:43,632.6,3865195,24,638.68,503298,1086119,-1.7244057790896414,0
2023-07-28 10:57:44,632.75,3865982,50,638.68,502182,1086233,-1.7011029982911363,0
2023-07-28 10:57:45,632.75,3873202,31,638.67,499379,1088069,-1.7011029982911363,0
2023-07-28 10:57:47,632.55,3873230,20,638.67,500682,1086869,-1.7321733726891548,0
2023-07-28 10:57:47,632.8,3873230,15,638.67,500682,1086869,-1.6933354046916405,0
2023-07-28 10:57:47,632.8,3873331,15,638.67,500309,1086730,-1.6933354046916405,0
2023-07-28 10:57:47,632.55,3873331,25,638.67,500309,1086730,-1.7321733726891548,0
2023-07-28 10:57:49,632.8,3874320,1,638.67,487679,1086970,-1.6933354046916405,0
2023-07-28 10:57:50,632.6,3874383,5,638.67,488417,1086383,-1.7244057790896414,0
2023-07-28 10:57:50,632.6,3874383,5,638.67,488417,1086383,-1.7244057790896414,0
2023-07-28 10:57:51,632.85,3874434,44,638.67,488957,1086264,-1.685567811092127,0
2023-07-28 10:57:51,632.7,3874434,5,638.67,488957,1086264,-1.7088705918906322,0
2023-07-28 10:57:52,632.7,3875674,5,638.66,488517,1086409,-1.7088705918906322,0
2023-07-28 10:57:54,632.7,3875766,2,638.66,488441,1086572,-1.7088705918906322,0
2023-07-28 10:57:54,632.7,3875766,2,638.66,503988,1086905,-1.7088705918906322,0
2023-07-28 10:57:56,632.85,3876886,2,638.66,505824,1084536,-1.685567811092127,0
2023-07-28 10:57:56,632.7,3876886,9,638.66,505824,1084536,-1.7088705918906322,0
2023-07-28 10:57:56,632.7,3876911,9,638.66,506427,1083391,-1.7088705918906322,0
2023-07-28 10:57:56,632.85,3876911,10,638.66,506427,1083391,-1.685567811092127,0
2023-07-28 10:57:58,632.85,3876926,5,638.66,507902,1085726,-1.685567811092127,0
2023-07-28 10:57:58,632.85,3876926,15,638.66,507902,1085726,-1.685567811092127,0
2023-07-28 10:57:59,632.85,3877117,2,638.66,507665,1085666,-1.685567811092127,0
2023-07-28 10:57:59,632.8,3877117,1,638.66,507665,1085666,-1.6933354046916405,0
2023-07-28 10:58:00,632.8,3877571,2,638.66,510403,1085393,-1.6933354046916405,0
2023-07-28 10:58:01,632.95,3879062,1,638.66,509294,1086091,-1.6700326238931178,0
2023-07-28 10:58:02,633.0,3879116,4,638.66,509571,1085909,-1.662265030293622,0
2023-07-28 10:58:04,633.0,3879133,8,638.66,510026,1086118,-1.662265030293622,0
2023-07-28 10:58:04,632.9,3880073,250,638.66,507984,1087702,-1.6778002174926312,0
2023-07-28 10:58:04,632.85,3880073,30,638.66,507984,1087702,-1.685567811092127,0
2023-07-28 10:58:05,632.85,3880208,30,638.66,508103,1090137,-1.685567811092127,0
2023-07-28 10:58:05,632.9,3880208,25,638.66,508103,1090137,-1.6778002174926312,0
2023-07-28 10:58:07,632.9,3880509,160,638.66,508466,1089885,-1.6778002174926312,0
2023-07-28 10:58:07,632.95,3880509,1,638.66,508466,1089885,-1.6700326238931178,0
2023-07-28 10:58:08,632.95,3880670,2,638.66,510027,1088901,-1.6700326238931178,0
2023-07-28 10:58:09,632.95,3880686,13,638.66,511680,1087835,-1.6700326238931178,0
2023-07-28 10:58:11,633.1,3882931,25,638.65,510983,1086442,-1.6467298430946127,0
2023-07-28 10:58:11,633.1,3882931,25,638.65,510983,1086442,-1.6467298430946127,0
2023-07-28 10:58:11,633.1,3882956,25,638.65,510703,1087791,-1.6467298430946127,0
2023-07-28 10:58:11,633.05,3882956,10,638.65,510703,1087791,-1.654497436694126,0
2023-07-28 10:58:13,632.8,3890321,262,638.64,504316,1089829,-1.6933354046916405,0
2023-07-28 10:58:13,633.1,3890321,20,638.64,504316,1089829,-1.6467298430946127,0
2023-07-28 10:58:14,633.1,3890383,1,638.64,509497,1088432,-1.6467298430946127,0
2023-07-28 10:58:14,633.1,3890383,1,638.64,509497,1088432,-1.6467298430946127,0
2023-07-28 10:58:16,633.1,3890446,10,638.64,510361,1088265,-1.6467298430946127,0
2023-07-28 10:58:16,633.1,3890587,1,638.64,510659,1088055,-1.6467298430946127,0
2023-07-28 10:58:18,633.25,3891617,100,638.64,510082,1085084,-1.6234270622961076,0
2023-07-28 10:58:18,633.35,3891617,2,638.64,510082,1085084,-1.6078918750970983,0
2023-07-28 10:58:19,633.35,3892500,100,638.64,511634,1088733,-1.6078918750970983,0
2023-07-28 10:58:19,633.25,3892500,5,638.64,511634,1088733,-1.6234270622961076,0
2023-07-28 10:58:20,633.3,3892815,1,638.64,510906,1089497,-1.6156594686966117,0
2023-07-28 10:58:21,633.25,3893042,1,638.64,508496,1089341,-1.6234270622961076,0
2023-07-28 10:58:23,633.25,3893141,10,638.64,508284,1090675,-1.6234270622961076,0
2023-07-28 10:58:23,633.25,3893141,4,638.64,508284,1090675,-1.6234270622961076,0
2023-07-28 10:58:24,633.25,3893251,1,638.64,509117,1089248,-1.6234270622961076,0
2023-07-28 10:58:24,633.25,3893251,50,638.64,509117,1089248,-1.6234270622961076,0
2023-07-28 10:58:25,633.25,3893538,36,638.64,503544,1089945,-1.6234270622961076,0
2023-07-28 10:58:26,633.2,3894853,30,638.64,505264,1089156,-1.6311946558956034,0
2023-07-28 10:58:26,633.2,3894853,30,638.64,505264,1089156,-1.6311946558956034,0
2023-07-28 10:58:27,633.2,3894935,1,638.64,504813,1091642,-1.6311946558956034,0
2023-07-28 10:58:28,633.0,3895097,4,638.64,505871,1090389,-1.662265030293622,0
2023-07-28 10:58:29,633.0,3896099,75,638.63,503679,1091494,-1.662265030293622,0
2023-07-28 10:58:31,632.9,3899121,7,638.63,499809,1091983,-1.6778002174926312,0
2023-07-28 10:58:32,633.0,3899478,156,638.63,500937,1092340,-1.662265030293622,0
2023-07-28 10:58:32,632.9,3899478,5,638.63,500937,1092340,-1.6778002174926312,0
2023-07-28 10:58:33,633.0,3899586,50,638.63,501108,1092187,-1.662265030293622,0
2023-07-28 10:58:33,632.8,3899586,23,638.63,501108,1092187,-1.6933354046916405,0
2023-07-28 10:58:34,632.8,3900167,48,638.63,501976,1092158,-1.6933354046916405,0
2023-07-28 10:58:35,633.0,3901402,550,638.63,502873,1091416,-1.662265030293622,0
2023-07-28 10:58:35,632.8,3901402,30,638.63,502873,1091416,-1.6933354046916405,0
2023-07-28 10:58:36,632.8,3901470,1,638.63,505245,1092671,-1.6933354046916405,0
2023-07-28 10:58:37,633.0,3901690,107,638.63,503432,1093059,-1.662265030293622,0
2023-07-28 10:58:38,633.2,3903630,3,638.62,506101,1091272,-1.6311946558956034,0
2023-07-28 10:58:38,633.0,3903630,5,638.62,506101,1091272,-1.662265030293622,0
2023-07-28 10:58:40,633.2,3908672,8,638.62,508388,1085451,-1.6311946558956034,0
2023-07-28 10:58:41,633.3,3909002,10,638.61,503069,1087798,-1.6156594686966117,0
2023-07-28 10:58:41,633.3,3909002,10,638.61,510798,1087287,-1.6156594686966117,0
2023-07-28 10:58:41,633.35,3909002,21,638.61,510798,1087287,-1.6078918750970983,0
2023-07-28 10:58:43,633.3,3909086,2,638.61,511662,1085063,-1.6156594686966117,0
2023-07-28 10:58:43,633.3,3909086,2,638.61,511662,1085063,-1.6156594686966117,0
2023-07-28 10:58:44,633.3,3909132,10,638.61,510858,1085050,-1.6156594686966117,0
2023-07-28 10:58:45,633.2,3909198,50,638.61,513304,1083432,-1.6311946558956034,0
2023-07-28 10:58:45,633.4,3909198,50,638.61,513304,1083432,-1.6001242814976024,0
2023-07-28 10:58:46,633.2,3909340,1,638.61,511495,1084310,-1.6311946558956034,0
2023-07-28 10:58:46,633.2,3909340,20,638.61,511495,1084310,-1.6311946558956034,0
2023-07-28 10:58:47,633.4,3909629,30,638.61,512806,1083926,-1.6001242814976024,0
2023-07-28 10:58:47,633.4,3909660,30,638.61,512920,1083946,-1.6001242814976024,0
2023-07-28 10:58:47,633.3,3909660,1,638.61,512920,1083946,-1.6156594686966117,0
2023-07-28 10:58:49,633.3,3909676,10,638.61,513349,1083772,-1.6156594686966117,0
2023-07-28 10:58:50,633.4,3909867,7,638.61,513389,1083625,-1.6001242814976024,0
2023-07-28 10:58:50,633.5,3909867,31,638.61,513389,1083625,-1.5845890942985932,0
2023-07-28 10:58:53,633.55,3911349,5,638.61,519771,1083801,-1.5768215006990975,0
2023-07-28 10:58:53,633.3,3911349,25,638.61,519771,1083801,-1.6156594686966117,0
2023-07-28 10:58:54,633.4,3911583,9,638.61,519661,1080085,-1.6001242814976024,0
2023-07-28 10:58:55,633.5,3911710,5,638.61,521265,1081810,-1.5845890942985932,0
2023-07-28 10:58:57,633.65,3913160,17,638.61,523487,1081639,-1.561286313500088,0
2023-07-28 10:58:57,633.5,3913161,1,638.61,525220,1082238,-1.5845890942985932,0
2023-07-28 10:58:58,633.75,3913358,47,638.61,531447,1081572,-1.5457511263010788,0
2023-07-28 10:58:58,633.8,3913358,5,638.61,531447,1081572,-1.5379835327015832,0
2023-07-28 10:59:00,633.9,3914699,5,638.61,531708,1079882,-1.5224483455025737,0
2023-07-28 10:59:00,633.75,3914699,3,638.61,531708,1079882,-1.5457511263010788,0
2023-07-28 10:59:01,633.9,3914901,25,638.61,533541,1083158,-1.5224483455025737,0
2023-07-28 10:59:01,633.9,3914901,25,638.61,533541,1083158,-1.5224483455025737,0
2023-07-28 10:59:02,633.9,3916101,14,638.61,533018,1082296,-1.5224483455025737,0
2023-07-28 10:59:04,633.9,3917874,1000,638.6,531380,1082999,-1.5224483455025737,0
2023-07-28 10:59:05,634.0,3918628,7,638.6,533781,1081067,-1.5069131583035644,0
2023-07-28 10:59:05,633.8,3918628,500,638.6,533781,1081067,-1.5379835327015832,0
2023-07-28 10:59:06,633.95,3919783,5,638.6,533429,1081541,-1.5146807519030603,0
2023-07-28 10:59:06,633.8,3919783,50,638.6,533429,1081541,-1.5379835327015832,0
2023-07-28 10:59:07,633.8,3920067,164,638.6,533184,1080911,-1.5379835327015832,0
2023-07-28 10:59:08,633.8,3920427,300,638.6,520728,1082932,-1.5379835327015832,0
2023-07-28 10:59:08,633.9,3920427,25,638.6,520728,1082932,-1.5224483455025737,0
2023-07-28 10:59:09,633.9,3921661,13,638.6,531455,1086736,-1.5224483455025737,0
2023-07-28 10:59:09,633.9,3921661,15,638.6,531455,1086736,-1.5224483455025737,0
2023-07-28 10:59:10,633.9,3921789,13,638.6,532032,1085572,-1.5224483455025737,0
2023-07-28 10:59:11,633.9,3922411,50,638.6,532078,1085910,-1.5224483455025737,0
2023-07-28 10:59:12,633.95,3922629,25,638.6,532142,1085302,-1.5146807519030603,0
2023-07-28 10:59:12,633.8,3922629,5,638.6,532142,1085302,-1.5379835327015832,0
2023-07-28 10:59:13,633.8,3923946,1,638.6,528768,1089309,-1.5379835327015832,0
2023-07-28 10:59:13,633.8,3923946,1,638.6,528768,1089309,-1.5379835327015832,0
2023-07-28 10:59:14,633.8,3925123,50,638.59,529508,1089332,-1.5379835327015832,0
2023-07-28 10:59:15,633.95,3925765,7,638.59,531605,1089858,-1.5146807519030603,0
2023-07-28 10:59:16,633.95,3925774,9,638.59,531882,1089822,-1.5146807519030603,0
2023-07-28 10:59:17,633.95,3925792,9,638.59,532040,1090377,-1.5146807519030603,0
2023-07-28 10:59:17,633.9,3925792,1,638.59,532040,1090377,-1.5224483455025737,0
2023-07-28 10:59:19,633.9,3925878,5,638.59,532738,1089861,-1.5224483455025737,0
2023-07-28 10:59:20,633.9,3925979,44,638.59,533174,1089691,-1.5224483455025737,0
2023-07-28 10:59:21,633.9,3925999,10,638.59,533281,1090084,-1.5224483455025737,0
2023-07-28 10:59:21,633.95,3925999,39,638.59,533281,1090084,-1.5146807519030603,0
2023-07-28 10:59:22,634.3,3932646,5,638.59,526943,1080172,-1.4603075967065544,0
2023-07-28 10:59:22,634.3,3932646,5,638.59,526943,1080172,-1.4603075967065544,0
2023-07-28 10:59:22,634.3,3932646,5,638.59,526943,1080172,-1.4603075967065544,0
2023-07-28 10:59:23,634.25,3932906,10,638.59,528451,1079778,-1.46807519030605,0
2023-07-28 10:59:25,634.15,3933049,7,638.59,528217,1080713,-1.4836103775050595,0
2023-07-28 10:59:25,634.15,3933049,7,638.59,528217,1080713,-1.4836103775050595,0
2023-07-28 10:59:26,634.15,3933213,3,638.59,528202,1081160,-1.4836103775050595,0
2023-07-28 10:59:26,634.15,3933213,3,638.59,528202,1081160,-1.4836103775050595,0
2023-07-28 10:59:26,634.15,3933516,1,638.59,531124,1080614,-1.4836103775050595,0
2023-07-28 10:59:28,634.1,3933822,75,638.58,531977,1080860,-1.4913779711045552,0
2023-07-28 10:59:28,634.1,3933822,75,638.58,531977,1080860,-1.4913779711045552,0
2023-07-28 10:59:29,634.1,3933851,1,638.58,530266,1076858,-1.4913779711045552,0
2023-07-28 10:59:30,634.15,3933864,11,638.58,530279,1078120,-1.4836103775050595,0
2023-07-28 10:59:32,634.05,3933916,9,638.58,530621,1077934,-1.4991455647040688,0
2023-07-28 10:59:32,634.2,3933916,15,638.58,530621,1077934,-1.475842783905546,0
2023-07-28 10:59:33,634.1,3933945,3,638.58,531562,1079228,-1.4913779711045552,0
2023-07-28 10:59:33,634.25,3933945,17,638.58,531562,1079228,-1.46807519030605,0
2023-07-28 10:59:34,634.25,3934136,20,638.58,532051,1078462,-1.46807519030605,0
2023-07-28 10:59:34,634.15,3934136,29,638.58,532051,1078462,-1.4836103775050595,0
2023-07-28 10:59:35,634.2,3934338,2,638.58,531806,1077753,-1.475842783905546,0
2023-07-28 10:59:36,634.3,3934951,10,638.58,531693,1077740,-1.4603075967065544,0
2023-07-28 10:59:37,634.4,3936101,95,638.58,531896,1077964,-1.4447724095075452,0
2023-07-28 10:59:38,634.2,3936301,50,638.58,532170,1077573,-1.475842783905546,0
2023-07-28 10:59:39,634.35,3936783,60,638.58,532841,1078881,-1.4525400031070408,0
2023-07-28 10:59:41,634.3,3936805,5,638.58,531684,1080193,-1.4603075967065544,0
2023-07-28 10:59:41,634.4,3936805,20,638.58,531684,1080193,-1.4447724095075452,0
2023-07-28 10:59:42,634.4,3937105,9,638.58,534311,1075816,-1.4447724095075452,0
2023-07-28 10:59:42,634.4,3937935,2,638.58,534795,1075852,-1.4447724095075452,0
2023-07-28 10:59:44,634.4,3938497,50,638.58,533261,1073707,-1.4447724095075452,0
2023-07-28 10:59:44,634.45,3938497,30,638.58,533261,1073707,-1.4370048159080315,0
2023-07-28 10:59:45,634.5,3938658,1,638.58,536578,1075218,-1.4292372223085357,0
2023-07-28 10:59:45,634.5,3938658,30,638.58,536578,1075218,-1.4292372223085357,0
2023-07-28 10:59:46,634.6,3938885,61,638.58,536577,1073021,-1.4137020351095264,0
2023-07-28 10:59:47,634.45,3938988,98,638.58,536612,1075507,-1.4370048159080315,0
2023-07-28 10:59:48,634.4,3939241,3,638.58,535079,1075943,-1.4447724095075452,0
2023-07-28 10:59:48,634.4,3939306,65,638.58,535324,1075856,-1.4447724095075452,0
2023-07-28 10:59:50,634.4,3939386,10,638.58,534994,1076537,-1.4447724095075452,0
2023-07-28 10:59:50,634.4,3939386,50,638.58,534994,1076537,-1.4447724095075452,0
2023-07-28 10:59:51,634.4,3939441,3,638.58,535097,1076089,-1.4447724095075452,0
2023-07-28 10:59:51,634.4,3939586,2,638.58,535110,1075659,-1.4447724095075452,0
2023-07-28 10:59:52,634.45,3939654,4,638.58,550062,1084037,-1.4370048159080315,0
2023-07-28 10:59:54,634.55,3940322,6,638.58,550051,1084036,-1.42146962870904,0
2023-07-28 10:59:54,634.5,3940322,2,638.58,550051,1084036,-1.4292372223085357,0
2023-07-28 10:59:55,634.5,3940359,35,638.58,550339,1084671,-1.4292372223085357,0
2023-07-28 10:59:56,634.4,3941790,1,638.58,550874,1083583,-1.4447724095075452,0
2023-07-28 10:59:57,634.4,3941843,1,638.58,550586,1082702,-1.4447724095075452,0
2023-07-28 10:59:57,634.55,3941843,5,638.58,550586,1082702,-1.42146962870904,0
2023-07-28 10:59:57,634.55,3941853,5,638.58,551983,1085662,-1.42146962870904,0
2023-07-28 11:00:00,634.75,3944752,34,638.57,550473,1073339,-1.3903992543110215,0
2023-07-28 11:00:01,634.55,3945139,12,638.57,542078,1086723,-1.42146962870904,0
2023-07-28 11:00:02,634.55,3945297,12,638.57,550707,1086336,-1.42146962870904,0
2023-07-28 11:00:02,634.35,3945297,354,638.57,550707,1086336,-1.4525400031070408,0
2023-07-28 11:00:03,634.55,3947325,2,638.57,549318,1087679,-1.42146962870904,0
2023-07-28 11:00:03,634.55,3947325,43,638.57,549318,1087679,-1.42146962870904,0
2023-07-28 11:00:05,634.55,3948750,10,638.57,552252,1085495,-1.42146962870904,0
2023-07-28 11:00:05,634.55,3948750,251,638.57,552252,1085495,-1.42146962870904,0
2023-07-28 11:00:06,634.55,3949072,2,638.57,551158,1090158,-1.42146962870904,0
2023-07-28 11:00:06,634.55,3949072,2,638.57,551928,1089806,-1.42146962870904,0
2023-07-28 11:00:07,634.75,3949084,1,638.57,553598,1089468,-1.3903992543110215,0
2023-07-28 11:00:07,634.55,3949084,8,638.57,553598,1089468,-1.42146962870904,0
2023-07-28 11:00:09,634.75,3951128,15,638.57,551487,1089826,-1.3903992543110215,0
2023-07-28 11:00:09,634.75,3951128,15,638.57,551493,1089826,-1.3903992543110215,0
2023-07-28 11:00:11,634.4,3954087,200,638.56,538241,1092142,-1.4447724095075452,0
2023-07-28 11:00:11,634.4,3954087,2,638.56,538241,1092142,-1.4447724095075452,0
2023-07-28 11:00:12,634.35,3954267,4,638.56,546787,1091256,-1.4525400031070408,0
2023-07-28 11:00:12,634.4,3954376,9,638.56,547173,1091281,-1.4447724095075452,0
2023-07-28 11:00:13,634.45,3955658,35,638.56,549335,1089736,-1.4370048159080315,0
2023-07-28 11:00:13,634.45,3955658,35,638.56,549335,1089736,-1.4370048159080315,0
2023-07-28 11:00:14,634.5,3955908,1,638.56,548850,1090224,-1.4292372223085357,0
2023-07-28 11:00:16,634.65,3956399,34,638.56,549328,1090177,-1.4059344415100308,0
2023-07-28 11:00:16,634.6,3957050,50,638.56,549038,1089954,-1.4137020351095264,0
2023-07-28 11:00:17,634.6,3957060,10,638.56,549044,1089944,-1.4137020351095264,0
2023-07-28 11:00:19,634.55,3957712,10,638.56,547900,1089329,-1.42146962870904,0
2023-07-28 11:00:20,634.7,3957881,10,638.56,548207,1090480,-1.3981668479105172,0
2023-07-28 11:00:21,634.65,3958437,1,638.56,549155,1091250,-1.4059344415100308,0
2023-07-28 11:00:22,634.7,3958568,2,638.56,550241,1092036,-1.3981668479105172,0
2023-07-28 11:00:23,634.65,3958646,2,638.56,550057,1091310,-1.4059344415100308,0
2023-07-28 11:00:23,634.65,3958646,1,638.56,550057,1091310,-1.4059344415100308,0
2023-07-28 11:00:24,634.65,3958667,1,638.56,551310,1091437,-1.4059344415100308,0
2023-07-28 11:00:25,634.7,3958695,10,638.56,552008,1093994,-1.3981668479105172,0
2023-07-28 11:00:26,634.65,3959151,1,638.56,549028,1096326,-1.4059344415100308,0
2023-07-28 11:00:27,634.65,3959878,18,638.56,550585,1095567,-1.4059344415100308,0
2023-07-28 11:00:27,634.65,3959878,1,638.56,550585,1095567,-1.4059344415100308,0
2023-07-28 11:00:28,634.65,3960015,125,638.56,549913,1094533,-1.4059344415100308,0
2023-07-28 11:00:28,634.65,3960015,125,638.56,551785,1095372,-1.4059344415100308,0
2023-07-28 11:00:28,634.65,3960015,30,638.56,551785,1095372,-1.4059344415100308,0
2023-07-28 11:00:30,634.5,3961001,7,638.56,551880,1094522,-1.4292372223085357,0
2023-07-28 11:00:30,634.5,3961001,7,638.56,551880,1094522,-1.4292372223085357,0
2023-07-28 11:00:31,634.65,3961487,10,638.56,549768,1094630,-1.4059344415100308,0
2023-07-28 11:00:32,634.65,3961652,1,638.56,551043,1096115,-1.4059344415100308,0
2023-07-28 11:00:32,634.65,3961652,1,638.56,551043,1096115,-1.4059344415100308,0
2023-07-28 11:00:33,634.65,3961709,1,638.56,551341,1097038,-1.4059344415100308,0
2023-07-28 11:00:33,634.65,3961709,1,638.56,551341,1097138,-1.4059344415100308,0
2023-07-28 11:00:34,634.55,3961814,1,638.56,550974,1098196,-1.42146962870904,0
2023-07-28 11:00:34,634.55,3961814,1,638.56,550974,1098196,-1.42146962870904,0
2023-07-28 11:00:35,634.65,3962360,100,638.56,551663,1096293,-1.4059344415100308,0
2023-07-28 11:00:36,634.65,3962527,42,638.56,551394,1096796,-1.4059344415100308,0
2023-07-28 11:00:37,634.55,3962563,14,638.56,548497,1097153,-1.42146962870904,0
2023-07-28 11:00:37,634.55,3962563,14,638.56,548497,1097153,-1.42146962870904,0
2023-07-28 11:00:38,634.55,3962678,1,638.56,551382,1096980,-1.42146962870904,0
2023-07-28 11:00:39,634.45,3963182,250,638.55,550830,1097076,-1.4370048159080315,0
2023-07-28 11:00:40,634.5,3963443,64,638.55,552726,1096657,-1.4292372223085357,0
2023-07-28 11:00:40,634.5,3963443,64,638.55,552726,1096657,-1.4292372223085357,0
2023-07-28 11:00:41,634.65,3963514,20,638.55,552909,1097087,-1.4059344415100308,0
2023-07-28 11:00:42,634.5,3963945,12,638.55,552738,1097486,-1.4292372223085357,0
2023-07-28 11:00:43,634.5,3963974,2,638.55,552797,1097501,-1.4292372223085357,0
2023-07-28 11:00:44,634.5,3964027,1,638.55,552681,1097364,-1.4292372223085357,0
2023-07-28 11:00:45,634.5,3964042,29,638.55,552823,1097237,-1.4292372223085357,0
2023-07-28 11:00:46,634.5,3964074,2,638.55,552955,1097237,-1.4292372223085357,0
2023-07-28 11:00:47,634.65,3964150,20,638.55,552856,1097161,-1.4059344415100308,0
2023-07-28 11:00:48,634.7,3964260,11,638.55,553200,1097676,-1.3981668479105172,0
2023-07-28 11:00:49,634.7,3964320,17,638.55,553267,1098545,-1.3981668479105172,0
2023-07-28 11:00:51,634.65,3964809,39,638.55,552502,1098151,-1.4059344415100308,0
2023-07-28 11:00:51,634.65,3964861,31,638.55,538253,1097974,-1.4059344415100308,0
2023-07-28 11:00:53,634.7,3965151,12,638.55,538620,1097680,-1.3981668479105172,0
2023-07-28 11:00:53,634.7,3965151,5,638.55,538620,1097680,-1.3981668479105172,0
2023-07-28 11:00:54,634.7,3965206,5,638.55,540926,1096824,-1.3981668479105172,0
2023-07-28 11:00:55,634.7,3965260,5,638.55,541085,1097171,-1.3981668479105172,0
2023-07-28 11:00:56,634.7,3965284,20,638.55,541769,1096818,-1.3981668479105172,0
2023-07-28 11:00:56,634.7,3965284,80,638.55,541769,1096818,-1.3981668479105172,0
2023-07-28 11:00:57,634.7,3966405,40,638.55,556147,1095119,-1.3981668479105172,0
2023-07-28 11:00:57,634.65,3966405,100,638.55,556147,1095119,-1.4059344415100308,0
2023-07-28 11:00:58,634.65,3966586,100,638.55,556552,1095098,-1.4059344415100308,0
2023-07-28 11:00:58,634.65,3966586,11,638.55,556552,1095098,-1.4059344415100308,0
2023-07-28 11:00:59,634.7,3966624,2,638.55,556002,1095121,-1.3981668479105172,0
2023-07-28 11:01:00,634.7,3966712,8,638.55,555985,1095022,-1.3981668479105172,0
2023-07-28 11:01:00,634.65,3966712,1,638.55,555985,1095022,-1.4059344415100308,0
2023-07-28 11:01:00,634.65,3967350,1,638.55,555885,1096229,-1.4059344415100308,0
2023-07-28 11:01:01,634.65,3967447,50,638.55,555986,1095671,-1.4059344415100308,0
2023-07-28 11:01:01,634.65,3967447,50,638.55,555986,1095671,-1.4059344415100308,0
2023-07-28 11:01:03,634.65,3967639,2,638.55,555334,1095458,-1.4059344415100308,0
2023-07-28 11:01:03,634.65,3967639,2,638.55,555334,1095458,-1.4059344415100308,0
2023-07-28 11:01:04,634.55,3967958,30,638.55,555478,1094075,-1.42146962870904,0
2023-07-28 11:01:04,634.55,3967958,30,638.55,555478,1094075,-1.42146962870904,0
2023-07-28 11:01:04,634.65,3967958,10,638.55,555478,1094075,-1.4059344415100308,0
2023-07-28 11:01:06,634.65,3967969,1,638.55,555425,1096838,-1.4059344415100308,0
2023-07-28 11:01:07,634.65,3967999,30,638.55,555924,1096776,-1.4059344415100308,0
2023-07-28 11:01:07,634.65,3967999,1,638.55,555924,1096776,-1.4059344415100308,0
2023-07-28 11:01:08,634.65,3968055,48,638.55,555631,1096842,-1.4059344415100308,0
2023-07-28 11:01:08,634.65,3968055,20,638.55,555631,1096842,-1.4059344415100308,0
2023-07-28 11:01:10,634.65,3968242,20,638.55,556042,1096800,-1.4059344415100308,0
2023-07-28 11:01:11,634.65,3968448,2,638.55,556532,1096506,-1.4059344415100308,0
2023-07-28 11:01:12,634.25,3977200,69,638.54,547556,1103117,-1.46807519030605,0
2023-07-28 11:01:13,634.3,3977212,40,638.54,547560,1103104,-1.4603075967065544,0
2023-07-28 11:01:14,634.25,3977292,13,638.54,543217,1102572,-1.46807519030605,0
2023-07-28 11:01:14,634.3,3977292,10,638.54,543217,1102572,-1.4603075967065544,0
2023-07-28 11:01:16,634.3,3977364,30,638.54,545226,1101626,-1.4603075967065544,0
2023-07-28 11:01:16,634.3,3977364,100,638.54,545226,1101626,-1.4603075967065544,0
2023-07-28 11:01:16,634.3,3977364,20,638.54,545226,1101626,-1.4603075967065544,0
2023-07-28 11:01:19,634.25,3977542,6,638.54,545446,1101683,-1.46807519030605,0
2023-07-28 11:01:20,634.3,3978013,12,638.54,545967,1101148,-1.4603075967065544,0
2023-07-28 11:01:20,634.3,3978013,24,638.54,545967,1101148,-1.4603075967065544,0
2023-07-28 11:01:21,634.2,3978084,1,638.54,546734,1101568,-1.475842783905546,0
2023-07-28 11:01:22,634.15,3978087,2,638.54,547645,1101622,-1.4836103775050595,0
2023-07-28 11:01:22,634.15,3978099,11,638.54,547725,1101623,-1.4836103775050595,0
2023-07-28 11:01:23,634.3,3978111,9,638.54,548188,1101636,-1.4603075967065544,0
2023-07-28 11:01:25,634.35,3978403,1,638.54,548738,1100607,-1.4525400031070408,0
2023-07-28 11:01:25,634.35,3978459,20,638.54,547525,1099774,-1.4525400031070408,0
2023-07-28 11:01:25,634.35,3978459,1,638.54,547525,1099774,-1.4525400031070408,0
2023-07-28 11:01:26,634.25,3978460,3,638.54,548066,1099952,-1.46807519030605,0
2023-07-28 11:01:28,634.25,3978465,1,638.54,548207,1099626,-1.46807519030605,0
2023-07-28 11:01:29,634.35,3979137,12,638.54,548176,1099590,-1.4525400031070408,0
2023-07-28 11:01:30,634.2,3979263,20,638.54,550220,1098720,-1.475842783905546,0
2023-07-28 11:01:30,634.4,3979264,1425,638.54,550229,1098529,-1.4447724095075452,0
2023-07-28 11:01:31,634.6,3981746,65,638.54,551084,1094476,-1.4137020351095264,0
2023-07-28 11:01:32,634.65,3981977,1,638.54,551221,1095966,-1.4059344415100308,0
2023-07-28 11:01:33,634.6,3982002,25,638.54,551999,1096393,-1.4137020351095264,0
2023-07-28 11:01:34,634.45,3982006,2,638.54,551973,1096531,-1.4370048159080315,0
2023-07-28 11:01:35,634.35,3982077,11,638.54,550885,1097082,-1.4525400031070408,0
2023-07-28 11:01:36,634.35,3982078,1,638.54,522431,1101683,-1.4525400031070408,0
2023-07-28 11:01:37,634.35,3982084,2,638.54,547520,1101792,-1.4525400031070408,0
2023-07-28 11:01:37,634.35,3982084,2,638.54,547520,1101792,-1.4525400031070408,0
2023-07-28 11:01:38,634.35,3982193,2,638.53,547845,1099651,-1.4525400031070408,0
2023-07-28 11:01:38,634.35,3982193,25,638.53,548066,1099351,-1.4525400031070408,0
2023-07-28 11:01:40,634.25,3982237,1,638.53,548857,1099157,-1.46807519030605,0
2023-07-28 11:01:41,634.25,3983505,10,638.53,547347,1097677,-1.46807519030605,0
2023-07-28 11:01:43,634.2,3983776,7,638.53,547346,1097850,-1.475842783905546,0
2023-07-28 11:01:44,634.0,3984053,25,638.53,547093,1098555,-1.5069131583035644,0
2023-07-28 11:01:44,634.25,3984053,100,638.53,547093,1098555,-1.46807519030605,0
2023-07-28 11:01:45,634.15,3984653,500,638.53,547784,1095934,-1.4836103775050595,0
2023-07-28 11:01:46,634.0,3985797,61,638.53,546203,1099100,-1.5069131583035644,0
2023-07-28 11:01:47,634.0,3985804,5,638.53,546548,1098350,-1.5069131583035644,0
2023-07-28 11:01:47,634.0,3985804,5,638.53,546548,1098350,-1.5069131583035644,0
2023-07-28 11:01:48,634.15,3985849,10,638.53,546801,1099085,-1.4836103775050595,0
2023-07-28 11:01:48,634.15,3985849,10,638.53,546801,1099085,-1.4836103775050595,0
2023-07-28 11:01:49,634.0,3987699,100,638.53,544398,1098322,-1.5069131583035644,0
2023-07-28 11:01:50,634.0,3987937,21,638.53,544486,1098721,-1.5069131583035644,0
2023-07-28 11:01:50,634.0,3987937,32,638.53,544486,1098721,-1.5069131583035644,0
2023-07-28 11:01:51,634.0,3987990,20,638.53,543588,1098928,-1.5069131583035644,0
2023-07-28 11:01:51,634.0,3987990,73,638.53,543588,1098928,-1.5069131583035644,0
2023-07-28 11:01:52,633.95,3988438,200,638.53,545103,1099292,-1.5146807519030603,0
2023-07-28 11:01:52,633.95,3988439,1,638.53,545103,1099291,-1.5146807519030603,0
2023-07-28 11:01:54,633.85,3996617,15,638.52,534457,1102485,-1.5302159391020695,0
2023-07-28 11:01:54,633.7,4004924,5,638.51,526683,1106299,-1.5535187199005747,0
2023-07-28 11:01:54,633.6,4004924,6,638.51,526683,1106299,-1.569053907099584,0
2023-07-28 11:01:56,633.65,4005436,2,638.51,527168,1104231,-1.561286313500088,0
2023-07-28 11:01:57,633.65,4005681,100,638.51,526275,1103814,-1.561286313500088,0
2023-07-28 11:01:58,633.6,4005807,35,638.51,512846,1104461,-1.569053907099584,0
2023-07-28 11:01:58,633.65,4005807,140,638.51,512846,1104461,-1.561286313500088,0
2023-07-28 11:01:59,633.7,4007419,2,638.51,527062,1103086,-1.5535187199005747,0
2023-07-28 11:02:00,633.6,4007453,7,638.51,527871,1103046,-1.569053907099584,0
2023-07-28 11:02:01,633.65,4008094,2,638.5,530914,1100483,-1.561286313500088,0
2023-07-28 11:02:02,633.7,4008105,11,638.5,530992,1100414,-1.5535187199005747,0
2023-07-28 11:02:03,633.55,4010107,50,638.5,531241,1097831,-1.5768215006990975,0
2023-07-28 11:02:05,634.0,4012688,12,638.5,532546,1097648,-1.5069131583035644,0
2023-07-28 11:02:06,634.0,4012706,3,638.5,531546,1097859,-1.5069131583035644,0
2023-07-28 11:02:07,634.05,4012802,18,638.5,531837,1097999,-1.4991455647040688,0
2023-07-28 11:02:07,634.0,4012802,25,638.5,531837,1097999,-1.5069131583035644,0
2023-07-28 11:02:08,634.0,4012929,2,638.5,532017,1098219,-1.5069131583035644,0
2023-07-28 11:02:08,634.0,4012929,1,638.5,532017,1098219,-1.5069131583035644,0
2023-07-28 11:02:10,634.0,4012947,14,638.5,528327,1097863,-1.5069131583035644,0
2023-07-28 11:02:10,634.0,4012947,14,638.5,528327,1097863,-1.5069131583035644,0
2023-07-28 11:02:11,634.05,4015999,15,638.5,528209,1096219,-1.4991455647040688,0
2023-07-28 11:02:11,634.05,4016014,15,638.5,527855,1096421,-1.4991455647040688,0
2023-07-28 11:02:11,634.05,4016014,1,638.5,527855,1096421,-1.4991455647040688,0
2023-07-28 11:02:13,634.05,4016034,1,638.5,529133,1097262,-1.4991455647040688,0
2023-07-28 11:02:13,634.05,4016034,15,638.5,529133,1097262,-1.4991455647040688,0
2023-07-28 11:02:14,634.05,4016049,112,638.5,530378,1097247,-1.4991455647040688,0
2023-07-28 11:02:15,634.05,4016466,20,638.5,530445,1096550,-1.4991455647040688,0
2023-07-28 11:02:15,634.0,4016491,25,638.49,530377,1096525,-1.5069131583035644,0
2023-07-28 11:02:16,634.0,4016575,7,638.49,529924,1096825,-1.5069131583035644,0
2023-07-28 11:02:16,634.0,4016575,7,638.49,529924,1096825,-1.5069131583035644,0
2023-07-28 11:02:17,634.05,4017080,1,638.49,529568,1097542,-1.4991455647040688,0
2023-07-28 11:02:19,634.05,4017148,4,638.49,529767,1096912,-1.4991455647040688,0
2023-07-28 11:02:19,634.0,4017197,49,638.49,530428,1096551,-1.5069131583035644,0
2023-07-28 11:02:20,634.05,4018073,10,638.49,532019,1094935,-1.4991455647040688,0
2023-07-28 11:02:22,634.05,4018355,5,638.49,532316,1094958,-1.4991455647040688,0
2023-07-28 11:02:22,634.05,4018355,5,638.49,532316,1094958,-1.4991455647040688,0
2023-07-28 11:02:23,634.05,4018550,10,638.49,531581,1098757,-1.4991455647040688,0
2023-07-28 11:02:23,634.2,4018550,2,638.49,531581,1098757,-1.475842783905546,0
2023-07-28 11:02:24,634.05,4018554,2,638.49,531871,1099035,-1.4991455647040688,0
2023-07-28 11:02:24,634.2,4018554,1,638.49,531871,1099035,-1.475842783905546,0
2023-07-28 11:02:24,634.05,4018573,8,638.49,531774,1099361,-1.4991455647040688,0
2023-07-28 11:02:26,634.05,4018583,1,638.49,531808,1098804,-1.4991455647040688,0
2023-07-28 11:02:26,634.2,4018583,5,638.49,531808,1098804,-1.475842783905546,0
2023-07-28 11:02:26,634.2,4018583,5,638.49,531808,1098804,-1.475842783905546,0
2023-07-28 11:02:27,634.2,4018698,5,638.49,531805,1098869,-1.475842783905546,0
2023-07-28 11:02:27,634.2,4018698,5,638.49,532090,1099443,-1.475842783905546,0
2023-07-28 11:02:29,634.2,4018711,12,638.49,532651,1098559,-1.475842783905546,0
2023-07-28 11:02:29,634.2,4018711,12,638.49,532651,1098559,-1.475842783905546,0
2023-07-28 11:02:30,634.2,4018724,13,638.49,533467,1098120,-1.475842783905546,0
2023-07-28 11:02:30,634.2,4018724,57,638.49,533467,1098120,-1.475842783905546,0
2023-07-28 11:02:32,634.2,4018789,106,638.49,533695,1099101,-1.475842783905546,0
2023-07-28 11:02:33,634.05,4018905,10,638.49,533951,1098926,-1.4991455647040688,0
2023-07-28 11:02:33,634.2,4018905,5,638.49,533951,1098926,-1.475842783905546,0
2023-07-28 11:02:34,634.2,4018954,2,638.49,533954,1098744,-1.475842783905546,0
2023-07-28 11:02:35,634.2,4019003,3,638.49,533273,1098809,-1.475842783905546,0
2023-07-28 11:02:36,634.15,4019062,50,638.49,533865,1098855,-1.4836103775050595,0
2023-07-28 11:02:37,634.0,4019394,18,638.49,533577,1099032,-1.5069131583035644,0
2023-07-28 11:02:38,634.15,4019443,20,638.49,533576,1098996,-1.4836103775050595,0
2023-07-28 11:02:40,634.15,4019654,10,638.49,533242,1100300,-1.4836103775050595,0
2023-07-28 11:02:40,634.2,4019688,10,638.49,533973,1100026,-1.475842783905546,0
2023-07-28 11:02:41,634.15,4019696,7,638.49,534822,1099301,-1.4836103775050595,0
2023-07-28 11:02:41,634.2,4019696,2,638.49,534822,1099301,-1.475842783905546,0
2023-07-28 11:02:43,634.2,4019698,2,638.49,535130,1099323,-1.475842783905546,0
2023-07-28 11:02:43,634.15,4019698,2,638.49,535130,1099323,-1.4836103775050595,0
2023-07-28 11:02:44,634.2,4019732,6,638.49,532802,1099778,-1.475842783905546,0
2023-07-28 11:02:45,634.15,4019762,9,638.49,533422,1099414,-1.4836103775050595,0
2023-07-28 11:02:45,634.1,4019762,28,638.49,533422,1099414,-1.4913779711045552,0
2023-07-28 11:02:46,634.2,4020084,2,638.49,533163,1099362,-1.475842783905546,0
2023-07-28 11:02:47,634.15,4020095,3,638.49,532411,1101636,-1.4836103775050595,0
2023-07-28 11:02:47,634.2,4020095,57,638.49,532411,1101636,-1.475842783905546,0
2023-07-28 11:02:48,634.15,4021746,2,638.49,532372,1100452,-1.4836103775050595,0
2023-07-28 11:02:48,634.15,4021746,15,638.49,532372,1100452,-1.4836103775050595,0
2023-07-28 11:02:49,634.15,4021876,30,638.49,533013,1100324,-1.4836103775050595,0
2023-07-28 11:02:50,634.1,4022111,10,638.49,533530,1100844,-1.4913779711045552,0
2023-07-28 11:02:50,634.1,4022111,15,638.49,533530,1100844,-1.4913779711045552,0
2023-07-28 11:02:51,634.0,4027586,199,638.48,532353,1104149,-1.5069131583035644,0
2023-07-28 11:02:51,634.0,4027586,31,638.48,532353,1104149,-1.5069131583035644,0
2023-07-28 11:02:52,634.0,4027628,1,638.48,532433,1102765,-1.5069131583035644,0
2023-07-28 11:02:52,634.0,4027628,222,638.48,532433,1102765,-1.5069131583035644,0
2023-07-28 11:02:52,633.9,4027928,1,638.48,532058,1103308,-1.5224483455025737,0
2023-07-28 11:02:53,634.0,4027930,3,638.48,532007,1103773,-1.5069131583035644,0
2023-07-28 11:02:55,634.0,4028070,100,638.48,532999,1103558,-1.5069131583035644,0
2023-07-28 11:02:55,634.0,4028070,100,638.48,532999,1103558,-1.5069131583035644,0
2023-07-28 11:02:56,633.75,4028573,31,638.48,533100,1103167,-1.5457511263010788,0
2023-07-28 11:02:57,633.95,4029097,1,638.48,532366,1100728,-1.5146807519030603,0
2023-07-28 11:02:57,633.95,4029097,10,638.48,532366,1100728,-1.5146807519030603,0
2023-07-28 11:02:59,633.8,4029242,18,638.48,532497,1100812,-1.5379835327015832,0
2023-07-28 11:03:00,633.8,4029267,1,638.48,533239,1101008,-1.5379835327015832,0
2023-07-28 11:03:01,633.8,4029381,58,638.48,531456,1102408,-1.5379835327015832,0
2023-07-28 11:03:01,633.9,4029436,3,638.48,531736,1102428,-1.5224483455025737,0
2023-07-28 11:03:03,633.9,4029445,2,638.48,532140,1100461,-1.5224483455025737,0
2023-07-28 11:03:03,633.9,4029445,18,638.48,532140,1100461,-1.5224483455025737,0
2023-07-28 11:03:03,633.9,4029478,18,638.48,532251,1101069,-1.5224483455025737,0
2023-07-28 11:03:05,633.8,4029487,5,638.48,532837,1101840,-1.5379835327015832,0
2023-07-28 11:03:05,633.9,4029487,113,638.48,532837,1101840,-1.5224483455025737,0
2023-07-28 11:03:06,633.75,4030368,1,638.48,533590,1101628,-1.5457511263010788,0
2023-07-28 11:03:06,633.95,4030368,117,638.48,533590,1101628,-1.5146807519030603,0
2023-07-28 11:03:07,633.95,4030542,5,638.48,533796,1101404,-1.5146807519030603,0
2023-07-28 11:03:08,633.95,4030552,10,638.48,533831,1101404,-1.5146807519030603,0
2023-07-28 11:03:08,633.95,4030552,1,638.48,533831,1101404,-1.5146807519030603,0
2023-07-28 11:03:08,633.95,4030553,1,638.48,534080,1101163,-1.5146807519030603,0
2023-07-28 11:03:08,633.85,4030553,35,638.48,534080,1101163,-1.5302159391020695,0
2023-07-28 11:03:10,633.8,4031783,44,638.48,534679,1100578,-1.5379835327015832,0
2023-07-28 11:03:10,633.8,4031783,44,638.48,534679,1100578,-1.5379835327015832,0
2023-07-28 11:03:11,633.95,4031833,50,638.48,534871,1100453,-1.5146807519030603,0
2023-07-28 11:03:11,633.8,4031833,1,638.48,534871,1100453,-1.5379835327015832,0
2023-07-28 11:03:13,633.95,4032075,6,638.48,535083,1099787,-1.5146807519030603,0
2023-07-28 11:03:13,634.0,4035239,361,638.47,534359,1099794,-1.5069131583035644,0
2023-07-28 11:03:15,634.1,4035363,36,638.47,534575,1102048,-1.4913779711045552,0
2023-07-28 11:03:15,634.1,4035363,36,638.47,534575,1102048,-1.4913779711045552,0
2023-07-28 11:03:15,634.1,4035363,36,638.47,534520,1102240,-1.4913779711045552,0
2023-07-28 11:03:17,634.0,4035377,4,638.47,534980,1100919,-1.5069131583035644,0
2023-07-28 11:03:17,633.9,4036444,10,638.47,533523,1104065,-1.5224483455025737,0
2023-07-28 11:03:17,633.8,4036444,15,638.47,533523,1104065,-1.5379835327015832,0
2023-07-28 11:03:19,633.9,4036489,1,638.47,533624,1103994,-1.5224483455025737,0
2023-07-28 11:03:20,633.85,4036539,45,638.47,532009,1103256,-1.5302159391020695,0
2023-07-28 11:03:20,633.85,4036541,2,638.47,532236,1103073,-1.5302159391020695,0
2023-07-28 11:03:22,633.95,4040094,1198,638.47,532290,1099282,-1.5146807519030603,0
2023-07-28 11:03:23,633.95,4040158,2,638.47,535161,1099774,-1.5146807519030603,0
2023-07-28 11:03:23,633.95,4040209,1,638.47,535630,1099708,-1.5146807519030603,0
2023-07-28 11:03:24,634.0,4040359,5,638.47,535561,1100716,-1.5069131583035644,0
2023-07-28 11:03:25,634.0,4040479,3,638.47,535468,1100190,-1.5069131583035644,0
2023-07-28 11:03:25,634.0,4040479,1,638.47,535468,1100190,-1.5069131583035644,0
2023-07-28 11:03:27,634.0,4040555,1,638.47,535423,1100514,-1.5069131583035644,0
2023-07-28 11:03:27,634.0,4040555,1,638.47,535423,1100514,-1.5069131583035644,0
2023-07-28 11:03:27,634.0,4040555,1,638.47,535641,1100288,-1.5069131583035644,0
2023-07-28 11:03:29,634.0,4040613,40,638.47,535920,1100231,-1.5069131583035644,0
2023-07-28 11:03:29,633.95,4040613,3,638.47,535920,1100231,-1.5146807519030603,0
2023-07-28 11:03:30,634.05,4040629,13,638.47,535925,1100286,-1.4991455647040688,0
2023-07-28 11:03:30,634.05,4040629,13,638.47,535925,1100286,-1.4991455647040688,0
2023-07-28 11:03:31,634.05,4040639,5,638.47,536222,1100206,-1.4991455647040688,0
2023-07-28 11:03:31,634.05,4040639,7,638.47,536222,1100206,-1.4991455647040688,0
2023-07-28 11:03:32,633.8,4042710,813,638.47,532684,1099397,-1.5379835327015832,0
2023-07-28 11:03:32,633.8,4042710,813,638.47,533364,1099267,-1.5379835327015832,0
2023-07-28 11:03:33,633.95,4042723,12,638.47,537428,1098811,-1.5146807519030603,0
2023-07-28 11:03:35,634.0,4042898,71,638.47,537375,1099525,-1.5069131583035644,0
2023-07-28 11:03:36,633.9,4042956,12,638.47,537126,1100568,-1.5224483455025737,0
2023-07-28 11:03:36,633.9,4042956,1,638.47,537126,1100568,-1.5224483455025737,0
2023-07-28 11:03:37,633.95,4044016,42,638.46,538689,1099588,-1.5146807519030603,0
2023-07-28 11:03:37,633.95,4044016,42,638.46,538689,1099588,-1.5146807519030603,0
2023-07-28 11:03:38,633.9,4044091,50,638.46,538894,1100053,-1.5224483455025737,0
2023-07-28 11:03:40,633.9,4044274,25,638.46,538865,1101502,-1.5224483455025737,0
2023-07-28 11:03:40,633.9,4044328,4,638.46,538940,1101374,-1.5224483455025737,0
2023-07-28 11:03:41,633.9,4044414,20,638.46,538863,1101481,-1.5224483455025737,0
2023-07-28 11:03:42,633.8,4044482,68,638.46,538802,1101481,-1.5379835327015832,0
2023-07-28 11:03:43,633.9,4044508,1,638.46,538754,1102007,-1.5224483455025737,0
2023-07-28 11:03:44,633.9,4044570,62,638.46,538682,1102369,-1.5224483455025737,0
2023-07-28 11:03:46,633.9,4044710,10,638.46,538917,1102154,-1.5224483455025737,0
2023-07-28 11:03:47,633.9,4044913,2,638.46,538570,1102809,-1.5224483455025737,0
2023-07-28 11:03:48,633.9,4044915,2,638.46,538419,1102807,-1.5224483455025737,0
2023-07-28 11:03:49,633.9,4044970,50,638.46,538357,1104924,-1.5224483455025737,0
2023-07-28 11:03:49,633.8,4044970,49,638.46,538357,1104924,-1.5379835327015832,0
2023-07-28 11:03:50,633.85,4046038,13,638.46,537111,1103162,-1.5302159391020695,0
2023-07-28 11:03:51,633.85,4046051,5,638.46,537600,1103218,-1.5302159391020695,0
2023-07-28 11:03:51,633.9,4046051,288,638.46,537600,1103218,-1.5224483455025737,0
2023-07-28 11:03:52,633.95,4047109,30,638.46,541164,1100952,-1.5146807519030603,0
2023-07-28 11:03:52,633.95,4047109,2,638.46,541164,1100952,-1.5146807519030603,0
2023-07-28 11:03:53,634.0,4047311,83,638.46,539719,1101580,-1.5069131583035644,0
2023-07-28 11:03:53,634.0,4047311,83,638.46,539719,1101580,-1.5069131583035644,0
2023-07-28 11:03:53,634.0,4047311,83,638.46,540254,1101616,-1.5069131583035644,0
2023-07-28 11:03:55,634.0,4047389,35,638.46,540464,1101616,-1.5069131583035644,0
2023-07-28 11:03:55,634.0,4047389,10,638.46,540464,1101616,-1.5069131583035644,0
2023-07-28 11:03:56,634.0,4047422,14,638.46,540730,1101063,-1.5069131583035644,0
2023-07-28 11:03:57,634.05,4048479,50,638.46,538557,1101324,-1.4991455647040688,0
2023-07-28 11:03:59,634.05,4048507,23,638.46,539401,1100978,-1.4991455647040688,0
2023-07-28 11:03:59,634.05,4048544,2,638.46,539965,1101297,-1.4991455647040688,0
2023-07-28 11:04:00,634.0,4048660,42,638.46,540364,1100909,-1.5069131583035644,0
2023-07-28 11:04:01,634.0,4048763,100,638.46,541563,1099894,-1.5069131583035644,0
2023-07-28 11:04:03,634.0,4048831,50,638.46,541847,1099853,-1.5069131583035644,0
2023-07-28 11:04:03,634.0,4048834,1,638.46,541729,1100449,-1.5069131583035644,0
2023-07-28 11:04:03,634.0,4048834,1,638.46,541729,1100449,-1.5069131583035644,0
2023-07-28 11:04:04,634.0,4048934,10,638.46,541773,1099982,-1.5069131583035644,0
2023-07-28 11:04:05,634.0,4048954,10,638.46,541719,1100112,-1.5069131583035644,0
2023-07-28 11:04:06,634.0,4048963,3,638.46,541750,1100290,-1.5069131583035644,0
2023-07-28 11:04:06,634.2,4048963,2,638.46,541750,1100290,-1.475842783905546,0
2023-07-28 11:04:08,634.3,4050525,50,638.46,542514,1097405,-1.4603075967065544,0
2023-07-28 11:04:10,634.4,4050772,65,638.46,540629,1098540,-1.4447724095075452,0
2023-07-28 11:04:10,634.4,4050786,13,638.46,541377,1098753,-1.4447724095075452,0
2023-07-28 11:04:10,634.4,4050786,1,638.46,541377,1098753,-1.4447724095075452,0
2023-07-28 11:04:10,634.25,4050786,1,638.46,541377,1098753,-1.46807519030605,0
2023-07-28 11:04:10,634.25,4050786,1,638.46,541377,1098753,-1.46807519030605,0
2023-07-28 11:04:13,634.0,4050856,2,638.46,541515,1100489,-1.5069131583035644,0
2023-07-28 11:04:15,634.0,4050899,7,638.46,541598,1100455,-1.5069131583035644,0
2023-07-28 11:04:15,634.0,4050899,7,638.46,541633,1100361,-1.5069131583035644,0
2023-07-28 11:04:16,634.0,4051368,38,638.46,541366,1101134,-1.5069131583035644,0
2023-07-28 11:04:18,634.3,4051397,4,638.46,540890,1100458,-1.4603075967065544,0
2023-07-28 11:04:19,634.3,4051408,1,638.46,539915,1101249,-1.4603075967065544,0
2023-07-28 11:04:19,634.2,4051414,6,638.46,542247,1100408,-1.475842783905546,0
2023-07-28 11:04:19,634.2,4051414,1,638.46,542247,1100408,-1.475842783905546,0
2023-07-28 11:04:20,634.2,4051427,30,638.46,543464,1100816,-1.475842783905546,0
2023-07-28 11:04:20,634.1,4051427,10,638.46,543464,1100816,-1.4913779711045552,0
2023-07-28 11:04:23,634.3,4051524,1,638.46,543622,1098508,-1.4603075967065544,0
2023-07-28 11:04:23,634.3,4051526,1,638.46,543126,1098116,-1.4603075967065544,0
2023-07-28 11:04:26,634.3,4051535,5,638.46,543264,1099682,-1.4603075967065544,0
2023-07-28 11:04:27,634.3,4051786,1,638.46,543668,1100013,-1.4603075967065544,0
2023-07-28 11:04:27,634.3,4052192,5,638.46,541858,1100313,-1.4603075967065544,0
2023-07-28 11:04:28,634.3,4052199,5,638.46,542103,1100306,-1.4603075967065544,0
2023-07-28 11:04:29,634.35,4052500,98,638.45,543288,1099393,-1.4525400031070408,0
2023-07-28 11:04:31,634.35,4052533,20,638.45,543781,1100887,-1.4525400031070408,0
2023-07-28 11:04:31,634.35,4052533,20,638.45,544011,1097317,-1.4525400031070408,0
2023-07-28 11:04:31,634.4,4052533,24,638.45,544216,1100696,-1.4447724095075452,0
2023-07-28 11:04:34,634.5,4053313,146,638.45,544700,1099209,-1.4292372223085357,0
2023-07-28 11:04:35,634.4,4053355,35,638.45,546441,1099510,-1.4447724095075452,0
2023-07-28 11:04:35,634.4,4053355,50,638.45,546441,1099510,-1.4447724095075452,0
2023-07-28 11:04:36,634.4,4053605,100,638.45,545082,1099771,-1.4447724095075452,0
2023-07-28 11:04:37,634.4,4053606,1,638.45,545085,1099845,-1.4447724095075452,0
2023-07-28 11:04:39,634.4,4053615,1,638.45,545024,1099761,-1.4447724095075452,0
2023-07-28 11:04:40,634.4,4053632,14,638.45,545050,1099871,-1.4447724095075452,0
2023-07-28 11:04:41,634.4,4053640,7,638.45,545076,1099938,-1.4447724095075452,0
2023-07-28 11:04:41,634.4,4053696,6,638.45,545121,1099886,-1.4447724095075452,0
2023-07-28 11:04:42,634.4,4053972,4,638.45,545136,1099753,-1.4447724095075452,0
2023-07-28 11:04:44,634.25,4055135,6,638.45,543960,1103279,-1.46807519030605,0
2023-07-28 11:04:44,634.25,4055135,25,638.45,543960,1103279,-1.46807519030605,0
2023-07-28 11:04:44,634.25,4056460,25,638.45,543176,1102666,-1.46807519030605,0
2023-07-28 11:04:46,634.25,4056472,5,638.45,543754,1102769,-1.46807519030605,0
2023-07-28 11:04:47,634.25,4056670,100,638.45,543580,1102448,-1.46807519030605,0
2023-07-28 11:04:47,634.25,4056754,15,638.45,543700,1101397,-1.46807519030605,0
2023-07-28 11:04:49,634.15,4057810,22,638.45,544880,1099538,-1.4836103775050595,0
2023-07-28 11:04:49,634.3,4057975,100,638.45,545493,1098980,-1.4603075967065544,0
2023-07-28 11:04:49,634.5,4057975,73,638.45,545493,1098980,-1.4292372223085357,0
2023-07-28 11:04:51,634.5,4059619,73,638.45,545111,1100888,-1.4292372223085357,0
2023-07-28 11:04:52,634.5,4059651,31,638.45,546630,1100822,-1.4292372223085357,0
2023-07-28 11:04:52,634.5,4059658,2,638.45,546780,1100815,-1.4292372223085357,0
2023-07-28 11:04:53,634.45,4060031,66,638.45,544188,1100556,-1.4370048159080315,0
2023-07-28 11:04:53,634.45,4060031,34,638.45,545972,1100289,-1.4370048159080315,0
2023-07-28 11:04:55,634.2,4060065,13,638.45,545438,1101219,-1.475842783905546,0
2023-07-28 11:04:57,634.4,4063736,1,638.44,545611,1099566,-1.4447724095075452,0
2023-07-28 11:04:57,634.4,4064005,1,638.44,545341,1099601,-1.4447724095075452,0
2023-07-28 11:04:58,634.4,4064006,1,638.44,546348,1100626,-1.4447724095075452,0
2023-07-28 11:05:00,634.45,4064090,15,638.44,547331,1100937,-1.4370048159080315,0
2023-07-28 11:05:00,634.45,4064090,15,638.44,547331,1100937,-1.4370048159080315,0
2023-07-28 11:05:01,634.45,4064191,27,638.44,547424,1101850,-1.4370048159080315,0
2023-07-28 11:05:01,634.2,4065692,567,638.44,546658,1101909,-1.475842783905546,0
2023-07-28 11:05:03,634.2,4065726,4,638.44,546934,1102693,-1.475842783905546,0
2023-07-28 11:05:03,634.2,4065893,10,638.44,546964,1103410,-1.475842783905546,0
2023-07-28 11:05:04,634.15,4066006,41,638.44,548370,1102997,-1.4836103775050595,0
2023-07-28 11:05:04,634.2,4066006,10,638.44,548370,1102997,-1.475842783905546,0
2023-07-28 11:05:06,634.1,4066623,24,638.44,546713,1102238,-1.4913779711045552,0
2023-07-28 11:05:06,634.1,4066623,24,638.44,546821,1102381,-1.4913779711045552,0
2023-07-28 11:05:06,634.2,4066623,10,638.44,546821,1102381,-1.475842783905546,0
2023-07-28 11:05:08,634.2,4066895,10,638.44,546809,1101530,-1.475842783905546,0
2023-07-28 11:05:10,634.05,4066999,2,638.44,547137,1102772,-1.4991455647040688,0
2023-07-28 11:05:10,634.05,4066999,136,638.44,547137,1102772,-1.4991455647040688,0
2023-07-28 11:05:11,634.2,4067528,2,638.44,547086,1103207,-1.475842783905546,0
2023-07-28 11:05:12,634.2,4067667,100,638.44,547715,1102790,-1.475842783905546,0
2023-07-28 11:05:13,634.2,4067693,80,638.44,547513,1102807,-1.475842783905546,0
2023-07-28 11:05:15,634.2,4067834,36,638.44,547957,1103028,-1.475842783905546,0
2023-07-28 11:05:15,634.2,4067834,1,638.44,547957,1103028,-1.475842783905546,0
2023-07-28 11:05:16,634.1,4068015,8,638.44,547358,1102668,-1.4913779711045552,0
2023-07-28 11:05:16,634.2,4068015,1,638.44,547358,1102668,-1.475842783905546,0
2023-07-28 11:05:17,634.2,4068018,4,638.44,547833,1101766,-1.475842783905546,0
2023-07-28 11:05:18,634.2,4068406,20,638.44,547771,1102904,-1.475842783905546,0
2023-07-28 11:05:18,634.2,4068406,20,638.44,549021,1102772,-1.475842783905546,0
2023-07-28 11:05:20,634.15,4068418,12,638.44,549182,1102772,-1.4836103775050595,0
2023-07-28 11:05:21,634.15,4068428,10,638.44,549190,1102636,-1.4836103775050595,0
2023-07-28 11:05:22,634.15,4068466,17,638.44,549193,1102771,-1.4836103775050595,0
2023-07-28 11:05:23,634.2,4068976,500,638.44,547849,1102466,-1.475842783905546,0
2023-07-28 11:05:23,634.2,4068976,500,638.44,547849,1102466,-1.475842783905546,0
2023-07-28 11:05:23,634.2,4068976,30,638.44,547849,1102466,-1.475842783905546,0
2023-07-28 11:05:24,634.2,4069101,30,638.44,548418,1104091,-1.475842783905546,0
2023-07-28 11:05:24,634.2,4069101,30,638.44,548991,1104091,-1.475842783905546,0
2023-07-28 11:05:24,634.2,4069101,30,638.44,548991,1104091,-1.475842783905546,0
2023-07-28 11:05:24,634.2,4069101,120,638.44,549156,1104055,-1.475842783905546,0
2023-07-28 11:05:27,634.25,4069236,5,638.44,549428,1104154,-1.46807519030605,0
2023-07-28 11:05:27,634.25,4069236,5,638.44,549428,1104154,-1.46807519030605,0
2023-07-28 11:05:28,634.25,4069248,2,638.44,550257,1103821,-1.46807519030605,0
2023-07-28 11:05:28,634.25,4069248,1,638.44,550257,1103821,-1.46807519030605,0
2023-07-28 11:05:30,634.25,4069261,4,638.44,549731,1103834,-1.46807519030605,0
2023-07-28 11:05:30,634.25,4069261,4,638.44,549731,1103834,-1.46807519030605,0
2023-07-28 11:05:31,634.3,4069404,65,638.44,550044,1103535,-1.4603075967065544,0
2023-07-28 11:05:31,634.3,4069404,93,638.44,550044,1103535,-1.4603075967065544,0
2023-07-28 11:05:32,634.3,4069529,10,638.44,550953,1103204,-1.4603075967065544,0
2023-07-28 11:05:32,634.3,4069529,10,638.44,550949,1103204,-1.4603075967065544,0
2023-07-28 11:05:33,634.25,4069536,5,638.44,551002,1103771,-1.46807519030605,0
2023-07-28 11:05:34,634.25,4072719,34,638.43,548898,1103613,-1.46807519030605,0
2023-07-28 11:05:35,634.25,4072760,5,638.43,549005,1103849,-1.46807519030605,0
2023-07-28 11:05:36,634.2,4072791,1,638.43,547942,1103742,-1.475842783905546,0
2023-07-28 11:05:38,634.2,4072879,20,638.43,549532,1103938,-1.475842783905546,0
2023-07-28 11:05:39,634.2,4072912,20,638.43,549290,1103314,-1.475842783905546,0
2023-07-28 11:05:39,634.15,4072912,2,638.43,549290,1103314,-1.4836103775050595,0
2023-07-28 11:05:40,634.45,4073123,59,638.43,549498,1104857,-1.4370048159080315,0
2023-07-28 11:05:42,634.45,4073260,1,638.43,549754,1104235,-1.4370048159080315,0
2023-07-28 11:05:42,634.45,4073260,4,638.43,549754,1104235,-1.4370048159080315,0
2023-07-28 11:05:43,634.45,4073267,1,638.43,550722,1103203,-1.4370048159080315,0
2023-07-28 11:05:43,634.3,4073267,5,638.43,550722,1103203,-1.4603075967065544,0
2023-07-28 11:05:44,634.45,4073275,1,638.43,550453,1103086,-1.4370048159080315,0
2023-07-28 11:05:45,634.45,4073276,1,638.43,550436,1102677,-1.4370048159080315,0
2023-07-28 11:05:46,634.45,4073297,1,638.43,548633,1102892,-1.4370048159080315,0
