2023-07-28 10:49:27,3356.45,672876,1,3362.13,120929,126456,-1.1907916041096374,0
2023-07-28 10:49:30,3356.15,674052,22,3362.12,121140,125573,-1.1996231858459183,0
2023-07-28 10:49:31,3357.5,674351,10,3362.11,121103,125772,-1.1598810680326206,0
2023-07-28 10:49:32,3357.4,674382,1,3362.11,120998,126090,-1.162824928611381,0
2023-07-28 10:49:33,3356.8,674387,2,3362.11,120965,126265,-1.1804880920839562,0
2023-07-28 10:49:34,3356.8,674388,1,3362.11,121050,126420,-1.1804880920839562,0
2023-07-28 10:49:34,3357.0,674388,175,3362.11,121050,126420,-1.1746003709264357,0
2023-07-28 10:49:35,3357.0,674564,175,3362.11,121115,126132,-1.1746003709264357,0
2023-07-28 10:49:36,3357.0,674581,17,3362.11,120838,126205,-1.1746003709264357,0
2023-07-28 10:49:36,3357.45,674581,1,3362.11,120838,126205,-1.1613529983220074,0
2023-07-28 10:49:37,3357.45,674584,1,3362.11,121014,126204,-1.1613529983220074,0
2023-07-28 10:49:39,3357.0,674590,1,3362.11,121002,126395,-1.1746003709264357,0
2023-07-28 10:49:39,3357.0,674590,1,3362.11,121002,126395,-1.1746003709264357,0
2023-07-28 10:49:39,3357.0,674590,1,3362.11,121078,126365,-1.1746003709264357,0
2023-07-28 10:49:39,3357.0,674590,175,3362.11,121078,126365,-1.1746003709264357,0
2023-07-28 10:49:42,3357.5,675641,95,3362.1,121569,126041,-1.1598810680326206,0
2023-07-28 10:49:42,3357.7,675641,19,3362.1,121569,126041,-1.1539933468751,0
2023-07-28 10:49:42,3357.45,675845,1,3362.1,121336,125882,-1.1613529983220074,0
2023-07-28 10:49:44,3357.0,675847,1,3362.1,121216,125877,-1.1746003709264357,0
2023-07-28 10:49:45,3357.0,675867,2,3362.1,121370,126054,-1.1746003709264357,0
2023-07-28 10:49:46,3357.0,676054,18,3362.1,121154,126219,-1.1746003709264357,0
2023-07-28 10:49:46,3357.0,676054,69,3362.1,121154,126219,-1.1746003709264357,0
2023-07-28 10:49:47,3357.0,676172,69,3362.1,121041,126036,-1.1746003709264357,0
2023-07-28 10:49:48,3357.0,676184,2,3362.1,121196,126173,-1.1746003709264357,0
2023-07-28 10:49:48,3357.3,676184,1,3362.1,121196,126173,-1.1657687891901412,0
2023-07-28 10:49:49,3357.4,676195,9,3362.1,121124,126139,-1.162824928611381,0
2023-07-28 10:49:49,3357.4,676195,6,3362.1,121124,126139,-1.162824928611381,0
2023-07-28 10:49:50,3357.4,676202,6,3362.1,120946,125846,-1.162824928611381,0
2023-07-28 10:49:50,3356.35,676202,1,3362.1,120946,125846,-1.1937354646883978,0
2023-07-28 10:49:51,3356.35,676203,1,3362.1,121055,126227,-1.1937354646883978,0
2023-07-28 10:49:51,3356.35,676203,1,3362.1,120820,125861,-1.1937354646883978,0
2023-07-28 10:49:51,3356.35,676203,1,3362.1,121117,126086,-1.1937354646883978,0
2023-07-28 10:49:51,3356.35,676203,1,3362.1,121117,126086,-1.1937354646883978,0
2023-07-28 10:49:51,3357.0,676203,4,3362.1,121117,126086,-1.1746003709264357,0
2023-07-28 10:49:56,3357.0,676207,1,3362.1,121156,126181,-1.1746003709264357,0
2023-07-28 10:49:57,3357.4,676209,1,3362.1,121199,126005,-1.162824928611381,0
2023-07-28 10:49:57,3357.4,676209,1,3362.1,121199,126005,-1.162824928611381,0
2023-07-28 10:49:58,3356.35,676219,1,3362.1,121096,125927,-1.1937354646883978,0
2023-07-28 10:49:58,3356.35,676220,1,3362.1,121190,126032,-1.1937354646883978,0
2023-07-28 10:49:58,3356.35,676220,1,3362.1,121192,126018,-1.1937354646883978,0
2023-07-28 10:49:58,3356.35,676220,1,3362.1,121192,126018,-1.1937354646883978,0
2023-07-28 10:50:01,3356.35,676221,1,3362.1,121058,126024,-1.1937354646883978,0
2023-07-28 10:50:01,3356.35,676221,2,3362.1,121058,126024,-1.1937354646883978,0
2023-07-28 10:50:03,3356.2,676229,3,3362.1,121050,126041,-1.1981512555565448,0
2023-07-28 10:50:03,3356.0,676229,1,3362.1,121050,126041,-1.2040389767140656,0
2023-07-28 10:50:03,3356.0,676230,1,3362.1,121031,126040,-1.2040389767140656,0
2023-07-28 10:50:03,3356.0,676230,1,3362.1,121154,126107,-1.2040389767140656,0
2023-07-28 10:50:03,3357.0,676230,40,3362.1,121154,126107,-1.1746003709264357,0
2023-07-28 10:50:05,3357.0,676270,40,3362.1,121123,126346,-1.1746003709264357,0
2023-07-28 10:50:07,3356.0,676449,76,3362.1,121065,126120,-1.2040389767140656,0
2023-07-28 10:50:07,3356.0,676503,5,3362.1,121010,126479,-1.2040389767140656,0
2023-07-28 10:50:08,3356.0,676727,20,3362.1,120996,126345,-1.2040389767140656,0
2023-07-28 10:50:09,3356.6,676751,1,3362.1,121013,126202,-1.18637581324149,0
2023-07-28 10:50:09,3356.0,676751,2,3362.1,121013,126202,-1.2040389767140656,0
2023-07-28 10:50:10,3356.0,676753,2,3362.1,121046,126357,-1.2040389767140656,0
2023-07-28 10:50:10,3356.0,676753,2,3362.1,121039,126152,-1.2040389767140656,0
2023-07-28 10:50:10,3356.0,676753,2,3362.1,121029,126152,-1.2040389767140656,0
2023-07-28 10:50:10,3356.0,676753,2,3362.1,120907,125952,-1.2040389767140656,0
2023-07-28 10:50:10,3356.0,676753,2,3362.1,120791,126257,-1.2040389767140656,0
2023-07-28 10:50:10,3356.9,676753,1,3362.1,120802,126082,-1.1775442315051958,0
2023-07-28 10:50:16,3356.9,676754,1,3362.1,120629,126234,-1.1775442315051958,0
2023-07-28 10:50:16,3356.9,676754,1,3362.1,120836,125888,-1.1775442315051958,0
2023-07-28 10:50:19,3356.6,676755,8,3362.1,120777,125887,-1.18637581324149,0
2023-07-28 10:50:20,3356.3,676763,1,3362.1,120773,125848,-1.195207394977771,0
2023-07-28 10:50:20,3356.3,676763,1,3362.1,120773,125848,-1.195207394977771,0
2023-07-28 10:50:21,3356.9,676780,10,3362.1,120744,126233,-1.1775442315051958,0
2023-07-28 10:50:21,3356.9,676780,10,3362.1,120744,126233,-1.1775442315051958,0
2023-07-28 10:50:22,3356.6,676785,2,3362.1,121015,125638,-1.18637581324149,0
2023-07-28 10:50:22,3356.65,676785,3,3362.1,121015,125638,-1.1849038829521032,0
2023-07-28 10:50:24,3356.65,676823,35,3362.09,121002,125984,-1.1849038829521032,0
2023-07-28 10:50:24,3356.0,676827,4,3362.09,121001,126033,-1.2040389767140656,0
2023-07-28 10:50:24,3356.0,676827,4,3362.09,121001,126033,-1.2040389767140656,0
2023-07-28 10:50:25,3356.75,676837,2,3362.09,121113,126070,-1.181960022373343,0
2023-07-28 10:50:26,3356.7,676868,3,3362.09,121114,126040,-1.18343195266273,0
2023-07-28 10:50:27,3356.0,676883,1,3362.09,120989,126115,-1.2040389767140656,0
2023-07-28 10:50:28,3356.0,677029,15,3362.09,121001,125970,-1.2040389767140656,0
2023-07-28 10:50:28,3356.0,677044,1,3362.09,121020,126018,-1.2040389767140656,0
2023-07-28 10:50:30,3357.0,677639,81,3362.09,121512,125828,-1.1746003709264357,0
2023-07-28 10:50:32,3357.0,677791,5,3362.09,121296,126035,-1.1746003709264357,0
2023-07-28 10:50:32,3357.0,677791,7,3362.09,121296,126035,-1.1746003709264357,0
2023-07-28 10:50:33,3357.45,677818,12,3362.09,121466,125860,-1.1613529983220074,0
2023-07-28 10:50:33,3357.45,677818,1,3362.09,121466,125860,-1.1613529983220074,0
2023-07-28 10:50:33,3357.45,677822,1,3362.09,121534,126013,-1.1613529983220074,0
2023-07-28 10:50:33,3357.45,677822,4,3362.09,121534,126013,-1.1613529983220074,0
2023-07-28 10:50:35,3357.45,677826,4,3362.09,121531,125844,-1.1613529983220074,0
2023-07-28 10:50:35,3357.4,677826,1,3362.09,121576,126019,-1.162824928611381,0
2023-07-28 10:50:36,3357.1,677827,1,3362.09,121576,126092,-1.1716565103476753,0
2023-07-28 10:50:38,3356.6,678021,10,3362.09,121321,125883,-1.18637581324149,0
2023-07-28 10:50:39,3356.35,678037,2,3362.09,121326,125845,-1.1937354646883978,0
2023-07-28 10:50:39,3357.4,678037,1,3362.09,121326,125845,-1.162824928611381,0
2023-07-28 10:50:40,3357.4,678046,1,3362.09,121346,125463,-1.162824928611381,0
2023-07-28 10:50:40,3357.45,678046,15,3362.09,121346,125463,-1.1613529983220074,0
2023-07-28 10:50:42,3357.4,678078,2,3362.09,121595,125608,-1.162824928611381,0
2023-07-28 10:50:42,3357.4,678083,1,3362.09,121392,125848,-1.162824928611381,0
2023-07-28 10:50:42,3357.5,678083,1,3362.09,121392,125848,-1.1598810680326206,0
2023-07-28 10:50:44,3357.55,678589,5,3362.08,121637,125504,-1.1584091377432337,0
2023-07-28 10:50:44,3356.35,678589,17,3362.08,121637,125504,-1.1937354646883978,0
2023-07-28 10:50:44,3356.25,678657,6,3362.08,121303,125923,-1.196679325267158,0
2023-07-28 10:50:45,3357.1,678768,104,3362.08,121358,125335,-1.1716565103476753,0
2023-07-28 10:50:45,3356.4,678768,2,3362.08,121358,125335,-1.192263534399011,0
2023-07-28 10:50:46,3356.4,678775,2,3362.08,121319,125731,-1.192263534399011,0
2023-07-28 10:50:46,3357.1,678775,1,3362.08,121319,125731,-1.1716565103476753,0
2023-07-28 10:50:48,3356.2,678781,1,3362.08,121245,125976,-1.1981512555565448,0
2023-07-28 10:50:48,3356.2,678781,1,3362.08,121245,125976,-1.1981512555565448,0
2023-07-28 10:50:48,3356.2,678781,1,3362.08,121194,125907,-1.1981512555565448,0
2023-07-28 10:50:48,3356.2,678781,1,3362.08,121232,125813,-1.1981512555565448,0
2023-07-28 10:50:48,3356.2,678781,1,3362.08,121235,125908,-1.1981512555565448,0
2023-07-28 10:50:52,3357.1,678786,5,3362.08,121006,125881,-1.1716565103476753,0
2023-07-28 10:50:52,3357.1,678786,3,3362.08,121006,125881,-1.1716565103476753,0
2023-07-28 10:50:54,3357.4,679040,3,3362.08,122100,125619,-1.162824928611381,0
2023-07-28 10:50:54,3356.25,679040,5,3362.08,122100,125619,-1.196679325267158,0
2023-07-28 10:50:55,3356.25,679066,5,3362.08,122179,125965,-1.196679325267158,0
2023-07-28 10:50:56,3357.5,679300,1,3362.08,122027,126002,-1.1598810680326206,0
2023-07-28 10:50:57,3356.2,679504,102,3362.08,122061,125796,-1.1981512555565448,0
2023-07-28 10:50:57,3357.45,679504,2,3362.08,122061,125796,-1.1613529983220074,0
2023-07-28 10:50:59,3356.2,679528,2,3362.07,122054,125934,-1.1981512555565448,0
2023-07-28 10:50:59,3357.1,679528,23,3362.07,122054,125934,-1.1716565103476753,0
2023-07-28 10:51:01,3356.8,679723,152,3362.07,121937,125481,-1.1804880920839562,0
2023-07-28 10:51:01,3356.2,679738,15,3362.07,122163,125486,-1.1981512555565448,0
2023-07-28 10:51:01,3357.2,679738,1,3362.07,122163,125486,-1.1687126497689149,0
2023-07-28 10:51:03,3357.2,679942,1,3362.07,122103,125712,-1.1687126497689149,0
2023-07-28 10:51:05,3356.4,679946,1,3362.07,121993,125915,-1.192263534399011,0
2023-07-28 10:51:05,3356.2,679946,16,3362.07,121993,125915,-1.1981512555565448,0
2023-07-28 10:51:05,3356.2,679962,16,3362.07,121795,125751,-1.1981512555565448,0
2023-07-28 10:51:06,3356.4,679963,1,3362.07,121996,125592,-1.192263534399011,0
2023-07-28 10:51:06,3356.2,679964,1,3362.07,121990,125605,-1.1981512555565448,0
2023-07-28 10:51:08,3356.95,679989,17,3362.07,122025,125590,-1.1760723012158225,0
2023-07-28 10:51:09,3356.2,680150,75,3362.07,121880,125693,-1.1981512555565448,0
2023-07-28 10:51:09,3356.2,680150,2,3362.07,121880,125693,-1.1981512555565448,0
2023-07-28 10:51:11,3357.0,680191,19,3362.07,121864,125629,-1.1746003709264357,0
2023-07-28 10:51:11,3357.0,680226,19,3362.07,122034,125505,-1.1746003709264357,0
2023-07-28 10:51:12,3356.95,680229,3,3362.07,121872,125355,-1.1760723012158225,0
2023-07-28 10:51:12,3356.0,680229,1,3362.07,121872,125355,-1.2040389767140656,0
2023-07-28 10:51:13,3357.0,680232,2,3362.07,121999,125506,-1.1746003709264357,0
2023-07-28 10:51:13,3357.0,680232,2,3362.07,121983,125506,-1.1746003709264357,0
2023-07-28 10:51:15,3356.0,680254,2,3362.07,121942,125314,-1.2040389767140656,0
2023-07-28 10:51:15,3356.0,680254,2,3362.07,121942,125314,-1.2040389767140656,0
2023-07-28 10:51:15,3356.0,680256,2,3362.07,121932,125488,-1.2040389767140656,0
2023-07-28 10:51:15,3357.1,680256,1,3362.07,121932,125488,-1.1716565103476753,0
2023-07-28 10:51:17,3357.1,680258,1,3362.07,121902,125487,-1.1716565103476753,0
2023-07-28 10:51:18,3356.0,680259,1,3362.07,121693,125696,-1.2040389767140656,0
2023-07-28 10:51:18,3357.1,680259,127,3362.07,121693,125696,-1.1716565103476753,0
2023-07-28 10:51:19,3357.1,680386,127,3362.07,121780,125813,-1.1716565103476753,0
2023-07-28 10:51:21,3357.25,680596,2,3362.07,122252,125750,-1.167240719479528,0
2023-07-28 10:51:21,3356.45,680596,19,3362.07,122252,125750,-1.1907916041096374,0
2023-07-28 10:51:22,3357.35,680792,19,3362.07,122325,125871,-1.1642968589007678,0
2023-07-28 10:51:23,3356.2,680796,2,3362.07,122076,125654,-1.1981512555565448,0
2023-07-28 10:51:24,3356.2,680814,13,3362.06,122268,125412,-1.1981512555565448,0
2023-07-28 10:51:26,3357.3,680869,17,3362.06,122303,125400,-1.1657687891901412,0
2023-07-28 10:51:26,3356.2,680869,116,3362.06,122303,125400,-1.1981512555565448,0
2023-07-28 10:51:27,3356.2,681133,2,3362.06,122104,125331,-1.1981512555565448,0
2023-07-28 10:51:28,3356.2,681140,1,3362.06,121927,125460,-1.1981512555565448,0
2023-07-28 10:51:29,3357.4,681146,3,3362.06,122101,125611,-1.162824928611381,0
2023-07-28 10:51:29,3357.4,681146,3,3362.06,121914,125634,-1.162824928611381,0
2023-07-28 10:51:31,3357.4,681166,17,3362.06,122190,125574,-1.162824928611381,0
2023-07-28 10:51:31,3356.2,681166,3,3362.06,122190,125574,-1.1981512555565448,0
2023-07-28 10:51:32,3356.2,681171,1,3362.06,122192,125571,-1.1981512555565448,0
2023-07-28 10:51:33,3357.4,681174,1,3362.06,122228,125567,-1.162824928611381,0
2023-07-28 10:51:33,3357.4,681175,1,3362.06,122246,125567,-1.162824928611381,0
2023-07-28 10:51:33,3357.4,681175,1,3362.06,122352,125748,-1.162824928611381,0
2023-07-28 10:51:33,3357.0,681175,3,3362.06,122316,125825,-1.1746003709264357,0
2023-07-28 10:51:37,3357.0,681179,1,3362.06,122279,125745,-1.1746003709264357,0
2023-07-28 10:51:38,3356.2,681180,1,3362.06,122103,125770,-1.1981512555565448,0
2023-07-28 10:51:39,3357.0,681182,2,3362.06,122317,125780,-1.1746003709264357,0
2023-07-28 10:51:41,3357.0,681187,5,3362.06,122288,126133,-1.1746003709264357,0
2023-07-28 10:51:41,3357.0,681187,30,3362.06,122288,126133,-1.1746003709264357,0
2023-07-28 10:51:42,3357.0,681336,1,3362.06,122541,125989,-1.1746003709264357,0
2023-07-28 10:51:43,3356.85,681519,9,3362.06,122444,125835,-1.1790161617945827,0
2023-07-28 10:51:43,3356.2,681519,23,3362.06,122444,125835,-1.1981512555565448,0
2023-07-28 10:51:44,3356.2,681723,23,3362.06,122467,125748,-1.1981512555565448,0
2023-07-28 10:51:44,3357.4,681723,28,3362.06,122467,125748,-1.162824928611381,0
2023-07-28 10:51:46,3356.8,681833,9,3362.06,122441,125706,-1.1804880920839562,0
2023-07-28 10:51:46,3357.35,681852,10,3362.06,122256,125521,-1.1642968589007678,0
2023-07-28 10:51:47,3356.2,681854,2,3362.06,122429,125547,-1.1981512555565448,0
2023-07-28 10:51:47,3356.2,681854,2,3362.06,122183,125483,-1.1981512555565448,0
2023-07-28 10:51:47,3356.2,681854,2,3362.06,122305,125626,-1.1981512555565448,0
2023-07-28 10:51:47,3356.05,681854,22,3362.06,122305,125626,-1.2025670464246787,0
2023-07-28 10:51:52,3357.15,681990,1,3362.06,122343,125681,-1.1701845800582884,0
2023-07-28 10:51:54,3356.95,682009,2,3362.06,122291,125624,-1.1760723012158225,0
2023-07-28 10:51:54,3356.0,682009,1,3362.06,122291,125624,-1.2040389767140656,0
2023-07-28 10:51:56,3356.05,682042,3,3362.06,122310,125610,-1.2025670464246787,0
2023-07-28 10:51:57,3357.15,682046,1,3362.06,122358,125801,-1.1701845800582884,0
2023-07-28 10:51:57,3357.15,682046,1,3362.06,122408,125819,-1.1701845800582884,0
2023-07-28 10:52:00,3356.95,682047,1,3362.06,122402,125752,-1.1760723012158225,0
2023-07-28 10:52:00,3357.0,682047,15,3362.06,122402,125752,-1.1746003709264357,0
2023-07-28 10:52:01,3356.0,682220,79,3362.05,122185,125514,-1.2040389767140656,0
2023-07-28 10:52:02,3357.15,682239,2,3362.05,122125,125819,-1.1701845800582884,0
2023-07-28 10:52:03,3356.85,682261,18,3362.05,126032,125845,-1.1790161617945827,0
2023-07-28 10:52:03,3356.5,682261,1,3362.05,126032,125845,-1.1893196738202505,0
2023-07-28 10:52:04,3356.5,682263,1,3362.05,126272,125856,-1.1893196738202505,0
2023-07-28 10:52:04,3356.5,682263,1,3362.05,126351,125863,-1.1893196738202505,0
2023-07-28 10:52:04,3357.25,682263,1,3362.05,126371,125571,-1.167240719479528,0
2023-07-28 10:52:07,3357.25,682264,1,3362.05,126338,125480,-1.167240719479528,0
2023-07-28 10:52:07,3356.2,682264,4,3362.05,126338,125480,-1.1981512555565448,0
2023-07-28 10:52:09,3356.2,682268,4,3362.05,126334,125306,-1.1981512555565448,0
2023-07-28 10:52:09,3357.25,682271,2,3362.05,126398,125449,-1.167240719479528,0
2023-07-28 10:52:09,3357.25,682271,2,3362.05,126442,125313,-1.167240719479528,0
2023-07-28 10:52:11,3357.3,682301,19,3362.05,126374,126216,-1.1657687891901412,0
2023-07-28 10:52:11,3356.5,682302,2,3362.05,126029,125850,-1.1893196738202505,0
2023-07-28 10:52:12,3356.5,682304,2,3362.05,126066,126195,-1.1893196738202505,0
2023-07-28 10:52:12,3357.15,682304,9,3362.05,126066,126195,-1.1701845800582884,0
2023-07-28 10:52:14,3357.15,682314,9,3362.05,126541,125884,-1.1701845800582884,0
2023-07-28 10:52:15,3357.4,682470,13,3362.05,126120,125847,-1.162824928611381,0
2023-07-28 10:52:17,3357.4,682644,20,3362.05,126265,125360,-1.162824928611381,0
2023-07-28 10:52:17,3356.05,682644,17,3362.05,126265,125360,-1.2025670464246787,0
2023-07-28 10:52:17,3356.05,682661,17,3362.05,126248,126353,-1.2025670464246787,0
2023-07-28 10:52:18,3356.0,682663,2,3362.05,126287,126825,-1.2040389767140656,0
2023-07-28 10:52:18,3356.5,682663,10,3362.05,126287,126825,-1.1893196738202505,0
2023-07-28 10:52:19,3356.5,682673,10,3362.05,126293,126827,-1.1893196738202505,0
2023-07-28 10:52:21,3356.0,682860,17,3362.05,126042,126503,-1.2040389767140656,0
2023-07-28 10:52:21,3357.2,682860,1,3362.05,126042,126503,-1.1687126497689149,0
2023-07-28 10:52:21,3357.2,682863,1,3362.05,126134,126480,-1.1687126497689149,0
2023-07-28 10:52:21,3357.2,682863,17,3362.05,126134,126480,-1.1687126497689149,0
2023-07-28 10:52:22,3356.0,682880,2,3362.05,126128,126481,-1.2040389767140656,0
2023-07-28 10:52:24,3357.15,686536,23,3362.02,125469,126920,-1.1701845800582884,0
2023-07-28 10:52:24,3357.5,686536,17,3362.02,125469,126920,-1.1598810680326206,0
2023-07-28 10:52:25,3356.2,687447,64,3362.02,125755,126761,-1.1981512555565448,0
2023-07-28 10:52:26,3357.45,687571,2,3362.02,125707,126567,-1.1613529983220074,0
2023-07-28 10:52:27,3357.4,687811,14,3362.01,125839,126630,-1.162824928611381,0
2023-07-28 10:52:27,3357.4,687811,94,3362.01,125839,126630,-1.162824928611381,0
2023-07-28 10:52:29,3356.05,687946,3,3362.01,125844,126546,-1.2025670464246787,0
2023-07-28 10:52:30,3356.05,687947,1,3362.01,125760,126903,-1.2025670464246787,0
2023-07-28 10:52:30,3356.05,687947,1,3362.01,125760,126903,-1.2025670464246787,0
2023-07-28 10:52:31,3356.05,687948,1,3362.01,125752,126969,-1.2025670464246787,0
2023-07-28 10:52:32,3357.0,687975,2,3362.01,125490,126818,-1.1746003709264357,0
2023-07-28 10:52:33,3356.0,687977,2,3362.01,125663,126813,-1.2040389767140656,0
2023-07-28 10:52:33,3356.0,687977,1,3362.01,125663,126813,-1.2040389767140656,0
2023-07-28 10:52:34,3356.0,687978,1,3362.01,125643,127021,-1.2040389767140656,0
2023-07-28 10:52:34,3356.0,687978,1,3362.01,125668,126670,-1.2040389767140656,0
2023-07-28 10:52:36,3357.0,688122,20,3362.01,125649,126769,-1.1746003709264357,0
2023-07-28 10:52:36,3356.0,688122,14,3362.01,125649,126769,-1.2040389767140656,0
2023-07-28 10:52:38,3356.0,688143,2,3362.01,125166,127059,-1.2040389767140656,0
2023-07-28 10:52:38,3356.0,688143,2,3362.01,125147,127064,-1.2040389767140656,0
2023-07-28 10:52:41,3356.0,688147,1,3362.01,125143,127066,-1.2040389767140656,0
2023-07-28 10:52:41,3356.0,688147,30,3362.01,125143,127066,-1.2040389767140656,0
2023-07-28 10:52:42,3356.0,691623,100,3361.98,122755,126092,-1.2040389767140656,0
2023-07-28 10:52:43,3356.1,692484,5,3361.97,124592,126237,-1.2010951161353052,0
2023-07-28 10:52:43,3356.05,692484,6,3361.97,124592,126237,-1.2025670464246787,0
2023-07-28 10:52:44,3355.9,692621,51,3361.97,124498,126090,-1.2069828372928257,0
2023-07-28 10:52:44,3355.9,692635,1,3361.97,124418,126271,-1.2069828372928257,0
2023-07-28 10:52:44,3355.9,692636,1,3361.97,124456,126488,-1.2069828372928257,0
2023-07-28 10:52:44,3355.9,692636,1,3361.97,124305,126125,-1.2069828372928257,0
2023-07-28 10:52:44,3357.0,692636,1,3361.97,124305,126125,-1.1746003709264357,0
2023-07-28 10:52:47,3355.9,692645,1,3361.97,124274,126489,-1.2069828372928257,0
2023-07-28 10:52:47,3357.0,692647,1,3361.97,124442,126151,-1.1746003709264357,0
2023-07-28 10:52:48,3355.9,692648,1,3361.97,124377,126764,-1.2069828372928257,0
2023-07-28 10:52:50,3357.0,692675,1,3361.97,124305,126428,-1.1746003709264357,0
2023-07-28 10:52:51,3355.9,692677,2,3361.97,124270,126555,-1.2069828372928257,0
2023-07-28 10:52:53,3356.75,692681,3,3361.97,124364,126984,-1.181960022373343,0
2023-07-28 10:52:53,3356.75,692681,3,3361.97,124364,126984,-1.181960022373343,0
2023-07-28 10:52:53,3356.75,692681,3,3361.97,124356,126802,-1.181960022373343,0
2023-07-28 10:52:54,3357.0,693186,124,3361.97,124314,126570,-1.1746003709264357,0
2023-07-28 10:52:54,3356.75,693186,144,3361.97,124314,126570,-1.181960022373343,0
2023-07-28 10:52:55,3356.75,693380,144,3361.97,124331,126577,-1.181960022373343,0
2023-07-28 10:52:55,3356.75,693380,19,3361.97,124331,126577,-1.181960022373343,0
2023-07-28 10:52:56,3356.75,693430,19,3361.97,124220,126305,-1.181960022373343,0
2023-07-28 10:52:56,3357.0,693430,1,3361.97,124220,126305,-1.1746003709264357,0
2023-07-28 10:52:58,3357.1,693683,4,3361.97,124141,126520,-1.1716565103476753,0
2023-07-28 10:52:59,3357.1,693702,4,3361.97,124044,126284,-1.1716565103476753,0
2023-07-28 10:52:59,3356.0,693708,1,3361.97,124116,126396,-1.2040389767140656,0
2023-07-28 10:53:01,3356.0,693709,1,3361.97,124156,126272,-1.2040389767140656,0
2023-07-28 10:53:01,3355.9,693709,412,3361.97,124243,126228,-1.2069828372928257,0
2023-07-28 10:53:01,3356.95,693709,1,3361.97,124243,126228,-1.1760723012158225,0
2023-07-28 10:53:04,3355.9,694376,57,3361.96,124108,126082,-1.2069828372928257,0
2023-07-28 10:53:05,3356.8,694400,3,3361.96,124073,126602,-1.1804880920839562,0
2023-07-28 10:53:05,3355.9,694400,3,3361.96,124073,126602,-1.2069828372928257,0
2023-07-28 10:53:06,3355.9,694403,3,3361.96,124152,126724,-1.2069828372928257,0
2023-07-28 10:53:06,3356.9,694403,1,3361.96,124211,126513,-1.1775442315051958,0
2023-07-28 10:53:08,3356.9,694404,1,3361.96,124178,126564,-1.1775442315051958,0
2023-07-28 10:53:08,3356.9,694404,1,3361.96,124242,126564,-1.1775442315051958,0
2023-07-28 10:53:11,3356.0,694434,3,3361.96,124288,126537,-1.2040389767140656,0
2023-07-28 10:53:13,3356.6,694439,1,3361.96,124235,126715,-1.18637581324149,0
2023-07-28 10:53:13,3356.6,694451,7,3361.96,124239,126706,-1.18637581324149,0
2023-07-28 10:53:14,3356.0,694452,1,3361.96,124238,126708,-1.2040389767140656,0
2023-07-28 10:53:14,3356.0,694452,1,3361.96,124250,126706,-1.2040389767140656,0
2023-07-28 10:53:14,3356.6,694452,4,3361.96,124250,126706,-1.18637581324149,0
2023-07-28 10:53:16,3356.8,694833,45,3361.96,124428,126522,-1.1804880920839562,0
2023-07-28 10:53:16,3356.6,694833,11,3361.96,124428,126522,-1.18637581324149,0
2023-07-28 10:53:18,3356.35,694852,4,3361.96,124217,126613,-1.1937354646883978,0
2023-07-28 10:53:19,3356.15,694878,1,3361.96,124263,126631,-1.1996231858459183,0
2023-07-28 10:53:20,3355.95,694961,1,3361.96,124320,126522,-1.2055109070034524,0
2023-07-28 10:53:20,3355.95,694961,1,3361.96,124320,126522,-1.2055109070034524,0
2023-07-28 10:53:21,3356.85,694989,20,3361.96,124239,126578,-1.1790161617945827,0
2023-07-28 10:53:21,3356.85,694989,3,3361.96,124239,126578,-1.1790161617945827,0
2023-07-28 10:53:22,3356.85,694996,3,3361.96,124226,126502,-1.1790161617945827,0
2023-07-28 10:53:24,3355.9,694997,1,3361.96,124260,126510,-1.2069828372928257,0
2023-07-28 10:53:24,3355.9,694997,1,3361.96,124260,126510,-1.2069828372928257,0
2023-07-28 10:53:24,3356.85,695000,2,3361.96,124109,126333,-1.1790161617945827,0
2023-07-28 10:53:24,3356.85,695000,2,3361.96,124109,126333,-1.1790161617945827,0
2023-07-28 10:53:26,3356.6,695149,149,3361.95,124240,126407,-1.18637581324149,0
2023-07-28 10:53:26,3356.6,695149,20,3361.95,124240,126407,-1.18637581324149,0
2023-07-28 10:53:27,3355.9,695202,5,3361.95,124220,126507,-1.2069828372928257,0
2023-07-28 10:53:27,3355.9,695202,5,3361.95,124220,126507,-1.2069828372928257,0
2023-07-28 10:53:28,3355.9,695214,1,3361.95,124220,126498,-1.2069828372928257,0
2023-07-28 10:53:29,3356.35,695268,40,3361.95,124168,126673,-1.1937354646883978,0
2023-07-28 10:53:31,3356.5,695338,30,3361.95,124150,126639,-1.1893196738202505,0
2023-07-28 10:53:31,3356.35,695338,11,3361.95,124150,126639,-1.1937354646883978,0
2023-07-28 10:53:31,3356.35,695456,11,3361.95,124354,126306,-1.1937354646883978,0
2023-07-28 10:53:31,3356.5,695456,11,3361.95,124354,126306,-1.1893196738202505,0
2023-07-28 10:53:33,3357.0,695486,5,3361.95,124418,126414,-1.1746003709264357,0
2023-07-28 10:53:33,3356.5,695489,3,3361.95,124409,126414,-1.1893196738202505,0
2023-07-28 10:53:33,3356.5,695489,1,3361.95,124409,126414,-1.1893196738202505,0
2023-07-28 10:53:35,3355.95,695560,37,3361.95,123375,126567,-1.2055109070034524,0
2023-07-28 10:53:35,3355.9,695649,3,3361.95,124158,126345,-1.2069828372928257,0
2023-07-28 10:53:36,3356.5,695668,10,3361.95,124195,126608,-1.1893196738202505,0
2023-07-28 10:53:36,3355.9,695668,5,3361.95,124195,126608,-1.2069828372928257,0
2023-07-28 10:53:37,3356.65,695680,5,3361.95,124266,126641,-1.1849038829521032,0
2023-07-28 10:53:38,3355.9,695840,111,3361.95,124047,126800,-1.2069828372928257,0
2023-07-28 10:53:39,3356.05,695880,8,3361.95,124166,126675,-1.2025670464246787,0
2023-07-28 10:53:39,3356.1,695880,4,3361.95,124166,126675,-1.2010951161353052,0
2023-07-28 10:53:40,3356.1,695888,118,3361.95,124189,126808,-1.2010951161353052,0
2023-07-28 10:53:41,3356.1,696037,118,3361.95,124141,127178,-1.2010951161353052,0
2023-07-28 10:53:41,3356.45,696037,2,3361.95,124141,127178,-1.1907916041096374,0
2023-07-28 10:53:42,3355.8,696434,94,3361.94,124089,127380,-1.2099266978715861,0
2023-07-28 10:53:43,3355.8,696567,9,3361.94,123985,126677,-1.2099266978715861,0
2023-07-28 10:53:43,3356.45,696567,108,3361.94,123985,126677,-1.1907916041096374,0
2023-07-28 10:53:45,3355.9,696701,10,3361.94,124016,126629,-1.2069828372928257,0
2023-07-28 10:53:45,3355.9,696701,3,3361.94,124016,126629,-1.2069828372928257,0
2023-07-28 10:53:46,3355.9,696715,1,3361.94,123939,127086,-1.2069828372928257,0
2023-07-28 10:53:46,3355.9,696715,1,3361.94,123994,126844,-1.2069828372928257,0
2023-07-28 10:53:46,3355.9,696715,1,3361.94,124002,127015,-1.2069828372928257,0
2023-07-28 10:53:46,3356.35,696715,2,3361.94,124002,127015,-1.1937354646883978,0
2023-07-28 10:53:49,3356.1,696729,1,3361.94,124066,127025,-1.2010951161353052,0
2023-07-28 10:53:49,3356.1,696731,1,3361.94,124010,126858,-1.2010951161353052,0
2023-07-28 10:53:49,3356.4,696731,1,3361.94,124059,126859,-1.192263534399011,0
2023-07-28 10:53:52,3356.4,696732,1,3361.94,123905,127011,-1.192263534399011,0
2023-07-28 10:53:52,3356.4,696732,1,3361.94,123683,127011,-1.192263534399011,0
2023-07-28 10:53:55,3356.3,696737,5,3361.94,123858,127181,-1.195207394977771,0
2023-07-28 10:53:55,3355.9,696737,1,3361.94,123858,127181,-1.2069828372928257,0
2023-07-28 10:53:56,3356.3,696768,19,3361.94,123922,127130,-1.195207394977771,0
2023-07-28 10:53:57,3356.3,696772,1,3361.94,124075,127201,-1.195207394977771,0
2023-07-28 10:53:57,3356.3,696772,1,3361.94,124075,127201,-1.195207394977771,0
2023-07-28 10:53:58,3356.3,696904,1,3361.94,124009,127282,-1.195207394977771,0
2023-07-28 10:53:58,3355.8,696904,12,3361.94,124009,127282,-1.2099266978715861,0
2023-07-28 10:54:00,3356.3,697106,1,3361.94,124193,126845,-1.195207394977771,0
2023-07-28 10:54:00,3355.8,697106,16,3361.94,124193,126845,-1.2099266978715861,0
2023-07-28 10:54:01,3356.3,697125,1,3361.94,123871,127173,-1.195207394977771,0
2023-07-28 10:54:02,3356.3,697128,1,3361.94,123890,127210,-1.195207394977771,0
2023-07-28 10:54:03,3356.45,697144,10,3361.94,123918,127115,-1.1907916041096374,0
2023-07-28 10:54:03,3355.8,697144,1,3361.94,123918,127115,-1.2099266978715861,0
2023-07-28 10:54:05,3355.8,697148,3,3361.94,123914,127023,-1.2099266978715861,0
2023-07-28 10:54:05,3355.8,697149,1,3361.94,123914,127211,-1.2099266978715861,0
2023-07-28 10:54:06,3356.45,697332,100,3361.94,123922,127284,-1.1907916041096374,0
2023-07-28 10:54:06,3355.8,697332,21,3361.94,123922,127284,-1.2099266978715861,0
2023-07-28 10:54:07,3355.8,697371,10,3361.94,123869,127408,-1.2099266978715861,0
2023-07-28 10:54:09,3356.35,697386,1,3361.94,123850,127362,-1.1937354646883978,0
2023-07-28 10:54:09,3355.8,697386,1,3361.94,123850,127362,-1.2099266978715861,0
2023-07-28 10:54:10,3355.8,697388,1,3361.94,123843,127081,-1.2099266978715861,0
2023-07-28 10:54:11,3356.35,697419,19,3361.94,123844,127469,-1.1937354646883978,0
2023-07-28 10:54:11,3356.0,697422,3,3361.94,123833,127684,-1.2040389767140656,0
2023-07-28 10:54:13,3356.35,697425,2,3361.94,123873,127500,-1.1937354646883978,0
2023-07-28 10:54:13,3356.35,697425,2,3361.94,123868,127742,-1.1937354646883978,0
2023-07-28 10:54:16,3355.8,697779,5,3361.93,123853,127389,-1.2099266978715861,0
2023-07-28 10:54:16,3356.45,697779,28,3361.93,123853,127389,-1.1907916041096374,0
2023-07-28 10:54:16,3356.45,697865,28,3361.93,124068,127604,-1.1907916041096374,0
2023-07-28 10:54:17,3356.45,698235,138,3361.93,124097,127863,-1.1907916041096374,0
2023-07-28 10:54:17,3356.4,698235,37,3361.93,124097,127863,-1.192263534399011,0
2023-07-28 10:54:18,3356.4,698272,1,3361.93,124063,127863,-1.192263534399011,0
2023-07-28 10:54:20,3356.45,698609,151,3361.93,124051,127648,-1.1907916041096374,0
2023-07-28 10:54:20,3356.45,698733,15,3361.92,124015,127669,-1.1907916041096374,0
2023-07-28 10:54:21,3355.9,698769,3,3361.92,123984,127453,-1.2069828372928257,0
2023-07-28 10:54:21,3356.45,698769,3,3361.92,123984,127453,-1.1907916041096374,0
2023-07-28 10:54:22,3356.45,698783,3,3361.92,122918,127727,-1.1907916041096374,0
2023-07-28 10:54:23,3356.0,698784,1,3361.92,124022,127857,-1.2040389767140656,0
2023-07-28 10:54:23,3356.0,698784,1,3361.92,124022,127857,-1.2040389767140656,0
2023-07-28 10:54:23,3356.3,698784,5,3361.92,124022,127857,-1.195207394977771,0
2023-07-28 10:54:25,3355.8,698790,1,3361.92,124024,127851,-1.2099266978715861,0
2023-07-28 10:54:26,3356.25,698823,20,3361.92,124001,127550,-1.196679325267158,0
2023-07-28 10:54:26,3355.8,698823,3,3361.92,124001,127550,-1.2099266978715861,0
2023-07-28 10:54:27,3355.8,698826,3,3361.92,124014,127568,-1.2099266978715861,0
2023-07-28 10:54:27,3355.8,698826,3,3361.92,124015,127387,-1.2099266978715861,0
2023-07-28 10:54:27,3355.8,698826,3,3361.92,124015,127387,-1.2099266978715861,0
2023-07-28 10:54:31,3355.8,698828,1,3361.92,124020,127369,-1.2099266978715861,0
2023-07-28 10:54:31,3355.8,698829,1,3361.92,124034,127479,-1.2099266978715861,0
2023-07-28 10:54:33,3355.8,699032,18,3361.92,123908,127596,-1.2099266978715861,0
2023-07-28 10:54:33,3356.1,699032,1,3361.92,123908,127596,-1.2010951161353052,0
2023-07-28 10:54:34,3355.85,699034,1,3361.92,123966,127419,-1.2084547675822126,0
2023-07-28 10:54:34,3355.85,699034,1,3361.92,124002,127423,-1.2084547675822126,0
2023-07-28 10:54:37,3355.8,699039,1,3361.92,123987,127776,-1.2099266978715861,0
2023-07-28 10:54:38,3355.8,699215,17,3361.92,123949,127790,-1.2099266978715861,0
2023-07-28 10:54:38,3355.8,699232,17,3361.92,124075,127660,-1.2099266978715861,0
2023-07-28 10:54:38,3355.8,699232,2,3361.92,124075,127660,-1.2099266978715861,0
2023-07-28 10:54:39,3355.8,699234,2,3361.92,124083,127819,-1.2099266978715861,0
2023-07-28 10:54:41,3356.45,699264,16,3361.92,124089,127627,-1.1907916041096374,0
2023-07-28 10:54:41,3356.45,699264,77,3361.92,124089,127627,-1.1907916041096374,0
2023-07-28 10:54:42,3355.8,699344,8,3361.92,124079,127880,-1.2099266978715861,0
2023-07-28 10:54:43,3355.8,699352,1,3361.92,124065,128180,-1.2099266978715861,0
2023-07-28 10:54:44,3355.8,699353,1,3361.92,124075,128192,-1.2099266978715861,0
2023-07-28 10:54:45,3356.45,699361,8,3361.92,124070,128198,-1.1907916041096374,0
2023-07-28 10:54:45,3355.8,699361,1,3361.92,124070,128198,-1.2099266978715861,0
2023-07-28 10:54:46,3355.8,699362,1,3361.92,124148,128200,-1.2099266978715861,0
2023-07-28 10:54:46,3355.8,699362,2,3361.92,124148,128200,-1.2099266978715861,0
2023-07-28 10:54:47,3355.8,699364,2,3361.92,124061,128226,-1.2099266978715861,0
2023-07-28 10:54:47,3356.45,699364,1,3361.92,124061,128226,-1.1907916041096374,0
2023-07-28 10:54:49,3356.45,699365,2,3361.92,124120,128526,-1.1907916041096374,0
2023-07-28 10:54:49,3356.45,699365,1,3361.92,124120,128526,-1.1907916041096374,0
2023-07-28 10:54:49,3356.45,699365,25,3361.92,124120,128526,-1.1907916041096374,0
2023-07-28 10:54:53,3356.45,699395,25,3361.92,124161,128385,-1.1907916041096374,0
2023-07-28 10:54:53,3355.8,699395,2,3361.92,124161,128385,-1.2099266978715861,0
2023-07-28 10:54:54,3356.45,699397,1,3361.92,124157,128967,-1.1907916041096374,0
2023-07-28 10:54:55,3356.45,699399,1,3361.92,124275,128961,-1.1907916041096374,0
2023-07-28 10:54:55,3356.45,699399,19,3361.92,124275,128961,-1.1907916041096374,0
2023-07-28 10:54:55,3355.8,699399,2,3361.92,124275,128961,-1.2099266978715861,0
2023-07-28 10:54:57,3355.8,699447,1,3361.92,124297,129301,-1.2099266978715861,0
2023-07-28 10:54:58,3355.8,699448,1,3361.92,124309,129268,-1.2099266978715861,0
2023-07-28 10:54:59,3355.8,699973,175,3361.91,124234,129607,-1.2099266978715861,0
2023-07-28 10:55:00,3356.15,700028,3,3361.91,124204,129559,-1.1996231858459183,0
2023-07-28 10:55:01,3356.15,700128,94,3361.91,124320,129374,-1.1996231858459183,0
2023-07-28 10:55:01,3356.15,700128,1,3361.91,124320,129374,-1.1996231858459183,0
2023-07-28 10:55:03,3355.8,700140,1,3361.91,124297,129177,-1.2099266978715861,0
2023-07-28 10:55:03,3356.15,700140,1,3361.91,124297,129177,-1.1996231858459183,0
2023-07-28 10:55:04,3356.15,700142,1,3361.91,124307,129154,-1.1996231858459183,0
2023-07-28 10:55:05,3356.15,700147,5,3361.91,124355,129334,-1.1996231858459183,0
2023-07-28 10:55:05,3355.95,700147,1,3361.91,124355,129334,-1.2055109070034524,0
2023-07-28 10:55:06,3356.15,700148,1,3361.91,124381,129527,-1.1996231858459183,0
2023-07-28 10:55:06,3356.15,700148,1,3361.91,124381,129527,-1.1996231858459183,0
2023-07-28 10:55:09,3356.15,700153,3,3361.91,124381,129531,-1.1996231858459183,0
2023-07-28 10:55:09,3356.15,700153,3,3361.91,124382,129531,-1.1996231858459183,0
2023-07-28 10:55:11,3356.0,700256,68,3361.91,124320,129543,-1.2040389767140656,0
2023-07-28 10:55:12,3356.0,700276,2,3361.91,124324,129604,-1.2040389767140656,0
2023-07-28 10:55:12,3356.0,700278,2,3361.91,124487,129604,-1.2040389767140656,0
2023-07-28 10:55:14,3355.5,700668,39,3361.91,124464,130004,-1.2187582796078804,0
2023-07-28 10:55:15,3355.5,700780,1,3361.91,124450,130016,-1.2187582796078804,0
2023-07-28 10:55:16,3355.7,700891,3,3361.91,124461,129492,-1.2128705584503598,0
2023-07-28 10:55:17,3355.5,701039,39,3361.9,124422,129869,-1.2187582796078804,0
2023-07-28 10:55:18,3355.4,702965,58,3361.89,123817,130062,-1.2217021401866408,0
2023-07-28 10:55:18,3355.4,702965,1,3361.89,123817,130062,-1.2217021401866408,0
2023-07-28 10:55:20,3355.45,703629,126,3361.88,124043,129882,-1.2202302098972673,0
2023-07-28 10:55:20,3355.4,703696,6,3361.88,123961,129927,-1.2217021401866408,0
2023-07-28 10:55:20,3355.4,703696,175,3361.88,123961,129927,-1.2217021401866408,0
2023-07-28 10:55:22,3355.7,704063,2,3361.88,123899,129712,-1.2128705584503598,0
2023-07-28 10:55:23,3355.7,704325,1,3361.87,124021,129604,-1.2128705584503598,0
2023-07-28 10:55:23,3355.4,704351,26,3361.87,124000,129804,-1.2217021401866408,0
2023-07-28 10:55:23,3355.7,704351,10,3361.87,124000,129804,-1.2128705584503598,0
2023-07-28 10:55:24,3355.7,704364,3,3361.87,123918,129786,-1.2128705584503598,0
2023-07-28 10:55:25,3355.7,704370,3,3361.87,123907,129619,-1.2128705584503598,0
2023-07-28 10:55:26,3355.7,704402,10,3361.87,123956,129733,-1.2128705584503598,0
2023-07-28 10:55:26,3355.7,704402,3,3361.87,123956,129733,-1.2128705584503598,0
2023-07-28 10:55:28,3355.4,704419,1,3361.87,122031,129472,-1.2217021401866408,0
2023-07-28 10:55:29,3355.4,704420,1,3361.87,122028,129472,-1.2217021401866408,0
2023-07-28 10:55:29,3355.75,704420,4,3361.87,122028,129472,-1.211398628160973,0
2023-07-28 10:55:30,3355.75,704425,4,3361.87,122030,129466,-1.211398628160973,0
2023-07-28 10:55:30,3355.75,704425,4,3361.87,122028,129466,-1.211398628160973,0
2023-07-28 10:55:30,3355.75,704425,4,3361.87,122005,129291,-1.211398628160973,0
2023-07-28 10:55:34,3355.4,704446,2,3361.87,124003,129672,-1.2217021401866408,0
2023-07-28 10:55:34,3355.4,704448,2,3361.87,124012,129672,-1.2217021401866408,0
2023-07-28 10:55:34,3355.55,704448,1,3361.87,124012,129672,-1.2172863493184936,0
2023-07-28 10:55:35,3355.55,704449,1,3361.87,124012,129672,-1.2172863493184936,0
2023-07-28 10:55:37,3355.75,704455,1,3361.87,124039,129855,-1.211398628160973,0
2023-07-28 10:55:37,3355.5,704455,20,3361.87,124039,129855,-1.2187582796078804,0
2023-07-28 10:55:37,3355.5,704476,20,3361.87,124016,129879,-1.2187582796078804,0
2023-07-28 10:55:37,3355.5,704476,2,3361.87,124016,129879,-1.2187582796078804,0
2023-07-28 10:55:40,3355.5,704479,1,3361.87,124063,129864,-1.2187582796078804,0
2023-07-28 10:55:41,3355.5,704510,3,3361.87,124062,129831,-1.2187582796078804,0
2023-07-28 10:55:42,3355.5,704688,18,3361.87,123918,129654,-1.2187582796078804,0
2023-07-28 10:55:43,3355.5,704711,2,3361.87,123804,130038,-1.2187582796078804,0
2023-07-28 10:55:44,3355.75,704714,1,3361.87,123886,129862,-1.211398628160973,0
2023-07-28 10:55:45,3355.7,704719,5,3361.87,123896,130032,-1.2128705584503598,0
2023-07-28 10:55:47,3355.0,705954,1,3361.86,123574,130358,-1.2334775825016953,0
2023-07-28 10:55:47,3355.0,706077,123,3361.86,123505,130522,-1.2334775825016953,0
2023-07-28 10:55:47,3355.0,706077,13,3361.86,123505,130522,-1.2334775825016953,0
2023-07-28 10:55:48,3355.25,706447,1,3361.86,123464,129980,-1.2261179310547878,0
2023-07-28 10:55:49,3355.0,706555,10,3361.85,123379,130323,-1.2334775825016953,0
2023-07-28 10:55:49,3355.2,706565,1,3361.85,123397,130498,-1.2275898613441747,0
2023-07-28 10:55:51,3355.0,706749,64,3361.85,123707,130141,-1.2334775825016953,0
2023-07-28 10:55:52,3355.05,709157,2,3361.83,122741,130147,-1.2320056522123086,0
2023-07-28 10:55:53,3355.25,709810,1,3361.82,122618,130403,-1.2261179310547878,0
2023-07-28 10:55:53,3355.25,709810,5,3361.82,122618,130403,-1.2261179310547878,0
2023-07-28 10:55:54,3355.0,710056,24,3361.82,122913,130416,-1.2334775825016953,0
2023-07-28 10:55:55,3355.0,710090,4,3361.82,122925,130466,-1.2334775825016953,0
2023-07-28 10:55:56,3355.25,710124,18,3361.82,122968,130437,-1.2261179310547878,0
2023-07-28 10:55:57,3355.0,710138,10,3361.82,122919,130427,-1.2334775825016953,0
2023-07-28 10:55:57,3355.0,710138,116,3361.82,122919,130427,-1.2334775825016953,0
2023-07-28 10:55:58,3355.0,710296,116,3361.82,122830,130144,-1.2334775825016953,0
2023-07-28 10:55:59,3355.4,710590,2,3361.82,122547,130365,-1.2217021401866408,0
2023-07-28 10:56:00,3355.25,710645,21,3361.81,122576,130182,-1.2261179310547878,0
2023-07-28 10:56:01,3354.0,710780,3,3361.81,122274,130220,-1.2629161882893252,0
2023-07-28 10:56:02,3354.05,710827,5,3361.81,122405,130431,-1.2614442579999383,0
2023-07-28 10:56:03,3355.0,710842,39,3361.81,122461,130498,-1.2334775825016953,0
2023-07-28 10:56:03,3354.05,710882,4,3361.81,122291,130518,-1.2614442579999383,0
2023-07-28 10:56:03,3354.05,710882,26,3361.81,122291,130518,-1.2614442579999383,0
2023-07-28 10:56:06,3355.0,711033,100,3361.81,122324,130256,-1.2334775825016953,0
2023-07-28 10:56:07,3354.0,711063,11,3361.81,122138,130521,-1.2629161882893252,0
2023-07-28 10:56:08,3354.95,711067,1,3361.81,122222,130639,-1.2349495127910821,0
2023-07-28 10:56:09,3354.0,711068,1,3361.81,122234,130464,-1.2629161882893252,0
2023-07-28 10:56:09,3354.0,711068,1,3361.81,122072,131902,-1.2629161882893252,0
2023-07-28 10:56:11,3353.85,711098,1,3361.81,121923,131882,-1.2673319791574724,0
2023-07-28 10:56:12,3353.5,711227,2,3361.81,121281,132505,-1.2776354911831402,0
2023-07-28 10:56:13,3353.0,711449,1,3361.81,121510,132314,-1.292354794076955,0
2023-07-28 10:56:14,3353.0,711471,22,3361.81,121387,132688,-1.292354794076955,0
2023-07-28 10:56:15,3353.0,711473,1,3361.81,121454,132576,-1.292354794076955,0
2023-07-28 10:56:16,3353.15,711476,3,3361.81,121506,132385,-1.287939003208808,0
2023-07-28 10:56:17,3353.15,711479,3,3361.81,121506,132440,-1.287939003208808,0
2023-07-28 10:56:18,3353.0,711480,1,3361.81,121516,132585,-1.292354794076955,0
2023-07-28 10:56:19,3353.05,711483,2,3361.81,121339,132320,-1.2908828637875682,0
2023-07-28 10:56:19,3353.05,711483,3,3361.81,121377,132430,-1.2908828637875682,0
2023-07-28 10:56:21,3353.05,711486,3,3361.81,121537,132585,-1.2908828637875682,0
2023-07-28 10:56:21,3353.05,711486,3,3361.81,121537,132585,-1.2908828637875682,0
2023-07-28 10:56:21,3352.85,711486,1,3361.81,121547,132551,-1.2967705849451023,0
2023-07-28 10:56:21,3352.85,711486,1,3361.81,121547,132551,-1.2967705849451023,0
2023-07-28 10:56:23,3352.5,711487,5,3361.81,121472,132592,-1.3070740969707701,0
2023-07-28 10:56:23,3352.45,711487,1,3361.81,121472,132592,-1.308546027260157,0
2023-07-28 10:56:24,3352.45,711537,1,3361.8,120853,132638,-1.308546027260157,0
2023-07-28 10:56:25,3352.1,711551,3,3361.8,121030,132721,-1.3188495392858248,0
2023-07-28 10:56:25,3352.15,711551,20,3361.8,121030,132721,-1.317377608996438,0
2023-07-28 10:56:26,3352.15,711932,20,3361.8,120835,132603,-1.317377608996438,0
2023-07-28 10:56:26,3352.0,711932,31,3361.8,120835,132603,-1.321793399864585,0
2023-07-28 10:56:28,3352.15,712054,84,3361.8,120848,132519,-1.317377608996438,0
2023-07-28 10:56:28,3351.25,712054,18,3361.8,120848,132519,-1.3438723542053075,0
2023-07-28 10:56:29,3351.25,712350,30,3361.79,120018,132132,-1.3438723542053075,0
2023-07-28 10:56:30,3352.0,712386,1,3361.79,120419,132089,-1.321793399864585,0
2023-07-28 10:56:30,3351.25,712386,3,3361.79,120419,132089,-1.3438723542053075,0
2023-07-28 10:56:31,3352.0,712390,1,3361.79,120442,131394,-1.321793399864585,0
2023-07-28 10:56:31,3351.25,712391,1,3361.79,120446,131568,-1.3438723542053075,0
2023-07-28 10:56:32,3352.0,712392,1,3361.79,120474,131402,-1.321793399864585,0
2023-07-28 10:56:33,3352.0,712396,3,3361.79,120478,131571,-1.321793399864585,0
2023-07-28 10:56:34,3351.6,712416,1,3361.79,120465,131939,-1.3335688421796397,0
2023-07-28 10:56:34,3351.6,712418,1,3361.79,120617,131725,-1.3335688421796397,0
2023-07-28 10:56:35,3351.25,712429,1,3361.79,120626,131194,-1.3438723542053075,0
2023-07-28 10:56:37,3351.25,712434,1,3361.79,120715,131490,-1.3438723542053075,0
2023-07-28 10:56:38,3351.65,712435,1,3361.79,120330,131932,-1.3320969118902528,0
2023-07-28 10:56:39,3351.65,712438,3,3361.79,120419,131661,-1.3320969118902528,0
2023-07-28 10:56:40,3351.25,712440,1,3361.79,120513,131678,-1.3438723542053075,0
2023-07-28 10:56:41,3351.65,712508,28,3361.79,120981,131529,-1.3320969118902528,0
2023-07-28 10:56:42,3351.65,712518,3,3361.79,120962,131719,-1.3320969118902528,0
2023-07-28 10:56:43,3351.65,712519,1,3361.79,120944,131717,-1.3320969118902528,0
2023-07-28 10:56:45,3351.65,714060,2,3361.77,120915,130725,-1.3320969118902528,0
2023-07-28 10:56:45,3351.9,714060,178,3361.77,120915,130725,-1.3247372604433454,0
2023-07-28 10:56:45,3351.9,714454,178,3361.76,120834,130635,-1.3247372604433454,0
2023-07-28 10:56:46,3351.65,714493,39,3361.76,120795,130635,-1.3320969118902528,0
2023-07-28 10:56:47,3351.65,714673,170,3361.76,120452,130744,-1.3320969118902528,0
2023-07-28 10:56:49,3351.65,714691,13,3361.76,120659,130709,-1.3320969118902528,0
2023-07-28 10:56:49,3351.65,714693,175,3361.76,120513,130884,-1.3320969118902528,0
2023-07-28 10:56:50,3351.65,715167,20,3361.75,120526,130561,-1.3320969118902528,0
2023-07-28 10:56:51,3351.9,715327,24,3361.75,120378,130624,-1.3247372604433454,0
2023-07-28 10:56:52,3351.65,715343,16,3361.75,120481,130764,-1.3320969118902528,0
2023-07-28 10:56:53,3351.65,715466,66,3361.75,120860,130532,-1.3320969118902528,0
2023-07-28 10:56:54,3351.65,715501,23,3361.75,120823,130711,-1.3320969118902528,0
2023-07-28 10:56:55,3351.9,715509,2,3361.75,122851,132739,-1.3247372604433454,0
2023-07-28 10:56:56,3351.8,715716,1,3361.75,122675,132503,-1.3276811210221058,0
2023-07-28 10:56:57,3351.65,715736,20,3361.75,122729,132505,-1.3320969118902528,0
2023-07-28 10:56:57,3351.65,715736,2,3361.75,122729,132505,-1.3320969118902528,0
2023-07-28 10:56:59,3352.05,715979,7,3361.74,122731,132193,-1.3203214695751981,0
2023-07-28 10:57:00,3351.65,715989,10,3361.74,122710,132385,-1.3320969118902528,0
2023-07-28 10:57:01,3351.8,715990,1,3361.74,122873,132342,-1.3276811210221058,0
2023-07-28 10:57:01,3351.8,715990,1,3361.74,122873,132167,-1.3276811210221058,0
2023-07-28 10:57:01,3351.85,715990,1,3361.74,122873,132167,-1.3262091907327322,0
2023-07-28 10:57:03,3351.85,715991,1,3361.74,122878,132180,-1.3262091907327322,0
2023-07-28 10:57:05,3352.5,716457,25,3361.74,123263,131423,-1.3070740969707701,0
2023-07-28 10:57:05,3352.5,716504,35,3361.74,123248,131668,-1.3070740969707701,0
2023-07-28 10:57:06,3352.5,716508,1,3361.74,123396,131845,-1.3070740969707701,0
2023-07-28 10:57:07,3353.35,716526,1,3361.73,123252,131913,-1.2820512820512873,0
2023-07-28 10:57:08,3353.55,716604,1,3361.73,123578,131686,-1.2761635608937534,0
2023-07-28 10:57:09,3353.6,716637,8,3361.73,123615,131775,-1.2746916306043798,0
2023-07-28 10:57:09,3352.25,716637,3,3361.73,123615,131775,-1.3144337484176776,0
2023-07-28 10:57:10,3352.25,716641,3,3361.73,123622,131961,-1.3144337484176776,0
2023-07-28 10:57:12,3353.15,717857,19,3361.72,124284,131699,-1.287939003208808,0
2023-07-28 10:57:12,3351.85,717876,1,3361.72,122393,131748,-1.3262091907327322,0
2023-07-28 10:57:13,3352.1,718497,30,3361.71,124448,131750,-1.3188495392858248,0
2023-07-28 10:57:14,3351.9,718560,6,3361.71,124473,131782,-1.3247372604433454,0
2023-07-28 10:57:15,3352.1,718837,24,3361.71,124585,131136,-1.3188495392858248,0
2023-07-28 10:57:15,3353.55,718837,15,3361.71,124585,131136,-1.2761635608937534,0
2023-07-28 10:57:17,3353.55,718978,15,3361.71,124533,131554,-1.2761635608937534,0
2023-07-28 10:57:17,3352.5,718978,12,3361.71,124533,131554,-1.3070740969707701,0
2023-07-28 10:57:18,3352.75,719053,27,3361.7,124653,131504,-1.2997144455238627,0
2023-07-28 10:57:19,3352.5,719060,6,3361.7,124600,131901,-1.3070740969707701,0
2023-07-28 10:57:20,3352.35,719062,1,3361.7,122647,131397,-1.3114898878389172,0
2023-07-28 10:57:23,3353.55,719078,10,3361.7,122643,131397,-1.2761635608937534,0
2023-07-28 10:57:24,3353.45,719082,2,3361.7,122610,131394,-1.279107421472527,0
2023-07-28 10:57:26,3352.35,719084,1,3361.7,122487,131457,-1.3114898878389172,0
2023-07-28 10:57:26,3352.95,719084,1,3361.7,122487,131457,-1.293826724366342,0
2023-07-28 10:57:26,3352.95,719131,1,3361.7,124438,131770,-1.293826724366342,0
2023-07-28 10:57:26,3352.05,719131,5,3361.7,124438,131770,-1.3203214695751981,0
2023-07-28 10:57:27,3352.05,719136,5,3361.7,124473,131954,-1.3203214695751981,0
2023-07-28 10:57:27,3352.05,719136,1,3361.7,124473,131954,-1.3203214695751981,0
2023-07-28 10:57:29,3352.05,719137,1,3361.7,124476,131577,-1.3203214695751981,0
2023-07-28 10:57:29,3352.05,719138,1,3361.7,124493,131848,-1.3203214695751981,0
2023-07-28 10:57:31,3352.05,719139,1,3361.7,124475,131671,-1.3203214695751981,0
2023-07-28 10:57:31,3352.05,719139,1,3361.7,124444,131934,-1.3203214695751981,0
2023-07-28 10:57:31,3351.8,719139,39,3361.7,124444,131934,-1.3276811210221058,0
2023-07-28 10:57:33,3352.35,719281,10,3361.7,124286,131917,-1.3114898878389172,0
2023-07-28 10:57:34,3352.05,719284,1,3361.7,124679,131836,-1.3203214695751981,0
2023-07-28 10:57:34,3351.8,719284,6,3361.7,124679,131836,-1.3276811210221058,0
2023-07-28 10:57:35,3351.8,719301,6,3361.7,124677,131727,-1.3276811210221058,0
2023-07-28 10:57:35,3351.8,719301,2,3361.7,124677,131727,-1.3276811210221058,0
2023-07-28 10:57:37,3352.35,719306,3,3361.7,124677,131889,-1.3114898878389172,0
2023-07-28 10:57:37,3352.35,719306,3,3361.7,124677,131889,-1.3114898878389172,0
2023-07-28 10:57:38,3351.8,719323,1,3361.7,124660,132045,-1.3276811210221058,0
2023-07-28 10:57:39,3351.8,719354,3,3361.7,124659,131840,-1.3276811210221058,0
2023-07-28 10:57:41,3351.8,719426,7,3361.7,124605,131596,-1.3276811210221058,0
2023-07-28 10:57:41,3352.3,719483,5,3361.7,124558,131582,-1.3129618181282907,0
2023-07-28 10:57:41,3351.7,719483,2,3361.7,124558,131582,-1.3306249816008793,0
2023-07-28 10:57:42,3351.7,719489,2,3361.7,124602,132058,-1.3306249816008793,0
2023-07-28 10:57:43,3352.05,719493,1,3361.7,124553,131881,-1.3203214695751981,0
2023-07-28 10:57:44,3352.35,719494,1,3361.7,124557,132057,-1.3114898878389172,0
2023-07-28 10:57:44,3352.35,719494,1,3361.7,124562,131884,-1.3114898878389172,0
2023-07-28 10:57:44,3351.8,719494,2,3361.7,124562,131884,-1.3276811210221058,0
2023-07-28 10:57:47,3351.8,719496,2,3361.7,124549,132013,-1.3276811210221058,0
2023-07-28 10:57:47,3351.8,719496,3,3361.7,122624,131700,-1.3276811210221058,0
2023-07-28 10:57:49,3351.8,719500,1,3361.7,122574,131691,-1.3276811210221058,0
2023-07-28 10:57:51,3351.8,719521,20,3361.7,122551,131466,-1.3276811210221058,0
2023-07-28 10:57:51,3351.75,719521,1,3361.7,122551,131466,-1.3291530513114926,0
2023-07-28 10:57:52,3351.8,719524,1,3361.7,122604,131864,-1.3276811210221058,0
2023-07-28 10:57:53,3351.8,719526,1,3361.7,122770,131653,-1.3276811210221058,0
2023-07-28 10:57:54,3351.75,719532,1,3361.7,124700,131995,-1.3291530513114926,0
2023-07-28 10:57:55,3351.75,719540,7,3361.7,124646,131741,-1.3291530513114926,0
2023-07-28 10:57:56,3351.8,719650,19,3361.7,124798,131938,-1.3276811210221058,0
2023-07-28 10:57:57,3351.7,719661,4,3361.7,124889,132010,-1.3306249816008793,0
2023-07-28 10:57:57,3351.3,719661,12,3361.7,124889,132010,-1.3424004239159206,0
2023-07-28 10:57:58,3351.25,719786,12,3361.7,124749,131932,-1.3438723542053075,0
2023-07-28 10:58:00,3352.0,719801,3,3361.69,124814,132098,-1.321793399864585,0
2023-07-28 10:58:00,3351.6,719801,31,3361.69,124814,132098,-1.3335688421796397,0
2023-07-28 10:58:00,3351.7,719801,3,3361.69,124814,132098,-1.3306249816008793,0
2023-07-28 10:58:02,3351.6,719875,2,3361.69,124744,131964,-1.3335688421796397,0
2023-07-28 10:58:03,3352.0,719917,25,3361.69,124570,132264,-1.321793399864585,0
2023-07-28 10:58:04,3352.0,720026,4,3361.69,124582,131857,-1.321793399864585,0
2023-07-28 10:58:04,3352.0,720026,10,3361.69,124582,131857,-1.321793399864585,0
2023-07-28 10:58:06,3352.0,720051,5,3361.69,124629,131970,-1.321793399864585,0
2023-07-28 10:58:06,3351.25,720051,1,3361.69,124629,131970,-1.3438723542053075,0
2023-07-28 10:58:06,3351.25,720055,1,3361.69,124610,132035,-1.3438723542053075,0
2023-07-28 10:58:06,3352.0,720055,1,3361.69,124610,132035,-1.321793399864585,0
2023-07-28 10:58:08,3352.0,720063,4,3361.69,124468,132076,-1.321793399864585,0
2023-07-28 10:58:09,3352.0,720099,35,3361.69,124638,131866,-1.321793399864585,0
2023-07-28 10:58:10,3352.0,720168,15,3361.69,124611,131880,-1.321793399864585,0
2023-07-28 10:58:10,3352.0,720168,19,3361.69,124611,131880,-1.321793399864585,0
2023-07-28 10:58:11,3352.0,720205,19,3361.69,124691,132098,-1.321793399864585,0
2023-07-28 10:58:12,3352.0,720218,71,3361.69,124679,132147,-1.321793399864585,0
2023-07-28 10:58:13,3351.5,720340,12,3361.69,124586,132001,-1.3365127027584,0
2023-07-28 10:58:14,3351.25,720367,13,3361.69,124667,132044,-1.3438723542053075,0
2023-07-28 10:58:15,3352.0,720380,5,3361.69,124657,132203,-1.321793399864585,0
2023-07-28 10:58:15,3351.5,720380,1,3361.69,124657,132203,-1.3365127027584,0
2023-07-28 10:58:16,3352.0,720381,1,3361.69,124786,132169,-1.321793399864585,0
2023-07-28 10:58:16,3352.0,720381,5,3361.69,124786,132169,-1.321793399864585,0
2023-07-28 10:58:19,3351.75,720390,1,3361.69,124999,132159,-1.3291530513114926,0
2023-07-28 10:58:19,3351.75,720390,1,3361.69,124999,132159,-1.3291530513114926,0
2023-07-28 10:58:19,3351.75,720390,1,3361.69,124978,132209,-1.3291530513114926,0
2023-07-28 10:58:19,3351.75,720390,1,3361.69,124979,132225,-1.3291530513114926,0
2023-07-28 10:58:19,3352.0,720390,1,3361.69,124979,132225,-1.321793399864585,0
2023-07-28 10:58:23,3352.0,720394,2,3361.69,124915,132273,-1.321793399864585,0
2023-07-28 10:58:23,3352.0,720394,5,3361.69,124915,132273,-1.321793399864585,0
2023-07-28 10:58:24,3351.25,720400,1,3361.69,124932,132295,-1.3438723542053075,0
2023-07-28 10:58:24,3351.25,720400,1,3361.69,124930,132005,-1.3438723542053075,0
2023-07-28 10:58:26,3352.0,720434,1,3361.69,124888,131613,-1.321793399864585,0
2023-07-28 10:58:28,3351.25,720446,5,3361.69,125097,132140,-1.3438723542053075,0
2023-07-28 10:58:28,3351.25,720449,2,3361.69,125106,131970,-1.3438723542053075,0
2023-07-28 10:58:28,3351.25,720449,1,3361.69,125106,131970,-1.3438723542053075,0
2023-07-28 10:58:29,3351.25,720450,1,3361.69,124997,132034,-1.3438723542053075,0
2023-07-28 10:58:29,3352.0,720450,10,3361.69,124997,132034,-1.321793399864585,0
2023-07-28 10:58:29,3352.0,720450,2,3361.69,124997,132034,-1.321793399864585,0
2023-07-28 10:58:31,3351.25,720480,1,3361.69,124711,132092,-1.3438723542053075,0
2023-07-28 10:58:32,3351.25,720481,1,3361.69,124927,131924,-1.3438723542053075,0
2023-07-28 10:58:34,3351.25,720506,163,3361.69,124969,132274,-1.3438723542053075,0
2023-07-28 10:58:34,3351.25,720683,1,3361.68,124714,131961,-1.3438723542053075,0
2023-07-28 10:58:35,3351.25,720702,1,3361.68,124855,132008,-1.3438723542053075,0
2023-07-28 10:58:35,3352.0,720702,2,3361.68,124855,132008,-1.321793399864585,0
2023-07-28 10:58:35,3351.25,720702,17,3361.68,124855,132008,-1.3438723542053075,0
2023-07-28 10:58:39,3351.25,720724,2,3361.68,124875,132162,-1.3438723542053075,0
2023-07-28 10:58:40,3351.3,720728,1,3361.68,124858,132160,-1.3424004239159206,0
2023-07-28 10:58:40,3352.0,720728,17,3361.68,124858,132160,-1.321793399864585,0
2023-07-28 10:58:41,3352.0,720789,17,3361.68,124790,132341,-1.321793399864585,0
2023-07-28 10:58:41,3351.25,720789,6,3361.68,124790,132341,-1.3438723542053075,0
2023-07-28 10:58:42,3351.25,720795,6,3361.68,124629,131898,-1.3438723542053075,0
2023-07-28 10:58:42,3351.25,720795,11,3361.68,124830,132080,-1.3438723542053075,0
2023-07-28 10:58:44,3351.3,720806,1,3361.68,124823,132082,-1.3424004239159206,0
2023-07-28 10:58:46,3351.25,720817,2,3361.68,124844,132125,-1.3438723542053075,0
2023-07-28 10:58:46,3351.25,720819,2,3361.68,124790,132127,-1.3438723542053075,0
2023-07-28 10:58:46,3351.25,720819,2,3361.68,124815,131959,-1.3438723542053075,0
2023-07-28 10:58:46,3351.25,720819,2,3361.68,124811,132311,-1.3438723542053075,0
2023-07-28 10:58:46,3351.25,720819,2,3361.68,124798,132311,-1.3438723542053075,0
2023-07-28 10:58:46,3351.8,720819,23,3361.68,124798,132311,-1.3276811210221058,0
2023-07-28 10:58:51,3351.5,720844,1,3361.68,124659,132565,-1.3365127027584,0
2023-07-28 10:58:51,3351.8,720844,77,3361.68,124659,132565,-1.3276811210221058,0
2023-07-28 10:58:53,3351.25,720931,2,3361.68,124819,132400,-1.3438723542053075,0
2023-07-28 10:58:54,3351.25,720940,1,3361.68,124586,132326,-1.3438723542053075,0
2023-07-28 10:58:55,3351.8,720942,1,3361.68,124570,132449,-1.3276811210221058,0
2023-07-28 10:58:55,3351.8,720942,19,3361.68,124570,132449,-1.3276811210221058,0
2023-07-28 10:58:56,3351.8,720972,19,3361.68,124681,132317,-1.3276811210221058,0
2023-07-28 10:58:56,3351.45,720972,3,3361.68,124681,132317,-1.337984633047787,0
2023-07-28 10:58:58,3351.8,721000,25,3361.68,124669,132292,-1.3276811210221058,0
2023-07-28 10:58:58,3351.45,721003,3,3361.68,124637,132642,-1.337984633047787,0
2023-07-28 10:59:00,3351.45,721004,1,3361.68,124664,132717,-1.337984633047787,0
2023-07-28 10:59:00,3351.45,721011,1,3361.68,124657,132717,-1.337984633047787,0
2023-07-28 10:59:00,3351.45,721012,1,3361.68,124535,132650,-1.337984633047787,0
2023-07-28 10:59:00,3351.45,721012,1,3361.68,124550,132487,-1.337984633047787,0
2023-07-28 10:59:00,3351.45,721012,1,3361.68,124695,132837,-1.337984633047787,0
2023-07-28 10:59:00,3351.45,721012,1,3361.68,124880,132674,-1.337984633047787,0
2023-07-28 10:59:00,3351.8,721012,2,3361.68,124880,132674,-1.3276811210221058,0
2023-07-28 10:59:05,3351.8,721014,2,3361.68,124947,132520,-1.3276811210221058,0
2023-07-28 10:59:05,3351.8,721014,2,3361.68,124940,132825,-1.3276811210221058,0
2023-07-28 10:59:05,3351.8,721014,1,3361.68,124940,132825,-1.3276811210221058,0
2023-07-28 10:59:07,3351.45,721017,1,3361.68,124913,132878,-1.337984633047787,0
2023-07-28 10:59:09,3351.45,721023,5,3361.68,124904,132878,-1.337984633047787,0
2023-07-28 10:59:10,3351.8,721073,25,3361.68,124862,132678,-1.3276811210221058,0
2023-07-28 10:59:11,3351.8,721108,19,3361.68,124875,132661,-1.3276811210221058,0
2023-07-28 10:59:12,3351.45,721112,4,3361.68,124945,132661,-1.337984633047787,0
2023-07-28 10:59:12,3351.45,721112,4,3361.68,124887,132663,-1.337984633047787,0
2023-07-28 10:59:12,3351.8,721112,12,3361.68,124902,132666,-1.3276811210221058,0
2023-07-28 10:59:14,3351.45,721137,3,3361.68,124893,132666,-1.337984633047787,0
2023-07-28 10:59:15,3351.45,721140,3,3361.68,124902,132666,-1.337984633047787,0
2023-07-28 10:59:15,3351.45,721140,3,3361.68,124902,132666,-1.337984633047787,0
2023-07-28 10:59:17,3351.8,721147,1,3361.68,124932,132607,-1.3276811210221058,0
2023-07-28 10:59:17,3351.8,721168,1,3361.68,124955,132587,-1.3276811210221058,0
2023-07-28 10:59:19,3351.8,721172,1,3361.68,124969,132638,-1.3276811210221058,0
2023-07-28 10:59:20,3351.45,721227,35,3361.68,125278,132582,-1.337984633047787,0
2023-07-28 10:59:21,3351.25,721466,23,3361.67,125243,132364,-1.3438723542053075,0
2023-07-28 10:59:22,3351.5,721571,3,3361.67,125207,132446,-1.3365127027584,0
2023-07-28 10:59:22,3351.5,721571,3,3361.67,125207,132446,-1.3365127027584,0
2023-07-28 10:59:22,3351.5,721571,3,3361.67,125207,132446,-1.3365127027584,0
2023-07-28 10:59:22,3351.25,721585,1,3361.67,125214,132444,-1.3438723542053075,0
2023-07-28 10:59:24,3351.25,721586,1,3361.67,125213,132444,-1.3438723542053075,0
2023-07-28 10:59:24,3351.25,721586,1,3361.67,125241,132472,-1.3438723542053075,0
2023-07-28 10:59:24,3351.5,721586,20,3361.67,125241,132472,-1.3365127027584,0
2023-07-28 10:59:26,3351.5,721639,2,3361.67,125284,132588,-1.3365127027584,0
2023-07-28 10:59:26,3351.5,721639,70,3361.67,125284,132588,-1.3365127027584,0
2023-07-28 10:59:27,3351.5,721737,70,3361.67,125288,132601,-1.3365127027584,0
2023-07-28 10:59:28,3351.25,721747,10,3361.67,125177,132624,-1.3438723542053075,0
2023-07-28 10:59:28,3351.5,721747,15,3361.67,125177,132624,-1.3365127027584,0
2023-07-28 10:59:29,3351.5,721763,15,3361.67,125185,132609,-1.3365127027584,0
2023-07-28 10:59:29,3351.25,721763,1,3361.67,125185,132609,-1.3438723542053075,0
2023-07-28 10:59:31,3351.3,721856,9,3361.67,125149,132474,-1.3424004239159206,0
2023-07-28 10:59:31,3351.5,721856,36,3361.67,125149,132474,-1.3365127027584,0
2023-07-28 10:59:32,3351.5,721915,36,3361.67,125241,132069,-1.3365127027584,0
2023-07-28 10:59:32,3351.4,721915,2,3361.67,125241,132069,-1.3394565633371602,0
2023-07-28 10:59:34,3351.5,721922,1,3361.67,125175,132249,-1.3365127027584,0
2023-07-28 10:59:35,3351.3,721927,1,3361.67,125179,132244,-1.3424004239159206,0
2023-07-28 10:59:35,3351.3,721928,1,3361.67,125197,132244,-1.3424004239159206,0
2023-07-28 10:59:37,3351.3,721935,7,3361.67,125264,132479,-1.3424004239159206,0
2023-07-28 10:59:37,3351.3,721935,7,3361.67,125264,132304,-1.3424004239159206,0
2023-07-28 10:59:37,3351.3,721935,7,3361.67,125264,132129,-1.3424004239159206,0
2023-07-28 10:59:37,3351.6,721935,12,3361.67,125267,132140,-1.3335688421796397,0
2023-07-28 10:59:41,3351.3,721977,1,3361.66,125244,132448,-1.3424004239159206,0
2023-07-28 10:59:41,3351.3,721983,1,3361.66,125202,132267,-1.3424004239159206,0
2023-07-28 10:59:41,3351.3,721983,1,3361.66,125239,131124,-1.3424004239159206,0
2023-07-28 10:59:41,3351.3,721983,1,3361.66,125263,132561,-1.3424004239159206,0
2023-07-28 10:59:41,3351.45,721983,3,3361.66,125263,132561,-1.337984633047787,0
2023-07-28 10:59:45,3351.5,721986,3,3361.66,125102,132682,-1.3365127027584,0
2023-07-28 10:59:46,3351.5,722324,18,3361.66,125143,132519,-1.3365127027584,0
2023-07-28 10:59:46,3351.5,722324,1,3361.66,125143,132519,-1.3365127027584,0
2023-07-28 10:59:48,3351.6,722466,107,3361.66,125065,132412,-1.3335688421796397,0
2023-07-28 10:59:48,3351.5,722480,2,3361.66,125097,132249,-1.3365127027584,0
2023-07-28 10:59:48,3351.5,722482,2,3361.66,125097,132085,-1.3365127027584,0
2023-07-28 10:59:51,3351.55,722487,5,3361.66,125119,132256,-1.3350407724690132,0
2023-07-28 10:59:51,3351.6,722500,5,3361.66,125106,132237,-1.3335688421796397,0
2023-07-28 10:59:52,3351.6,723506,991,3361.64,125133,132388,-1.3335688421796397,0
2023-07-28 10:59:53,3351.6,723760,146,3361.64,125022,132038,-1.3335688421796397,0
2023-07-28 10:59:54,3351.25,723786,1,3361.64,124996,132218,-1.3438723542053075,0
2023-07-28 10:59:55,3351.25,723788,2,3361.64,125005,132059,-1.3438723542053075,0
2023-07-28 10:59:56,3351.3,723807,3,3361.64,124992,132041,-1.3424004239159206,0
2023-07-28 10:59:57,3351.35,723820,11,3361.64,125065,132046,-1.340928493626547,0
2023-07-28 10:59:58,3351.35,723821,1,3361.64,125066,132226,-1.340928493626547,0
2023-07-28 10:59:59,3351.6,723871,13,3361.64,124132,132166,-1.3335688421796397,0
2023-07-28 11:00:01,3351.6,724129,1,3361.63,125196,132335,-1.3335688421796397,0
2023-07-28 11:00:01,3351.6,724213,31,3361.63,125303,132200,-1.3335688421796397,0
2023-07-28 11:00:02,3351.6,724307,77,3361.63,125279,131990,-1.3335688421796397,0
2023-07-28 11:00:03,3351.6,724327,1,3361.63,125076,132353,-1.3335688421796397,0
2023-07-28 11:00:05,3351.6,724335,1,3361.63,125265,132136,-1.3335688421796397,0
2023-07-28 11:00:06,3351.6,724360,10,3361.63,125417,132481,-1.3335688421796397,0
2023-07-28 11:00:06,3351.3,724389,6,3361.63,125467,132475,-1.3424004239159206,0
2023-07-28 11:00:07,3351.4,724392,3,3361.63,125565,132477,-1.3394565633371602,0
2023-07-28 11:00:08,3351.6,724402,10,3361.63,125590,132465,-1.3335688421796397,0
2023-07-28 11:00:10,3351.6,724404,1,3361.63,125589,132664,-1.3335688421796397,0
2023-07-28 11:00:10,3351.6,724579,6,3361.63,125589,132132,-1.3335688421796397,0
2023-07-28 11:00:11,3351.65,724632,18,3361.63,125549,132307,-1.3320969118902528,0
2023-07-28 11:00:12,3351.6,724641,1,3361.63,125582,132323,-1.3335688421796397,0
2023-07-28 11:00:13,3351.65,724644,1,3361.63,125580,132346,-1.3320969118902528,0
2023-07-28 11:00:13,3351.65,724644,1,3361.63,125606,132344,-1.3320969118902528,0
2023-07-28 11:00:13,3351.65,724644,152,3361.63,125606,132344,-1.3320969118902528,0
2023-07-28 11:00:16,3351.65,724796,152,3361.63,125654,132520,-1.3320969118902528,0
2023-07-28 11:00:17,3351.7,725029,3,3361.62,125571,132184,-1.3306249816008793,0
2023-07-28 11:00:17,3351.7,725029,62,3361.62,125571,132184,-1.3306249816008793,0
2023-07-28 11:00:18,3351.7,725183,17,3361.62,125591,132259,-1.3306249816008793,0
2023-07-28 11:00:18,3351.65,725198,4,3361.62,126181,132084,-1.3320969118902528,0
2023-07-28 11:00:18,3351.65,725198,7,3361.62,126181,132084,-1.3320969118902528,0
2023-07-28 11:00:20,3351.7,725208,1,3361.62,126207,132507,-1.3306249816008793,0
2023-07-28 11:00:20,3351.65,725208,175,3361.62,126207,132507,-1.3320969118902528,0
2023-07-28 11:00:22,3351.65,725458,5,3361.62,126214,132313,-1.3320969118902528,0
2023-07-28 11:00:22,3351.65,725458,3,3361.62,126214,132313,-1.3320969118902528,0
2023-07-28 11:00:23,3351.65,725472,1,3361.62,126086,132327,-1.3320969118902528,0
2023-07-28 11:00:23,3351.65,725473,1,3361.62,126223,132387,-1.3320969118902528,0
2023-07-28 11:00:25,3351.65,725483,1,3361.62,126226,132552,-1.3320969118902528,0
2023-07-28 11:00:27,3351.7,725522,5,3361.62,126230,132478,-1.3306249816008793,0
2023-07-28 11:00:27,3352.05,726077,3,3361.61,125825,132303,-1.3203214695751981,0
2023-07-28 11:00:28,3352.05,726455,1,3361.6,126277,132253,-1.3203214695751981,0
2023-07-28 11:00:28,3352.05,726532,1,3361.6,126453,132289,-1.3203214695751981,0
2023-07-28 11:00:30,3352.05,726546,1,3361.6,126608,132283,-1.3203214695751981,0
2023-07-28 11:00:32,3352.0,726724,4,3361.6,126637,131983,-1.321793399864585,0
2023-07-28 11:00:32,3352.0,726753,5,3361.6,126658,132312,-1.321793399864585,0
2023-07-28 11:00:33,3352.0,727003,175,3361.6,126418,132314,-1.321793399864585,0
2023-07-28 11:00:33,3352.25,727003,2,3361.6,126418,132314,-1.3144337484176776,0
2023-07-28 11:00:34,3352.25,727030,2,3361.6,126721,132294,-1.3144337484176776,0
2023-07-28 11:00:35,3352.25,727035,2,3361.6,126799,132281,-1.3144337484176776,0
2023-07-28 11:00:37,3352.0,727050,15,3361.59,126785,132233,-1.321793399864585,0
2023-07-28 11:00:37,3352.9,727050,1,3361.59,126785,132233,-1.2952986546557155,0
2023-07-28 11:00:38,3353.05,727209,15,3361.59,127297,131846,-1.2908828637875682,0
2023-07-28 11:00:40,3353.05,727368,1,3361.59,127019,132097,-1.2908828637875682,0
2023-07-28 11:00:40,3352.85,727459,3,3361.59,127209,132248,-1.2967705849451023,0
2023-07-28 11:00:40,3353.65,727459,35,3361.59,127209,132248,-1.273219700314993,0
2023-07-28 11:00:42,3352.8,727541,5,3361.59,127285,132321,-1.2982425152344759,0
2023-07-28 11:00:43,3352.7,727542,1,3361.59,127272,132422,-1.3011863758132496,0
2023-07-28 11:00:43,3352.7,727542,1,3361.59,127173,132653,-1.3011863758132496,0
2023-07-28 11:00:43,3352.7,727542,1,3361.59,127174,132653,-1.3011863758132496,0
2023-07-28 11:00:43,3352.7,727542,1,3361.59,127174,132653,-1.3011863758132496,0
2023-07-28 11:00:48,3352.7,727546,4,3361.59,127117,132683,-1.3011863758132496,0
2023-07-28 11:00:48,3353.55,727625,50,3361.59,127437,132965,-1.2761635608937534,0
2023-07-28 11:00:50,3353.55,727639,6,3361.59,127152,133025,-1.2761635608937534,0
2023-07-28 11:00:50,3353.55,727639,1,3361.59,127152,133025,-1.2761635608937534,0
2023-07-28 11:00:52,3353.55,727654,1,3361.59,125331,132780,-1.2761635608937534,0
2023-07-28 11:00:52,3353.55,727654,1,3361.59,125468,132768,-1.2761635608937534,0
2023-07-28 11:00:52,3353.55,727654,1,3361.59,125468,132768,-1.2761635608937534,0
2023-07-28 11:00:52,3353.55,727654,1,3361.59,125562,132736,-1.2761635608937534,0
2023-07-28 11:00:54,3353.55,727660,1,3361.59,125416,132738,-1.2761635608937534,0
2023-07-28 11:00:55,3353.0,727663,1,3361.59,125411,132864,-1.292354794076955,0
2023-07-28 11:00:55,3353.0,727663,1,3361.59,125411,132864,-1.292354794076955,0
2023-07-28 11:00:56,3353.0,727695,3,3361.59,125278,132832,-1.292354794076955,0
2023-07-28 11:00:57,3353.55,727700,2,3361.59,127404,133003,-1.2761635608937534,0
2023-07-28 11:00:58,3353.55,727702,1,3361.59,127453,133002,-1.2761635608937534,0
2023-07-28 11:00:59,3353.55,727703,1,3361.59,127462,133177,-1.2761635608937534,0
2023-07-28 11:01:00,3353.55,727705,1,3361.59,127485,133177,-1.2761635608937534,0
2023-07-28 11:01:00,3353.55,727705,1,3361.59,127408,133315,-1.2761635608937534,0
2023-07-28 11:01:02,3353.55,727730,25,3361.59,127419,133313,-1.2761635608937534,0
2023-07-28 11:01:03,3353.55,727737,1,3361.59,128425,133457,-1.2761635608937534,0
2023-07-28 11:01:04,3353.55,727740,2,3361.59,128180,133079,-1.2761635608937534,0
2023-07-28 11:01:05,3353.55,727741,1,3361.59,128177,133428,-1.2761635608937534,0
2023-07-28 11:01:06,3353.5,727916,5,3361.58,127901,133242,-1.2776354911831402,0
2023-07-28 11:01:07,3353.55,727951,12,3361.58,125908,131230,-1.2761635608937534,0
2023-07-28 11:01:07,3353.55,727951,3,3361.58,125908,131230,-1.2761635608937534,0
2023-07-28 11:01:08,3353.5,727959,1,3361.58,125949,131396,-1.2776354911831402,0
2023-07-28 11:01:09,3353.55,727961,1,3361.58,125951,131045,-1.2761635608937534,0
2023-07-28 11:01:09,3353.55,727961,1,3361.58,126038,131217,-1.2761635608937534,0
2023-07-28 11:01:11,3353.55,727996,3,3361.58,126071,131208,-1.2761635608937534,0
2023-07-28 11:01:12,3353.55,728078,4,3361.58,126063,131178,-1.2761635608937534,0
2023-07-28 11:01:13,3353.55,728093,6,3361.58,126054,131385,-1.2761635608937534,0
2023-07-28 11:01:13,3353.55,728093,1,3361.58,126054,131385,-1.2761635608937534,0
2023-07-28 11:01:14,3353.0,729157,107,3361.57,124910,130979,-1.292354794076955,0
2023-07-28 11:01:14,3353.0,729264,107,3361.57,124984,131358,-1.292354794076955,0
2023-07-28 11:01:14,3353.0,729264,25,3361.57,124984,131358,-1.292354794076955,0
2023-07-28 11:01:16,3353.5,729299,1,3361.57,125000,131313,-1.2776354911831402,0
2023-07-28 11:01:17,3353.25,729304,2,3361.57,124883,131115,-1.2849951426300477,0
2023-07-28 11:01:18,3353.25,729307,2,3361.57,124853,131161,-1.2849951426300477,0
2023-07-28 11:01:18,3353.0,729307,1,3361.57,124853,131161,-1.292354794076955,0
2023-07-28 11:01:20,3353.5,729427,1,3361.57,124894,131303,-1.2776354911831402,0
2023-07-28 11:01:20,3353.55,729427,1,3361.57,124894,131303,-1.2761635608937534,0
2023-07-28 11:01:20,3353.55,729512,1,3361.57,124812,131222,-1.2761635608937534,0
2023-07-28 11:01:20,3353.0,729512,8,3361.57,124812,131222,-1.292354794076955,0
2023-07-28 11:01:22,3353.45,729543,15,3361.57,124664,131285,-1.279107421472527,0
2023-07-28 11:01:22,3353.0,729543,2,3361.57,124664,131285,-1.292354794076955,0
2023-07-28 11:01:24,3353.45,729548,1,3361.57,126687,133322,-1.279107421472527,0
2023-07-28 11:01:24,3353.0,729574,19,3361.57,126618,133478,-1.292354794076955,0
2023-07-28 11:01:25,3353.45,729577,1,3361.57,126567,133438,-1.279107421472527,0
2023-07-28 11:01:25,3353.45,729577,20,3361.57,126567,133438,-1.279107421472527,0
2023-07-28 11:01:26,3353.45,729609,20,3361.57,126562,133336,-1.279107421472527,0
2023-07-28 11:01:26,3353.0,729609,3,3361.57,126562,133336,-1.292354794076955,0
2023-07-28 11:01:28,3353.45,729617,5,3361.57,126566,133314,-1.279107421472527,0
2023-07-28 11:01:28,3353.0,729617,80,3361.57,126566,133314,-1.292354794076955,0
2023-07-28 11:01:29,3353.0,729706,8,3361.56,126464,133649,-1.292354794076955,0
2023-07-28 11:01:29,3353.0,729706,8,3361.56,126468,133599,-1.292354794076955,0
2023-07-28 11:01:31,3353.0,729710,3,3361.56,126491,133593,-1.292354794076955,0
2023-07-28 11:01:31,3353.0,729710,1,3361.56,126491,133593,-1.292354794076955,0
2023-07-28 11:01:32,3353.45,729712,1,3361.56,126492,133592,-1.279107421472527,0
2023-07-28 11:01:33,3353.45,729713,1,3361.56,126522,133587,-1.279107421472527,0
2023-07-28 11:01:34,3353.45,729714,1,3361.56,126500,133559,-1.279107421472527,0
2023-07-28 11:01:34,3353.45,729714,1,3361.56,126498,133559,-1.279107421472527,0
2023-07-28 11:01:34,3353.45,729714,1,3361.56,126498,133559,-1.279107421472527,0
2023-07-28 11:01:37,3353.45,729719,3,3361.56,126502,133569,-1.279107421472527,0
2023-07-28 11:01:37,3353.0,729719,1,3361.56,126502,133569,-1.292354794076955,0
2023-07-28 11:01:37,3353.0,729720,1,3361.56,126462,133252,-1.292354794076955,0
2023-07-28 11:01:37,3353.0,729720,1,3361.56,126462,133252,-1.292354794076955,0
2023-07-28 11:01:39,3353.0,729722,1,3361.56,126456,133776,-1.292354794076955,0
2023-07-28 11:01:39,3353.0,729722,1,3361.56,126503,133601,-1.292354794076955,0
2023-07-28 11:01:41,3353.45,729764,19,3361.56,125494,133654,-1.279107421472527,0
2023-07-28 11:01:42,3353.45,729791,20,3361.56,125657,133463,-1.279107421472527,0
2023-07-28 11:01:43,3353.55,729799,2,3361.56,125671,133633,-1.2761635608937534,0
2023-07-28 11:01:43,3353.0,729799,1,3361.56,125671,133633,-1.292354794076955,0
2023-07-28 11:01:44,3353.0,729801,1,3361.56,125601,133810,-1.292354794076955,0
2023-07-28 11:01:45,3353.0,730326,175,3361.56,125450,133633,-1.292354794076955,0
2023-07-28 11:01:47,3353.0,730542,11,3361.56,125194,133633,-1.292354794076955,0
2023-07-28 11:01:47,3353.0,730542,6,3361.56,125194,133633,-1.292354794076955,0
2023-07-28 11:01:48,3353.5,730568,1,3361.55,125355,133632,-1.2776354911831402,0
2023-07-28 11:01:48,3353.5,730568,7,3361.55,125355,133632,-1.2776354911831402,0
2023-07-28 11:01:48,3353.5,730578,7,3361.55,125347,133645,-1.2776354911831402,0
2023-07-28 11:01:48,3353.5,730578,1,3361.55,125347,133645,-1.2776354911831402,0
2023-07-28 11:01:49,3353.5,730580,1,3361.55,125172,133646,-1.2776354911831402,0
2023-07-28 11:01:51,3353.0,730830,28,3361.55,125321,133489,-1.292354794076955,0
2023-07-28 11:01:51,3353.4,730830,1,3361.55,125321,133489,-1.2805793517619006,0
2023-07-28 11:01:52,3353.4,730857,1,3361.55,125246,133614,-1.2805793517619006,0
2023-07-28 11:01:52,3353.0,730860,3,3361.55,125255,133978,-1.292354794076955,0
2023-07-28 11:01:52,3353.0,730860,10,3361.55,125255,133978,-1.292354794076955,0
2023-07-28 11:01:54,3353.4,730873,2,3361.55,125245,133975,-1.2805793517619006,0
2023-07-28 11:01:54,3353.0,730877,1,3361.55,125231,133633,-1.292354794076955,0
2023-07-28 11:01:54,3353.4,730877,1,3361.55,125231,133633,-1.2805793517619006,0
2023-07-28 11:01:56,3353.4,731010,19,3361.55,125139,133795,-1.2805793517619006,0
2023-07-28 11:01:57,3353.0,731193,18,3361.55,125079,134047,-1.292354794076955,0
2023-07-28 11:01:58,3353.0,731400,21,3361.55,125080,133947,-1.292354794076955,0
2023-07-28 11:01:59,3353.35,731444,2,3361.54,125044,133954,-1.2820512820512873,0
2023-07-28 11:02:00,3353.0,731540,10,3361.54,125012,134136,-1.292354794076955,0
2023-07-28 11:02:00,3353.0,731550,2,3361.54,125010,134128,-1.292354794076955,0
2023-07-28 11:02:02,3353.0,731553,2,3361.54,124927,134148,-1.292354794076955,0
2023-07-28 11:02:02,3353.3,731553,1,3361.54,124927,134148,-1.2835232123406608,0
2023-07-28 11:02:04,3353.0,731645,1,3361.54,124804,134134,-1.292354794076955,0
2023-07-28 11:02:05,3353.0,731727,11,3361.54,124938,134138,-1.292354794076955,0
2023-07-28 11:02:05,3353.0,731727,9,3361.54,124938,134138,-1.292354794076955,0
2023-07-28 11:02:07,3353.0,731740,4,3361.54,125946,134050,-1.292354794076955,0
2023-07-28 11:02:07,3353.0,731740,1,3361.54,125946,134050,-1.292354794076955,0
2023-07-28 11:02:07,3353.0,731741,1,3361.54,126093,133822,-1.292354794076955,0
2023-07-28 11:02:07,3353.35,731741,7,3361.54,126093,133997,-1.2820512820512873,0
2023-07-28 11:02:09,3353.0,731748,1,3361.54,126093,133991,-1.292354794076955,0
2023-07-28 11:02:10,3353.35,731750,1,3361.54,126094,133990,-1.2820512820512873,0
2023-07-28 11:02:10,3353.0,731750,147,3361.54,126094,133990,-1.292354794076955,0
2023-07-28 11:02:10,3353.0,731750,43,3361.54,126094,133990,-1.292354794076955,0
2023-07-28 11:02:13,3353.3,732346,10,3361.53,125878,134037,-1.2835232123406608,0
2023-07-28 11:02:13,3353.0,732393,22,3361.53,125893,134037,-1.292354794076955,0
2023-07-28 11:02:14,3353.0,732421,3,3361.53,126271,133643,-1.292354794076955,0
2023-07-28 11:02:15,3353.3,732426,2,3361.53,126279,133679,-1.2835232123406608,0
2023-07-28 11:02:16,3353.0,732432,6,3361.53,126203,133855,-1.292354794076955,0
2023-07-28 11:02:17,3353.3,732434,1,3361.53,126202,133854,-1.2835232123406608,0
2023-07-28 11:02:18,3353.3,732443,9,3361.53,126074,133845,-1.2835232123406608,0
2023-07-28 11:02:18,3353.3,732443,10,3361.53,126074,133845,-1.2835232123406608,0
2023-07-28 11:02:20,3353.3,732455,1,3361.53,125885,133867,-1.2835232123406608,0
2023-07-28 11:02:21,3353.35,732548,9,3361.53,126159,133418,-1.2820512820512873,0
2023-07-28 11:02:22,3353.35,732565,7,3361.53,126084,133540,-1.2820512820512873,0
2023-07-28 11:02:22,3353.35,732565,7,3361.53,126084,133540,-1.2820512820512873,0
2023-07-28 11:02:22,3353.35,732565,1,3361.53,126084,133540,-1.2820512820512873,0
2023-07-28 11:02:23,3353.35,732583,1,3361.53,125708,133593,-1.2820512820512873,0
2023-07-28 11:02:23,3353.35,732583,1,3361.53,125708,133593,-1.2820512820512873,0
2023-07-28 11:02:24,3353.35,732592,1,3361.53,125900,133691,-1.2820512820512873,0
2023-07-28 11:02:24,3353.35,732592,1,3361.53,125900,133691,-1.2820512820512873,0
2023-07-28 11:02:25,3353.35,732594,1,3361.53,125722,133944,-1.2820512820512873,0
2023-07-28 11:02:26,3353.35,732628,2,3361.53,125835,133910,-1.2820512820512873,0
2023-07-28 11:02:26,3353.35,732628,2,3361.53,125835,133910,-1.2820512820512873,0
2023-07-28 11:02:27,3353.35,732634,2,3361.53,125755,133678,-1.2820512820512873,0
2023-07-28 11:02:27,3353.35,732634,2,3361.53,125887,133707,-1.2820512820512873,0
2023-07-28 11:02:29,3353.1,732669,1,3361.53,125880,133677,-1.289410933498195,0
2023-07-28 11:02:30,3353.35,732676,3,3361.53,125656,133896,-1.2820512820512873,0
2023-07-28 11:02:30,3353.35,732676,3,3361.53,125897,133698,-1.2820512820512873,0
2023-07-28 11:02:30,3353.35,732676,3,3361.53,125963,133541,-1.2820512820512873,0
2023-07-28 11:02:33,3353.2,732692,1,3361.53,125959,133660,-1.2864670729194345,0
2023-07-28 11:02:34,3353.3,732704,1,3361.53,125937,133522,-1.2835232123406608,0
2023-07-28 11:02:36,3353.3,732707,1,3361.53,125937,133619,-1.2835232123406608,0
2023-07-28 11:02:37,3353.3,732749,5,3361.53,125972,133897,-1.2835232123406608,0
2023-07-28 11:02:37,3353.3,732756,3,3361.53,125997,133723,-1.2835232123406608,0
2023-07-28 11:02:38,3353.3,732757,1,3361.53,124996,133897,-1.2835232123406608,0
2023-07-28 11:02:38,3353.0,732757,1,3361.53,124996,133897,-1.292354794076955,0
2023-07-28 11:02:39,3353.0,732758,1,3361.53,126023,133722,-1.292354794076955,0
2023-07-28 11:02:40,3353.0,732761,3,3361.53,126004,133732,-1.292354794076955,0
2023-07-28 11:02:41,3353.35,732791,2,3361.53,126097,133527,-1.2820512820512873,0
2023-07-28 11:02:42,3353.35,732866,2,3361.53,126260,133570,-1.2820512820512873,0
2023-07-28 11:02:43,3353.35,732880,1,3361.53,126107,133567,-1.2820512820512873,0
2023-07-28 11:02:44,3353.35,732883,1,3361.53,126103,133388,-1.2820512820512873,0
2023-07-28 11:02:44,3353.35,732883,5,3361.53,126103,133388,-1.2820512820512873,0
2023-07-28 11:02:46,3353.3,732891,1,3361.53,126103,133688,-1.2835232123406608,0
2023-07-28 11:02:46,3353.35,732891,1,3361.53,126103,133688,-1.2820512820512873,0
2023-07-28 11:02:46,3353.35,732894,2,3361.53,126094,133684,-1.2820512820512873,0
2023-07-28 11:02:47,3353.35,732896,2,3361.53,126157,133683,-1.2820512820512873,0
2023-07-28 11:02:47,3353.35,732896,2,3361.53,126217,133683,-1.2820512820512873,0
2023-07-28 11:02:47,3353.3,732896,7,3361.53,126217,133683,-1.2835232123406608,0
2023-07-28 11:02:50,3353.3,732907,1,3361.53,126407,133747,-1.2835232123406608,0
2023-07-28 11:02:51,3353.35,732908,2,3361.53,126413,133747,-1.2820512820512873,0
2023-07-28 11:02:52,3353.35,732911,2,3361.53,126470,133553,-1.2820512820512873,0
2023-07-28 11:02:52,3353.35,732911,2,3361.53,126470,133728,-1.2820512820512873,0
2023-07-28 11:02:52,3353.35,732911,2,3361.53,126471,133553,-1.2820512820512873,0
2023-07-28 11:02:52,3353.35,732911,1,3361.53,126471,133553,-1.2820512820512873,0
2023-07-28 11:02:55,3353.35,732912,1,3361.53,126572,133512,-1.2820512820512873,0
2023-07-28 11:02:56,3353.35,732953,3,3361.53,126598,133688,-1.2820512820512873,0
2023-07-28 11:02:57,3353.35,732960,3,3361.53,126393,133739,-1.2820512820512873,0
2023-07-28 11:02:58,3353.35,732962,1,3361.53,126577,133738,-1.2820512820512873,0
2023-07-28 11:02:58,3353.35,732962,2,3361.53,126577,133738,-1.2820512820512873,0
2023-07-28 11:03:00,3353.35,732964,3,3361.53,126842,133680,-1.2820512820512873,0
2023-07-28 11:03:01,3353.35,732969,2,3361.53,126950,133576,-1.2820512820512873,0
2023-07-28 11:03:01,3353.35,732969,10,3361.53,126950,133576,-1.2820512820512873,0
2023-07-28 11:03:02,3353.35,733007,10,3361.53,126659,133408,-1.2820512820512873,0
2023-07-28 11:03:02,3353.3,733007,1,3361.53,126659,133408,-1.2835232123406608,0
2023-07-28 11:03:03,3353.3,733008,1,3361.53,126823,133443,-1.2835232123406608,0
2023-07-28 11:03:03,3353.45,733008,1,3361.53,126823,133443,-1.279107421472527,0
2023-07-28 11:03:04,3353.35,733012,1,3361.53,126871,133570,-1.2820512820512873,0
2023-07-28 11:03:05,3353.35,733013,1,3361.53,126831,133654,-1.2820512820512873,0
2023-07-28 11:03:07,3353.0,733014,1,3361.53,126838,133654,-1.292354794076955,0
2023-07-28 11:03:07,3353.35,733014,3,3361.53,126803,133654,-1.2820512820512873,0
2023-07-28 11:03:09,3353.0,733017,1,3361.53,126791,133466,-1.292354794076955,0
2023-07-28 11:03:09,3353.0,733018,1,3361.53,126788,133641,-1.292354794076955,0
2023-07-28 11:03:11,3353.0,733049,3,3361.53,126767,133613,-1.292354794076955,0
2023-07-28 11:03:11,3353.0,733052,3,3361.53,126764,133615,-1.292354794076955,0
2023-07-28 11:03:11,3353.0,733052,3,3361.53,126764,133610,-1.292354794076955,0
2023-07-28 11:03:11,3353.0,733052,1,3361.53,126764,133610,-1.292354794076955,0
2023-07-28 11:03:11,3353.0,733052,525,3361.53,126764,133610,-1.292354794076955,0
2023-07-28 11:03:15,3353.0,733667,35,3361.52,126346,133144,-1.292354794076955,0
2023-07-28 11:03:16,3353.45,733827,12,3361.52,126448,133663,-1.279107421472527,0
2023-07-28 11:03:17,3353.45,733855,1,3361.52,126447,133321,-1.279107421472527,0
2023-07-28 11:03:18,3353.4,733858,1,3361.52,126166,133707,-1.2805793517619006,0
2023-07-28 11:03:19,3353.4,733859,1,3361.52,126457,133672,-1.2805793517619006,0
2023-07-28 11:03:19,3353.4,733859,1,3361.52,126423,133750,-1.2805793517619006,0
2023-07-28 11:03:21,3353.0,734157,11,3361.51,126090,134558,-1.292354794076955,0
2023-07-28 11:03:23,3353.05,734570,3,3361.51,126080,134148,-1.2908828637875682,0
2023-07-28 11:03:24,3353.1,735161,60,3361.5,125837,134178,-1.289410933498195,0
2023-07-28 11:03:24,3353.0,735682,42,3361.5,125642,134052,-1.292354794076955,0
2023-07-28 11:03:26,3353.0,736008,10,3361.49,124771,134282,-1.292354794076955,0
2023-07-28 11:03:26,3353.0,736085,20,3361.49,125808,134221,-1.292354794076955,0
2023-07-28 11:03:28,3352.8,737138,35,3361.48,125261,132988,-1.2982425152344759,0
2023-07-28 11:03:28,3353.45,737513,75,3361.47,125674,133886,-1.279107421472527,0
2023-07-28 11:03:28,3352.95,737513,3,3361.47,125674,133886,-1.293826724366342,0
2023-07-28 11:03:30,3352.8,737550,18,3361.47,125969,133211,-1.2982425152344759,0
2023-07-28 11:03:30,3353.1,737550,10,3361.47,125969,133211,-1.289410933498195,0
2023-07-28 11:03:30,3353.1,737564,10,3361.47,125668,133603,-1.289410933498195,0
2023-07-28 11:03:30,3353.1,737564,10,3361.47,125668,133603,-1.289410933498195,0
2023-07-28 11:03:31,3353.1,737585,10,3361.47,125830,133684,-1.289410933498195,0
2023-07-28 11:03:31,3353.1,737585,1,3361.47,125830,133684,-1.289410933498195,0
2023-07-28 11:03:33,3353.1,737589,1,3361.47,125865,133454,-1.289410933498195,0
2023-07-28 11:03:34,3353.1,737590,1,3361.47,125896,133279,-1.289410933498195,0
2023-07-28 11:03:34,3353.1,737590,1,3361.47,125914,133676,-1.289410933498195,0
2023-07-28 11:03:34,3353.1,737590,1,3361.47,125753,133530,-1.289410933498195,0
2023-07-28 11:03:34,3353.1,737590,1,3361.47,125950,133685,-1.289410933498195,0
2023-07-28 11:03:34,3353.1,737590,1,3361.47,125946,133685,-1.289410933498195,0
2023-07-28 11:03:40,3353.1,737605,15,3361.47,125947,133670,-1.289410933498195,0
2023-07-28 11:03:41,3353.1,737637,19,3361.47,125962,133639,-1.289410933498195,0
2023-07-28 11:03:41,3353.1,737643,2,3361.47,125968,133640,-1.289410933498195,0
2023-07-28 11:03:41,3353.1,737643,2,3361.47,125944,133654,-1.289410933498195,0
2023-07-28 11:03:41,3353.1,737643,2,3361.47,125944,133304,-1.289410933498195,0
2023-07-28 11:03:41,3353.1,737643,2,3361.47,125780,133479,-1.289410933498195,0
2023-07-28 11:03:41,3353.0,737643,3,3361.47,125780,133479,-1.292354794076955,0
2023-07-28 11:03:45,3353.0,737646,3,3361.47,125992,133654,-1.292354794076955,0
2023-07-28 11:03:45,3353.1,737646,1,3361.47,125992,133654,-1.289410933498195,0
2023-07-28 11:03:47,3353.1,737736,5,3361.47,126008,133564,-1.289410933498195,0
2023-07-28 11:03:47,3353.1,737750,5,3361.47,125912,133421,-1.289410933498195,0
2023-07-28 11:03:49,3353.1,737753,1,3361.47,125939,133812,-1.289410933498195,0
2023-07-28 11:03:49,3353.1,737753,1,3361.47,125939,133812,-1.289410933498195,0
2023-07-28 11:03:50,3353.1,737755,1,3361.47,125940,133806,-1.289410933498195,0
2023-07-28 11:03:50,3353.1,737755,1,3361.47,125940,133806,-1.289410933498195,0
2023-07-28 11:03:52,3353.1,737758,1,3361.47,125941,133784,-1.289410933498195,0
2023-07-28 11:03:52,3353.45,740486,492,3361.44,126246,132888,-1.279107421472527,0
2023-07-28 11:03:52,3353.45,740486,272,3361.44,126246,132888,-1.279107421472527,0
2023-07-28 11:03:54,3353.85,741356,19,3361.43,127188,133094,-1.2673319791574724,0
2023-07-28 11:03:55,3353.5,741372,2,3361.43,127180,133051,-1.2776354911831402,0
2023-07-28 11:03:56,3354.15,741406,7,3361.43,127323,133039,-1.2585003974211781,0
2023-07-28 11:03:57,3353.55,741411,2,3361.43,127287,133042,-1.2761635608937534,0
2023-07-28 11:03:59,3354.15,741507,4,3361.43,127201,133027,-1.2585003974211781,0
2023-07-28 11:03:59,3354.15,741507,5,3361.43,127201,133027,-1.2585003974211781,0
2023-07-28 11:03:59,3354.15,741603,5,3361.43,127240,133033,-1.2585003974211781,0
2023-07-28 11:03:59,3353.5,741603,8,3361.43,127240,133033,-1.2776354911831402,0
2023-07-28 11:04:00,3353.5,741612,8,3361.43,127242,133035,-1.2776354911831402,0
2023-07-28 11:04:00,3353.5,741612,1,3361.43,127242,133035,-1.2776354911831402,0
2023-07-28 11:04:01,3353.5,741613,1,3361.43,127238,133033,-1.2776354911831402,0
2023-07-28 11:04:01,3354.15,741613,3,3361.43,127238,133033,-1.2585003974211781,0
2023-07-28 11:04:04,3354.15,741616,3,3361.43,127406,133030,-1.2585003974211781,0
2023-07-28 11:04:04,3354.15,741616,3,3361.43,127402,133030,-1.2585003974211781,0
2023-07-28 11:04:04,3354.15,741616,3,3361.43,127404,133056,-1.2585003974211781,0
2023-07-28 11:04:07,3353.8,741625,1,3361.43,127190,132887,-1.268803909446846,0
2023-07-28 11:04:07,3354.15,741625,1,3361.43,127190,132887,-1.2585003974211781,0
2023-07-28 11:04:08,3353.45,741629,1,3361.43,127183,133106,-1.279107421472527,0
2023-07-28 11:04:10,3353.45,741670,1,3361.43,127105,132858,-1.279107421472527,0
2023-07-28 11:04:11,3353.45,741724,53,3361.43,127078,132866,-1.279107421472527,0
2023-07-28 11:04:11,3354.0,741724,19,3361.43,127078,132866,-1.2629161882893252,0
2023-07-28 11:04:11,3354.0,741759,19,3361.43,127096,132838,-1.2629161882893252,0
2023-07-28 11:04:11,3353.45,741759,4,3361.43,127096,132838,-1.279107421472527,0
2023-07-28 11:04:13,3354.15,741766,3,3361.43,127091,133038,-1.2585003974211781,0
2023-07-28 11:04:13,3354.15,741766,5,3361.43,127091,133038,-1.2585003974211781,0
2023-07-28 11:04:13,3353.45,741771,1,3361.43,127066,133094,-1.279107421472527,0
2023-07-28 11:04:14,3353.45,741772,1,3361.43,126892,133052,-1.279107421472527,0
2023-07-28 11:04:16,3353.45,741932,15,3361.43,127025,132957,-1.279107421472527,0
2023-07-28 11:04:16,3353.45,741932,1,3361.43,127025,132957,-1.279107421472527,0
2023-07-28 11:04:17,3353.45,741933,1,3361.43,127085,132906,-1.279107421472527,0
2023-07-28 11:04:17,3353.8,741933,1,3361.43,127085,132906,-1.268803909446846,0
2023-07-28 11:04:19,3353.8,741934,1,3361.43,127090,133219,-1.268803909446846,0
2023-07-28 11:04:19,3354.15,741934,1,3361.43,127090,133225,-1.2585003974211781,0
2023-07-28 11:04:21,3354.15,741938,1,3361.43,127215,133148,-1.2585003974211781,0
2023-07-28 11:04:21,3354.05,741938,5,3361.43,127215,133148,-1.2614442579999383,0
2023-07-28 11:04:22,3354.05,742116,5,3361.43,127075,132807,-1.2614442579999383,0
2023-07-28 11:04:22,3353.45,742205,9,3361.42,127070,132891,-1.279107421472527,0
2023-07-28 11:04:24,3354.05,742382,1,3361.42,126899,132884,-1.2614442579999383,0
2023-07-28 11:04:25,3353.8,742401,1,3361.42,126873,132659,-1.268803909446846,0
2023-07-28 11:04:25,3353.45,742401,2,3361.42,126873,132659,-1.279107421472527,0
2023-07-28 11:04:26,3353.45,742440,175,3361.42,126874,132973,-1.279107421472527,0
2023-07-28 11:04:27,3353.45,742620,2,3361.42,126707,133112,-1.279107421472527,0
2023-07-28 11:04:28,3353.45,742640,2,3361.42,126687,133125,-1.279107421472527,0
2023-07-28 11:04:30,3353.45,742649,4,3361.42,126689,133136,-1.279107421472527,0
2023-07-28 11:04:31,3354.0,742660,10,3361.42,126701,133090,-1.2629161882893252,0
2023-07-28 11:04:31,3353.45,742661,1,3361.42,126881,132852,-1.279107421472527,0
2023-07-28 11:04:31,3354.55,742661,8,3361.42,126881,132852,-1.2467249551061235,0
2023-07-28 11:04:32,3354.55,742721,8,3361.42,126909,132815,-1.2467249551061235,0
2023-07-28 11:04:32,3353.75,742721,61,3361.42,126909,132815,-1.2702758397362328,0
2023-07-28 11:04:34,3353.75,742912,1,3361.42,126979,132761,-1.2702758397362328,0
2023-07-28 11:04:34,3353.55,742912,2,3361.42,126979,132761,-1.2761635608937534,0
2023-07-28 11:04:35,3353.55,742941,2,3361.42,126459,132936,-1.2761635608937534,0
2023-07-28 11:04:36,3354.45,742945,1,3361.42,126477,132875,-1.2496688156848972,0
2023-07-28 11:04:37,3354.45,742946,1,3361.42,126472,132699,-1.2496688156848972,0
2023-07-28 11:04:37,3354.45,742946,1,3361.42,126458,132874,-1.2496688156848972,0
2023-07-28 11:04:37,3354.45,742946,10,3361.42,126458,132874,-1.2496688156848972,0
2023-07-28 11:04:40,3354.45,742956,10,3361.42,126450,132864,-1.2496688156848972,0
2023-07-28 11:04:40,3354.0,742957,1,3361.42,126275,132931,-1.2629161882893252,0
2023-07-28 11:04:40,3354.45,742957,19,3361.42,126275,132931,-1.2496688156848972,0
2023-07-28 11:04:41,3354.45,742989,19,3361.42,126390,133041,-1.2496688156848972,0
2023-07-28 11:04:42,3354.1,743003,10,3361.42,126124,132985,-1.259972327710565,0
2023-07-28 11:04:42,3354.2,743003,1,3361.42,126124,132985,-1.2570284671318046,0
2023-07-28 11:04:43,3354.2,743005,1,3361.42,126155,133130,-1.2570284671318046,0
2023-07-28 11:04:45,3353.45,743007,2,3361.42,126181,133110,-1.279107421472527,0
2023-07-28 11:04:46,3353.45,743009,1,3361.42,126174,133110,-1.279107421472527,0
2023-07-28 11:04:46,3353.45,743009,1,3361.42,126174,133110,-1.279107421472527,0
2023-07-28 11:04:47,3354.0,743014,5,3361.42,126233,133151,-1.2629161882893252,0
2023-07-28 11:04:47,3354.0,743014,5,3361.42,126233,133151,-1.2629161882893252,0
2023-07-28 11:04:47,3354.0,743014,5,3361.42,126215,133366,-1.2629161882893252,0
2023-07-28 11:04:50,3354.0,743114,100,3361.42,125970,133248,-1.2629161882893252,0
2023-07-28 11:04:50,3353.55,743114,69,3361.42,125970,133248,-1.2761635608937534,0
2023-07-28 11:04:50,3353.55,743199,69,3361.41,126603,132795,-1.2761635608937534,0
2023-07-28 11:04:50,3353.5,743199,9,3361.41,126603,132795,-1.2776354911831402,0
2023-07-28 11:04:51,3353.5,743208,9,3361.41,126273,133157,-1.2776354911831402,0
2023-07-28 11:04:51,3355.0,743208,4,3361.41,126273,133157,-1.2334775825016953,0
2023-07-28 11:04:52,3355.0,743224,4,3361.41,126535,133063,-1.2334775825016953,0
2023-07-28 11:04:54,3354.95,743230,5,3361.41,126378,132584,-1.2349495127910821,0
2023-07-28 11:04:54,3353.5,743230,1,3361.41,126378,132584,-1.2776354911831402,0
2023-07-28 11:04:54,3353.5,743231,1,3361.41,126264,133248,-1.2776354911831402,0
2023-07-28 11:04:54,3353.45,743231,5,3361.41,126264,133248,-1.279107421472527,0
2023-07-28 11:04:56,3353.45,743266,3,3361.41,126251,133193,-1.279107421472527,0
2023-07-28 11:04:56,3353.45,743269,3,3361.41,126213,132876,-1.279107421472527,0
2023-07-28 11:04:56,3353.45,743269,1,3361.41,126213,132876,-1.279107421472527,0
2023-07-28 11:04:57,3354.45,743270,1,3361.41,126394,133094,-1.2496688156848972,0
2023-07-28 11:04:59,3354.45,743271,1,3361.41,126450,133087,-1.2496688156848972,0
2023-07-28 11:05:01,3354.45,743281,3,3361.41,126330,133190,-1.2496688156848972,0
2023-07-28 11:05:01,3354.45,743287,5,3361.41,126361,132310,-1.2496688156848972,0
2023-07-28 11:05:01,3354.45,743287,68,3361.41,126361,132310,-1.2496688156848972,0
2023-07-28 11:05:04,3354.15,743362,3,3361.41,126297,133035,-1.2585003974211781,0
2023-07-28 11:05:04,3354.45,743362,5,3361.41,126297,133035,-1.2496688156848972,0
2023-07-28 11:05:04,3354.2,743368,1,3361.41,126297,133205,-1.2570284671318046,0
2023-07-28 11:05:05,3354.2,743369,1,3361.41,126202,133205,-1.2570284671318046,0
2023-07-28 11:05:07,3354.45,743389,10,3361.41,126185,133202,-1.2496688156848972,0
2023-07-28 11:05:07,3354.9,743389,2,3361.41,126185,133202,-1.2364214430804557,0
2023-07-28 11:05:09,3354.9,743421,1,3361.41,126271,133249,-1.2364214430804557,0
2023-07-28 11:05:09,3354.9,743421,4,3361.41,126271,133249,-1.2364214430804557,0
2023-07-28 11:05:09,3354.9,743428,4,3361.41,126257,133245,-1.2364214430804557,0
2023-07-28 11:05:09,3354.45,743428,1,3361.41,126257,133245,-1.2496688156848972,0
2023-07-28 11:05:11,3353.8,743574,3,3361.41,126409,133092,-1.268803909446846,0
2023-07-28 11:05:12,3353.8,743590,2,3361.41,126272,132991,-1.268803909446846,0
2023-07-28 11:05:12,3353.8,743590,2,3361.41,126272,132963,-1.268803909446846,0
2023-07-28 11:05:12,3353.8,743590,2,3361.41,126272,133313,-1.268803909446846,0
2023-07-28 11:05:12,3354.95,743590,1,3361.41,126272,133313,-1.2349495127910821,0
2023-07-28 11:05:15,3354.95,743591,1,3361.41,126279,133312,-1.2349495127910821,0
2023-07-28 11:05:15,3354.0,743591,34,3361.41,126205,133205,-1.2629161882893252,0
2023-07-28 11:05:17,3354.0,743688,34,3361.41,126222,133107,-1.2629161882893252,0
2023-07-28 11:05:17,3353.8,743688,10,3361.41,126222,133107,-1.268803909446846,0
2023-07-28 11:05:18,3353.8,743698,10,3361.41,126254,133218,-1.268803909446846,0
2023-07-28 11:05:18,3354.35,743698,2,3361.41,126254,133218,-1.2526126762636576,0
2023-07-28 11:05:20,3354.35,743701,2,3361.41,126182,133239,-1.2526126762636576,0
2023-07-28 11:05:20,3354.35,743701,1,3361.41,126182,133239,-1.2526126762636576,0
2023-07-28 11:05:21,3354.35,743702,1,3361.41,126200,132889,-1.2526126762636576,0
2023-07-28 11:05:21,3354.95,743702,24,3361.41,126262,133239,-1.2349495127910821,0
2023-07-28 11:05:23,3354.0,743736,3,3361.41,126265,133230,-1.2629161882893252,0
2023-07-28 11:05:23,3354.0,743736,3,3361.41,126265,133230,-1.2629161882893252,0
2023-07-28 11:05:24,3354.0,743739,1,3361.41,126262,133232,-1.2629161882893252,0
2023-07-28 11:05:24,3354.0,743739,1,3361.41,126262,133232,-1.2629161882893252,0
2023-07-28 11:05:25,3354.0,743740,1,3361.41,126241,133055,-1.2629161882893252,0
2023-07-28 11:05:26,3354.0,743773,3,3361.41,126266,133249,-1.2629161882893252,0
2023-07-28 11:05:26,3354.0,743773,3,3361.41,126266,133249,-1.2629161882893252,0
2023-07-28 11:05:28,3354.0,743778,1,3361.41,126250,133072,-1.2629161882893252,0
2023-07-28 11:05:28,3354.0,743779,1,3361.41,126249,133247,-1.2629161882893252,0
2023-07-28 11:05:28,3354.0,743779,4,3361.41,126249,133247,-1.2629161882893252,0
2023-07-28 11:05:29,3354.0,743790,1,3361.41,126165,133205,-1.2629161882893252,0
2023-07-28 11:05:29,3353.45,743790,36,3361.41,126165,133205,-1.279107421472527,0
2023-07-28 11:05:31,3354.95,744129,3,3361.4,126001,133213,-1.2349495127910821,0
2023-07-28 11:05:31,3353.95,744129,1,3361.4,126001,133213,-1.264388118578712,0
2023-07-28 11:05:32,3354.9,744239,15,3361.4,126126,133223,-1.2364214430804557,0
2023-07-28 11:05:32,3353.5,744251,1,3361.4,126097,132890,-1.2776354911831402,0
2023-07-28 11:05:33,3353.5,744262,1,3361.4,126084,133071,-1.2776354911831402,0
2023-07-28 11:05:34,3353.5,744263,1,3361.4,126100,133009,-1.2776354911831402,0
2023-07-28 11:05:35,3353.5,744290,3,3361.4,126176,133322,-1.2776354911831402,0
2023-07-28 11:05:36,3353.5,744293,3,3361.4,126041,133494,-1.2776354911831402,0
2023-07-28 11:05:36,3353.5,744293,3,3361.4,126083,133462,-1.2776354911831402,0
2023-07-28 11:05:36,3353.5,744293,3,3361.4,126133,133462,-1.2776354911831402,0
2023-07-28 11:05:36,3353.5,744293,3,3361.4,126133,133462,-1.2776354911831402,0
2023-07-28 11:05:41,3353.6,744326,3,3361.4,126259,133445,-1.2746916306043798,0
2023-07-28 11:05:42,3353.6,744329,1,3361.4,126250,133250,-1.2746916306043798,0
2023-07-28 11:05:44,3353.65,744333,3,3361.4,126529,133331,-1.273219700314993,0
2023-07-28 11:05:44,3353.65,744333,3,3361.4,126557,133329,-1.273219700314993,0
2023-07-28 11:05:44,3354.95,744333,2,3361.4,126557,133329,-1.2349495127910821,0
2023-07-28 11:05:47,3353.65,744337,1,3361.4,126052,133845,-1.273219700314993,0
2023-07-28 11:05:48,3353.65,744338,1,3361.4,126128,133918,-1.273219700314993,0
2023-07-28 11:05:48,3353.65,744338,1,3361.4,126158,134095,-1.273219700314993,0
2023-07-28 11:05:48,3354.85,744338,6,3361.4,126158,134095,-1.2378933733698425,0
2023-07-28 11:05:50,3354.85,744358,6,3361.4,126121,133802,-1.2378933733698425,0
2023-07-28 11:05:51,3354.8,744362,2,3361.4,125985,134047,-1.239365303659216,0
2023-07-28 11:05:51,3354.8,744362,2,3361.4,126069,134061,-1.239365303659216,0
2023-07-28 11:05:54,3353.5,744372,1,3361.4,126081,134043,-1.2776354911831402,0
2023-07-28 11:05:54,3353.5,744373,1,3361.4,126208,134104,-1.2776354911831402,0
2023-07-28 11:05:56,3354.4,744404,20,3361.4,126227,134006,-1.2511407459742707,0
2023-07-28 11:05:56,3353.55,744407,1,3361.4,126233,133876,-1.2761635608937534,0
2023-07-28 11:05:57,3353.55,744408,1,3361.4,126248,134057,-1.2761635608937534,0
2023-07-28 11:05:57,3353.55,744408,1,3361.4,126314,134057,-1.2761635608937534,0
2023-07-28 11:05:57,3354.5,744408,45,3361.4,126220,134060,-1.2481968853955103,0
2023-07-28 11:06:01,3353.5,744483,4,3361.4,126363,133863,-1.2776354911831402,0
2023-07-28 11:06:01,3354.5,744483,2,3361.4,126363,133863,-1.2481968853955103,0
2023-07-28 11:06:02,3354.5,744492,2,3361.4,126375,133863,-1.2481968853955103,0
2023-07-28 11:06:04,3353.5,744497,2,3361.4,126324,134009,-1.2776354911831402,0
2023-07-28 11:06:04,3354.4,744497,1,3361.4,126324,134009,-1.2511407459742707,0
2023-07-28 11:06:05,3354.5,744502,1,3361.4,126325,134025,-1.2481968853955103,0
2023-07-28 11:06:05,3354.5,744503,1,3361.4,126324,134024,-1.2481968853955103,0
2023-07-28 11:06:05,3354.5,744503,1,3361.4,126329,134024,-1.2481968853955103,0
2023-07-28 11:06:05,3354.5,744503,1,3361.4,126330,134035,-1.2481968853955103,0
2023-07-28 11:06:09,3354.5,745271,26,3361.39,126823,133479,-1.2481968853955103,0
2023-07-28 11:06:10,3354.1,745512,2,3361.39,126751,133723,-1.259972327710565,0
2023-07-28 11:06:10,3354.5,745512,19,3361.39,126751,133723,-1.2481968853955103,0
2023-07-28 11:06:12,3354.1,745557,7,3361.39,126506,133683,-1.259972327710565,0
2023-07-28 11:06:13,3354.6,746951,61,3361.38,126488,132510,-1.24525302481675,0
2023-07-28 11:06:13,3354.8,746951,5,3361.38,126488,132510,-1.239365303659216,0
2023-07-28 11:06:14,3355.0,747520,2,3361.37,125967,132610,-1.2334775825016953,0
2023-07-28 11:06:15,3355.0,747597,2,3361.37,126041,132605,-1.2334775825016953,0
2023-07-28 11:06:15,3354.6,747597,4,3361.37,126041,132605,-1.24525302481675,0
2023-07-28 11:06:16,3354.6,747624,13,3361.37,125784,132651,-1.24525302481675,0
2023-07-28 11:06:16,3354.6,747626,2,3361.37,125807,132478,-1.24525302481675,0
2023-07-28 11:06:17,3354.6,747628,1,3361.37,125874,132650,-1.24525302481675,0
2023-07-28 11:06:18,3354.6,747629,1,3361.37,125802,132659,-1.24525302481675,0
2023-07-28 11:06:18,3354.8,747629,1,3361.37,125802,132659,-1.239365303659216,0
2023-07-28 11:06:19,3354.8,747632,1,3361.37,125884,132797,-1.239365303659216,0
2023-07-28 11:06:20,3355.0,747699,43,3361.37,125871,132703,-1.2334775825016953,0
2023-07-28 11:06:20,3354.8,747699,1,3361.37,125871,132703,-1.239365303659216,0
2023-07-28 11:06:22,3354.6,747706,6,3361.37,125859,132705,-1.24525302481675,0
2023-07-28 11:06:22,3355.0,747706,10,3361.37,125859,132705,-1.2334775825016953,0
2023-07-28 11:06:23,3354.6,747718,2,3361.37,125880,132777,-1.24525302481675,0
2023-07-28 11:06:23,3355.0,747720,5,3361.37,125751,132822,-1.2334775825016953,0
2023-07-28 11:06:25,3355.0,747725,5,3361.37,125746,132642,-1.2334775825016953,0
2023-07-28 11:06:25,3355.0,747725,20,3361.37,125746,132642,-1.2334775825016953,0
2023-07-28 11:06:26,3355.0,747757,1,3361.37,125850,132613,-1.2334775825016953,0
2023-07-28 11:06:26,3355.0,747757,7,3361.37,125850,132613,-1.2334775825016953,0
2023-07-28 11:06:28,3355.0,747769,7,3361.37,125754,132780,-1.2334775825016953,0
2023-07-28 11:06:28,3354.6,747769,1,3361.37,125754,132780,-1.24525302481675,0
2023-07-28 11:06:28,3354.6,747770,1,3361.37,125768,132729,-1.24525302481675,0
2023-07-28 11:06:28,3354.6,747770,1,3361.37,125755,132729,-1.24525302481675,0
2023-07-28 11:06:28,3354.6,747770,3,3361.37,125755,132729,-1.24525302481675,0
2023-07-28 11:06:30,3354.6,747773,3,3361.37,125746,132890,-1.24525302481675,0
2023-07-28 11:06:30,3354.6,747773,10,3361.37,125734,132890,-1.24525302481675,0
2023-07-28 11:06:30,3354.6,747773,1,3361.37,125734,132890,-1.24525302481675,0
2023-07-28 11:06:34,3355.0,747785,1,3361.37,125799,132822,-1.2334775825016953,0
2023-07-28 11:06:34,3354.6,747785,64,3361.37,125799,132822,-1.24525302481675,0
2023-07-28 11:06:34,3354.6,747785,7,3361.37,125799,132822,-1.24525302481675,0
2023-07-28 11:06:35,3354.6,747860,7,3361.37,125732,132834,-1.24525302481675,0
2023-07-28 11:06:37,3355.0,747863,13,3361.37,125832,132852,-1.2334775825016953,0
