2023-07-28 10:49:30,1090.0,1409234,5,1093.83,304417,266719,-0.9000818256205192,0
2023-07-28 10:49:29,1090.0,1409093,1,1093.83,304558,266624,-0.9000818256205192,0
2023-07-28 10:49:30,1090.0,1409234,3,1093.83,304417,266719,-0.9000818256205192,0
2023-07-28 10:49:31,1090.05,1409462,10,1093.83,304394,266648,-0.8955359578143591,0
2023-07-28 10:49:32,1090.0,1409472,9,1093.83,304384,266712,-0.9000818256205192,0
2023-07-28 10:49:32,1090.0,1409473,1,1093.83,304383,266718,-0.9000818256205192,0
2023-07-28 10:49:33,1090.0,1409543,1,1093.83,304375,266654,-0.9000818256205192,0
2023-07-28 10:49:34,1090.0,1409582,3,1093.83,304512,266653,-0.9000818256205192,0
2023-07-28 10:49:35,1090.0,1409604,2,1093.83,304398,266647,-0.9000818256205192,0
2023-07-28 10:49:36,1090.3,1409826,12,1093.83,304239,266952,-0.8728066187835382,0
2023-07-28 10:49:36,1090.05,1409826,1,1093.83,304239,266952,-0.8955359578143591,0
2023-07-28 10:49:37,1090.05,1409835,1,1093.83,304491,266987,-0.8955359578143591,0
2023-07-28 10:49:38,1090.0,1409874,3,1093.83,304607,267183,-0.9000818256205192,0
2023-07-28 10:49:39,1090.6,1411411,18,1093.83,304105,266172,-0.845531411946557,0
2023-07-28 10:49:39,1090.5,1411411,5,1093.83,304105,266172,-0.8546231475588771,0
2023-07-28 10:49:41,1090.5,1411425,6,1093.83,303091,266294,-0.8546231475588771,0
2023-07-28 10:49:41,1090.5,1411575,28,1093.83,302720,266608,-0.8546231475588771,0
2023-07-28 10:49:43,1090.05,1411666,6,1093.83,304626,266813,-0.8955359578143591,0
2023-07-28 10:49:43,1090.1,1411666,10,1093.83,304626,266813,-0.8909900900081991,0
2023-07-28 10:49:44,1090.05,1411682,1,1093.83,304726,266872,-0.8955359578143591,0
2023-07-28 10:49:44,1090.0,1411682,26,1093.83,304726,266872,-0.9000818256205192,0
2023-07-28 10:49:44,1090.0,1411711,3,1093.83,305402,266382,-0.9000818256205192,0
2023-07-28 10:49:45,1090.0,1411882,16,1093.83,304674,266575,-0.9000818256205192,0
2023-07-28 10:49:47,1090.05,1412609,4,1093.83,302820,266309,-0.8955359578143591,0
2023-07-28 10:49:47,1090.05,1412621,1,1093.83,302854,266328,-0.8955359578143591,0
2023-07-28 10:49:48,1090.6,1412686,6,1093.83,304254,266434,-0.845531411946557,0
2023-07-28 10:49:48,1090.6,1412686,1,1093.83,304254,266434,-0.845531411946557,0
2023-07-28 10:49:49,1090.6,1413296,36,1093.82,304407,267604,-0.845531411946557,0
2023-07-28 10:49:49,1090.6,1413296,36,1093.82,304342,267727,-0.845531411946557,0
2023-07-28 10:49:49,1090.6,1413296,36,1093.82,304675,267792,-0.845531411946557,0
2023-07-28 10:49:49,1090.25,1413296,5,1093.82,304675,267792,-0.8773524865896982,0
2023-07-28 10:49:52,1090.25,1413301,5,1093.82,304562,267957,-0.8773524865896982,0
2023-07-28 10:49:52,1090.35,1413301,2,1093.82,304562,267957,-0.8682607509773781,0
2023-07-28 10:49:53,1090.35,1413337,9,1093.82,304738,267952,-0.8682607509773781,0
2023-07-28 10:49:54,1090.35,1413636,5,1093.82,303833,267366,-0.8682607509773781,0
2023-07-28 10:49:54,1090.6,1413636,20,1093.82,303833,267366,-0.845531411946557,0
2023-07-28 10:49:56,1090.7,1413746,20,1093.82,303816,267152,-0.8364396763342162,0
2023-07-28 10:49:56,1090.7,1413746,5,1093.82,303816,267152,-0.8364396763342162,0
2023-07-28 10:49:57,1090.7,1413777,3,1093.82,303180,266685,-0.8364396763342162,0
2023-07-28 10:49:57,1090.7,1413777,3,1093.82,305993,266789,-0.8364396763342162,0
2023-07-28 10:49:57,1090.8,1413777,7,1093.82,305993,266789,-0.8273479407218961,0
2023-07-28 10:49:58,1090.8,1413919,7,1093.82,305066,267172,-0.8273479407218961,0
2023-07-28 10:49:58,1090.8,1413919,3,1093.82,305066,267172,-0.8273479407218961,0
2023-07-28 10:50:00,1090.75,1414059,6,1093.82,304913,266854,-0.8318938085280562,0
2023-07-28 10:50:00,1090.75,1414073,2,1093.82,304928,266856,-0.8318938085280562,0
2023-07-28 10:50:00,1090.75,1414078,2,1093.82,305681,266632,-0.8318938085280562,0
2023-07-28 10:50:00,1090.8,1414078,6,1093.82,305681,266632,-0.8273479407218961,0
2023-07-28 10:50:02,1090.8,1414165,1,1093.82,305896,266651,-0.8273479407218961,0
2023-07-28 10:50:03,1090.85,1414197,3,1093.82,306070,266731,-0.822802072915736,0
2023-07-28 10:50:03,1090.9,1414197,1,1093.82,306181,266732,-0.8182562051095553,0
2023-07-28 10:50:03,1090.85,1414197,10,1093.82,306181,266732,-0.822802072915736,0
2023-07-28 10:50:05,1090.85,1414232,10,1093.82,306615,266822,-0.822802072915736,0
2023-07-28 10:50:06,1090.9,1414322,18,1093.82,306776,266605,-0.8182562051095553,0
2023-07-28 10:50:06,1090.75,1414322,24,1093.82,306776,266605,-0.8318938085280562,0
2023-07-28 10:50:07,1090.75,1414398,24,1093.82,305302,267511,-0.8318938085280562,0
2023-07-28 10:50:08,1090.6,1414462,3,1093.82,305265,267124,-0.845531411946557,0
2023-07-28 10:50:09,1090.6,1414471,2,1093.82,306921,267112,-0.845531411946557,0
2023-07-28 10:50:09,1090.5,1414471,8,1093.82,306921,267112,-0.8546231475588771,0
2023-07-28 10:50:10,1090.5,1414510,8,1093.82,305425,267134,-0.8546231475588771,0
2023-07-28 10:50:10,1090.5,1414510,6,1093.82,305425,267134,-0.8546231475588771,0
2023-07-28 10:50:12,1090.5,1414698,30,1093.82,306056,267215,-0.8546231475588771,0
2023-07-28 10:50:12,1090.5,1414698,30,1093.82,306056,267215,-0.8546231475588771,0
2023-07-28 10:50:12,1090.5,1414698,30,1093.82,305197,267301,-0.8546231475588771,0
2023-07-28 10:50:14,1090.5,1414881,7,1093.82,305254,267493,-0.8546231475588771,0
2023-07-28 10:50:15,1090.5,1415088,1,1093.82,305379,267863,-0.8546231475588771,0
2023-07-28 10:50:15,1090.5,1415088,1,1093.82,305379,267863,-0.8546231475588771,0
2023-07-28 10:50:16,1090.4,1415096,2,1093.82,305347,267866,-0.8637148831711973,0
2023-07-28 10:50:17,1090.45,1415103,1,1093.82,305361,267887,-0.8591690153650372,0
2023-07-28 10:50:18,1090.45,1415250,7,1093.82,305271,267942,-0.8591690153650372,0
2023-07-28 10:50:18,1090.45,1415250,15,1093.82,305271,267942,-0.8591690153650372,0
2023-07-28 10:50:19,1090.45,1415293,3,1093.82,305272,267936,-0.8591690153650372,0
2023-07-28 10:50:20,1090.45,1415316,2,1093.82,305169,267973,-0.8591690153650372,0
2023-07-28 10:50:20,1090.45,1415316,2,1093.82,305169,267973,-0.8591690153650372,0
2023-07-28 10:50:21,1090.5,1415341,6,1093.82,304124,267523,-0.8546231475588771,0
2023-07-28 10:50:22,1090.45,1415501,4,1093.82,304549,267574,-0.8591690153650372,0
2023-07-28 10:50:22,1090.45,1415501,4,1093.82,304549,267574,-0.8591690153650372,0
2023-07-28 10:50:23,1090.5,1415583,2,1093.82,304586,267562,-0.8546231475588771,0
2023-07-28 10:50:23,1090.5,1415583,2,1093.82,304586,267562,-0.8546231475588771,0
2023-07-28 10:50:24,1090.25,1416020,195,1093.82,304951,267626,-0.8773524865896982,0
2023-07-28 10:50:25,1090.2,1416025,5,1093.82,305744,267529,-0.8818983543958582,0
2023-07-28 10:50:26,1090.45,1416213,2,1093.82,301910,264956,-0.8591690153650372,0
2023-07-28 10:50:26,1090.45,1416213,2,1093.82,301910,264956,-0.8591690153650372,0
2023-07-28 10:50:27,1090.5,1416347,1,1093.82,301803,265030,-0.8546231475588771,0
2023-07-28 10:50:27,1090.45,1416347,5,1093.82,301803,265030,-0.8591690153650372,0
2023-07-28 10:50:28,1090.45,1416451,5,1093.82,301425,265069,-0.8591690153650372,0
2023-07-28 10:50:29,1090.45,1416460,1,1093.82,301481,265125,-0.8591690153650372,0
2023-07-28 10:50:30,1090.5,1416665,1,1093.82,302422,265032,-0.8546231475588771,0
2023-07-28 10:50:30,1090.5,1416665,10,1093.82,302422,265032,-0.8546231475588771,0
2023-07-28 10:50:31,1090.5,1416898,10,1093.82,301835,265239,-0.8546231475588771,0
2023-07-28 10:50:32,1090.65,1416964,1,1093.82,301795,265238,-0.8409855441403763,0
2023-07-28 10:50:33,1090.75,1416992,5,1093.82,302059,265020,-0.8318938085280562,0
2023-07-28 10:50:34,1090.75,1417060,29,1093.82,301671,264996,-0.8318938085280562,0
2023-07-28 10:50:34,1090.75,1417060,29,1093.82,301728,264942,-0.8318938085280562,0
2023-07-28 10:50:37,1090.75,1417066,6,1093.82,301335,265001,-0.8318938085280562,0
2023-07-28 10:50:37,1090.75,1417066,1,1093.82,301335,265001,-0.8318938085280562,0
2023-07-28 10:50:37,1090.75,1417067,1,1093.82,301685,264847,-0.8318938085280562,0
2023-07-28 10:50:38,1090.75,1417300,11,1093.81,301666,258310,-0.8318938085280562,0
2023-07-28 10:50:39,1090.5,1417312,3,1093.81,302078,264489,-0.8546231475588771,0
2023-07-28 10:50:39,1090.7,1417312,1,1093.81,302078,264489,-0.8364396763342162,0
2023-07-28 10:50:41,1090.7,1417353,3,1093.81,301477,264529,-0.8364396763342162,0
2023-07-28 10:50:41,1090.7,1417373,10,1093.81,302465,264542,-0.8364396763342162,0
2023-07-28 10:50:42,1090.7,1417415,1,1093.81,302506,264403,-0.8364396763342162,0
2023-07-28 10:50:42,1090.65,1417415,2,1093.81,302506,264403,-0.8409855441403763,0
2023-07-28 10:50:44,1090.55,1417656,3,1093.81,302462,264334,-0.8500772797527171,0
2023-07-28 10:50:45,1090.9,1417760,1,1093.81,302055,264300,-0.8182562051095553,0
2023-07-28 10:50:45,1090.9,1417760,1,1093.81,302530,264339,-0.8182562051095553,0
2023-07-28 10:50:47,1090.4,1418210,45,1093.81,302151,264535,-0.8637148831711973,0
2023-07-28 10:50:47,1090.75,1418275,20,1093.81,302122,264517,-0.8318938085280562,0
2023-07-28 10:50:49,1090.5,1418283,4,1093.81,301880,264794,-0.8546231475588771,0
2023-07-28 10:50:50,1090.45,1418304,4,1093.81,301941,264769,-0.8591690153650372,0
2023-07-28 10:50:51,1090.45,1418480,1,1093.81,301878,264707,-0.8591690153650372,0
2023-07-28 10:50:52,1090.45,1418617,8,1093.81,301693,264753,-0.8591690153650372,0
2023-07-28 10:50:53,1090.45,1418705,1,1093.81,301820,264065,-0.8591690153650372,0
2023-07-28 10:50:54,1090.45,1419010,3,1093.81,302610,264669,-0.8591690153650372,0
2023-07-28 10:50:55,1090.45,1419052,24,1093.81,301936,255862,-0.8591690153650372,0
2023-07-28 10:50:56,1090.45,1419186,12,1093.81,302116,264988,-0.8591690153650372,0
2023-07-28 10:50:57,1090.45,1419251,3,1093.81,302005,265036,-0.8591690153650372,0
2023-07-28 10:50:58,1090.45,1419292,34,1093.81,301391,265040,-0.8591690153650372,0
2023-07-28 10:50:59,1090.45,1419334,15,1093.81,302060,265080,-0.8591690153650372,0
2023-07-28 10:51:00,1090.9,1419533,25,1093.81,300495,264670,-0.8182562051095553,0
2023-07-28 10:51:00,1090.9,1419533,25,1093.81,300495,264670,-0.8182562051095553,0
2023-07-28 10:51:00,1090.85,1419533,46,1093.81,300495,264670,-0.822802072915736,0
2023-07-28 10:51:02,1090.85,1419623,3,1093.81,300046,264936,-0.822802072915736,0
2023-07-28 10:51:03,1090.85,1419793,53,1093.81,300018,264671,-0.822802072915736,0
2023-07-28 10:51:03,1090.85,1419793,1,1093.81,300018,264671,-0.822802072915736,0
2023-07-28 10:51:05,1090.8,1419914,1,1093.81,300076,264325,-0.8273479407218961,0
2023-07-28 10:51:06,1090.55,1420031,2,1093.81,300503,264456,-0.8500772797527171,0
2023-07-28 10:51:06,1090.55,1420033,2,1093.81,300489,264505,-0.8500772797527171,0
2023-07-28 10:51:08,1090.85,1420067,1,1093.81,300494,264560,-0.822802072915736,0
2023-07-28 10:51:09,1090.8,1420119,7,1093.81,288787,264579,-0.8273479407218961,0
2023-07-28 10:51:09,1090.85,1420119,7,1093.81,288787,264579,-0.822802072915736,0
2023-07-28 10:51:10,1090.85,1420230,7,1093.81,290274,264100,-0.822802072915736,0
2023-07-28 10:51:10,1091.35,1420230,21,1093.81,290274,264100,-0.7773433948540941,0
2023-07-28 10:51:12,1090.8,1421639,2,1093.81,289906,263900,-0.8273479407218961,0
2023-07-28 10:51:12,1090.8,1421639,4,1093.81,289906,263900,-0.8273479407218961,0
2023-07-28 10:51:13,1090.75,1421675,8,1093.81,290407,263881,-0.8318938085280562,0
2023-07-28 10:51:15,1090.8,1421708,12,1093.81,289750,263944,-0.8273479407218961,0
2023-07-28 10:51:15,1090.8,1421708,184,1093.81,289750,263944,-0.8273479407218961,0
2023-07-28 10:51:17,1091.25,1422223,6,1093.8,289223,267843,-0.7864351304664142,0
2023-07-28 10:51:19,1090.8,1422239,1,1093.8,289240,268284,-0.8273479407218961,0
2023-07-28 10:51:19,1090.85,1422239,1,1093.8,289240,268284,-0.822802072915736,0
2023-07-28 10:51:20,1090.85,1422282,3,1093.8,288985,268451,-0.822802072915736,0
2023-07-28 10:51:20,1090.9,1422288,2,1093.8,289958,267580,-0.8182562051095553,0
2023-07-28 10:51:22,1090.9,1422428,2,1093.8,290394,267604,-0.8182562051095553,0
2023-07-28 10:51:23,1090.8,1422540,1,1093.8,290394,267693,-0.8273479407218961,0
2023-07-28 10:51:23,1090.9,1422540,1,1093.8,290394,267693,-0.8182562051095553,0
2023-07-28 10:51:24,1090.85,1422667,2,1093.8,289195,268602,-0.822802072915736,0
2023-07-28 10:51:24,1090.85,1422667,2,1093.8,289195,268602,-0.822802072915736,0
2023-07-28 10:51:24,1090.85,1422667,2,1093.8,291857,268491,-0.822802072915736,0
2023-07-28 10:51:24,1090.9,1422667,55,1093.8,291857,268491,-0.8182562051095553,0
2023-07-28 10:51:27,1090.85,1422776,2,1093.8,291810,268434,-0.822802072915736,0
2023-07-28 10:51:28,1090.95,1422964,1,1093.8,290615,268399,-0.8137103373033953,0
2023-07-28 10:51:28,1090.95,1422964,1,1093.8,290615,268399,-0.8137103373033953,0
2023-07-28 10:51:28,1090.95,1422964,1,1093.8,291815,268389,-0.8137103373033953,0
2023-07-28 10:51:30,1090.9,1423395,98,1093.8,292406,268099,-0.8182562051095553,0
2023-07-28 10:51:31,1090.9,1423398,4,1093.8,292398,268165,-0.8182562051095553,0
2023-07-28 10:51:31,1090.9,1423461,2,1093.8,291200,268184,-0.8182562051095553,0
2023-07-28 10:51:33,1090.9,1423500,2,1093.8,291986,268174,-0.8182562051095553,0
2023-07-28 10:51:34,1090.9,1423678,16,1093.8,293189,268099,-0.8182562051095553,0
2023-07-28 10:51:35,1090.9,1423696,2,1093.8,292033,268116,-0.8182562051095553,0
2023-07-28 10:51:35,1090.9,1423696,2,1093.8,292075,268125,-0.8182562051095553,0
2023-07-28 10:51:35,1090.9,1423696,2,1093.8,292185,268125,-0.8182562051095553,0
2023-07-28 10:51:37,1090.95,1423781,8,1093.8,292187,268152,-0.8137103373033953,0
2023-07-28 10:51:39,1090.95,1423938,2,1093.8,292139,268091,-0.8137103373033953,0
2023-07-28 10:51:39,1090.95,1423938,2,1093.8,292139,268091,-0.8137103373033953,0
2023-07-28 10:51:39,1090.95,1423938,3,1093.8,292139,268091,-0.8137103373033953,0
2023-07-28 10:51:42,1090.85,1423982,2,1093.8,293490,268018,-0.822802072915736,0
2023-07-28 10:51:43,1090.95,1424087,5,1093.8,292928,268155,-0.8137103373033953,0
2023-07-28 10:51:43,1090.95,1424087,5,1093.8,292928,268155,-0.8137103373033953,0
2023-07-28 10:51:43,1090.95,1424087,5,1093.8,293009,268107,-0.8137103373033953,0
2023-07-28 10:51:44,1090.95,1424135,9,1093.8,292890,268095,-0.8137103373033953,0
2023-07-28 10:51:44,1090.85,1424135,20,1093.8,292890,268095,-0.822802072915736,0
2023-07-28 10:51:46,1090.9,1424186,5,1093.8,292693,268096,-0.8182562051095553,0
2023-07-28 10:51:46,1090.9,1424192,5,1093.8,292734,268161,-0.8182562051095553,0
2023-07-28 10:51:48,1090.95,1424405,2,1093.8,292994,262614,-0.8137103373033953,0
2023-07-28 10:51:49,1090.9,1424600,10,1093.8,292755,268338,-0.8182562051095553,0
2023-07-28 10:51:50,1090.9,1424644,3,1093.8,292787,268338,-0.8182562051095553,0
2023-07-28 10:51:51,1090.9,1424656,1,1093.8,292785,268330,-0.8182562051095553,0
2023-07-28 10:51:51,1090.9,1424656,1,1093.8,292785,268330,-0.8182562051095553,0
2023-07-28 10:51:52,1090.9,1424667,1,1093.8,292720,268264,-0.8182562051095553,0
2023-07-28 10:51:52,1090.9,1424667,13,1093.8,292720,268264,-0.8182562051095553,0
2023-07-28 10:51:53,1090.9,1424811,13,1093.8,292752,268170,-0.8182562051095553,0
2023-07-28 10:51:53,1090.9,1424811,4,1093.8,292752,268170,-0.8182562051095553,0
2023-07-28 10:51:55,1090.95,1424865,10,1093.8,292690,268158,-0.8137103373033953,0
2023-07-28 10:51:55,1090.95,1424865,10,1093.8,292623,268161,-0.8137103373033953,0
2023-07-28 10:51:57,1090.95,1425019,5,1093.8,292760,268181,-0.8137103373033953,0
2023-07-28 10:51:57,1090.95,1425019,8,1093.8,292760,268181,-0.8137103373033953,0
2023-07-28 10:51:59,1090.9,1425240,7,1093.8,292694,268117,-0.8182562051095553,0
2023-07-28 10:52:00,1091.0,1425598,20,1093.8,292203,267988,-0.8091644694972352,0
2023-07-28 10:52:00,1091.0,1425598,2,1093.8,292203,267988,-0.8091644694972352,0
2023-07-28 10:52:01,1091.0,1425606,5,1093.8,292638,268269,-0.8091644694972352,0
2023-07-28 10:52:01,1091.0,1425606,5,1093.8,292133,268270,-0.8091644694972352,0
2023-07-28 10:52:02,1090.9,1425616,52,1093.8,293202,268356,-0.8182562051095553,0
2023-07-28 10:52:02,1090.9,1425674,6,1093.8,293318,268381,-0.8182562051095553,0
2023-07-28 10:52:02,1090.95,1425674,9,1093.8,293318,268381,-0.8137103373033953,0
2023-07-28 10:52:05,1090.95,1425829,2,1093.8,293316,268331,-0.8137103373033953,0
2023-07-28 10:52:05,1091.0,1425942,77,1093.8,292116,268657,-0.8091644694972352,0
2023-07-28 10:52:05,1091.0,1425942,111,1093.8,292116,268657,-0.8091644694972352,0
2023-07-28 10:52:08,1091.0,1426056,3,1093.8,293321,268383,-0.8091644694972352,0
2023-07-28 10:52:08,1091.0,1426056,249,1093.8,293321,268383,-0.8091644694972352,0
2023-07-28 10:52:09,1090.9,1426349,10,1093.8,293309,267986,-0.8182562051095553,0
2023-07-28 10:52:09,1090.9,1426399,2,1093.8,293247,267988,-0.8182562051095553,0
2023-07-28 10:52:10,1090.9,1426951,11,1093.79,293479,267456,-0.8182562051095553,0
2023-07-28 10:52:11,1090.9,1427107,4,1093.79,293124,267636,-0.8182562051095553,0
2023-07-28 10:52:12,1090.9,1427118,1,1093.79,293172,267640,-0.8182562051095553,0
2023-07-28 10:52:12,1090.9,1427118,11,1093.79,293172,267640,-0.8182562051095553,0
2023-07-28 10:52:13,1090.95,1427174,35,1093.79,293164,267754,-0.8137103373033953,0
2023-07-28 10:52:13,1090.9,1427174,2,1093.79,293164,267754,-0.8182562051095553,0
2023-07-28 10:52:15,1090.9,1427485,2,1093.79,293149,267751,-0.8182562051095553,0
2023-07-28 10:52:15,1090.9,1427515,3,1093.79,293493,267744,-0.8182562051095553,0
2023-07-28 10:52:17,1090.95,1427540,25,1093.79,293494,267850,-0.8137103373033953,0
2023-07-28 10:52:17,1090.95,1427540,1,1093.79,293494,267850,-0.8137103373033953,0
2023-07-28 10:52:18,1090.9,1427828,10,1093.79,293704,267795,-0.8182562051095553,0
2023-07-28 10:52:18,1090.9,1427828,3,1093.79,293704,267795,-0.8182562051095553,0
2023-07-28 10:52:18,1090.95,1427900,13,1093.79,293654,267795,-0.8137103373033953,0
2023-07-28 10:52:19,1090.95,1428158,13,1093.79,293591,267675,-0.8137103373033953,0
2023-07-28 10:52:19,1090.95,1428158,3,1093.79,293591,267675,-0.8137103373033953,0
2023-07-28 10:52:21,1090.9,1428226,6,1093.79,293488,267694,-0.8182562051095553,0
2023-07-28 10:52:21,1090.9,1428226,15,1093.79,293488,267694,-0.8182562051095553,0
2023-07-28 10:52:22,1090.95,1428379,2,1093.79,293477,267670,-0.8137103373033953,0
2023-07-28 10:52:23,1091.0,1428481,100,1093.79,293281,267581,-0.8091644694972352,0
2023-07-28 10:52:24,1090.95,1428493,1,1093.79,293230,267594,-0.8137103373033953,0
2023-07-28 10:52:25,1091.0,1428510,16,1093.79,293266,267599,-0.8091644694972352,0
2023-07-28 10:52:26,1091.0,1428603,93,1093.79,293261,267508,-0.8091644694972352,0
2023-07-28 10:52:26,1091.0,1428603,93,1093.79,293261,267546,-0.8091644694972352,0
2023-07-28 10:52:26,1090.95,1428603,10,1093.79,293261,267546,-0.8137103373033953,0
2023-07-28 10:52:28,1090.9,1428616,12,1093.79,293301,267516,-0.8182562051095553,0
2023-07-28 10:52:28,1090.95,1428616,3,1093.79,293301,267516,-0.8137103373033953,0
2023-07-28 10:52:29,1090.95,1428690,3,1093.79,293196,267506,-0.8137103373033953,0
2023-07-28 10:52:30,1090.95,1428735,4,1093.79,293303,267502,-0.8137103373033953,0
2023-07-28 10:52:30,1091.0,1428735,5,1093.79,293303,267502,-0.8091644694972352,0
2023-07-28 10:52:31,1091.0,1428749,5,1093.79,293427,267500,-0.8091644694972352,0
2023-07-28 10:52:32,1090.9,1428756,1,1093.79,293414,267526,-0.8182562051095553,0
2023-07-28 10:52:34,1090.95,1428859,2,1093.79,293471,267485,-0.8137103373033953,0
2023-07-28 10:52:34,1090.95,1428859,1,1093.79,293471,267485,-0.8137103373033953,0
2023-07-28 10:52:34,1090.95,1428886,1,1093.79,293476,267471,-0.8137103373033953,0
2023-07-28 10:52:35,1090.95,1428889,1,1093.79,293723,267471,-0.8137103373033953,0
2023-07-28 10:52:37,1090.9,1428987,53,1093.79,293669,267468,-0.8182562051095553,0
2023-07-28 10:52:37,1090.9,1428987,4,1093.79,293669,267468,-0.8182562051095553,0
2023-07-28 10:52:38,1091.0,1429006,2,1093.79,293611,267481,-0.8091644694972352,0
2023-07-28 10:52:38,1090.9,1429231,118,1093.79,293612,267485,-0.8182562051095553,0
2023-07-28 10:52:40,1090.85,1429905,61,1093.79,292980,267725,-0.822802072915736,0
2023-07-28 10:52:40,1090.85,1429905,4,1093.79,292980,267725,-0.822802072915736,0
2023-07-28 10:52:41,1090.85,1430176,128,1093.79,286729,267767,-0.822802072915736,0
2023-07-28 10:52:41,1090.85,1430176,2,1093.79,286729,267767,-0.822802072915736,0
2023-07-28 10:52:42,1090.6,1430862,2,1093.79,292284,268111,-0.845531411946557,0
2023-07-28 10:52:42,1090.6,1430862,10,1093.79,292284,268111,-0.845531411946557,0
2023-07-28 10:52:43,1090.6,1430884,2,1093.79,292350,267733,-0.845531411946557,0
2023-07-28 10:52:44,1090.8,1430998,6,1093.79,292512,267559,-0.8273479407218961,0
2023-07-28 10:52:45,1090.55,1431009,1,1093.79,292537,267551,-0.8500772797527171,0
2023-07-28 10:52:46,1090.85,1431307,2,1093.79,292418,267521,-0.822802072915736,0
2023-07-28 10:52:47,1090.85,1431586,27,1093.79,291381,267258,-0.822802072915736,0
2023-07-28 10:52:48,1090.85,1431833,3,1093.78,291248,267269,-0.822802072915736,0
2023-07-28 10:52:49,1090.5,1431878,2,1093.78,292386,267562,-0.8546231475588771,0
2023-07-28 10:52:51,1090.55,1432050,1,1093.78,292140,267641,-0.8500772797527171,0
2023-07-28 10:52:52,1090.6,1432123,10,1093.78,292106,267551,-0.845531411946557,0
2023-07-28 10:52:53,1090.6,1432266,10,1093.78,292783,267442,-0.845531411946557,0
2023-07-28 10:52:53,1090.6,1432266,1,1093.78,292783,267442,-0.845531411946557,0
2023-07-28 10:52:53,1090.6,1432303,1,1093.78,292783,267547,-0.845531411946557,0
2023-07-28 10:52:55,1090.55,1432464,4,1093.78,293108,267600,-0.8500772797527171,0
2023-07-28 10:52:55,1090.6,1432464,51,1093.78,293108,267600,-0.845531411946557,0
2023-07-28 10:52:56,1090.6,1432830,2,1093.78,293384,267282,-0.845531411946557,0
2023-07-28 10:52:56,1090.85,1432830,2,1093.78,293384,267282,-0.822802072915736,0
2023-07-28 10:52:57,1090.7,1433021,7,1093.78,292752,267499,-0.8364396763342162,0
2023-07-28 10:52:57,1090.55,1433021,5,1093.78,292752,267499,-0.8500772797527171,0
2023-07-28 10:52:58,1090.6,1433141,1,1093.78,292310,267491,-0.845531411946557,0
2023-07-28 10:52:59,1090.65,1433182,2,1093.78,293016,267535,-0.8409855441403763,0
2023-07-28 10:53:01,1090.7,1433221,11,1093.78,293187,267453,-0.8364396763342162,0
2023-07-28 10:53:01,1090.6,1433222,1,1093.78,293330,267250,-0.845531411946557,0
2023-07-28 10:53:01,1090.6,1433222,14,1093.78,293330,267250,-0.845531411946557,0
2023-07-28 10:53:03,1090.65,1433253,2,1093.78,293487,267249,-0.8409855441403763,0
2023-07-28 10:53:03,1090.65,1433253,7,1093.78,293487,267249,-0.8409855441403763,0
2023-07-28 10:53:04,1090.6,1433389,20,1093.78,293418,267336,-0.845531411946557,0
2023-07-28 10:53:05,1090.6,1433427,3,1093.78,293454,267412,-0.845531411946557,0
2023-07-28 10:53:05,1090.65,1433437,6,1093.78,293393,267404,-0.8409855441403763,0
2023-07-28 10:53:05,1090.6,1433437,2,1093.78,293393,267404,-0.845531411946557,0
2023-07-28 10:53:07,1090.65,1433485,4,1093.78,293410,267411,-0.8409855441403763,0
2023-07-28 10:53:08,1090.6,1433528,8,1093.78,293369,267412,-0.845531411946557,0
2023-07-28 10:53:09,1090.6,1433747,1,1093.78,293343,267193,-0.845531411946557,0
2023-07-28 10:53:10,1090.55,1433784,17,1093.78,292333,267032,-0.8500772797527171,0
2023-07-28 10:53:11,1090.6,1433796,1,1093.78,292389,267028,-0.845531411946557,0
2023-07-28 10:53:13,1090.6,1433875,1,1093.78,291016,264447,-0.845531411946557,0
2023-07-28 10:53:13,1090.45,1434411,3,1093.78,291004,267410,-0.8591690153650372,0
2023-07-28 10:53:15,1090.45,1434444,3,1093.78,290750,267441,-0.8591690153650372,0
2023-07-28 10:53:16,1090.4,1434478,3,1093.78,291212,267371,-0.8637148831711973,0
2023-07-28 10:53:16,1090.2,1434478,1,1093.78,291212,267371,-0.8818983543958582,0
2023-07-28 10:53:17,1090.25,1434483,1,1093.78,291305,266762,-0.8773524865896982,0
2023-07-28 10:53:17,1090.2,1434483,2,1093.78,291305,266762,-0.8818983543958582,0
2023-07-28 10:53:18,1090.2,1434505,8,1093.78,291404,267126,-0.8818983543958582,0
2023-07-28 10:53:19,1090.2,1434559,5,1093.78,291430,267359,-0.8818983543958582,0
2023-07-28 10:53:19,1090.2,1434559,10,1093.78,291430,267359,-0.8818983543958582,0
2023-07-28 10:53:20,1090.2,1434631,1,1093.78,291388,266606,-0.8818983543958582,0
2023-07-28 10:53:20,1090.2,1434636,1,1093.78,288317,266642,-0.8818983543958582,0
2023-07-28 10:53:21,1090.15,1434641,1,1093.78,291410,266784,-0.8864442222020182,0
2023-07-28 10:53:22,1090.1,1434763,2,1093.78,291306,266971,-0.8909900900081991,0
2023-07-28 10:53:22,1090.1,1434763,2,1093.78,291306,266971,-0.8909900900081991,0
2023-07-28 10:53:23,1090.15,1434821,3,1093.78,291389,267018,-0.8864442222020182,0
2023-07-28 10:53:23,1090.15,1434821,3,1093.78,291389,267018,-0.8864442222020182,0
2023-07-28 10:53:24,1090.1,1435312,35,1093.78,291044,266979,-0.8909900900081991,0
2023-07-28 10:53:25,1090.15,1435457,3,1093.78,291345,267264,-0.8864442222020182,0
2023-07-28 10:53:25,1090.15,1435457,3,1093.78,291345,267264,-0.8864442222020182,0
2023-07-28 10:53:26,1090.2,1435554,38,1093.78,291255,267102,-0.8818983543958582,0
2023-07-28 10:53:27,1090.15,1435641,1,1093.78,291398,267303,-0.8864442222020182,0
2023-07-28 10:53:28,1090.15,1435645,1,1093.78,291395,267230,-0.8864442222020182,0
2023-07-28 10:53:29,1090.1,1435700,9,1093.78,291401,267319,-0.8909900900081991,0
2023-07-28 10:53:30,1090.15,1435768,18,1093.78,291395,267289,-0.8864442222020182,0
2023-07-28 10:53:30,1090.15,1435768,4,1093.78,291395,267289,-0.8864442222020182,0
2023-07-28 10:53:32,1090.15,1436032,1,1093.78,291231,267371,-0.8864442222020182,0
2023-07-28 10:53:33,1090.15,1436152,1,1093.77,291255,267379,-0.8864442222020182,0
2023-07-28 10:53:33,1090.15,1436152,1,1093.77,291255,267379,-0.8864442222020182,0
2023-07-28 10:53:34,1090.1,1436194,4,1093.77,291177,267379,-0.8909900900081991,0
2023-07-28 10:53:35,1090.15,1436203,2,1093.77,291271,267409,-0.8864442222020182,0
2023-07-28 10:53:35,1090.15,1436203,2,1093.77,291271,267411,-0.8864442222020182,0
2023-07-28 10:53:37,1090.15,1436222,1,1093.77,291211,267472,-0.8864442222020182,0
2023-07-28 10:53:37,1090.15,1436222,1,1093.77,291211,267472,-0.8864442222020182,0
2023-07-28 10:53:38,1090.15,1436321,1,1093.77,284172,267530,-0.8864442222020182,0
2023-07-28 10:53:38,1090.05,1436331,2,1093.77,288873,267533,-0.8955359578143591,0
2023-07-28 10:53:39,1090.15,1436546,1,1093.77,289290,267383,-0.8864442222020182,0
2023-07-28 10:53:39,1090.2,1436546,1,1093.77,289290,267383,-0.8818983543958582,0
2023-07-28 10:53:40,1090.2,1436572,1,1093.77,290583,267396,-0.8818983543958582,0
2023-07-28 10:53:40,1090.15,1436572,13,1093.77,290583,267396,-0.8864442222020182,0
2023-07-28 10:53:42,1090.2,1436591,3,1093.77,290589,267480,-0.8818983543958582,0
2023-07-28 10:53:42,1090.2,1436591,3,1093.77,290619,267480,-0.8818983543958582,0
2023-07-28 10:53:42,1090.2,1436591,1,1093.77,290619,267480,-0.8818983543958582,0
2023-07-28 10:53:44,1090.2,1436817,9,1093.77,290811,267199,-0.8818983543958582,0
2023-07-28 10:53:44,1090.2,1436817,20,1093.77,290811,267199,-0.8818983543958582,0
2023-07-28 10:53:45,1090.2,1436842,3,1093.77,289974,267706,-0.8818983543958582,0
2023-07-28 10:53:45,1090.2,1436842,3,1093.77,289969,267804,-0.8818983543958582,0
2023-07-28 10:53:45,1090.2,1436842,3,1093.77,289969,267960,-0.8818983543958582,0
2023-07-28 10:53:48,1090.5,1436843,1,1093.77,289992,267859,-0.8546231475588771,0
2023-07-28 10:53:48,1090.5,1436843,1,1093.77,290692,267920,-0.8546231475588771,0
2023-07-28 10:53:48,1090.5,1436843,1,1093.77,290743,267584,-0.8546231475588771,0
2023-07-28 10:53:51,1090.25,1436849,1,1093.77,290972,267552,-0.8773524865896982,0
2023-07-28 10:53:52,1090.25,1436871,3,1093.77,290943,267575,-0.8773524865896982,0
2023-07-28 10:53:52,1090.2,1436871,17,1093.77,290943,267575,-0.8818983543958582,0
2023-07-28 10:53:53,1090.2,1436935,5,1093.77,290878,267702,-0.8818983543958582,0
2023-07-28 10:53:54,1090.2,1437033,19,1093.77,290586,267694,-0.8818983543958582,0
2023-07-28 10:53:55,1090.2,1437079,4,1093.77,290541,267935,-0.8818983543958582,0
2023-07-28 10:53:55,1090.25,1437115,1,1093.77,290541,267751,-0.8773524865896982,0
2023-07-28 10:53:56,1090.25,1437236,35,1093.77,291055,267485,-0.8773524865896982,0
2023-07-28 10:53:56,1090.2,1437236,26,1093.77,291055,267485,-0.8818983543958582,0
2023-07-28 10:53:57,1090.2,1437520,26,1093.77,290868,267300,-0.8818983543958582,0
2023-07-28 10:53:59,1090.2,1437560,4,1093.77,291408,267306,-0.8818983543958582,0
2023-07-28 10:53:59,1090.2,1437602,4,1093.77,291366,267298,-0.8818983543958582,0
2023-07-28 10:53:59,1090.6,1437602,1,1093.77,291366,267298,-0.845531411946557,0
2023-07-28 10:54:01,1090.35,1437925,1,1093.77,290298,267467,-0.8682607509773781,0
2023-07-28 10:54:02,1090.5,1437965,36,1093.77,289923,267194,-0.8546231475588771,0
2023-07-28 10:54:02,1090.5,1437965,36,1093.77,290206,267338,-0.8546231475588771,0
2023-07-28 10:54:02,1090.45,1437965,3,1093.77,289940,267381,-0.8591690153650372,0
2023-07-28 10:54:05,1090.4,1438000,5,1093.77,290616,267323,-0.8637148831711973,0
2023-07-28 10:54:07,1090.4,1438803,3,1093.77,291226,267497,-0.8637148831711973,0
2023-07-28 10:54:07,1090.4,1438803,3,1093.77,291296,267542,-0.8637148831711973,0
2023-07-28 10:54:09,1090.35,1438892,20,1093.77,291242,267678,-0.8682607509773781,0
2023-07-28 10:54:10,1090.35,1438949,1,1093.77,291578,267700,-0.8682607509773781,0
2023-07-28 10:54:10,1090.4,1438949,9,1093.77,291578,267700,-0.8637148831711973,0
2023-07-28 10:54:10,1090.4,1438999,9,1093.77,290898,267664,-0.8637148831711973,0
2023-07-28 10:54:10,1090.35,1438999,7,1093.77,290898,267665,-0.8682607509773781,0
2023-07-28 10:54:12,1090.25,1439086,8,1093.77,291550,267660,-0.8773524865896982,0
2023-07-28 10:54:12,1090.25,1439086,1,1093.77,291550,267660,-0.8773524865896982,0
2023-07-28 10:54:13,1090.35,1439125,3,1093.77,290939,267662,-0.8682607509773781,0
2023-07-28 10:54:14,1090.25,1439133,1,1093.77,287460,267513,-0.8773524865896982,0
2023-07-28 10:54:15,1090.25,1439172,27,1093.77,290448,267612,-0.8773524865896982,0
2023-07-28 10:54:16,1090.25,1439263,80,1093.77,290358,267598,-0.8773524865896982,0
2023-07-28 10:54:17,1090.3,1439324,1,1093.77,290355,267473,-0.8728066187835382,0
2023-07-28 10:54:18,1090.2,1439335,7,1093.77,290892,267410,-0.8818983543958582,0
2023-07-28 10:54:18,1090.2,1439335,26,1093.77,290892,267410,-0.8818983543958582,0
2023-07-28 10:54:20,1090.2,1439382,4,1093.77,290936,267204,-0.8818983543958582,0
2023-07-28 10:54:21,1090.2,1439392,5,1093.77,290987,267259,-0.8818983543958582,0
2023-07-28 10:54:21,1090.2,1439393,1,1093.77,287968,267354,-0.8818983543958582,0
2023-07-28 10:54:21,1090.2,1439393,14,1093.77,287968,267354,-0.8818983543958582,0
2023-07-28 10:54:22,1090.2,1439554,14,1093.77,290960,267639,-0.8818983543958582,0
2023-07-28 10:54:23,1090.2,1439600,4,1093.77,290914,267718,-0.8818983543958582,0
2023-07-28 10:54:24,1090.2,1439644,4,1093.77,290871,267713,-0.8818983543958582,0
2023-07-28 10:54:26,1090.2,1439840,1,1093.77,290800,267651,-0.8818983543958582,0
2023-07-28 10:54:27,1090.2,1439861,8,1093.77,290785,267551,-0.8818983543958582,0
2023-07-28 10:54:28,1090.25,1440271,2,1093.76,291019,267723,-0.8773524865896982,0
2023-07-28 10:54:29,1090.25,1440359,4,1093.76,290190,267952,-0.8773524865896982,0
2023-07-28 10:54:30,1090.2,1440628,23,1093.76,290167,269218,-0.8818983543958582,0
2023-07-28 10:54:30,1090.1,1441013,20,1093.76,289621,269275,-0.8909900900081991,0
2023-07-28 10:54:30,1090.15,1441013,1,1093.76,289621,269275,-0.8864442222020182,0
2023-07-28 10:54:31,1090.15,1441014,1,1093.76,289067,268424,-0.8864442222020182,0
2023-07-28 10:54:33,1090.1,1441035,1,1093.76,289667,268523,-0.8909900900081991,0
2023-07-28 10:54:33,1090.15,1441071,1,1093.76,289667,268299,-0.8864442222020182,0
2023-07-28 10:54:33,1090.05,1441071,3,1093.76,289667,268299,-0.8955359578143591,0
2023-07-28 10:54:35,1090.05,1441105,1,1093.76,291072,268153,-0.8955359578143591,0
2023-07-28 10:54:35,1090.05,1441105,1,1093.76,291077,268186,-0.8955359578143591,0
2023-07-28 10:54:35,1090.1,1441105,17,1093.76,291077,268186,-0.8909900900081991,0
2023-07-28 10:54:37,1090.1,1441214,8,1093.76,290413,268459,-0.8909900900081991,0
2023-07-28 10:54:38,1090.05,1441381,2,1093.76,290232,269039,-0.8955359578143591,0
2023-07-28 10:54:39,1090.0,1441740,26,1093.76,290105,269095,-0.9000818256205192,0
2023-07-28 10:54:39,1090.0,1441740,9,1093.76,290105,269095,-0.9000818256205192,0
2023-07-28 10:54:40,1090.05,1441987,37,1093.76,289976,268830,-0.8955359578143591,0
2023-07-28 10:54:41,1090.05,1442051,1,1093.76,290478,268918,-0.8955359578143591,0
2023-07-28 10:54:42,1090.05,1442112,49,1093.76,290397,269423,-0.8955359578143591,0
2023-07-28 10:54:42,1090.05,1442112,1,1093.76,290397,269423,-0.8955359578143591,0
2023-07-28 10:54:44,1090.0,1442408,2,1093.76,290060,269020,-0.9000818256205192,0
2023-07-28 10:54:45,1090.0,1442439,2,1093.76,290003,269005,-0.9000818256205192,0
2023-07-28 10:54:45,1090.0,1442439,10,1093.76,290003,269005,-0.9000818256205192,0
2023-07-28 10:54:47,1090.0,1442753,300,1093.76,289663,268996,-0.9000818256205192,0
2023-07-28 10:54:47,1090.0,1442753,9,1093.76,289663,268996,-0.9000818256205192,0
2023-07-28 10:54:48,1090.0,1442928,2,1093.76,289625,268952,-0.9000818256205192,0
2023-07-28 10:54:50,1090.05,1442969,1,1093.76,288266,269097,-0.8955359578143591,0
2023-07-28 10:54:51,1090.0,1443094,14,1093.76,289579,268873,-0.9000818256205192,0
2023-07-28 10:54:51,1090.0,1443108,1,1093.76,289681,268877,-0.9000818256205192,0
2023-07-28 10:54:51,1090.0,1443108,5,1093.76,289681,268877,-0.9000818256205192,0
2023-07-28 10:54:53,1090.05,1443614,4,1093.76,289229,269328,-0.8955359578143591,0
2023-07-28 10:54:53,1090.0,1443614,25,1093.76,289229,269328,-0.9000818256205192,0
2023-07-28 10:54:55,1090.0,1443784,1,1093.76,288519,269752,-0.9000818256205192,0
2023-07-28 10:54:55,1090.0,1443784,1,1093.76,288519,269752,-0.9000818256205192,0
2023-07-28 10:54:55,1090.0,1443784,3,1093.76,288519,269752,-0.9000818256205192,0
2023-07-28 10:54:58,1090.05,1443904,15,1093.76,288887,270816,-0.8955359578143591,0
2023-07-28 10:54:59,1090.0,1443982,8,1093.76,288248,270720,-0.9000818256205192,0
2023-07-28 10:55:00,1090.0,1444430,59,1093.75,287481,271079,-0.9000818256205192,0
2023-07-28 10:55:01,1090.0,1444566,3,1093.75,288043,271575,-0.9000818256205192,0
2023-07-28 10:55:01,1090.0,1444566,1,1093.75,288043,271575,-0.9000818256205192,0
2023-07-28 10:55:02,1090.05,1444580,6,1093.75,288050,271728,-0.8955359578143591,0
2023-07-28 10:55:03,1090.0,1444639,8,1093.75,288063,271712,-0.9000818256205192,0
2023-07-28 10:55:04,1090.0,1444661,8,1093.75,287374,272103,-0.9000818256205192,0
2023-07-28 10:55:04,1090.0,1444661,27,1093.75,287374,272103,-0.9000818256205192,0
2023-07-28 10:55:05,1090.0,1444731,8,1093.75,287838,272204,-0.9000818256205192,0
2023-07-28 10:55:05,1090.0,1444748,1,1093.75,287876,272095,-0.9000818256205192,0
2023-07-28 10:55:05,1090.0,1444748,2,1093.75,287876,272095,-0.9000818256205192,0
2023-07-28 10:55:07,1090.0,1444895,13,1093.75,287600,272183,-0.9000818256205192,0
2023-07-28 10:55:07,1090.05,1444901,5,1093.75,287599,272095,-0.8955359578143591,0
2023-07-28 10:55:07,1090.0,1444901,6,1093.75,287599,272095,-0.9000818256205192,0
2023-07-28 10:55:09,1090.0,1444954,5,1093.75,287647,271916,-0.9000818256205192,0
2023-07-28 10:55:09,1090.0,1444954,4,1093.75,287647,271916,-0.9000818256205192,0
2023-07-28 10:55:10,1090.0,1445146,12,1093.75,287459,272309,-0.9000818256205192,0
2023-07-28 10:55:11,1090.0,1445416,9,1093.75,287286,272453,-0.9000818256205192,0
2023-07-28 10:55:11,1090.0,1445416,1,1093.75,287286,272453,-0.9000818256205192,0
2023-07-28 10:55:13,1090.0,1445426,6,1093.75,287756,272491,-0.9000818256205192,0
2023-07-28 10:55:14,1090.0,1445469,1,1093.75,287749,272383,-0.9000818256205192,0
2023-07-28 10:55:15,1090.0,1445520,4,1093.75,287698,272710,-0.9000818256205192,0
2023-07-28 10:55:15,1090.0,1445520,196,1093.75,287698,272710,-0.9000818256205192,0
2023-07-28 10:55:16,1090.0,1445881,58,1093.75,287399,272825,-0.9000818256205192,0
2023-07-28 10:55:17,1090.05,1445913,6,1093.75,287351,272816,-0.8955359578143591,0
2023-07-28 10:55:17,1090.05,1445913,6,1093.75,288532,272899,-0.8955359578143591,0
2023-07-28 10:55:17,1090.05,1445913,1,1093.75,288532,272899,-0.8955359578143591,0
2023-07-28 10:55:19,1090.0,1446069,26,1093.75,288367,272291,-0.9000818256205192,0
2023-07-28 10:55:21,1090.0,1446103,1,1093.75,288400,272285,-0.9000818256205192,0
2023-07-28 10:55:21,1090.0,1446120,2,1093.75,288413,272378,-0.9000818256205192,0
2023-07-28 10:55:22,1090.05,1446214,3,1093.75,287687,272371,-0.8955359578143591,0
2023-07-28 10:55:23,1090.0,1446219,3,1093.75,287669,272511,-0.9000818256205192,0
2023-07-28 10:55:24,1090.0,1448088,2,1093.74,287144,270473,-0.9000818256205192,0
2023-07-28 10:55:24,1089.95,1448088,3,1093.74,287289,270391,-0.9046276934266793,0
2023-07-28 10:55:24,1089.65,1448088,42,1093.74,287289,270391,-0.9319029002636603,0
2023-07-28 10:55:26,1089.65,1448224,42,1093.74,287700,270174,-0.9319029002636603,0
2023-07-28 10:55:26,1089.65,1448224,1,1093.74,287700,270174,-0.9319029002636603,0
2023-07-28 10:55:27,1089.55,1448258,5,1093.74,287570,269930,-0.9409946358760011,0
2023-07-28 10:55:29,1089.55,1448345,7,1093.74,282850,266834,-0.9409946358760011,0
2023-07-28 10:55:30,1089.5,1448437,2,1093.74,283826,266757,-0.9455405036821611,0
2023-07-28 10:55:31,1089.4,1448539,10,1093.74,279819,267159,-0.9546322392944813,0
2023-07-28 10:55:33,1089.4,1448545,1,1093.74,283560,267303,-0.9546322392944813,0
2023-07-28 10:55:33,1089.45,1448545,2,1093.74,283560,267303,-0.9500863714883212,0
2023-07-28 10:55:33,1089.45,1448715,2,1093.74,288399,270276,-0.9500863714883212,0
2023-07-28 10:55:35,1089.3,1448820,9,1093.74,288353,270526,-0.963723974906822,0
2023-07-28 10:55:36,1089.15,1449595,7,1093.74,283897,270590,-0.9773615783253022,0
2023-07-28 10:55:37,1089.1,1449665,1,1093.74,287048,270696,-0.981907446131483,0
2023-07-28 10:55:38,1089.05,1449752,1,1093.74,286964,270906,-0.986453313937643,0
2023-07-28 10:55:38,1089.05,1449893,13,1093.74,286879,270950,-0.986453313937643,0
2023-07-28 10:55:39,1089.05,1449952,26,1093.74,286820,270615,-0.986453313937643,0
2023-07-28 10:55:39,1089.1,1449952,3,1093.74,286820,270615,-0.981907446131483,0
2023-07-28 10:55:41,1089.05,1450049,77,1093.74,286637,270756,-0.986453313937643,0
2023-07-28 10:55:41,1089.05,1450059,1,1093.74,286501,271193,-0.986453313937643,0
2023-07-28 10:55:41,1089.1,1450059,5,1093.74,286501,271193,-0.981907446131483,0
2023-07-28 10:55:43,1089.1,1450166,40,1093.74,286617,270950,-0.981907446131483,0
2023-07-28 10:55:44,1089.0,1452432,20,1093.73,284278,270971,-0.9909991817438031,0
2023-07-28 10:55:44,1089.0,1452432,23,1093.73,284278,270971,-0.9909991817438031,0
2023-07-28 10:55:45,1089.0,1452696,13,1093.73,284120,271041,-0.9909991817438031,0
2023-07-28 10:55:45,1089.0,1452696,26,1093.73,284120,271041,-0.9909991817438031,0
2023-07-28 10:55:46,1089.05,1452786,23,1093.73,284081,270941,-0.986453313937643,0
2023-07-28 10:55:46,1089.0,1452786,1,1093.73,284081,270941,-0.9909991817438031,0
2023-07-28 10:55:47,1089.0,1452897,10,1093.73,284061,270692,-0.9909991817438031,0
2023-07-28 10:55:48,1089.0,1452910,1,1093.73,284365,270905,-0.9909991817438031,0
2023-07-28 10:55:48,1089.0,1452910,15,1093.73,284365,270905,-0.9909991817438031,0
2023-07-28 10:55:49,1089.0,1452970,5,1093.73,284325,270476,-0.9909991817438031,0
2023-07-28 10:55:50,1089.0,1453052,3,1093.73,284243,270487,-0.9909991817438031,0
2023-07-28 10:55:50,1089.0,1453052,3,1093.73,284243,270487,-0.9909991817438031,0
2023-07-28 10:55:51,1089.0,1453064,9,1093.73,284262,270552,-0.9909991817438031,0
2023-07-28 10:55:51,1089.0,1453064,1,1093.73,284262,270552,-0.9909991817438031,0
2023-07-28 10:55:52,1089.05,1453066,1,1093.73,284261,270556,-0.986453313937643,0
2023-07-28 10:55:52,1089.05,1453128,19,1093.73,284255,270532,-0.986453313937643,0
2023-07-28 10:55:52,1089.0,1453128,10,1093.73,284255,270532,-0.9909991817438031,0
2023-07-28 10:55:53,1089.0,1453174,10,1093.73,284415,270490,-0.9909991817438031,0
2023-07-28 10:55:54,1089.0,1453215,1,1093.73,284365,270480,-0.9909991817438031,0
2023-07-28 10:55:55,1089.05,1453269,8,1093.73,284277,270519,-0.986453313937643,0
2023-07-28 10:55:55,1089.2,1453269,100,1093.73,284277,270519,-0.9728157105191422,0
2023-07-28 10:55:57,1089.25,1453962,7,1093.73,284549,269751,-0.9682698427129821,0
2023-07-28 10:55:57,1089.25,1453962,7,1093.73,284549,269751,-0.9682698427129821,0
2023-07-28 10:55:57,1089.25,1453962,7,1093.73,284549,269699,-0.9682698427129821,0
2023-07-28 10:55:59,1089.1,1453997,4,1093.73,284295,269708,-0.981907446131483,0
2023-07-28 10:55:59,1089.25,1454097,17,1093.73,284227,269710,-0.9682698427129821,0
2023-07-28 10:55:59,1089.25,1454097,2,1093.73,284227,269710,-0.9682698427129821,0
2023-07-28 10:56:00,1089.25,1454099,5,1093.73,284483,269708,-0.9682698427129821,0
2023-07-28 10:56:02,1089.1,1454118,9,1093.73,284666,270246,-0.981907446131483,0
2023-07-28 10:56:03,1089.1,1454133,6,1093.73,284666,270241,-0.981907446131483,0
2023-07-28 10:56:03,1089.1,1454133,6,1093.73,284666,270241,-0.981907446131483,0
2023-07-28 10:56:03,1089.05,1454133,12,1093.73,284666,270242,-0.986453313937643,0
2023-07-28 10:56:05,1089.0,1454171,10,1093.73,284601,270384,-0.9909991817438031,0
2023-07-28 10:56:05,1089.1,1454197,6,1093.73,284503,270372,-0.981907446131483,0
2023-07-28 10:56:07,1089.1,1454249,1,1093.73,284817,270327,-0.981907446131483,0
2023-07-28 10:56:07,1089.0,1454266,1,1093.72,284954,270434,-0.9909991817438031,0
2023-07-28 10:56:08,1089.0,1454272,1,1093.72,284948,270536,-0.9909991817438031,0
2023-07-28 10:56:09,1089.0,1454311,27,1093.72,284909,270658,-0.9909991817438031,0
2023-07-28 10:56:10,1089.0,1454315,4,1093.72,285355,270663,-0.9909991817438031,0
2023-07-28 10:56:10,1089.0,1454315,3,1093.72,285355,270663,-0.9909991817438031,0
2023-07-28 10:56:12,1089.0,1454324,3,1093.72,285352,270658,-0.9909991817438031,0
2023-07-28 10:56:12,1089.05,1454324,2,1093.72,285352,270658,-0.986453313937643,0
2023-07-28 10:56:13,1089.1,1454491,15,1093.72,285696,270627,-0.981907446131483,0
2023-07-28 10:56:14,1089.0,1454519,2,1093.72,285597,270632,-0.9909991817438031,0
2023-07-28 10:56:14,1089.0,1454519,1,1093.72,285597,270632,-0.9909991817438031,0
2023-07-28 10:56:15,1089.0,1454520,1,1093.72,285664,270834,-0.9909991817438031,0
2023-07-28 10:56:16,1089.05,1454579,3,1093.72,285615,270989,-0.986453313937643,0
2023-07-28 10:56:17,1089.05,1454785,1,1093.72,285101,270877,-0.986453313937643,0
2023-07-28 10:56:17,1089.0,1454785,100,1093.72,285101,270877,-0.9909991817438031,0
2023-07-28 10:56:19,1089.0,1454966,6,1093.72,285516,270849,-0.9909991817438031,0
2023-07-28 10:56:20,1089.0,1455123,3,1093.72,285261,270800,-0.9909991817438031,0
2023-07-28 10:56:21,1089.05,1455167,11,1093.72,285286,270958,-0.986453313937643,0
2023-07-28 10:56:21,1089.05,1455167,11,1093.72,285286,270958,-0.986453313937643,0
2023-07-28 10:56:22,1089.05,1455184,7,1093.72,285300,270780,-0.986453313937643,0
2023-07-28 10:56:22,1089.05,1455184,7,1093.72,285300,270780,-0.986453313937643,0
2023-07-28 10:56:22,1089.0,1455222,18,1093.72,285240,270887,-0.9909991817438031,0
2023-07-28 10:56:22,1089.05,1455222,5,1093.72,285240,270887,-0.986453313937643,0
2023-07-28 10:56:24,1089.05,1455236,3,1093.72,285235,270330,-0.986453313937643,0
2023-07-28 10:56:24,1089.0,1455236,1,1093.72,285235,270330,-0.9909991817438031,0
2023-07-28 10:56:24,1089.0,1455275,1,1093.72,285196,270325,-0.9909991817438031,0
2023-07-28 10:56:26,1089.0,1455283,3,1093.72,285145,270569,-0.9909991817438031,0
2023-07-28 10:56:26,1089.0,1455283,3,1093.72,285299,270711,-0.9909991817438031,0
2023-07-28 10:56:27,1089.05,1455313,25,1093.72,285227,270564,-0.986453313937643,0
2023-07-28 10:56:29,1089.0,1455507,1,1093.72,281392,271131,-0.9909991817438031,0
2023-07-28 10:56:30,1089.05,1455612,23,1093.72,281341,271082,-0.986453313937643,0
2023-07-28 10:56:30,1089.05,1455612,23,1093.72,281341,271083,-0.986453313937643,0
2023-07-28 10:56:31,1089.05,1457756,2,1093.71,282185,271387,-0.986453313937643,0
2023-07-28 10:56:31,1089.05,1457756,1,1093.71,282629,271393,-0.986453313937643,0
2023-07-28 10:56:33,1089.05,1457818,5,1093.71,282787,271326,-0.986453313937643,0
2023-07-28 10:56:35,1088.4,1464217,5,1093.69,266940,273128,-1.0455495954177652,0
2023-07-28 10:56:35,1088.1,1465386,3,1093.69,276964,272660,-1.0728248022547668,0
2023-07-28 10:56:36,1088.15,1465506,1,1093.69,278240,272469,-1.0682789344485861,0
2023-07-28 10:56:38,1088.1,1465559,6,1093.69,278370,271681,-1.0728248022547668,0
2023-07-28 10:56:39,1088.1,1465606,4,1093.69,278331,272471,-1.0728248022547668,0
2023-07-28 10:56:39,1088.1,1465651,15,1093.69,278962,272460,-1.0728248022547668,0
2023-07-28 10:56:40,1088.1,1465718,3,1093.69,279046,272306,-1.0728248022547668,0
2023-07-28 10:56:41,1088.05,1465993,112,1093.69,278767,272538,-1.077370670060927,0
2023-07-28 10:56:42,1088.1,1466155,9,1093.69,278619,272304,-1.0728248022547668,0
2023-07-28 10:56:42,1088.05,1466155,12,1093.69,278674,272305,-1.077370670060927,0
2023-07-28 10:56:44,1088.05,1466503,89,1093.68,278350,272352,-1.077370670060927,0
2023-07-28 10:56:45,1088.1,1467206,50,1093.68,274780,272101,-1.0728248022547668,0
2023-07-28 10:56:47,1088.1,1467322,1,1093.68,275611,272105,-1.0728248022547668,0
2023-07-28 10:56:48,1088.05,1467437,11,1093.68,276088,272263,-1.077370670060927,0
2023-07-28 10:56:49,1088.1,1467981,1,1093.68,275759,272025,-1.0728248022547668,0
2023-07-28 10:56:49,1088.05,1468076,50,1093.68,276436,272119,-1.077370670060927,0
2023-07-28 10:56:50,1088.1,1468093,1,1093.68,276523,272091,-1.0728248022547668,0
2023-07-28 10:56:51,1088.1,1468343,1,1093.68,275826,272410,-1.0728248022547668,0
2023-07-28 10:56:52,1088.1,1468388,4,1093.68,275788,272423,-1.0728248022547668,0
2023-07-28 10:56:54,1088.1,1468579,1,1093.68,274914,272584,-1.0728248022547668,0
2023-07-28 10:56:54,1088.05,1468579,1,1093.68,274914,272584,-1.077370670060927,0
2023-07-28 10:56:55,1088.0,1469913,2,1093.67,274112,272278,-1.081916537867087,0
2023-07-28 10:56:55,1088.05,1470058,5,1093.67,277809,274877,-1.077370670060927,0
2023-07-28 10:56:57,1088.05,1471816,47,1093.66,278097,274307,-1.077370670060927,0
2023-07-28 10:56:57,1088.0,1472008,17,1093.66,278031,274766,-1.081916537867087,0
2023-07-28 10:56:59,1088.05,1472020,10,1093.66,278094,280205,-1.077370670060927,0
2023-07-28 10:56:59,1088.05,1472063,1,1093.66,278025,280700,-1.077370670060927,0
2023-07-28 10:57:00,1088.05,1472166,100,1093.66,278236,280748,-1.077370670060927,0
2023-07-28 10:57:02,1088.0,1472277,89,1093.66,278275,280759,-1.081916537867087,0
2023-07-28 10:57:02,1088.0,1472288,11,1093.66,278300,280761,-1.081916537867087,0
2023-07-28 10:57:04,1088.0,1472419,6,1093.66,278456,280732,-1.081916537867087,0
2023-07-28 10:57:04,1088.05,1472466,1,1093.66,278660,280786,-1.077370670060927,0
2023-07-28 10:57:04,1088.15,1472466,27,1093.66,278660,280786,-1.0682789344485861,0
2023-07-28 10:57:06,1088.15,1478743,1,1093.64,279882,274778,-1.0682789344485861,0
2023-07-28 10:57:06,1088.15,1478743,3,1093.64,279882,274778,-1.0682789344485861,0
2023-07-28 10:57:07,1088.15,1479125,2,1093.64,281020,274370,-1.0682789344485861,0
2023-07-28 10:57:08,1088.1,1479137,10,1093.64,282214,274309,-1.0728248022547668,0
2023-07-28 10:57:09,1088.0,1480869,68,1093.63,279974,274705,-1.081916537867087,0
2023-07-28 10:57:10,1088.0,1481070,1,1093.63,280196,274625,-1.081916537867087,0
2023-07-28 10:57:10,1088.0,1481070,17,1093.63,280196,274625,-1.081916537867087,0
2023-07-28 10:57:12,1088.0,1481733,2,1093.63,281634,276054,-1.081916537867087,0
2023-07-28 10:57:13,1088.45,1482395,36,1093.62,281101,275565,-1.041003727611605,0
2023-07-28 10:57:13,1088.05,1482395,102,1093.62,281101,275565,-1.077370670060927,0
2023-07-28 10:57:15,1088.05,1482617,20,1093.62,281355,275793,-1.077370670060927,0
2023-07-28 10:57:15,1088.5,1482617,188,1093.62,281355,275793,-1.036457859805445,0
2023-07-28 10:57:15,1088.4,1482617,12,1093.62,281355,275793,-1.0455495954177652,0
2023-07-28 10:57:15,1088.4,1482617,6,1093.62,281355,275793,-1.0455495954177652,0
2023-07-28 10:57:18,1088.35,1482938,3,1093.62,281306,275230,-1.0500954632239459,0
2023-07-28 10:57:20,1088.35,1482975,2,1093.62,282348,275182,-1.0500954632239459,0
2023-07-28 10:57:20,1088.35,1482977,1,1093.62,280633,271909,-1.0500954632239459,0
2023-07-28 10:57:20,1088.25,1482977,1,1093.62,280633,271909,-1.059187198836266,0
2023-07-28 10:57:22,1088.1,1483018,1,1093.62,278598,271808,-1.0728248022547668,0
2023-07-28 10:57:22,1088.35,1483018,1,1093.62,278598,271808,-1.0500954632239459,0
2023-07-28 10:57:23,1088.35,1483176,2,1093.62,278941,271451,-1.0500954632239459,0
2023-07-28 10:57:24,1088.1,1483178,2,1093.62,278436,271882,-1.0728248022547668,0
2023-07-28 10:57:25,1088.1,1483179,1,1093.62,284498,274894,-1.0728248022547668,0
2023-07-28 10:57:25,1088.35,1483179,7,1093.62,284498,274894,-1.0500954632239459,0
2023-07-28 10:57:27,1088.25,1483477,2,1093.62,283983,274880,-1.059187198836266,0
2023-07-28 10:57:27,1088.25,1483477,2,1093.62,283657,274874,-1.059187198836266,0
2023-07-28 10:57:28,1088.35,1483561,2,1093.62,284123,274707,-1.0500954632239459,0
2023-07-28 10:57:29,1088.15,1483687,10,1093.62,284017,274906,-1.0682789344485861,0
2023-07-28 10:57:30,1088.1,1483717,8,1093.62,284001,275038,-1.0728248022547668,0
2023-07-28 10:57:31,1088.15,1483800,18,1093.62,284096,275291,-1.0682789344485861,0
2023-07-28 10:57:32,1088.1,1483878,7,1093.62,283942,275512,-1.0728248022547668,0
2023-07-28 10:57:33,1088.15,1483933,2,1093.62,283941,275503,-1.0682789344485861,0
2023-07-28 10:57:34,1088.05,1483970,6,1093.62,283966,275524,-1.077370670060927,0
2023-07-28 10:57:35,1088.05,1483978,1,1093.62,283971,275598,-1.077370670060927,0
2023-07-28 10:57:35,1088.1,1483989,20,1093.62,284077,275669,-1.0728248022547668,0
2023-07-28 10:57:37,1088.0,1484279,117,1093.62,283795,275764,-1.081916537867087,0
2023-07-28 10:57:38,1088.0,1484357,5,1093.62,283827,275760,-1.081916537867087,0
2023-07-28 10:57:38,1088.0,1484357,5,1093.62,283827,275760,-1.081916537867087,0
2023-07-28 10:57:38,1088.0,1484357,9,1093.62,283827,275760,-1.081916537867087,0
2023-07-28 10:57:40,1088.1,1484452,3,1093.62,283810,275869,-1.0728248022547668,0
2023-07-28 10:57:41,1088.1,1484466,5,1093.62,283806,275970,-1.0728248022547668,0
2023-07-28 10:57:42,1088.1,1484467,1,1093.62,283903,276165,-1.0728248022547668,0
2023-07-28 10:57:43,1088.1,1484767,60,1093.61,279703,276081,-1.0728248022547668,0
2023-07-28 10:57:44,1088.1,1484817,38,1093.61,283597,275980,-1.0728248022547668,0
2023-07-28 10:57:46,1087.9,1486668,1,1093.61,276881,275714,-1.091008273479407,0
2023-07-28 10:57:47,1087.8,1487116,100,1093.61,279094,275643,-1.1001000090917479,0
2023-07-28 10:57:47,1087.9,1487116,7,1093.61,279094,275643,-1.091008273479407,0
2023-07-28 10:57:48,1087.6,1488184,9,1093.6,277746,275210,-1.1182834803164088,0
2023-07-28 10:57:48,1087.6,1488276,1,1093.6,274330,272514,-1.1182834803164088,0
2023-07-28 10:57:50,1087.3,1488828,52,1093.6,274661,272360,-1.1455586871533898,0
2023-07-28 10:57:50,1087.3,1488828,48,1093.6,274661,272360,-1.1455586871533898,0
2023-07-28 10:57:51,1087.25,1488923,1,1093.6,275968,272378,-1.1501045549595499,0
2023-07-28 10:57:51,1087.2,1489005,1,1093.6,275508,272381,-1.15465042276571,0
2023-07-28 10:57:53,1087.25,1489994,1,1093.59,275334,272192,-1.1501045549595499,0
2023-07-28 10:57:53,1087.25,1490220,8,1093.59,273989,272193,-1.1501045549595499,0
2023-07-28 10:57:53,1087.25,1490220,49,1093.59,273989,272193,-1.1501045549595499,0
2023-07-28 10:57:55,1087.4,1490317,2,1093.59,279706,274801,-1.136466951541049,0
2023-07-28 10:57:57,1087.4,1490386,3,1093.59,279631,275740,-1.136466951541049,0
2023-07-28 10:57:57,1087.25,1490386,18,1093.59,279631,275740,-1.1501045549595499,0
2023-07-28 10:57:59,1087.3,1490973,40,1093.59,279899,275936,-1.1455586871533898,0
2023-07-28 10:57:59,1087.35,1491421,41,1093.59,279875,276011,-1.1410128193472298,0
2023-07-28 10:58:00,1087.3,1491599,1,1093.59,279911,276008,-1.1455586871533898,0
2023-07-28 10:58:01,1087.4,1491628,1,1093.59,279910,275860,-1.136466951541049,0
2023-07-28 10:58:02,1087.85,1491829,3,1093.59,280200,275793,-1.0955541412855878,0
2023-07-28 10:58:03,1087.85,1491834,1,1093.59,280245,275908,-1.0955541412855878,0
2023-07-28 10:58:04,1087.6,1492089,2,1093.59,279985,275869,-1.1182834803164088,0
2023-07-28 10:58:04,1087.6,1492089,24,1093.59,279985,275869,-1.1182834803164088,0
2023-07-28 10:58:04,1087.6,1492089,2,1093.59,279985,275869,-1.1182834803164088,0
2023-07-28 10:58:07,1087.6,1492268,1,1093.58,280055,275843,-1.1182834803164088,0
2023-07-28 10:58:08,1088.0,1493234,9,1093.58,283027,275008,-1.081916537867087,0
2023-07-28 10:58:09,1088.0,1493255,2,1093.58,284552,267941,-1.081916537867087,0
2023-07-28 10:58:10,1088.1,1493283,17,1093.58,285641,272986,-1.0728248022547668,0
2023-07-28 10:58:11,1088.1,1493367,8,1093.58,285513,273229,-1.0728248022547668,0
2023-07-28 10:58:12,1088.1,1493376,1,1093.58,286242,273406,-1.0728248022547668,0
2023-07-28 10:58:12,1088.1,1493376,1,1093.58,286242,273406,-1.0728248022547668,0
2023-07-28 10:58:12,1088.1,1493376,2,1093.58,286242,273406,-1.0728248022547668,0
2023-07-28 10:58:14,1088.1,1493432,2,1093.58,287114,273250,-1.0728248022547668,0
2023-07-28 10:58:14,1088.1,1493432,2,1093.58,287386,273266,-1.0728248022547668,0
2023-07-28 10:58:14,1088.1,1493432,2,1093.58,287821,273266,-1.0728248022547668,0
2023-07-28 10:58:14,1088.15,1493432,11,1093.58,287821,273266,-1.0682789344485861,0
2023-07-28 10:58:17,1088.15,1493450,6,1093.58,287677,273228,-1.0682789344485861,0
2023-07-28 10:58:18,1088.1,1493530,5,1093.58,283148,273403,-1.0728248022547668,0
2023-07-28 10:58:19,1088.1,1493544,1,1093.58,287140,273400,-1.0728248022547668,0
2023-07-28 10:58:20,1088.1,1493565,4,1093.58,287322,273397,-1.0728248022547668,0
2023-07-28 10:58:20,1088.1,1493565,1,1093.58,287322,273397,-1.0728248022547668,0
2023-07-28 10:58:21,1088.1,1493572,3,1093.58,287342,273660,-1.0728248022547668,0
2023-07-28 10:58:23,1088.0,1493659,8,1093.58,287192,274135,-1.081916537867087,0
2023-07-28 10:58:23,1088.0,1493733,2,1093.58,287117,273738,-1.081916537867087,0
2023-07-28 10:58:24,1088.05,1493838,15,1093.58,287036,273719,-1.077370670060927,0
2023-07-28 10:58:26,1088.0,1493963,104,1093.58,286936,273561,-1.081916537867087,0
2023-07-28 10:58:27,1088.0,1497821,100,1093.56,276142,274196,-1.081916537867087,0
2023-07-28 10:58:27,1088.0,1497821,10,1093.56,276142,274196,-1.081916537867087,0
2023-07-28 10:58:28,1088.0,1498132,1,1093.56,282575,273932,-1.081916537867087,0
2023-07-28 10:58:28,1088.0,1498132,1,1093.56,282575,273932,-1.081916537867087,0
2023-07-28 10:58:30,1087.95,1498299,81,1093.56,282100,273942,-1.086462405673247,0
2023-07-28 10:58:30,1087.95,1498351,33,1093.56,282544,274139,-1.086462405673247,0
2023-07-28 10:58:32,1087.9,1498519,20,1093.56,282448,274605,-1.091008273479407,0
2023-07-28 10:58:33,1087.9,1498849,36,1093.56,282122,274268,-1.091008273479407,0
2023-07-28 10:58:33,1087.8,1498849,30,1093.56,282122,274268,-1.1001000090917479,0
2023-07-28 10:58:34,1087.8,1498882,2,1093.56,282409,274463,-1.1001000090917479,0
2023-07-28 10:58:35,1087.8,1498935,17,1093.56,282237,274457,-1.1001000090917479,0
2023-07-28 10:58:35,1087.8,1498935,3,1093.56,282237,274457,-1.1001000090917479,0
2023-07-28 10:58:36,1087.85,1498947,2,1093.56,282302,274370,-1.0955541412855878,0
2023-07-28 10:58:36,1087.85,1498947,3,1093.56,282302,274370,-1.0955541412855878,0
2023-07-28 10:58:37,1087.8,1499057,87,1093.56,282184,274334,-1.1001000090917479,0
2023-07-28 10:58:38,1087.8,1499138,34,1093.56,282016,274409,-1.1001000090917479,0
2023-07-28 10:58:39,1087.8,1499165,1,1093.56,281980,274405,-1.1001000090917479,0
2023-07-28 10:58:39,1087.8,1499165,1,1093.56,281972,274425,-1.1001000090917479,0
2023-07-28 10:58:40,1087.7,1499270,10,1093.56,281875,274925,-1.109191744704068,0
2023-07-28 10:58:41,1087.4,1499431,10,1093.56,281645,275430,-1.136466951541049,0
2023-07-28 10:58:43,1087.4,1499437,5,1093.56,282368,275185,-1.136466951541049,0
2023-07-28 10:58:43,1087.4,1499502,3,1093.56,281229,274827,-1.136466951541049,0
2023-07-28 10:58:45,1088.4,1502480,1,1093.55,287121,273661,-1.0455495954177652,0
2023-07-28 10:58:46,1088.35,1503386,5,1093.54,284368,273461,-1.0500954632239459,0
2023-07-28 10:58:46,1088.35,1503494,6,1093.54,284766,274061,-1.0500954632239459,0
2023-07-28 10:58:47,1088.85,1503506,1,1093.54,284828,274048,-1.004636785162304,0
2023-07-28 10:58:47,1088.6,1503506,1,1093.54,284828,274048,-1.027366124193125,0
2023-07-28 10:58:49,1088.6,1503507,1,1093.54,284909,274164,-1.027366124193125,0
2023-07-28 10:58:49,1088.55,1503507,3,1093.54,284909,274164,-1.031911991999285,0
2023-07-28 10:58:50,1088.4,1503535,1,1093.54,286757,274084,-1.0455495954177652,0
2023-07-28 10:58:51,1088.35,1503560,10,1093.54,285572,274618,-1.0500954632239459,0
2023-07-28 10:58:52,1088.35,1503563,1,1093.54,286266,274198,-1.0500954632239459,0
2023-07-28 10:58:52,1088.35,1503563,5,1093.54,286266,274198,-1.0500954632239459,0
2023-07-28 10:58:53,1088.35,1503683,5,1093.54,286464,274676,-1.0500954632239459,0
2023-07-28 10:58:54,1088.35,1504281,86,1093.54,286300,274791,-1.0500954632239459,0
2023-07-28 10:58:54,1088.35,1504281,10,1093.54,286529,274797,-1.0500954632239459,0
2023-07-28 10:58:56,1088.85,1504602,6,1093.54,285444,274721,-1.004636785162304,0
2023-07-28 10:58:57,1088.85,1504608,1,1093.54,285459,275437,-1.004636785162304,0
2023-07-28 10:58:58,1088.4,1504664,8,1093.54,285944,275487,-1.0455495954177652,0
2023-07-28 10:58:58,1088.35,1504664,3,1093.54,285944,275487,-1.0500954632239459,0
2023-07-28 10:59:00,1088.35,1504670,26,1093.54,285458,275534,-1.0500954632239459,0
2023-07-28 10:59:00,1088.35,1504696,26,1093.54,286024,275615,-1.0500954632239459,0
2023-07-28 10:59:01,1088.3,1504698,31,1093.54,286109,275615,-1.054641331030106,0
2023-07-28 10:59:02,1088.25,1504756,1,1093.54,287013,275494,-1.059187198836266,0
2023-07-28 10:59:03,1088.6,1504829,37,1093.54,286605,275683,-1.027366124193125,0
2023-07-28 10:59:04,1088.35,1504874,22,1093.54,287736,275682,-1.0500954632239459,0
2023-07-28 10:59:05,1088.35,1504898,2,1093.54,286834,275759,-1.0500954632239459,0
2023-07-28 10:59:05,1088.4,1504898,1,1093.54,286834,275759,-1.0455495954177652,0
2023-07-28 10:59:06,1088.4,1505021,1,1093.54,286798,275608,-1.0455495954177652,0
2023-07-28 10:59:08,1088.35,1505059,34,1093.54,286995,275605,-1.0500954632239459,0
2023-07-28 10:59:08,1088.35,1505059,3,1093.54,286995,275605,-1.0500954632239459,0
2023-07-28 10:59:09,1088.4,1505591,5,1093.54,287030,275394,-1.0455495954177652,0
2023-07-28 10:59:09,1088.4,1505591,6,1093.54,287030,275394,-1.0455495954177652,0
2023-07-28 10:59:10,1088.4,1505656,1,1093.54,286941,275299,-1.0455495954177652,0
2023-07-28 10:59:10,1088.4,1505656,3,1093.54,286941,275299,-1.0455495954177652,0
2023-07-28 10:59:11,1088.4,1505659,3,1093.54,286558,275401,-1.0455495954177652,0
2023-07-28 10:59:11,1088.4,1505659,1,1093.54,286558,275401,-1.0455495954177652,0
2023-07-28 10:59:12,1088.4,1505671,1,1093.54,286820,275524,-1.0455495954177652,0
2023-07-28 10:59:12,1088.45,1505671,36,1093.54,286820,275549,-1.041003727611605,0
2023-07-28 10:59:15,1088.35,1505928,19,1093.54,285739,275350,-1.0500954632239459,0
2023-07-28 10:59:15,1088.35,1505928,22,1093.54,285739,275350,-1.0500954632239459,0
2023-07-28 10:59:16,1088.35,1505968,3,1093.54,286332,275348,-1.0500954632239459,0
2023-07-28 10:59:16,1088.35,1505969,1,1093.54,286626,275950,-1.0500954632239459,0
2023-07-28 10:59:18,1088.35,1506028,4,1093.54,285092,275540,-1.0500954632239459,0
2023-07-28 10:59:18,1088.35,1506032,4,1093.54,285358,275353,-1.0500954632239459,0
2023-07-28 10:59:18,1088.35,1506032,17,1093.54,285358,275353,-1.0500954632239459,0
2023-07-28 10:59:20,1088.4,1506073,2,1093.54,285928,275429,-1.0455495954177652,0
2023-07-28 10:59:20,1088.4,1506073,2,1093.54,286055,275395,-1.0455495954177652,0
2023-07-28 10:59:22,1088.35,1506189,100,1093.53,285980,275578,-1.0500954632239459,0
2023-07-28 10:59:22,1088.35,1506189,1,1093.53,285980,275578,-1.0500954632239459,0
2023-07-28 10:59:23,1088.35,1506322,1,1093.53,286032,275454,-1.0500954632239459,0
2023-07-28 10:59:23,1088.35,1506322,1,1093.53,286032,275454,-1.0500954632239459,0
2023-07-28 10:59:23,1088.35,1506335,1,1093.53,285993,275213,-1.0500954632239459,0
2023-07-28 10:59:24,1088.35,1506374,4,1093.53,285987,275207,-1.0500954632239459,0
2023-07-28 10:59:24,1088.35,1506374,4,1093.53,285987,275207,-1.0500954632239459,0
2023-07-28 10:59:25,1088.35,1506379,1,1093.53,285879,275305,-1.0500954632239459,0
2023-07-28 10:59:26,1088.35,1506547,23,1093.53,286037,275364,-1.0500954632239459,0
2023-07-28 10:59:26,1088.35,1506547,23,1093.53,286037,275364,-1.0500954632239459,0
2023-07-28 10:59:27,1088.35,1506834,64,1093.53,286077,274944,-1.0500954632239459,0
2023-07-28 10:59:29,1088.35,1506934,7,1093.53,286058,274860,-1.0500954632239459,0
2023-07-28 10:59:30,1088.4,1507307,5,1093.53,286651,274814,-1.0455495954177652,0
2023-07-28 10:59:30,1088.35,1507384,77,1093.53,287124,274945,-1.0500954632239459,0
2023-07-28 10:59:32,1088.35,1507408,1,1093.53,287198,274512,-1.0500954632239459,0
2023-07-28 10:59:32,1088.4,1507519,5,1093.53,287222,274425,-1.0455495954177652,0
2023-07-28 10:59:33,1088.4,1507572,1,1093.53,287049,274612,-1.0455495954177652,0
2023-07-28 10:59:35,1088.35,1508159,2,1093.53,286075,274897,-1.0500954632239459,0
2023-07-28 10:59:35,1088.4,1508159,16,1093.53,286075,274897,-1.0455495954177652,0
2023-07-28 10:59:35,1088.4,1508209,16,1093.53,286225,274677,-1.0455495954177652,0
2023-07-28 10:59:35,1088.35,1508209,1,1093.53,286225,274677,-1.0500954632239459,0
2023-07-28 10:59:37,1088.35,1508216,2,1093.53,286176,274682,-1.0500954632239459,0
2023-07-28 10:59:38,1088.35,1508557,5,1093.53,286825,274691,-1.0500954632239459,0
2023-07-28 10:59:38,1088.3,1508557,3,1093.53,286825,274691,-1.054641331030106,0
2023-07-28 10:59:40,1088.1,1508611,2,1093.53,288369,274700,-1.0728248022547668,0
2023-07-28 10:59:41,1088.0,1508660,5,1093.53,287697,274962,-1.081916537867087,0
2023-07-28 10:59:41,1088.35,1508660,27,1093.53,287697,274962,-1.0500954632239459,0
2023-07-28 10:59:42,1088.35,1509348,6,1093.52,287880,274530,-1.0500954632239459,0
2023-07-28 10:59:43,1088.45,1509359,5,1093.52,287906,274621,-1.041003727611605,0
2023-07-28 10:59:43,1088.45,1510369,1,1093.52,286906,274578,-1.041003727611605,0
2023-07-28 10:59:45,1088.45,1510459,90,1093.52,288929,266055,-1.041003727611605,0
2023-07-28 10:59:45,1088.45,1510459,90,1093.52,287401,274795,-1.041003727611605,0
2023-07-28 10:59:47,1088.35,1510465,1,1093.52,287447,274789,-1.0500954632239459,0
2023-07-28 10:59:47,1088.45,1510466,1,1093.52,287540,274788,-1.041003727611605,0
2023-07-28 10:59:47,1088.45,1510466,1,1093.52,288140,274877,-1.041003727611605,0
2023-07-28 10:59:47,1088.35,1510466,101,1093.52,288140,274877,-1.0500954632239459,0
2023-07-28 10:59:50,1088.4,1510622,1,1093.52,287963,274979,-1.0455495954177652,0
2023-07-28 10:59:50,1088.4,1510622,1,1093.52,287963,274979,-1.0455495954177652,0
2023-07-28 10:59:51,1088.35,1510635,1,1093.52,287447,274986,-1.0500954632239459,0
2023-07-28 10:59:51,1088.35,1510635,1,1093.52,287447,274986,-1.0500954632239459,0
2023-07-28 10:59:51,1088.35,1510635,1,1093.52,287447,274968,-1.0500954632239459,0
2023-07-28 10:59:53,1088.4,1510757,36,1093.52,287436,274940,-1.0455495954177652,0
2023-07-28 10:59:53,1088.4,1510757,36,1093.52,287436,274940,-1.0455495954177652,0
2023-07-28 10:59:53,1088.4,1510757,36,1093.52,286686,274943,-1.0455495954177652,0
2023-07-28 10:59:53,1088.4,1510757,5,1093.52,286686,274943,-1.0455495954177652,0
2023-07-28 10:59:55,1088.35,1510822,2,1093.52,287132,274942,-1.0500954632239459,0
2023-07-28 10:59:55,1088.4,1510822,17,1093.52,287132,274942,-1.0455495954177652,0
2023-07-28 10:59:57,1088.4,1510852,5,1093.52,287113,274986,-1.0455495954177652,0
2023-07-28 10:59:57,1088.4,1510852,5,1093.52,287113,274986,-1.0455495954177652,0
2023-07-28 10:59:58,1088.35,1510886,34,1093.52,287014,274986,-1.0500954632239459,0
2023-07-28 10:59:58,1088.35,1510886,3,1093.52,287014,274986,-1.0500954632239459,0
2023-07-28 10:59:59,1088.35,1510972,6,1093.52,288067,274926,-1.0500954632239459,0
2023-07-28 10:59:59,1088.4,1510972,1,1093.52,288067,274926,-1.0455495954177652,0
2023-07-28 10:59:59,1088.35,1510972,3,1093.52,288067,274926,-1.0500954632239459,0
2023-07-28 11:00:02,1088.4,1511082,4,1093.52,291119,275045,-1.0455495954177652,0
2023-07-28 11:00:03,1088.4,1511098,1,1093.52,291179,275102,-1.0455495954177652,0
2023-07-28 11:00:04,1088.35,1511142,3,1093.52,291100,275097,-1.0500954632239459,0
2023-07-28 11:00:05,1088.4,1511447,5,1093.52,290771,275147,-1.0455495954177652,0
2023-07-28 11:00:05,1088.4,1511447,5,1093.52,290771,275147,-1.0455495954177652,0
2023-07-28 11:00:07,1088.4,1511505,3,1093.52,290396,275129,-1.0455495954177652,0
2023-07-28 11:00:07,1088.35,1512218,15,1093.51,289709,275285,-1.0500954632239459,0
2023-07-28 11:00:07,1088.3,1512218,18,1093.51,289709,275285,-1.054641331030106,0
2023-07-28 11:00:08,1088.3,1512280,18,1093.51,290329,275193,-1.054641331030106,0
2023-07-28 11:00:09,1088.4,1512480,76,1093.51,290401,275264,-1.0455495954177652,0
2023-07-28 11:00:11,1088.35,1512482,1,1093.51,290399,275282,-1.0500954632239459,0
2023-07-28 11:00:11,1088.1,1512482,5,1093.51,290399,275282,-1.0728248022547668,0
2023-07-28 11:00:12,1088.1,1512488,1,1093.51,290436,275286,-1.0728248022547668,0
2023-07-28 11:00:12,1088.1,1512488,186,1093.51,290436,275286,-1.0728248022547668,0
2023-07-28 11:00:13,1088.4,1512713,4,1093.51,290434,275352,-1.0455495954177652,0
2023-07-28 11:00:13,1088.4,1512713,4,1093.51,290434,275352,-1.0455495954177652,0
2023-07-28 11:00:13,1088.3,1512713,1,1093.51,290434,275352,-1.054641331030106,0
2023-07-28 11:00:15,1088.0,1512841,1,1093.51,291509,275291,-1.081916537867087,0
2023-07-28 11:00:15,1088.0,1512841,1,1093.51,293295,277221,-1.081916537867087,0
2023-07-28 11:00:15,1088.0,1512841,26,1093.51,293295,277221,-1.081916537867087,0
2023-07-28 11:00:18,1088.1,1512956,2,1093.51,293169,277209,-1.0728248022547668,0
2023-07-28 11:00:18,1088.1,1512956,2,1093.51,293169,277210,-1.0728248022547668,0
2023-07-28 11:00:19,1088.4,1513055,10,1093.51,291913,277255,-1.0455495954177652,0
2023-07-28 11:00:19,1088.05,1513055,136,1093.51,291913,277255,-1.077370670060927,0
2023-07-28 11:00:19,1088.05,1513055,1,1093.51,291913,277255,-1.077370670060927,0
2023-07-28 11:00:21,1088.4,1513305,6,1093.51,291918,277472,-1.0455495954177652,0
2023-07-28 11:00:22,1088.4,1513317,5,1093.51,291979,277336,-1.0455495954177652,0
2023-07-28 11:00:22,1088.4,1513317,5,1093.51,292019,277316,-1.0455495954177652,0
2023-07-28 11:00:22,1088.25,1513317,8,1093.51,292019,277316,-1.059187198836266,0
2023-07-28 11:00:25,1088.25,1513405,79,1093.51,291942,277248,-1.059187198836266,0
2023-07-28 11:00:25,1088.35,1513484,30,1093.51,292028,277651,-1.0500954632239459,0
2023-07-28 11:00:25,1088.35,1513484,19,1093.51,292028,277651,-1.0500954632239459,0
2023-07-28 11:00:27,1088.25,1513506,1,1093.51,291967,277637,-1.059187198836266,0
2023-07-28 11:00:27,1088.05,1513634,6,1093.51,293083,277710,-1.077370670060927,0
2023-07-28 11:00:29,1088.05,1513710,69,1093.51,293119,277412,-1.077370670060927,0
2023-07-28 11:00:29,1088.15,1513710,1,1093.51,293119,277412,-1.0682789344485861,0
2023-07-28 11:00:30,1088.1,1513719,1,1093.51,293143,277508,-1.0728248022547668,0
2023-07-28 11:00:30,1088.05,1514365,8,1093.51,292884,281418,-1.077370670060927,0
2023-07-28 11:00:31,1088.05,1514437,2,1093.51,292841,281230,-1.077370670060927,0
2023-07-28 11:00:31,1088.25,1514437,3,1093.51,292841,281230,-1.059187198836266,0
2023-07-28 11:00:32,1088.25,1514456,3,1093.51,292827,281593,-1.059187198836266,0
2023-07-28 11:00:32,1088.0,1514456,3,1093.51,292827,281593,-1.081916537867087,0
2023-07-28 11:00:34,1088.0,1514619,15,1093.51,293170,281402,-1.081916537867087,0
2023-07-28 11:00:35,1088.05,1514623,1,1093.51,293152,281372,-1.077370670060927,0
2023-07-28 11:00:36,1088.05,1514642,19,1093.51,292874,281445,-1.077370670060927,0
2023-07-28 11:00:36,1088.5,1514642,92,1093.51,292874,281445,-1.036457859805445,0
2023-07-28 11:00:37,1088.5,1515820,12,1093.5,292337,280836,-1.036457859805445,0
2023-07-28 11:00:38,1088.9,1515896,18,1093.5,292899,280336,-1.0000909173561232,0
2023-07-28 11:00:38,1088.9,1515896,18,1093.5,292899,280336,-1.0000909173561232,0
2023-07-28 11:00:38,1088.9,1515896,18,1093.5,293315,280254,-1.0000909173561232,0
2023-07-28 11:00:38,1088.9,1515896,18,1093.5,293320,280394,-1.0000909173561232,0
2023-07-28 11:00:41,1088.6,1515918,20,1093.5,292466,280403,-1.027366124193125,0
2023-07-28 11:00:41,1088.9,1515918,6,1093.5,292466,280403,-1.0000909173561232,0
2023-07-28 11:00:42,1088.9,1515927,6,1093.5,292672,280402,-1.0000909173561232,0
2023-07-28 11:00:42,1088.6,1515927,10,1093.5,292672,280402,-1.027366124193125,0
2023-07-28 11:00:42,1088.6,1515937,10,1093.5,292595,280128,-1.027366124193125,0
2023-07-28 11:00:42,1088.6,1515937,6,1093.5,292595,280128,-1.027366124193125,0
2023-07-28 11:00:42,1088.9,1515937,18,1093.5,292595,280128,-1.0000909173561232,0
2023-07-28 11:00:44,1088.9,1515963,18,1093.5,293721,280360,-1.0000909173561232,0
2023-07-28 11:00:44,1088.55,1515963,54,1093.5,293721,280360,-1.031911991999285,0
2023-07-28 11:00:46,1088.55,1516087,12,1093.5,293462,280541,-1.031911991999285,0
2023-07-28 11:00:46,1088.65,1516106,3,1093.5,294739,280448,-1.0228202563869442,0
2023-07-28 11:00:46,1088.65,1516106,2,1093.5,294739,280448,-1.0228202563869442,0
2023-07-28 11:00:48,1088.6,1516436,4,1093.5,294782,280360,-1.027366124193125,0
2023-07-28 11:00:48,1088.6,1516436,4,1093.5,294782,280360,-1.027366124193125,0
2023-07-28 11:00:49,1088.6,1516734,3,1093.5,295009,280392,-1.027366124193125,0
2023-07-28 11:00:50,1088.55,1516786,1,1093.5,294545,280468,-1.031911991999285,0
2023-07-28 11:00:50,1088.55,1516786,3,1093.5,294545,280468,-1.031911991999285,0
2023-07-28 11:00:51,1088.55,1517067,5,1093.5,290485,276920,-1.031911991999285,0
2023-07-28 11:00:51,1088.55,1517067,5,1093.5,290485,276920,-1.031911991999285,0
2023-07-28 11:00:52,1088.55,1517084,3,1093.5,290538,276954,-1.031911991999285,0
2023-07-28 11:00:52,1088.5,1517185,100,1093.5,290664,276954,-1.036457859805445,0
2023-07-28 11:00:54,1089.0,1517464,30,1093.5,288560,276382,-0.9909991817438031,0
2023-07-28 11:00:54,1088.7,1517660,40,1093.5,288235,276365,-1.0182743885807841,0
2023-07-28 11:00:55,1088.7,1517682,2,1093.5,288289,276311,-1.0182743885807841,0
2023-07-28 11:00:57,1089.25,1517781,7,1093.5,292665,279045,-0.9682698427129821,0
2023-07-28 11:00:57,1089.05,1517795,2,1093.5,292071,279766,-0.986453313937643,0
2023-07-28 11:00:58,1089.05,1517796,1,1093.5,293099,280043,-0.986453313937643,0
2023-07-28 11:00:59,1088.9,1517835,2,1093.49,292778,280190,-1.0000909173561232,0
2023-07-28 11:00:59,1088.95,1517835,1,1093.49,292778,280190,-0.9955450495499631,0
2023-07-28 11:01:02,1088.65,1517887,10,1093.49,291981,280362,-1.0228202563869442,0
2023-07-28 11:01:02,1088.95,1517887,3,1093.49,291981,280362,-0.9955450495499631,0
2023-07-28 11:01:02,1088.95,1517892,3,1093.49,292156,280260,-0.9955450495499631,0
2023-07-28 11:01:02,1088.95,1517892,2,1093.49,292156,280260,-0.9955450495499631,0
2023-07-28 11:01:03,1088.95,1517923,2,1093.49,291519,280851,-0.9955450495499631,0
2023-07-28 11:01:05,1088.9,1517947,1,1093.49,292731,280750,-1.0000909173561232,0
2023-07-28 11:01:05,1088.6,1517947,11,1093.49,292731,280750,-1.027366124193125,0
2023-07-28 11:01:06,1088.65,1518031,3,1093.49,294519,280794,-1.0228202563869442,0
2023-07-28 11:01:06,1088.65,1518048,3,1093.49,291543,278492,-1.0228202563869442,0
2023-07-28 11:01:08,1088.65,1518273,5,1093.49,292020,278572,-1.0228202563869442,0
2023-07-28 11:01:09,1088.6,1518278,1,1093.49,292764,278602,-1.027366124193125,0
2023-07-28 11:01:09,1088.6,1518278,27,1093.49,292764,278602,-1.027366124193125,0
2023-07-28 11:01:10,1088.6,1518322,4,1093.49,292646,278839,-1.027366124193125,0
2023-07-28 11:01:10,1088.6,1518322,4,1093.49,292646,278839,-1.027366124193125,0
2023-07-28 11:01:11,1088.6,1518323,1,1093.49,292654,278800,-1.027366124193125,0
2023-07-28 11:01:11,1088.6,1518323,1,1093.49,292841,278805,-1.027366124193125,0
2023-07-28 11:01:13,1088.65,1518818,26,1093.49,292191,278419,-1.0228202563869442,0
2023-07-28 11:01:13,1088.7,1518818,50,1093.49,292191,278419,-1.0182743885807841,0
2023-07-28 11:01:13,1088.7,1518818,6,1093.49,292191,278419,-1.0182743885807841,0
2023-07-28 11:01:13,1088.95,1518818,13,1093.49,292191,278419,-0.9955450495499631,0
2023-07-28 11:01:15,1088.95,1518899,7,1093.49,295502,281014,-0.9955450495499631,0
2023-07-28 11:01:17,1088.95,1518914,1,1093.49,295607,281108,-0.9955450495499631,0
2023-07-28 11:01:18,1088.85,1519012,35,1093.49,295821,281096,-1.004636785162304,0
2023-07-28 11:01:18,1088.8,1519019,35,1093.49,294875,281094,-1.009182652968464,0
2023-07-28 11:01:19,1088.7,1519063,4,1093.49,294790,280951,-1.0182743885807841,0
2023-07-28 11:01:21,1089.2,1519572,24,1093.49,298106,279632,-0.9728157105191422,0
2023-07-28 11:01:21,1089.25,1519627,5,1093.49,297409,280965,-0.9682698427129821,0
2023-07-28 11:01:21,1089.25,1519627,5,1093.49,298164,280885,-0.9682698427129821,0
2023-07-28 11:01:21,1089.25,1519627,5,1093.49,298164,280885,-0.9682698427129821,0
2023-07-28 11:01:23,1089.25,1519633,5,1093.49,297933,280916,-0.9682698427129821,0
2023-07-28 11:01:24,1089.2,1519641,8,1093.49,297872,280932,-0.9728157105191422,0
2023-07-28 11:01:24,1089.2,1519641,6,1093.49,297872,280932,-0.9728157105191422,0
2023-07-28 11:01:26,1089.15,1519653,2,1093.49,300810,283279,-0.9773615783253022,0
2023-07-28 11:01:26,1089.05,1519653,33,1093.49,300810,283279,-0.986453313937643,0
2023-07-28 11:01:27,1089.1,1519696,3,1093.49,300718,283244,-0.981907446131483,0
2023-07-28 11:01:27,1089.1,1519708,1,1093.49,300654,283330,-0.981907446131483,0
2023-07-28 11:01:28,1089.1,1519909,200,1093.49,299542,283317,-0.981907446131483,0
2023-07-28 11:01:28,1089.1,1519909,250,1093.49,299542,283317,-0.981907446131483,0
2023-07-28 11:01:29,1089.1,1520217,26,1093.49,298912,283451,-0.981907446131483,0
2023-07-28 11:01:31,1089.05,1520264,1,1093.49,298946,283270,-0.986453313937643,0
2023-07-28 11:01:31,1089.05,1520264,1,1093.49,298946,283270,-0.986453313937643,0
2023-07-28 11:01:31,1089.05,1520271,1,1093.49,298971,283274,-0.986453313937643,0
2023-07-28 11:01:33,1089.1,1520433,37,1093.49,299506,283273,-0.981907446131483,0
2023-07-28 11:01:33,1089.1,1520433,2,1093.49,299506,283273,-0.981907446131483,0
2023-07-28 11:01:34,1089.05,1520501,10,1093.49,299418,283388,-0.986453313937643,0
2023-07-28 11:01:35,1089.1,1520520,1,1093.49,298891,283387,-0.981907446131483,0
2023-07-28 11:01:36,1089.0,1521099,1,1093.49,296454,284062,-0.9909991817438031,0
2023-07-28 11:01:37,1089.0,1521105,5,1093.49,296255,284505,-0.9909991817438031,0
2023-07-28 11:01:37,1089.0,1521105,5,1093.49,296255,284505,-0.9909991817438031,0
2023-07-28 11:01:39,1089.05,1521640,18,1093.48,296906,284535,-0.986453313937643,0
2023-07-28 11:01:39,1088.9,1521641,1,1093.48,296678,284585,-1.0000909173561232,0
2023-07-28 11:01:40,1089.0,1521790,14,1093.48,296142,284524,-0.9909991817438031,0
2023-07-28 11:01:42,1089.0,1522370,5,1093.48,296860,283921,-0.9909991817438031,0
2023-07-28 11:01:42,1089.0,1522370,5,1093.48,296860,283921,-0.9909991817438031,0
2023-07-28 11:01:42,1089.0,1522370,5,1093.48,296871,283984,-0.9909991817438031,0
2023-07-28 11:01:44,1088.65,1522388,1,1093.48,296794,283904,-1.0228202563869442,0
2023-07-28 11:01:44,1088.65,1522390,2,1093.48,297110,283787,-1.0228202563869442,0
2023-07-28 11:01:45,1088.95,1522440,40,1093.48,297203,283936,-0.9955450495499631,0
2023-07-28 11:01:45,1088.95,1522440,40,1093.48,297871,283833,-0.9955450495499631,0
2023-07-28 11:01:45,1088.65,1522440,4,1093.48,297871,283833,-1.0228202563869442,0
2023-07-28 11:01:45,1088.5,1522440,10,1093.48,297871,283833,-1.036457859805445,0
2023-07-28 11:01:45,1088.65,1522440,2,1093.48,297871,283833,-1.0228202563869442,0
2023-07-28 11:01:50,1088.5,1522669,2,1093.48,298989,284223,-1.036457859805445,0
2023-07-28 11:01:50,1088.55,1522669,1,1093.48,298989,284223,-1.031911991999285,0
2023-07-28 11:01:52,1088.5,1522689,6,1093.48,299690,283611,-1.036457859805445,0
2023-07-28 11:01:52,1088.5,1522689,1,1093.48,299690,283611,-1.036457859805445,0
2023-07-28 11:01:54,1088.6,1522759,6,1093.48,299913,283648,-1.027366124193125,0
2023-07-28 11:01:54,1088.65,1522759,78,1093.48,299913,283648,-1.0228202563869442,0
2023-07-28 11:01:54,1088.65,1522945,78,1093.48,301329,283463,-1.0228202563869442,0
2023-07-28 11:01:55,1088.5,1523018,7,1093.48,299786,283486,-1.036457859805445,0
2023-07-28 11:01:56,1088.6,1523302,14,1093.48,300979,283434,-1.027366124193125,0
2023-07-28 11:01:57,1088.65,1523531,6,1093.48,298776,283348,-1.0228202563869442,0
2023-07-28 11:01:57,1088.65,1523531,6,1093.48,299825,283453,-1.0228202563869442,0
2023-07-28 11:01:59,1088.65,1523532,1,1093.48,300025,283480,-1.0228202563869442,0
2023-07-28 11:02:00,1088.65,1523534,2,1093.48,300237,283443,-1.0228202563869442,0
2023-07-28 11:02:02,1088.65,1523540,6,1093.48,300408,283362,-1.0228202563869442,0
2023-07-28 11:02:03,1088.6,1523663,8,1093.48,300257,283369,-1.027366124193125,0
2023-07-28 11:02:03,1088.6,1523663,4,1093.48,300257,283369,-1.027366124193125,0
2023-07-28 11:02:04,1088.6,1523668,1,1093.48,300051,283375,-1.027366124193125,0
2023-07-28 11:02:05,1088.6,1523807,1,1093.48,299000,283481,-1.027366124193125,0
2023-07-28 11:02:05,1088.6,1523807,1,1093.48,299000,283481,-1.027366124193125,0
2023-07-28 11:02:06,1088.55,1523808,1,1093.48,300983,283500,-1.031911991999285,0
2023-07-28 11:02:06,1088.6,1523808,8,1093.48,300978,283524,-1.027366124193125,0
2023-07-28 11:02:06,1088.6,1523808,6,1093.48,300978,283524,-1.027366124193125,0
2023-07-28 11:02:06,1088.55,1523808,2,1093.48,300978,283524,-1.031911991999285,0
2023-07-28 11:02:10,1088.6,1523917,10,1093.48,301304,283374,-1.027366124193125,0
2023-07-28 11:02:10,1088.6,1523917,2,1093.48,301304,283374,-1.027366124193125,0
2023-07-28 11:02:10,1088.6,1523920,2,1093.48,300110,283462,-1.027366124193125,0
2023-07-28 11:02:12,1088.6,1523935,10,1093.48,301239,283610,-1.027366124193125,0
2023-07-28 11:02:12,1088.5,1523943,7,1093.48,296449,283681,-1.036457859805445,0
2023-07-28 11:02:12,1088.6,1523943,22,1093.48,296449,283681,-1.027366124193125,0
2023-07-28 11:02:14,1088.6,1524001,8,1093.48,299537,283755,-1.027366124193125,0
2023-07-28 11:02:14,1088.5,1524001,26,1093.48,299537,283755,-1.036457859805445,0
2023-07-28 11:02:16,1088.5,1524049,5,1093.48,299889,283757,-1.036457859805445,0
2023-07-28 11:02:16,1088.5,1524069,10,1093.48,299430,283766,-1.036457859805445,0
2023-07-28 11:02:16,1088.5,1524069,2,1093.48,299430,283766,-1.036457859805445,0
2023-07-28 11:02:18,1088.55,1524095,2,1093.48,300044,283673,-1.031911991999285,0
2023-07-28 11:02:19,1088.8,1524660,32,1093.47,300853,283319,-1.009182652968464,0
2023-07-28 11:02:19,1088.8,1524660,32,1093.47,300853,283319,-1.009182652968464,0
2023-07-28 11:02:19,1088.8,1524660,32,1093.47,300265,283563,-1.009182652968464,0
2023-07-28 11:02:19,1088.8,1524660,5,1093.47,300265,283563,-1.009182652968464,0
2023-07-28 11:02:21,1088.8,1525324,6,1093.47,300617,282552,-1.009182652968464,0
2023-07-28 11:02:22,1088.8,1525330,6,1093.47,300129,282916,-1.009182652968464,0
2023-07-28 11:02:22,1088.75,1525330,35,1093.47,300129,282916,-1.013728520774624,0
2023-07-28 11:02:23,1088.8,1525399,10,1093.47,300695,283014,-1.009182652968464,0
2023-07-28 11:02:23,1088.8,1525399,10,1093.47,300695,283014,-1.009182652968464,0
2023-07-28 11:02:25,1088.75,1525446,8,1093.47,300568,283037,-1.013728520774624,0
2023-07-28 11:02:25,1088.75,1525446,8,1093.47,300568,283037,-1.013728520774624,0
2023-07-28 11:02:25,1088.75,1525451,1,1093.47,300297,283100,-1.013728520774624,0
2023-07-28 11:02:27,1088.75,1525517,6,1093.47,300207,283210,-1.013728520774624,0
2023-07-28 11:02:27,1088.8,1525581,23,1093.47,300197,283269,-1.009182652968464,0
2023-07-28 11:02:27,1088.75,1525581,74,1093.47,300197,283269,-1.013728520774624,0
2023-07-28 11:02:28,1088.75,1527113,74,1093.47,296378,284171,-1.013728520774624,0
2023-07-28 11:02:30,1088.5,1527313,3,1093.47,297913,283845,-1.036457859805445,0
2023-07-28 11:02:30,1088.5,1527313,2,1093.47,297913,283845,-1.036457859805445,0
2023-07-28 11:02:31,1088.6,1527346,3,1093.47,298199,283528,-1.027366124193125,0
2023-07-28 11:02:31,1088.6,1527346,3,1093.47,298199,283528,-1.027366124193125,0
2023-07-28 11:02:32,1088.5,1527356,2,1093.47,298162,283475,-1.036457859805445,0
2023-07-28 11:02:33,1088.55,1527512,36,1093.47,298014,283407,-1.031911991999285,0
2023-07-28 11:02:33,1088.55,1527512,36,1093.47,298014,283407,-1.031911991999285,0
2023-07-28 11:02:34,1088.5,1527708,1,1093.46,298000,283597,-1.036457859805445,0
2023-07-28 11:02:35,1088.55,1527802,51,1093.46,297981,283554,-1.031911991999285,0
2023-07-28 11:02:37,1088.55,1527810,7,1093.46,297485,283625,-1.031911991999285,0
2023-07-28 11:02:37,1088.55,1527870,40,1093.46,298069,283562,-1.031911991999285,0
2023-07-28 11:02:37,1088.5,1527870,12,1093.46,298069,283562,-1.036457859805445,0
2023-07-28 11:02:38,1088.5,1527917,12,1093.46,298054,283664,-1.036457859805445,0
2023-07-28 11:02:38,1088.5,1527917,27,1093.46,298054,283664,-1.036457859805445,0
2023-07-28 11:02:40,1088.5,1527965,4,1093.46,297969,283741,-1.036457859805445,0
2023-07-28 11:02:40,1088.5,1527965,8,1093.46,297969,283741,-1.036457859805445,0
2023-07-28 11:02:41,1088.55,1527999,17,1093.46,297385,283646,-1.031911991999285,0
2023-07-28 11:02:42,1088.5,1528341,1,1093.46,298120,283384,-1.036457859805445,0
2023-07-28 11:02:43,1088.5,1528345,1,1093.46,297778,283563,-1.036457859805445,0
2023-07-28 11:02:43,1088.5,1528345,1,1093.46,297778,283563,-1.036457859805445,0
2023-07-28 11:02:44,1088.5,1528387,4,1093.46,299027,283514,-1.036457859805445,0
2023-07-28 11:02:45,1088.55,1528610,17,1093.46,299037,283201,-1.031911991999285,0
2023-07-28 11:02:46,1088.55,1528809,140,1093.46,298843,282985,-1.031911991999285,0
2023-07-28 11:02:46,1088.55,1528809,2,1093.46,298843,282985,-1.031911991999285,0
2023-07-28 11:02:48,1088.7,1528853,1,1093.46,299187,283003,-1.0182743885807841,0
2023-07-28 11:02:48,1088.6,1528853,3,1093.46,299187,283003,-1.027366124193125,0
2023-07-28 11:02:48,1088.6,1528890,3,1093.46,298875,282886,-1.027366124193125,0
2023-07-28 11:02:48,1088.6,1528890,3,1093.46,299001,282778,-1.027366124193125,0
2023-07-28 11:02:50,1088.6,1528893,1,1093.46,299835,282694,-1.027366124193125,0
2023-07-28 11:02:50,1088.6,1528893,1,1093.46,299836,282820,-1.027366124193125,0
2023-07-28 11:02:52,1088.55,1528903,2,1093.46,299960,282751,-1.031911991999285,0
2023-07-28 11:02:52,1088.6,1528903,3,1093.46,299960,282751,-1.027366124193125,0
2023-07-28 11:02:53,1088.55,1529065,16,1093.46,299004,282923,-1.031911991999285,0
2023-07-28 11:02:54,1088.7,1529082,1,1093.46,298922,282974,-1.0182743885807841,0
2023-07-28 11:02:54,1088.7,1529082,15,1093.46,299982,283371,-1.0182743885807841,0
2023-07-28 11:02:57,1088.7,1529104,7,1093.46,300145,283254,-1.0182743885807841,0
2023-07-28 11:02:57,1088.65,1529104,34,1093.46,300135,283243,-1.0228202563869442,0
2023-07-28 11:02:59,1088.65,1529144,2,1093.46,299722,283410,-1.0228202563869442,0
2023-07-28 11:03:00,1088.7,1529446,143,1093.46,298942,283405,-1.0182743885807841,0
2023-07-28 11:03:00,1088.7,1529483,3,1093.46,298997,283563,-1.0182743885807841,0
2023-07-28 11:03:00,1088.7,1529483,64,1093.46,298524,283878,-1.0182743885807841,0
2023-07-28 11:03:00,1088.7,1529483,500,1093.46,298524,283878,-1.0182743885807841,0
2023-07-28 11:03:03,1088.7,1530412,15,1093.46,298694,284658,-1.0182743885807841,0
2023-07-28 11:03:03,1088.7,1530412,15,1093.46,298694,284658,-1.0182743885807841,0
2023-07-28 11:03:04,1088.7,1530458,46,1093.46,298849,284705,-1.0182743885807841,0
2023-07-28 11:03:04,1088.65,1530458,18,1093.46,298849,284705,-1.0228202563869442,0
2023-07-28 11:03:05,1088.7,1531691,1,1093.45,298902,283764,-1.0182743885807841,0
2023-07-28 11:03:06,1088.6,1531702,10,1093.45,298919,283673,-1.027366124193125,0
2023-07-28 11:03:06,1088.6,1531703,1,1093.45,298954,283721,-1.027366124193125,0
2023-07-28 11:03:08,1088.7,1532375,13,1093.45,300153,283041,-1.0182743885807841,0
2023-07-28 11:03:08,1088.65,1532412,3,1093.45,299457,282892,-1.0228202563869442,0
2023-07-28 11:03:09,1088.7,1532515,1,1093.45,302178,283390,-1.0182743885807841,0
2023-07-28 11:03:10,1088.7,1532654,2,1093.45,301603,283520,-1.0182743885807841,0
2023-07-28 11:03:10,1088.75,1532654,83,1093.45,301603,283520,-1.013728520774624,0
2023-07-28 11:03:12,1088.85,1533529,12,1093.45,299597,282500,-1.004636785162304,0
2023-07-28 11:03:12,1088.85,1533529,24,1093.45,299597,282500,-1.004636785162304,0
2023-07-28 11:03:13,1088.85,1533592,36,1093.45,299127,282622,-1.004636785162304,0
2023-07-28 11:03:13,1088.85,1533592,36,1093.45,299123,282623,-1.004636785162304,0
2023-07-28 11:03:14,1089.0,1533737,2,1093.45,300979,281740,-0.9909991817438031,0
2023-07-28 11:03:15,1089.0,1533793,2,1093.45,300223,282781,-0.9909991817438031,0
2023-07-28 11:03:16,1089.5,1534168,9,1093.44,300994,281609,-0.9455405036821611,0
2023-07-28 11:03:17,1089.5,1534175,7,1093.44,301063,279745,-0.9455405036821611,0
2023-07-28 11:03:18,1089.5,1534221,3,1093.44,301565,283003,-0.9455405036821611,0
2023-07-28 11:03:18,1089.35,1534221,1,1093.44,301553,283135,-0.959178107100662,0
2023-07-28 11:03:20,1089.35,1534255,20,1093.44,300741,283134,-0.959178107100662,0
2023-07-28 11:03:21,1089.35,1534270,11,1093.44,300675,283171,-0.959178107100662,0
2023-07-28 11:03:22,1089.35,1534276,1,1093.44,300782,283042,-0.959178107100662,0
2023-07-28 11:03:23,1089.35,1534290,12,1093.44,300180,283400,-0.959178107100662,0
2023-07-28 11:03:24,1089.2,1534295,1,1093.44,300343,283378,-0.9728157105191422,0
2023-07-28 11:03:24,1089.2,1534295,1,1093.44,298410,283467,-0.9728157105191422,0
2023-07-28 11:03:24,1089.2,1534295,1,1093.44,300967,280757,-0.9728157105191422,0
2023-07-28 11:03:27,1089.2,1534335,27,1093.44,300860,283793,-0.9728157105191422,0
2023-07-28 11:03:28,1089.2,1534363,2,1093.44,301116,283754,-0.9728157105191422,0
2023-07-28 11:03:30,1089.7,1537467,76,1093.44,302201,278539,-0.9273570324575002,0
2023-07-28 11:03:30,1089.7,1537819,293,1093.44,300565,281594,-0.9273570324575002,0
2023-07-28 11:03:31,1089.7,1537824,5,1093.44,300743,281604,-0.9273570324575002,0
2023-07-28 11:03:33,1089.7,1537880,6,1093.44,300831,281615,-0.9273570324575002,0
2023-07-28 11:03:34,1089.65,1537881,1,1093.44,301260,281661,-0.9319029002636603,0
2023-07-28 11:03:34,1089.75,1537881,18,1093.44,301260,281661,-0.9228111646513402,0
2023-07-28 11:03:35,1089.7,1538015,26,1093.44,302664,281793,-0.9273570324575002,0
2023-07-28 11:03:36,1089.7,1538045,25,1093.44,301057,282019,-0.9273570324575002,0
2023-07-28 11:03:37,1089.65,1538052,6,1093.44,301805,282173,-0.9319029002636603,0
2023-07-28 11:03:37,1089.7,1538052,27,1093.44,301805,282173,-0.9273570324575002,0
2023-07-28 11:03:38,1089.55,1538137,3,1093.43,301628,281557,-0.9409946358760011,0
2023-07-28 11:03:39,1089.55,1538142,2,1093.43,299424,282103,-0.9409946358760011,0
2023-07-28 11:03:41,1089.25,1538251,3,1093.43,302298,282567,-0.9682698427129821,0
2023-07-28 11:03:42,1089.3,1538293,26,1093.43,302347,282591,-0.963723974906822,0
2023-07-28 11:03:43,1089.5,1538297,1,1093.43,299184,282648,-0.9455405036821611,0
2023-07-28 11:03:45,1089.3,1538375,40,1093.43,302273,282651,-0.963723974906822,0
2023-07-28 11:03:45,1089.3,1538394,1,1093.43,302338,283245,-0.963723974906822,0
2023-07-28 11:03:45,1089.4,1538394,26,1093.43,302338,283245,-0.9546322392944813,0
2023-07-28 11:03:47,1089.4,1538471,4,1093.43,301591,283396,-0.9546322392944813,0
2023-07-28 11:03:49,1089.25,1538559,40,1093.43,301609,283977,-0.9682698427129821,0
2023-07-28 11:03:49,1089.25,1538565,6,1093.43,301570,283812,-0.9682698427129821,0
2023-07-28 11:03:49,1089.25,1538565,6,1093.43,302200,283896,-0.9682698427129821,0
2023-07-28 11:03:49,1089.25,1538565,6,1093.43,302213,283899,-0.9682698427129821,0
2023-07-28 11:03:49,1089.25,1538565,3,1093.43,302213,283899,-0.9682698427129821,0
2023-07-28 11:03:53,1089.25,1538626,48,1093.43,302204,283513,-0.9682698427129821,0
2023-07-28 11:03:54,1089.25,1538739,10,1093.43,301486,283625,-0.9682698427129821,0
2023-07-28 11:03:54,1089.25,1538740,1,1093.43,301491,283464,-0.9682698427129821,0
2023-07-28 11:03:54,1089.35,1538740,1,1093.43,301491,283464,-0.959178107100662,0
2023-07-28 11:03:54,1089.85,1538740,10,1093.43,301491,283464,-0.91371942903902,0
2023-07-28 11:03:56,1089.85,1539495,10,1093.43,302282,282853,-0.91371942903902,0
2023-07-28 11:03:58,1089.7,1539534,1,1093.43,301153,283036,-0.9273570324575002,0
2023-07-28 11:03:58,1089.55,1539534,13,1093.43,301153,283036,-0.9409946358760011,0
2023-07-28 11:03:58,1089.55,1539547,13,1093.43,301264,282971,-0.9409946358760011,0
2023-07-28 11:03:58,1089.5,1539547,2,1093.43,301264,282971,-0.9455405036821611,0
2023-07-28 11:04:00,1089.55,1539551,2,1093.43,301343,283000,-0.9409946358760011,0
2023-07-28 11:04:00,1089.55,1539551,3,1093.43,303379,283000,-0.9409946358760011,0
2023-07-28 11:04:02,1089.5,1539564,7,1093.43,299493,283104,-0.9455405036821611,0
2023-07-28 11:04:02,1089.55,1539564,15,1093.43,299493,283104,-0.9409946358760011,0
2023-07-28 11:04:02,1089.5,1539564,35,1093.43,299493,283104,-0.9455405036821611,0
2023-07-28 11:04:04,1089.55,1539764,82,1093.43,302781,283207,-0.9409946358760011,0
2023-07-28 11:04:04,1089.5,1539764,24,1093.43,302781,283207,-0.9455405036821611,0
2023-07-28 11:04:05,1089.5,1540372,569,1093.43,298259,283799,-0.9455405036821611,0
2023-07-28 11:04:05,1089.55,1540722,9,1093.43,302249,283499,-0.9409946358760011,0
2023-07-28 11:04:05,1089.55,1540722,9,1093.43,302881,283505,-0.9409946358760011,0
2023-07-28 11:04:08,1089.4,1540727,5,1093.43,302310,283739,-0.9546322392944813,0
2023-07-28 11:04:08,1089.4,1540727,34,1093.43,302310,283739,-0.9546322392944813,0
2023-07-28 11:04:09,1089.4,1540765,3,1093.43,302502,283181,-0.9546322392944813,0
2023-07-28 11:04:09,1089.4,1540765,26,1093.43,302502,283181,-0.9546322392944813,0
2023-07-28 11:04:10,1089.45,1540824,1,1093.43,302445,283140,-0.9500863714883212,0
2023-07-28 11:04:10,1089.45,1540824,1,1093.43,302445,283140,-0.9500863714883212,0
2023-07-28 11:04:11,1089.4,1540859,1,1093.43,299441,283439,-0.9546322392944813,0
2023-07-28 11:04:12,1089.45,1541466,50,1093.43,301336,282657,-0.9500863714883212,0
2023-07-28 11:04:13,1089.5,1541559,32,1093.43,302570,282983,-0.9455405036821611,0
2023-07-28 11:04:13,1089.4,1541559,3,1093.43,303172,282983,-0.9546322392944813,0
2023-07-28 11:04:15,1089.4,1541589,27,1093.43,303774,282852,-0.9546322392944813,0
2023-07-28 11:04:15,1089.4,1541589,6,1093.43,303774,282852,-0.9546322392944813,0
2023-07-28 11:04:17,1089.4,1541595,6,1093.43,303785,283353,-0.9546322392944813,0
2023-07-28 11:04:18,1089.35,1541629,34,1093.43,303163,283467,-0.959178107100662,0
2023-07-28 11:04:18,1089.35,1541629,1,1093.43,303163,283467,-0.959178107100662,0
2023-07-28 11:04:19,1089.4,1541656,12,1093.43,303199,283427,-0.9546322392944813,0
2023-07-28 11:04:20,1089.3,1541659,3,1093.43,301838,283466,-0.963723974906822,0
2023-07-28 11:04:21,1089.25,1541662,3,1093.43,302977,283387,-0.9682698427129821,0
2023-07-28 11:04:21,1089.25,1541662,4,1093.43,302977,283387,-0.9682698427129821,0
2023-07-28 11:04:21,1089.25,1541662,2,1093.43,302977,283387,-0.9682698427129821,0
2023-07-28 11:04:21,1089.25,1541662,5,1093.43,302977,283387,-0.9682698427129821,0
2023-07-28 11:04:25,1089.3,1541757,1,1093.43,303671,283552,-0.963723974906822,0
2023-07-28 11:04:25,1089.3,1541757,1,1093.43,303708,283274,-0.963723974906822,0
2023-07-28 11:04:25,1089.3,1541757,1,1093.43,303708,283274,-0.963723974906822,0
2023-07-28 11:04:27,1089.25,1541795,34,1093.43,303124,283471,-0.9682698427129821,0
2023-07-28 11:04:27,1089.25,1541795,4,1093.43,303124,283471,-0.9682698427129821,0
2023-07-28 11:04:29,1089.25,1541833,26,1093.43,303762,283753,-0.9682698427129821,0
2023-07-28 11:04:30,1089.25,1541876,1,1093.43,303627,283856,-0.9682698427129821,0
2023-07-28 11:04:31,1089.3,1542268,13,1093.42,303627,283541,-0.963723974906822,0
2023-07-28 11:04:31,1089.3,1542268,2,1093.42,303627,283548,-0.963723974906822,0
2023-07-28 11:04:34,1089.25,1542330,4,1093.42,303617,283631,-0.9682698427129821,0
2023-07-28 11:04:35,1089.25,1542374,4,1093.42,303004,283830,-0.9682698427129821,0
2023-07-28 11:04:35,1089.25,1542374,4,1093.42,303004,283830,-0.9682698427129821,0
2023-07-28 11:04:35,1089.25,1542374,4,1093.42,303026,283960,-0.9682698427129821,0
2023-07-28 11:04:35,1089.3,1542374,15,1093.42,303026,283960,-0.963723974906822,0
2023-07-28 11:04:37,1089.3,1542470,28,1093.42,302998,283768,-0.963723974906822,0
2023-07-28 11:04:38,1089.25,1542589,4,1093.42,302226,283654,-0.9682698427129821,0
2023-07-28 11:04:38,1089.2,1542589,14,1093.42,302226,283654,-0.9728157105191422,0
2023-07-28 11:04:38,1089.2,1542589,2,1093.42,302226,283654,-0.9728157105191422,0
2023-07-28 11:04:41,1089.1,1542694,7,1093.42,301841,283417,-0.981907446131483,0
2023-07-28 11:04:43,1089.15,1543736,10,1093.42,302487,282934,-0.9773615783253022,0
2023-07-28 11:04:43,1089.15,1543875,30,1093.42,301839,282607,-0.9773615783253022,0
2023-07-28 11:04:43,1089.15,1543875,30,1093.42,302447,282607,-0.9773615783253022,0
2023-07-28 11:04:43,1089.15,1543875,30,1093.42,302533,282690,-0.9773615783253022,0
2023-07-28 11:04:43,1089.15,1543875,30,1093.42,302820,282717,-0.9773615783253022,0
2023-07-28 11:04:43,1089.15,1543875,21,1093.42,302820,282717,-0.9773615783253022,0
2023-07-28 11:04:48,1089.15,1544016,3,1093.42,303343,282705,-0.9773615783253022,0
2023-07-28 11:04:48,1089.1,1544016,153,1093.42,303343,282705,-0.981907446131483,0
2023-07-28 11:04:49,1089.1,1546994,2,1093.41,300424,283116,-0.981907446131483,0
2023-07-28 11:04:49,1089.1,1546994,2,1093.41,300424,283116,-0.981907446131483,0
2023-07-28 11:04:50,1088.95,1547005,11,1093.41,301171,283797,-0.9955450495499631,0
2023-07-28 11:04:50,1088.95,1547005,11,1093.41,301273,283767,-0.9955450495499631,0
2023-07-28 11:04:52,1088.75,1547031,26,1093.41,300582,283823,-1.013728520774624,0
2023-07-28 11:04:53,1088.75,1547094,2,1093.41,301301,283839,-1.013728520774624,0
2023-07-28 11:04:54,1088.75,1547393,30,1093.41,301147,283585,-1.013728520774624,0
2023-07-28 11:04:55,1088.8,1547457,18,1093.41,301066,283784,-1.009182652968464,0
2023-07-28 11:04:55,1088.8,1547457,1,1093.41,301066,283784,-1.009182652968464,0
2023-07-28 11:04:56,1088.8,1547461,1,1093.41,301036,283846,-1.009182652968464,0
2023-07-28 11:04:57,1088.85,1547501,35,1093.41,301042,283784,-1.004636785162304,0
2023-07-28 11:04:59,1088.8,1547506,5,1093.41,301099,283802,-1.009182652968464,0
2023-07-28 11:05:00,1088.8,1547603,9,1093.41,301063,283585,-1.009182652968464,0
2023-07-28 11:05:01,1088.85,1547610,1,1093.41,301322,283375,-1.004636785162304,0
2023-07-28 11:05:01,1088.85,1547610,6,1093.41,301322,283375,-1.004636785162304,0
2023-07-28 11:05:02,1088.85,1547626,2,1093.41,301273,283467,-1.004636785162304,0
2023-07-28 11:05:03,1088.8,1547648,2,1093.41,301436,283156,-1.009182652968464,0
2023-07-28 11:05:05,1088.85,1547718,1,1093.41,301334,283124,-1.004636785162304,0
2023-07-28 11:05:05,1088.85,1547718,1,1093.41,301334,283124,-1.004636785162304,0
2023-07-28 11:05:06,1088.8,1547719,1,1093.41,301302,283124,-1.009182652968464,0
2023-07-28 11:05:08,1088.8,1548218,2,1093.41,299898,283822,-1.009182652968464,0
2023-07-28 11:05:08,1088.8,1548218,2,1093.41,299898,283822,-1.009182652968464,0
2023-07-28 11:05:09,1088.8,1548302,16,1093.41,298922,283954,-1.009182652968464,0
2023-07-28 11:05:09,1088.8,1548373,7,1093.41,299011,283521,-1.009182652968464,0
2023-07-28 11:05:10,1088.8,1548394,3,1093.41,300270,283120,-1.009182652968464,0
2023-07-28 11:05:11,1088.65,1548397,3,1093.41,300255,283223,-1.0228202563869442,0
2023-07-28 11:05:13,1088.55,1548423,4,1093.41,300117,283147,-1.031911991999285,0
2023-07-28 11:05:13,1088.6,1548627,2,1093.41,300259,283239,-1.027366124193125,0
2023-07-28 11:05:15,1088.6,1548722,10,1093.41,302509,283244,-1.027366124193125,0
2023-07-28 11:05:16,1088.5,1548867,3,1093.41,302328,283436,-1.036457859805445,0
2023-07-28 11:05:17,1088.5,1549084,1,1093.4,302325,283262,-1.036457859805445,0
2023-07-28 11:05:17,1088.5,1549084,1,1093.4,302448,283361,-1.036457859805445,0
2023-07-28 11:05:19,1088.55,1549102,2,1093.4,302431,283454,-1.031911991999285,0
2023-07-28 11:05:19,1088.55,1549127,3,1093.4,302407,283465,-1.031911991999285,0
2023-07-28 11:05:20,1088.5,1549200,1,1093.4,302524,283375,-1.036457859805445,0
2023-07-28 11:05:22,1088.5,1549236,21,1093.4,302501,283442,-1.036457859805445,0
2023-07-28 11:05:23,1088.55,1549251,2,1093.4,302606,283439,-1.031911991999285,0
2023-07-28 11:05:23,1088.55,1549251,2,1093.4,302479,283440,-1.031911991999285,0
2023-07-28 11:05:23,1088.55,1549251,2,1093.4,302479,283440,-1.031911991999285,0
2023-07-28 11:05:23,1088.5,1549251,24,1093.4,302479,283440,-1.036457859805445,0
2023-07-28 11:05:24,1088.5,1549504,24,1093.4,302670,283267,-1.036457859805445,0
2023-07-28 11:05:24,1088.5,1549504,3,1093.4,302670,283267,-1.036457859805445,0
2023-07-28 11:05:26,1088.5,1549532,3,1093.4,302146,283560,-1.036457859805445,0
2023-07-28 11:05:27,1088.5,1550000,43,1093.4,302303,283578,-1.036457859805445,0
2023-07-28 11:05:27,1088.5,1550000,4,1093.4,302303,283578,-1.036457859805445,0
2023-07-28 11:05:28,1088.5,1550045,4,1093.4,301783,283466,-1.036457859805445,0
2023-07-28 11:05:28,1088.55,1550045,1,1093.4,301783,283466,-1.031911991999285,0
2023-07-28 11:05:29,1088.5,1550089,27,1093.4,302199,283564,-1.036457859805445,0
2023-07-28 11:05:30,1088.5,1550157,6,1093.4,302531,283454,-1.036457859805445,0
2023-07-28 11:05:31,1088.5,1550167,1,1093.4,302541,283457,-1.036457859805445,0
2023-07-28 11:05:31,1088.5,1550167,4,1093.4,302541,283457,-1.036457859805445,0
2023-07-28 11:05:33,1088.5,1550252,15,1093.4,302554,283391,-1.036457859805445,0
2023-07-28 11:05:33,1088.55,1550252,37,1093.4,302554,283391,-1.031911991999285,0
2023-07-28 11:05:34,1088.55,1550303,2,1093.4,302424,283608,-1.031911991999285,0
2023-07-28 11:05:34,1088.55,1550303,1,1093.4,302424,283608,-1.031911991999285,0
2023-07-28 11:05:34,1088.55,1550541,5,1093.4,302382,283386,-1.031911991999285,0
2023-07-28 11:05:36,1088.55,1550596,5,1093.4,302380,283406,-1.031911991999285,0
2023-07-28 11:05:36,1088.55,1550596,6,1093.4,302380,283406,-1.031911991999285,0
2023-07-28 11:05:37,1088.55,1550701,40,1093.4,302385,283368,-1.031911991999285,0
2023-07-28 11:05:37,1088.55,1550701,40,1093.4,301822,283421,-1.031911991999285,0
2023-07-28 11:05:39,1088.5,1550704,3,1093.4,301123,283516,-1.036457859805445,0
2023-07-28 11:05:40,1088.5,1550771,2,1093.4,302817,283598,-1.036457859805445,0
2023-07-28 11:05:40,1088.5,1550771,3,1093.4,302817,283598,-1.036457859805445,0
2023-07-28 11:05:41,1088.55,1550785,3,1093.4,302831,283542,-1.031911991999285,0
2023-07-28 11:05:41,1088.55,1550785,3,1093.4,302275,283553,-1.031911991999285,0
2023-07-28 11:05:43,1088.55,1550802,5,1093.4,302176,283723,-1.031911991999285,0
2023-07-28 11:05:43,1088.55,1550802,5,1093.4,302176,283723,-1.031911991999285,0
2023-07-28 11:05:43,1088.5,1550802,26,1093.4,302201,283653,-1.036457859805445,0
2023-07-28 11:05:45,1088.55,1550850,10,1093.4,302331,283639,-1.031911991999285,0
2023-07-28 11:05:45,1088.5,1550850,1,1093.4,302331,283639,-1.036457859805445,0
2023-07-28 11:05:45,1088.55,1550850,14,1093.4,302331,283639,-1.031911991999285,0
2023-07-28 11:05:47,1088.55,1550955,14,1093.4,301612,283721,-1.031911991999285,0
2023-07-28 11:05:49,1088.5,1550959,3,1093.4,301290,283733,-1.036457859805445,0
2023-07-28 11:05:50,1088.5,1551038,7,1093.4,301321,283728,-1.036457859805445,0
2023-07-28 11:05:50,1088.5,1551038,1,1093.4,301321,283728,-1.036457859805445,0
2023-07-28 11:05:51,1088.55,1551047,1,1093.4,301414,283722,-1.031911991999285,0
