2023-07-28 10:49:22,2975.45,177164,3,2983.54,96054,107345,-0.8877119349788511,0
2023-07-28 10:49:22,2975.45,177164,3,2983.54,96054,107345,-0.8877119349788511,0
2023-07-28 10:49:30,2975.45,177167,3,2983.54,93794,107342,-0.8877119349788511,0
2023-07-28 10:49:30,2975.45,177167,3,2983.54,93796,107342,-0.8877119349788511,0
2023-07-28 10:49:30,2975.0,177167,357,2983.54,93796,107342,-0.9027014423237038,0
2023-07-28 10:49:33,2975.45,177595,53,2983.52,96565,107366,-0.8877119349788511,0
2023-07-28 10:49:34,2975.45,177626,31,2983.52,95795,107409,-0.8877119349788511,0
2023-07-28 10:49:35,2975.45,177627,1,2983.52,95792,107408,-0.8877119349788511,0
2023-07-28 10:49:35,2975.45,177627,1,2983.52,95796,107408,-0.8877119349788511,0
2023-07-28 10:49:38,2975.45,177628,1,2983.52,93920,107407,-0.8877119349788511,0
2023-07-28 10:49:38,2975.45,177628,1,2983.52,93920,107407,-0.8877119349788511,0
2023-07-28 10:49:38,2975.45,177628,1,2983.52,95798,107407,-0.8877119349788511,0
2023-07-28 10:49:38,2975.45,177628,14,2983.52,95798,107407,-0.8877119349788511,0
2023-07-28 10:49:41,2975.45,177978,14,2983.5,96301,107395,-0.8877119349788511,0
2023-07-28 10:49:41,2975.45,177978,14,2983.5,92145,107389,-0.8877119349788511,0
2023-07-28 10:49:41,2975.45,177978,14,2983.5,94008,107389,-0.8877119349788511,0
2023-07-28 10:49:44,2975.0,178014,35,2983.5,95556,107411,-0.9027014423237038,0
2023-07-28 10:49:44,2975.0,178014,15,2983.5,95556,107411,-0.9027014423237038,0
2023-07-28 10:49:45,2975.0,178029,20,2983.5,95992,107427,-0.9027014423237038,0
2023-07-28 10:49:46,2974.95,178049,1,2983.5,96002,107407,-0.9043669431398051,0
2023-07-28 10:49:47,2974.95,178050,1,2983.5,96023,107472,-0.9043669431398051,0
2023-07-28 10:49:47,2975.0,178050,30,2983.5,96023,107472,-0.9027014423237038,0
2023-07-28 10:49:48,2975.0,178080,30,2983.5,96018,107439,-0.9027014423237038,0
2023-07-28 10:49:48,2975.0,178080,30,2983.5,95584,107493,-0.9027014423237038,0
2023-07-28 10:49:48,2975.0,178080,30,2983.5,95607,107493,-0.9027014423237038,0
2023-07-28 10:49:48,2975.0,178080,50,2983.5,95607,107493,-0.9027014423237038,0
2023-07-28 10:49:52,2975.0,178134,1,2983.49,95635,107623,-0.9027014423237038,0
2023-07-28 10:49:53,2975.0,178139,5,2983.49,93701,107614,-0.9027014423237038,0
2023-07-28 10:49:53,2975.0,178139,5,2983.49,95979,107596,-0.9027014423237038,0
2023-07-28 10:49:55,2975.0,178144,1,2983.49,95549,107674,-0.9027014423237038,0
2023-07-28 10:49:56,2975.0,178171,2,2983.49,95593,107659,-0.9027014423237038,0
2023-07-28 10:49:57,2975.0,178192,9,2983.49,95596,107692,-0.9027014423237038,0
2023-07-28 10:49:57,2975.0,178192,9,2983.49,95943,107681,-0.9027014423237038,0
2023-07-28 10:49:57,2975.0,178192,1,2983.49,95943,107681,-0.9027014423237038,0
2023-07-28 10:50:00,2975.0,178194,1,2983.49,95944,107669,-0.9027014423237038,0
2023-07-28 10:50:00,2975.0,178194,1,2983.49,95944,107669,-0.9027014423237038,0
2023-07-28 10:50:01,2975.0,178201,7,2983.49,95548,107689,-0.9027014423237038,0
2023-07-28 10:50:01,2975.0,178201,7,2983.49,95531,107876,-0.9027014423237038,0
2023-07-28 10:50:01,2975.0,178201,12,2983.49,95531,107876,-0.9027014423237038,0
2023-07-28 10:50:03,2974.45,178246,3,2983.49,95460,108003,-0.9210219513007591,0
2023-07-28 10:50:04,2974.45,178328,82,2983.49,95636,107838,-0.9210219513007591,0
2023-07-28 10:50:05,2974.55,178329,1,2983.49,95637,107934,-0.9176909496685562,0
2023-07-28 10:50:06,2974.85,178339,3,2983.48,95620,108023,-0.907697944771993,0
2023-07-28 10:50:06,2974.85,178339,3,2983.48,95633,107994,-0.907697944771993,0
2023-07-28 10:50:08,2974.6,178349,10,2983.48,95628,107915,-0.91602544885247,0
2023-07-28 10:50:08,2973.65,178349,21,2983.48,95628,107915,-0.9476699643582766,0
2023-07-28 10:50:09,2974.6,178405,1,2983.48,95814,108006,-0.91602544885247,0
2023-07-28 10:50:10,2974.6,178407,1,2983.48,95750,107958,-0.91602544885247,0
2023-07-28 10:50:12,2974.5,178422,15,2983.48,95813,107933,-0.9193564504846578,0
2023-07-28 10:50:12,2974.5,178422,15,2983.48,95811,107981,-0.9193564504846578,0
2023-07-28 10:50:12,2974.5,178422,15,2983.48,95912,107924,-0.9193564504846578,0
2023-07-28 10:50:12,2974.5,178422,15,2983.48,95595,107969,-0.9193564504846578,0
2023-07-28 10:50:12,2974.5,178422,15,2983.48,95947,107934,-0.9193564504846578,0
2023-07-28 10:50:12,2973.65,178422,6,2983.48,95947,107934,-0.9476699643582766,0
2023-07-28 10:50:16,2973.65,178445,6,2983.48,91740,107941,-0.9476699643582766,0
2023-07-28 10:50:18,2973.55,178451,6,2983.48,95599,107947,-0.9510009659904642,0
2023-07-28 10:50:18,2973.55,178451,6,2983.48,95599,107947,-0.9510009659904642,0
2023-07-28 10:50:19,2973.55,178463,10,2983.48,94028,108094,-0.9510009659904642,0
2023-07-28 10:50:20,2973.55,178478,15,2983.48,95918,108041,-0.9510009659904642,0
2023-07-28 10:50:20,2973.55,178478,15,2983.48,95918,108041,-0.9510009659904642,0
2023-07-28 10:50:20,2973.55,178478,15,2983.48,95918,108041,-0.9510009659904642,0
2023-07-28 10:50:22,2974.35,178482,4,2983.48,95908,108211,-0.924352952932947,0
2023-07-28 10:50:22,2974.35,178482,4,2983.48,95908,108211,-0.924352952932947,0
2023-07-28 10:50:22,2974.35,178482,4,2983.48,95937,108182,-0.924352952932947,0
2023-07-28 10:50:24,2973.65,178507,7,2983.48,95885,108115,-0.9476699643582766,0
2023-07-28 10:50:24,2973.65,178507,7,2983.48,95885,108115,-0.9476699643582766,0
2023-07-28 10:50:24,2972.3,178507,1,2983.48,95885,108115,-0.9926384863928492,0
2023-07-28 10:50:25,2974.45,180233,10,2983.37,95113,108111,-0.9210219513007591,0
2023-07-28 10:50:25,2974.45,180233,10,2983.37,95150,108176,-0.9210219513007591,0
2023-07-28 10:50:25,2974.45,180233,10,2983.37,95205,108142,-0.9210219513007591,0
2023-07-28 10:50:25,2974.45,180233,10,2983.37,95205,108203,-0.9210219513007591,0
2023-07-28 10:50:25,2973.05,180233,4,2983.37,95205,108203,-0.9676559741514182,0
2023-07-28 10:50:29,2973.05,180237,4,2983.37,94990,108264,-0.9676559741514182,0
2023-07-28 10:50:29,2973.05,180237,4,2983.37,95040,108329,-0.9676559741514182,0
2023-07-28 10:50:32,2974.4,180238,1,2983.37,95040,108328,-0.9226874521168456,0
2023-07-28 10:50:33,2974.3,180267,14,2983.37,95051,108318,-0.9260184537490332,0
2023-07-28 10:50:33,2974.3,180267,14,2983.37,95051,108318,-0.9260184537490332,0
2023-07-28 10:50:33,2974.3,180267,14,2983.37,95011,108307,-0.9260184537490332,0
2023-07-28 10:50:35,2973.05,180297,5,2983.37,93088,108358,-0.9676559741514182,0
2023-07-28 10:50:35,2973.0,180297,1,2983.37,93088,108358,-0.9693214749675197,0
2023-07-28 10:50:35,2974.35,180297,2,2983.37,93088,108358,-0.924352952932947,0
2023-07-28 10:50:37,2974.35,180301,1,2983.37,94993,108441,-0.924352952932947,0
2023-07-28 10:50:38,2974.35,180311,10,2983.37,95000,108365,-0.924352952932947,0
2023-07-28 10:50:38,2974.35,180311,10,2983.37,95030,108348,-0.924352952932947,0
2023-07-28 10:50:38,2974.35,180311,10,2983.37,95055,108339,-0.924352952932947,0
2023-07-28 10:50:38,2974.3,180311,1,2983.37,95055,108339,-0.9260184537490332,0
2023-07-28 10:50:42,2974.45,180313,1,2983.37,92790,108214,-0.9210219513007591,0
2023-07-28 10:50:42,2974.45,180313,1,2983.37,95012,108241,-0.9210219513007591,0
2023-07-28 10:50:42,2974.45,180313,1,2983.37,95155,108378,-0.9210219513007591,0
2023-07-28 10:50:42,2974.45,180313,1,2983.37,95127,108400,-0.9210219513007591,0
2023-07-28 10:50:42,2974.45,180313,1,2983.37,94750,108847,-0.9210219513007591,0
2023-07-28 10:50:48,2974.2,180316,3,2983.37,94995,108368,-0.9293494553812361,0
2023-07-28 10:50:48,2974.2,180316,3,2983.37,94965,108294,-0.9293494553812361,0
2023-07-28 10:50:48,2974.3,180316,3,2983.37,94965,108294,-0.9260184537490332,0
2023-07-28 10:50:49,2974.3,180322,3,2983.37,92742,108853,-0.9260184537490332,0
2023-07-28 10:50:49,2974.3,180322,3,2983.37,95000,108853,-0.9260184537490332,0
2023-07-28 10:50:51,2974.45,180367,5,2983.37,92797,108782,-0.9210219513007591,0
2023-07-28 10:50:51,2974.45,180367,5,2983.37,92797,108782,-0.9210219513007591,0
2023-07-28 10:50:52,2974.45,180368,1,2983.37,94677,108831,-0.9210219513007591,0
2023-07-28 10:50:52,2974.45,180372,1,2983.37,94664,108829,-0.9210219513007591,0
2023-07-28 10:50:52,2974.45,180372,1,2983.37,95131,108849,-0.9210219513007591,0
2023-07-28 10:50:55,2974.4,180392,2,2983.37,95157,108912,-0.9226874521168456,0
2023-07-28 10:50:56,2974.4,180414,20,2983.36,95178,108904,-0.9226874521168456,0
2023-07-28 10:50:56,2974.4,180414,20,2983.36,95184,108904,-0.9226874521168456,0
2023-07-28 10:50:56,2974.4,180414,90,2983.36,95184,108904,-0.9226874521168456,0
2023-07-28 10:50:58,2974.4,180534,25,2983.36,95176,108877,-0.9226874521168456,0
2023-07-28 10:50:58,2974.4,180534,20,2983.36,95176,108877,-0.9226874521168456,0
2023-07-28 10:50:59,2974.4,180554,20,2983.36,95162,108877,-0.9226874521168456,0
2023-07-28 10:50:59,2974.05,180554,9,2983.36,95232,108913,-0.9343459578295102,0
2023-07-28 10:51:02,2974.05,180563,9,2983.36,95059,109171,-0.9343459578295102,0
2023-07-28 10:51:04,2974.45,180627,22,2983.35,95302,108319,-0.9210219513007591,0
2023-07-28 10:51:04,2974.45,180653,1,2983.35,93008,108489,-0.9210219513007591,0
2023-07-28 10:51:04,2974.45,180653,1,2983.35,94137,108492,-0.9210219513007591,0
2023-07-28 10:51:04,2974.45,180653,1,2983.35,91013,108895,-0.9210219513007591,0
2023-07-28 10:51:04,2974.45,180653,3,2983.35,92874,108198,-0.9210219513007591,0
2023-07-28 10:51:07,2974.45,180656,3,2983.35,95153,108141,-0.9210219513007591,0
2023-07-28 10:51:07,2974.45,180656,3,2983.35,95137,108170,-0.9210219513007591,0
2023-07-28 10:51:07,2974.4,180656,30,2983.35,95137,108170,-0.9226874521168456,0
2023-07-28 10:51:10,2974.4,180844,30,2983.34,95137,108285,-0.9226874521168456,0
2023-07-28 10:51:10,2974.4,180844,1,2983.34,95137,108285,-0.9226874521168456,0
2023-07-28 10:51:12,2974.4,180845,1,2983.34,92937,108157,-0.9226874521168456,0
2023-07-28 10:51:12,2974.4,180845,15,2983.34,92937,108157,-0.9226874521168456,0
2023-07-28 10:51:13,2974.4,180860,15,2983.34,93341,108213,-0.9226874521168456,0
2023-07-28 10:51:15,2974.4,180861,1,2983.34,93010,108142,-0.9226874521168456,0
2023-07-28 10:51:15,2974.4,180861,3,2983.34,93010,108142,-0.9226874521168456,0
2023-07-28 10:51:15,2974.05,180861,1,2983.34,93010,108142,-0.9343459578295102,0
2023-07-28 10:51:17,2974.4,180876,10,2983.34,91517,106390,-0.9226874521168456,0
2023-07-28 10:51:18,2974.4,180886,10,2983.34,90370,108205,-0.9226874521168456,0
2023-07-28 10:51:18,2974.4,180886,10,2983.34,95293,108208,-0.9226874521168456,0
2023-07-28 10:51:18,2974.05,180886,2,2983.34,95293,108208,-0.9343459578295102,0
2023-07-28 10:51:20,2974.4,180889,25,2983.34,95254,108237,-0.9226874521168456,0
2023-07-28 10:51:21,2974.4,180914,25,2983.34,94904,108217,-0.9226874521168456,0
2023-07-28 10:51:21,2974.4,180914,25,2983.34,93030,108172,-0.9226874521168456,0
2023-07-28 10:51:21,2974.4,180914,25,2983.34,94906,108172,-0.9226874521168456,0
2023-07-28 10:51:21,2973.3,180914,9,2983.34,94906,108172,-0.9593284700709412,0
2023-07-28 10:51:25,2973.3,180944,9,2983.34,95286,108251,-0.9593284700709412,0
2023-07-28 10:51:25,2973.3,180944,9,2983.34,95219,108255,-0.9593284700709412,0
2023-07-28 10:51:25,2973.3,180944,9,2983.34,95219,108255,-0.9593284700709412,0
2023-07-28 10:51:25,2973.3,180944,9,2983.34,93345,108255,-0.9593284700709412,0
2023-07-28 10:51:25,2973.3,180944,9,2983.34,93345,108288,-0.9593284700709412,0
2023-07-28 10:51:25,2973.3,180944,9,2983.34,95232,108288,-0.9593284700709412,0
2023-07-28 10:51:25,2973.3,180944,9,2983.34,93026,108303,-0.9593284700709412,0
2023-07-28 10:51:25,2973.3,180944,9,2983.34,94881,108362,-0.9593284700709412,0
2023-07-28 10:51:25,2973.3,180944,9,2983.34,95316,108377,-0.9593284700709412,0
2023-07-28 10:51:25,2973.3,180944,9,2983.34,94967,108276,-0.9593284700709412,0
2023-07-28 10:51:25,2974.4,180944,1,2983.34,94967,108276,-0.9226874521168456,0
2023-07-28 10:51:35,2974.4,180955,1,2983.34,95432,108340,-0.9226874521168456,0
2023-07-28 10:51:35,2973.35,180955,8,2983.34,95432,108340,-0.957662969254855,0
2023-07-28 10:51:36,2973.35,180980,8,2983.34,95267,108345,-0.957662969254855,0
2023-07-28 10:51:36,2973.35,180980,8,2983.34,95271,108371,-0.957662969254855,0
2023-07-28 10:51:36,2973.35,180980,8,2983.34,95298,108371,-0.957662969254855,0
2023-07-28 10:51:36,2973.35,180980,8,2983.34,94923,108345,-0.957662969254855,0
2023-07-28 10:51:36,2973.35,180980,8,2983.34,94923,108345,-0.957662969254855,0
2023-07-28 10:51:36,2974.4,180980,10,2983.34,94962,108345,-0.9226874521168456,0
2023-07-28 10:51:43,2974.4,180990,10,2983.34,95367,108270,-0.9226874521168456,0
2023-07-28 10:51:43,2974.4,180990,10,2983.34,95367,108270,-0.9226874521168456,0
2023-07-28 10:51:45,2974.4,181000,10,2983.33,95368,108343,-0.9226874521168456,0
2023-07-28 10:51:45,2974.35,181022,1,2983.33,95265,108455,-0.924352952932947,0
2023-07-28 10:51:45,2974.35,181022,1,2983.33,95323,108400,-0.924352952932947,0
2023-07-28 10:51:47,2974.4,181042,20,2983.33,95323,108380,-0.9226874521168456,0
2023-07-28 10:51:47,2974.4,181042,20,2983.33,95343,108380,-0.9226874521168456,0
2023-07-28 10:51:47,2974.4,181042,13,2983.33,95343,108380,-0.9226874521168456,0
2023-07-28 10:51:49,2974.4,181056,13,2983.33,95408,108374,-0.9226874521168456,0
2023-07-28 10:51:49,2974.4,181056,13,2983.33,95352,108349,-0.9226874521168456,0
2023-07-28 10:51:54,2973.4,181058,2,2983.33,95216,108438,-0.9559974684387536,0
2023-07-28 10:51:54,2974.35,181058,6,2983.33,95216,108438,-0.924352952932947,0
2023-07-28 10:51:54,2974.35,181065,6,2983.33,95220,108460,-0.924352952932947,0
2023-07-28 10:51:56,2974.35,181066,1,2983.33,95220,108459,-0.924352952932947,0
2023-07-28 10:51:56,2974.35,181066,1,2983.33,95222,108218,-0.924352952932947,0
2023-07-28 10:51:56,2974.4,181066,88,2983.33,95213,108194,-0.9226874521168456,0
2023-07-28 10:52:00,2974.4,181176,6,2983.33,95704,107944,-0.9226874521168456,0
2023-07-28 10:52:01,2974.4,181362,10,2983.32,95834,107943,-0.9226874521168456,0
2023-07-28 10:52:02,2974.4,181363,1,2983.32,95838,107935,-0.9226874521168456,0
2023-07-28 10:52:03,2974.5,181631,11,2983.3,93860,107698,-0.9193564504846578,0
2023-07-28 10:52:03,2974.45,181631,5,2983.3,93860,107698,-0.9210219513007591,0
2023-07-28 10:52:04,2974.45,181636,5,2983.3,96155,107691,-0.9210219513007591,0
2023-07-28 10:52:04,2974.45,181636,5,2983.3,96135,107750,-0.9210219513007591,0
2023-07-28 10:52:04,2974.25,181636,21,2983.3,96135,107750,-0.9276839545651347,0
2023-07-28 10:52:04,2975.0,181636,1,2983.3,96135,107750,-0.9027014423237038,0
2023-07-28 10:52:07,2975.0,181670,1,2983.3,96034,107795,-0.9027014423237038,0
2023-07-28 10:52:07,2975.0,181670,1,2983.3,96062,107815,-0.9027014423237038,0
2023-07-28 10:52:10,2975.0,181695,3,2983.3,95966,107820,-0.9027014423237038,0
2023-07-28 10:52:10,2975.0,181702,3,2983.3,95591,107862,-0.9027014423237038,0
2023-07-28 10:52:10,2975.0,181702,3,2983.3,96107,107816,-0.9027014423237038,0
2023-07-28 10:52:10,2975.0,181702,3,2983.3,96098,107816,-0.9027014423237038,0
2023-07-28 10:52:10,2975.0,181702,3,2983.3,96103,107816,-0.9027014423237038,0
2023-07-28 10:52:17,2974.4,181707,1,2983.3,92480,107602,-0.9226874521168456,0
2023-07-28 10:52:17,2975.0,181708,1,2983.3,96135,107853,-0.9027014423237038,0
2023-07-28 10:52:18,2975.0,181733,17,2983.3,96125,107872,-0.9027014423237038,0
2023-07-28 10:52:18,2975.0,181733,17,2983.3,96162,107872,-0.9027014423237038,0
2023-07-28 10:52:18,2975.0,181733,17,2983.3,93913,107872,-0.9027014423237038,0
2023-07-28 10:52:22,2975.0,181734,1,2983.3,96166,107888,-0.9027014423237038,0
2023-07-28 10:52:23,2975.0,181736,1,2983.3,93992,107872,-0.9027014423237038,0
2023-07-28 10:52:23,2975.0,181736,1,2983.3,93992,107872,-0.9027014423237038,0
2023-07-28 10:52:24,2975.0,181739,1,2983.3,93915,107914,-0.9027014423237038,0
2023-07-28 10:52:24,2975.0,181739,1,2983.3,93915,107914,-0.9027014423237038,0
2023-07-28 10:52:25,2975.0,181751,1,2983.3,96152,107905,-0.9027014423237038,0
2023-07-28 10:52:26,2975.0,181754,1,2983.3,95800,107899,-0.9027014423237038,0
2023-07-28 10:52:26,2975.0,181754,1,2983.3,96178,107870,-0.9027014423237038,0
2023-07-28 10:52:26,2975.0,181754,1,2983.3,95829,107904,-0.9027014423237038,0
2023-07-28 10:52:26,2975.0,181754,1,2983.3,90961,107884,-0.9027014423237038,0
2023-07-28 10:52:26,2975.0,181754,1,2983.3,95847,107884,-0.9027014423237038,0
2023-07-28 10:52:26,2975.0,181754,1,2983.3,95089,107884,-0.9027014423237038,0
2023-07-28 10:52:26,2974.45,181754,17,2983.3,96130,107870,-0.9210219513007591,0
2023-07-28 10:52:34,2974.45,181774,17,2983.3,96146,108081,-0.9210219513007591,0
2023-07-28 10:52:34,2975.0,181774,7,2983.3,92033,108064,-0.9027014423237038,0
2023-07-28 10:52:36,2975.0,181809,7,2983.3,93925,108048,-0.9027014423237038,0
2023-07-28 10:52:36,2975.0,181809,7,2983.3,96175,108048,-0.9027014423237038,0
2023-07-28 10:52:36,2975.0,181809,72,2983.3,96175,108048,-0.9027014423237038,0
2023-07-28 10:52:38,2975.0,181881,72,2983.29,95890,108075,-0.9027014423237038,0
2023-07-28 10:52:38,2975.0,181881,72,2983.29,94008,108062,-0.9027014423237038,0
2023-07-28 10:52:43,2975.0,181886,5,2983.29,96259,108081,-0.9027014423237038,0
2023-07-28 10:52:44,2975.0,181890,4,2983.29,96243,108085,-0.9027014423237038,0
2023-07-28 10:52:44,2975.0,181890,25,2983.29,96243,108085,-0.9027014423237038,0
2023-07-28 10:52:45,2975.0,181925,25,2983.29,96264,108047,-0.9027014423237038,0
2023-07-28 10:52:45,2975.0,181925,25,2983.29,94034,108034,-0.9027014423237038,0
2023-07-28 10:52:45,2975.0,181925,25,2983.29,95948,108036,-0.9027014423237038,0
2023-07-28 10:52:45,2975.0,181925,3,2983.29,95948,108036,-0.9027014423237038,0
2023-07-28 10:52:49,2975.45,182728,35,2983.25,92021,107740,-0.8877119349788511,0
2023-07-28 10:52:49,2975.45,182728,100,2983.25,92021,107740,-0.8877119349788511,0
2023-07-28 10:52:49,2975.45,182884,56,2983.25,96458,107680,-0.8877119349788511,0
2023-07-28 10:52:49,2975.45,182884,56,2983.25,96412,107680,-0.8877119349788511,0
2023-07-28 10:52:49,2975.95,182884,1,2983.25,94171,107695,-0.8710569268178971,0
2023-07-28 10:52:53,2975.95,182893,5,2983.25,94072,107709,-0.8710569268178971,0
2023-07-28 10:52:53,2975.95,182893,5,2983.25,96361,107709,-0.8710569268178971,0
2023-07-28 10:52:55,2975.95,182898,5,2983.25,96364,107758,-0.8710569268178971,0
2023-07-28 10:52:55,2975.95,182898,5,2983.25,95229,107771,-0.8710569268178971,0
2023-07-28 10:52:57,2975.95,182899,1,2983.25,92219,107743,-0.8710569268178971,0
2023-07-28 10:52:57,2975.0,182899,4,2983.25,92219,107743,-0.9027014423237038,0
2023-07-28 10:52:58,2975.0,182903,4,2983.25,94085,107754,-0.9027014423237038,0
2023-07-28 10:52:58,2975.95,182903,1,2983.25,94085,107754,-0.8710569268178971,0
2023-07-28 10:53:00,2975.95,182904,1,2983.25,94050,107719,-0.8710569268178971,0
2023-07-28 10:53:00,2975.95,182904,1,2983.25,95925,107719,-0.8710569268178971,0
2023-07-28 10:53:00,2975.9,182904,1,2983.25,95925,107719,-0.8727224276339836,0
2023-07-28 10:53:01,2975.0,182905,9,2983.25,96291,107761,-0.9027014423237038,0
2023-07-28 10:53:01,2975.9,182905,10,2983.25,96291,107761,-0.8727224276339836,0
2023-07-28 10:53:03,2975.9,182926,1,2983.25,96246,107816,-0.8727224276339836,0
2023-07-28 10:53:03,2975.9,182926,1,2983.25,96246,107816,-0.8727224276339836,0
2023-07-28 10:53:03,2975.9,182926,1,2983.25,96323,107766,-0.8727224276339836,0
2023-07-28 10:53:05,2975.95,182927,1,2983.25,96318,107745,-0.8710569268178971,0
2023-07-28 10:53:05,2975.95,182927,3,2983.25,96355,107706,-0.8710569268178971,0
2023-07-28 10:53:07,2975.95,182931,3,2983.25,96345,107727,-0.8710569268178971,0
2023-07-28 10:53:07,2975.95,182931,1,2983.25,96345,107727,-0.8710569268178971,0
2023-07-28 10:53:08,2975.95,182932,1,2983.25,96345,107751,-0.8710569268178971,0
2023-07-28 10:53:08,2975.95,182932,1,2983.25,96345,107751,-0.8710569268178971,0
2023-07-28 10:53:09,2975.95,182933,1,2983.25,96345,107750,-0.8710569268178971,0
2023-07-28 10:53:09,2975.95,182933,1,2983.25,96345,107738,-0.8710569268178971,0
2023-07-28 10:53:09,2975.95,182933,1,2983.25,96345,107781,-0.8710569268178971,0
2023-07-28 10:53:09,2975.95,182933,1,2983.25,96409,107781,-0.8710569268178971,0
2023-07-28 10:53:15,2975.95,183169,118,2983.24,94016,107582,-0.8710569268178971,0
2023-07-28 10:53:15,2975.95,183169,118,2983.24,94016,107582,-0.8710569268178971,0
2023-07-28 10:53:15,2975.95,183169,118,2983.24,96305,107582,-0.8710569268178971,0
2023-07-28 10:53:15,2975.25,183169,7,2983.24,96305,107582,-0.8943739382432268,0
2023-07-28 10:53:17,2975.95,183189,3,2983.24,95771,107861,-0.8710569268178971,0
2023-07-28 10:53:18,2975.45,183193,2,2983.24,93938,107924,-0.8877119349788511,0
2023-07-28 10:53:18,2975.45,183193,2,2983.24,96146,107879,-0.8877119349788511,0
2023-07-28 10:53:18,2975.45,183193,2,2983.24,95927,107811,-0.8877119349788511,0
2023-07-28 10:53:22,2975.95,183194,1,2983.24,95910,107806,-0.8710569268178971,0
2023-07-28 10:53:22,2975.95,183194,1,2983.24,95910,107806,-0.8710569268178971,0
2023-07-28 10:53:22,2975.95,183194,1,2983.24,95924,107780,-0.8710569268178971,0
2023-07-28 10:53:22,2975.95,183194,1,2983.24,95924,107780,-0.8710569268178971,0
2023-07-28 10:53:22,2975.95,183194,1,2983.24,96292,107783,-0.8710569268178971,0
2023-07-28 10:53:22,2975.95,183194,1,2983.24,96292,107783,-0.8710569268178971,0
2023-07-28 10:53:22,2975.95,183194,1,2983.24,95923,107780,-0.8710569268178971,0
2023-07-28 10:53:22,2975.95,183194,1,2983.24,96016,107780,-0.8710569268178971,0
2023-07-28 10:53:22,2975.95,183194,1,2983.24,96324,107795,-0.8710569268178971,0
2023-07-28 10:53:22,2975.95,183194,1,2983.24,96324,107795,-0.8710569268178971,0
2023-07-28 10:53:29,2975.95,183298,100,2983.23,94434,107959,-0.8710569268178971,0
2023-07-28 10:53:29,2975.95,183298,100,2983.23,94434,107959,-0.8710569268178971,0
2023-07-28 10:53:29,2975.95,183298,100,2983.23,96245,107920,-0.8710569268178971,0
2023-07-28 10:53:29,2975.95,183298,100,2983.23,96625,107920,-0.8710569268178971,0
2023-07-28 10:53:29,2975.95,183298,15,2983.23,96625,107920,-0.8710569268178971,0
2023-07-28 10:53:31,2975.95,183313,15,2983.23,96642,107903,-0.8710569268178971,0
2023-07-28 10:53:33,2975.95,183314,1,2983.23,94392,107900,-0.8710569268178971,0
2023-07-28 10:53:33,2975.95,183314,1,2983.23,94325,108095,-0.8710569268178971,0
2023-07-28 10:53:33,2975.95,183314,1,2983.23,96580,108109,-0.8710569268178971,0
2023-07-28 10:53:33,2975.95,183314,1,2983.23,96580,108109,-0.8710569268178971,0
2023-07-28 10:53:33,2975.95,183314,35,2983.23,96580,108109,-0.8710569268178971,0
2023-07-28 10:53:37,2975.95,183353,3,2983.23,96571,108105,-0.8710569268178971,0
2023-07-28 10:53:39,2975.25,183356,3,2983.23,94318,108139,-0.8943739382432268,0
2023-07-28 10:53:39,2975.25,183356,3,2983.23,96568,108140,-0.8943739382432268,0
2023-07-28 10:53:41,2975.95,183358,2,2983.23,96493,108085,-0.8710569268178971,0
2023-07-28 10:53:42,2975.95,183359,1,2983.23,96493,108084,-0.8710569268178971,0
2023-07-28 10:53:43,2975.95,183360,1,2983.23,96493,108067,-0.8710569268178971,0
2023-07-28 10:53:44,2975.95,183361,1,2983.23,96466,108066,-0.8710569268178971,0
2023-07-28 10:53:45,2975.25,183386,6,2983.23,96398,108066,-0.8943739382432268,0
2023-07-28 10:53:45,2975.25,183386,6,2983.23,96400,108066,-0.8943739382432268,0
2023-07-28 10:53:45,2975.25,183386,6,2983.23,96473,108066,-0.8943739382432268,0
2023-07-28 10:53:45,2975.5,183386,9,2983.23,96473,108066,-0.8860464341627498,0
2023-07-28 10:53:50,2975.5,183395,9,2983.23,96469,108066,-0.8860464341627498,0
2023-07-28 10:53:50,2975.95,183395,1,2983.23,96469,108066,-0.8710569268178971,0
2023-07-28 10:53:51,2975.95,183396,1,2983.23,96524,108044,-0.8710569268178971,0
2023-07-28 10:53:51,2975.95,183396,138,2983.23,96524,108044,-0.8710569268178971,0
2023-07-28 10:53:52,2975.95,183673,138,2983.22,96495,108021,-0.8710569268178971,0
2023-07-28 10:53:52,2975.95,183673,138,2983.22,96497,108021,-0.8710569268178971,0
2023-07-28 10:53:52,2975.95,183673,138,2983.22,96497,108002,-0.8710569268178971,0
2023-07-28 10:53:56,2975.95,183674,1,2983.22,96505,108085,-0.8710569268178971,0
2023-07-28 10:53:57,2975.95,183675,1,2983.22,96502,108084,-0.8710569268178971,0
2023-07-28 10:53:57,2975.95,183675,13,2983.22,96502,108084,-0.8710569268178971,0
2023-07-28 10:53:58,2975.95,183695,13,2983.22,96552,108064,-0.8710569268178971,0
2023-07-28 10:53:58,2975.95,183695,13,2983.22,96553,108064,-0.8710569268178971,0
2023-07-28 10:53:58,2975.95,183695,40,2983.22,96553,108064,-0.8710569268178971,0
2023-07-28 10:54:01,2975.95,183934,58,2983.21,96639,107948,-0.8710569268178971,0
2023-07-28 10:54:01,2975.95,183934,58,2983.21,96677,107882,-0.8710569268178971,0
2023-07-28 10:54:03,2975.7,183941,5,2983.21,96224,108133,-0.8793844308983741,0
2023-07-28 10:54:03,2975.95,183941,2,2983.21,96224,108133,-0.8710569268178971,0
2023-07-28 10:54:05,2975.95,183944,1,2983.21,96641,108113,-0.8710569268178971,0
2023-07-28 10:54:05,2975.95,183944,1,2983.21,96641,108113,-0.8710569268178971,0
2023-07-28 10:54:05,2975.95,183944,1,2983.21,94391,108113,-0.8710569268178971,0
2023-07-28 10:54:05,2975.95,183944,1,2983.21,94391,108113,-0.8710569268178971,0
2023-07-28 10:54:05,2975.95,183944,3,2983.21,94391,108113,-0.8710569268178971,0
2023-07-28 10:54:08,2975.95,183947,3,2983.21,96645,108168,-0.8710569268178971,0
2023-07-28 10:54:08,2975.95,183947,194,2983.21,96645,108168,-0.8710569268178971,0
2023-07-28 10:54:08,2975.95,183947,194,2983.21,96645,108168,-0.8710569268178971,0
2023-07-28 10:54:11,2975.6,184427,90,2983.19,95256,107751,-0.882715432530562,0
2023-07-28 10:54:11,2975.6,184427,90,2983.19,94266,107879,-0.882715432530562,0
2023-07-28 10:54:13,2975.95,184633,56,2983.18,88682,104063,-0.8710569268178971,0
2023-07-28 10:54:13,2975.95,184633,56,2983.18,88682,104063,-0.8710569268178971,0
2023-07-28 10:54:13,2975.95,184633,1,2983.18,96292,107944,-0.8710569268178971,0
2023-07-28 10:54:14,2976.05,185035,3,2983.16,96552,107334,-0.8677259251856942,0
2023-07-28 10:54:14,2976.95,185035,97,2983.16,96552,107334,-0.8377469104959891,0
2023-07-28 10:54:15,2976.95,185132,97,2983.16,96224,107831,-0.8377469104959891,0
2023-07-28 10:54:15,2976.95,185132,97,2983.16,89075,107856,-0.8377469104959891,0
2023-07-28 10:54:15,2976.95,185132,97,2983.16,94385,107940,-0.8377469104959891,0
2023-07-28 10:54:19,2976.95,185133,1,2983.16,93294,107893,-0.8377469104959891,0
2023-07-28 10:54:19,2976.95,185133,13,2983.16,96669,107893,-0.8377469104959891,0
2023-07-28 10:54:21,2976.95,185161,15,2983.16,96707,107825,-0.8377469104959891,0
2023-07-28 10:54:21,2976.95,185161,15,2983.16,92495,107979,-0.8377469104959891,0
2023-07-28 10:54:21,2976.95,185161,1,2983.16,92495,107979,-0.8377469104959891,0
2023-07-28 10:54:23,2976.95,185170,1,2983.16,96615,108078,-0.8377469104959891,0
2023-07-28 10:54:23,2976.95,185170,1,2983.16,96616,108078,-0.8377469104959891,0
2023-07-28 10:54:23,2976.05,185170,4,2983.16,96619,108078,-0.8677259251856942,0
2023-07-28 10:54:26,2976.95,185175,1,2983.16,96618,108029,-0.8377469104959891,0
2023-07-28 10:54:27,2976.95,185176,1,2983.16,96260,108030,-0.8377469104959891,0
2023-07-28 10:54:27,2976.95,185176,1,2983.16,96257,107980,-0.8377469104959891,0
2023-07-28 10:54:29,2976.95,185281,44,2983.15,94894,107853,-0.8377469104959891,0
2023-07-28 10:54:30,2976.65,185283,2,2983.15,96636,107903,-0.8477399153925526,0
2023-07-28 10:54:32,2976.95,185284,1,2983.15,96624,107900,-0.8377469104959891,0
2023-07-28 10:54:32,2976.95,185284,1,2983.15,96683,107906,-0.8377469104959891,0
2023-07-28 10:54:33,2976.95,185294,10,2983.15,96708,107840,-0.8377469104959891,0
2023-07-28 10:54:33,2976.95,185294,10,2983.15,96709,108016,-0.8377469104959891,0
2023-07-28 10:54:36,2976.95,185306,1,2983.15,96675,108007,-0.8377469104959891,0
2023-07-28 10:54:36,2976.95,185306,1,2983.15,96304,108203,-0.8377469104959891,0
2023-07-28 10:54:36,2976.95,185306,3,2983.15,96304,108203,-0.8377469104959891,0
2023-07-28 10:54:38,2976.5,185315,5,2983.15,96348,108597,-0.8527364178408418,0
2023-07-28 10:54:38,2976.5,185315,5,2983.15,96348,108597,-0.8527364178408418,0
2023-07-28 10:54:38,2976.5,185315,5,2983.15,94658,108913,-0.8527364178408418,0
2023-07-28 10:54:40,2976.95,185320,5,2983.15,96458,108953,-0.8377469104959891,0
2023-07-28 10:54:40,2976.95,185320,10,2983.15,96458,108953,-0.8377469104959891,0
2023-07-28 10:54:42,2976.95,185340,10,2983.15,97047,108848,-0.8377469104959891,0
2023-07-28 10:54:42,2976.95,185340,10,2983.15,97047,108848,-0.8377469104959891,0
2023-07-28 10:54:42,2976.95,185340,10,2983.15,94652,109667,-0.8377469104959891,0
2023-07-28 10:54:42,2976.95,185340,10,2983.15,96504,109693,-0.8377469104959891,0
2023-07-28 10:54:45,2976.95,185342,2,2983.15,94646,109691,-0.8377469104959891,0
2023-07-28 10:54:45,2976.95,185342,2,2983.15,96521,109691,-0.8377469104959891,0
2023-07-28 10:54:45,2976.95,185342,2,2983.15,96927,109691,-0.8377469104959891,0
2023-07-28 10:54:45,2976.95,185342,2,2983.15,96631,109646,-0.8377469104959891,0
2023-07-28 10:54:45,2976.95,185342,2,2983.15,96645,109646,-0.8377469104959891,0
2023-07-28 10:54:45,2976.95,185342,1,2983.15,96649,110350,-0.8377469104959891,0
2023-07-28 10:54:52,2976.95,185346,1,2983.15,96966,110527,-0.8377469104959891,0
2023-07-28 10:54:52,2976.95,185346,1,2983.15,96896,110649,-0.8377469104959891,0
2023-07-28 10:54:54,2976.95,185351,5,2983.15,96911,110652,-0.8377469104959891,0
2023-07-28 10:54:54,2976.95,185351,5,2983.15,96893,111051,-0.8377469104959891,0
2023-07-28 10:54:56,2976.95,185361,10,2983.15,96896,111041,-0.8377469104959891,0
2023-07-28 10:54:56,2976.95,185361,1,2983.15,96896,111041,-0.8377469104959891,0
2023-07-28 10:54:57,2976.95,185362,1,2983.15,96918,111435,-0.8377469104959891,0
2023-07-28 10:54:58,2976.95,185364,2,2983.15,96915,111433,-0.8377469104959891,0
2023-07-28 10:54:58,2976.95,185364,10,2983.15,96932,111432,-0.8377469104959891,0
2023-07-28 10:55:01,2976.95,185384,5,2983.15,96949,111383,-0.8377469104959891,0
2023-07-28 10:55:02,2976.6,185394,5,2983.15,96930,111402,-0.849405416208654,0
2023-07-28 10:55:02,2976.95,185394,10,2983.15,97225,111448,-0.8377469104959891,0
2023-07-28 10:55:03,2976.95,185404,10,2983.15,97274,111437,-0.8377469104959891,0
2023-07-28 10:55:03,2976.95,185404,10,2983.15,97274,111631,-0.8377469104959891,0
2023-07-28 10:55:03,2976.95,185404,10,2983.15,97274,111569,-0.8377469104959891,0
2023-07-28 10:55:03,2976.95,185404,3,2983.15,97201,111564,-0.8377469104959891,0
2023-07-28 10:55:07,2976.95,185408,3,2983.15,97264,111555,-0.8377469104959891,0
2023-07-28 10:55:09,2976.95,185413,5,2983.15,97241,111544,-0.8377469104959891,0
2023-07-28 10:55:09,2976.95,185413,5,2983.15,97241,111553,-0.8377469104959891,0
2023-07-28 10:55:11,2976.95,185423,10,2983.15,97259,111544,-0.8377469104959891,0
2023-07-28 10:55:11,2976.95,185423,10,2983.15,97256,111543,-0.8377469104959891,0
2023-07-28 10:55:11,2976.95,185423,10,2983.15,97415,111541,-0.8377469104959891,0
2023-07-28 10:55:11,2976.95,185423,10,2983.15,97427,111541,-0.8377469104959891,0
2023-07-28 10:55:11,2976.95,185423,10,2983.15,97623,111541,-0.8377469104959891,0
2023-07-28 10:55:16,2976.6,185436,13,2983.15,97434,111541,-0.849405416208654,0
2023-07-28 10:55:16,2976.95,185436,10,2983.15,97434,111541,-0.8377469104959891,0
2023-07-28 10:55:17,2976.95,185446,10,2983.15,97423,111531,-0.8377469104959891,0
2023-07-28 10:55:17,2976.95,185446,20,2983.15,97423,111531,-0.8377469104959891,0
2023-07-28 10:55:18,2976.95,185466,20,2983.15,97459,111488,-0.8377469104959891,0
2023-07-28 10:55:20,2976.95,185693,25,2983.14,97274,111540,-0.8377469104959891,0
2023-07-28 10:55:21,2976.6,185698,5,2983.14,97183,111540,-0.849405416208654,0
2023-07-28 10:55:22,2976.95,185728,30,2983.14,97192,111500,-0.8377469104959891,0
2023-07-28 10:55:22,2976.95,185728,30,2983.14,97211,111628,-0.8377469104959891,0
2023-07-28 10:55:22,2976.95,185728,30,2983.14,97211,111615,-0.8377469104959891,0
2023-07-28 10:55:22,2976.95,185728,30,2983.14,97211,111611,-0.8377469104959891,0
2023-07-28 10:55:24,2976.95,185758,30,2983.14,97371,111570,-0.8377469104959891,0
2023-07-28 10:55:26,2976.95,185763,5,2983.14,97333,111589,-0.8377469104959891,0
2023-07-28 10:55:26,2976.95,185763,5,2983.14,97333,111590,-0.8377469104959891,0
2023-07-28 10:55:29,2976.6,185783,20,2983.14,94313,111559,-0.849405416208654,0
2023-07-28 10:55:29,2976.6,185783,20,2983.14,94318,111559,-0.849405416208654,0
2023-07-28 10:55:29,2976.6,185783,20,2983.14,94224,111581,-0.849405416208654,0
2023-07-28 10:55:29,2976.95,185783,2,2983.14,94212,111589,-0.8377469104959891,0
2023-07-28 10:55:29,2976.6,185783,1,2983.14,94212,111589,-0.849405416208654,0
2023-07-28 10:55:32,2976.6,185786,1,2983.14,94148,111605,-0.849405416208654,0
2023-07-28 10:55:32,2976.6,185786,1,2983.14,96775,111605,-0.849405416208654,0
2023-07-28 10:55:32,2976.6,185786,1,2983.14,96775,111605,-0.849405416208654,0
2023-07-28 10:55:36,2976.95,185793,2,2983.14,96778,111598,-0.8377469104959891,0
2023-07-28 10:55:36,2976.95,185794,1,2983.14,96776,111597,-0.8377469104959891,0
2023-07-28 10:55:36,2976.95,185794,3,2983.14,96776,111597,-0.8377469104959891,0
2023-07-28 10:55:37,2976.95,185804,3,2983.14,96846,111596,-0.8377469104959891,0
2023-07-28 10:55:39,2976.6,185806,2,2983.14,94924,111596,-0.849405416208654,0
2023-07-28 10:55:39,2976.6,185806,2,2983.14,96430,111596,-0.849405416208654,0
2023-07-28 10:55:41,2976.6,185818,12,2983.14,96425,111617,-0.849405416208654,0
2023-07-28 10:55:41,2976.6,185818,12,2983.14,96780,111617,-0.849405416208654,0
2023-07-28 10:55:41,2976.95,185818,5,2983.14,96780,111617,-0.8377469104959891,0
2023-07-28 10:55:44,2976.95,185823,5,2983.14,96781,111591,-0.8377469104959891,0
2023-07-28 10:55:46,2976.6,185825,2,2983.14,96787,111755,-0.849405416208654,0
2023-07-28 10:55:46,2976.6,185825,2,2983.14,96807,111755,-0.849405416208654,0
2023-07-28 10:55:46,2976.6,185825,2,2983.14,96807,111732,-0.849405416208654,0
2023-07-28 10:55:46,2976.95,185825,2,2983.14,96807,111732,-0.8377469104959891,0
2023-07-28 10:55:48,2976.95,185827,2,2983.14,96828,111720,-0.8377469104959891,0
2023-07-28 10:55:48,2976.95,185827,2,2983.14,96939,111734,-0.8377469104959891,0
2023-07-28 10:55:48,2976.95,185827,1,2983.14,96939,111734,-0.8377469104959891,0
2023-07-28 10:55:51,2976.95,185828,1,2983.14,96956,111733,-0.8377469104959891,0
2023-07-28 10:55:51,2976.95,185828,1,2983.14,96956,111733,-0.8377469104959891,0
2023-07-28 10:55:51,2976.95,185828,2,2983.14,96956,111733,-0.8377469104959891,0
2023-07-28 10:55:54,2976.95,185835,1,2983.14,96969,111750,-0.8377469104959891,0
2023-07-28 10:55:54,2976.95,185835,2,2983.14,96969,111750,-0.8377469104959891,0
2023-07-28 10:55:54,2976.95,185837,2,2983.14,96983,111724,-0.8377469104959891,0
2023-07-28 10:55:54,2976.95,185837,10,2983.14,96983,111724,-0.8377469104959891,0
2023-07-28 10:55:56,2976.6,185848,1,2983.13,96960,111714,-0.849405416208654,0
2023-07-28 10:55:58,2976.95,185868,20,2983.13,96960,111796,-0.8377469104959891,0
2023-07-28 10:55:58,2976.95,185868,20,2983.13,96961,111796,-0.8377469104959891,0
2023-07-28 10:55:58,2976.95,185868,20,2983.13,96963,111819,-0.8377469104959891,0
2023-07-28 10:55:58,2976.95,185868,20,2983.13,96963,111819,-0.8377469104959891,0
2023-07-28 10:55:58,2976.95,185868,7,2983.13,96963,111819,-0.8377469104959891,0
2023-07-28 10:56:01,2976.95,185875,7,2983.13,96963,111789,-0.8377469104959891,0
2023-07-28 10:56:01,2976.95,185875,7,2983.13,96946,111789,-0.8377469104959891,0
2023-07-28 10:56:05,2976.95,185879,4,2983.13,96946,111785,-0.8377469104959891,0
2023-07-28 10:56:05,2976.95,185879,20,2983.13,96946,111785,-0.8377469104959891,0
2023-07-28 10:56:06,2977.05,186755,60,2983.1,97439,111237,-0.8344159088637862,0
2023-07-28 10:56:07,2977.95,186866,1,2983.1,95414,111482,-0.8044368941740812,0
2023-07-28 10:56:07,2977.95,186866,1,2983.1,95414,111482,-0.8044368941740812,0
2023-07-28 10:56:07,2977.95,186866,1,2983.1,95418,111470,-0.8044368941740812,0
2023-07-28 10:56:07,2977.95,186866,1,2983.1,97392,111472,-0.8044368941740812,0
2023-07-28 10:56:10,2977.95,186869,3,2983.1,95484,111469,-0.8044368941740812,0
2023-07-28 10:56:10,2977.95,186869,3,2983.1,95129,111429,-0.8044368941740812,0
2023-07-28 10:56:10,2977.95,186869,3,2983.1,95095,111429,-0.8044368941740812,0
2023-07-28 10:56:13,2977.95,186870,1,2983.1,94365,111428,-0.8044368941740812,0
2023-07-28 10:56:13,2977.95,186870,1,2983.1,95101,111428,-0.8044368941740812,0
2023-07-28 10:56:13,2977.95,186870,1,2983.1,97366,111428,-0.8044368941740812,0
2023-07-28 10:56:13,2977.95,186870,7,2983.1,97366,111428,-0.8044368941740812,0
2023-07-28 10:56:15,2977.95,186877,7,2983.1,95155,111421,-0.8044368941740812,0
2023-07-28 10:56:16,2977.95,186887,10,2983.1,95500,111503,-0.8044368941740812,0
2023-07-28 10:56:16,2977.95,186887,10,2983.1,93276,111503,-0.8044368941740812,0
2023-07-28 10:56:16,2977.95,186887,10,2983.1,95184,111488,-0.8044368941740812,0
2023-07-28 10:56:16,2977.95,186887,15,2983.1,95184,111488,-0.8044368941740812,0
2023-07-28 10:56:19,2977.95,186902,15,2983.1,97390,111427,-0.8044368941740812,0
2023-07-28 10:56:19,2977.95,186902,15,2983.1,97467,111427,-0.8044368941740812,0
2023-07-28 10:56:19,2977.95,186902,15,2983.1,97467,111427,-0.8044368941740812,0
2023-07-28 10:56:22,2977.95,186917,1,2983.1,97085,111411,-0.8044368941740812,0
2023-07-28 10:56:22,2977.95,186921,1,2983.1,97416,111477,-0.8044368941740812,0
2023-07-28 10:56:22,2977.95,186921,1,2983.1,95166,111477,-0.8044368941740812,0
2023-07-28 10:56:22,2977.95,186921,1,2983.1,95166,111477,-0.8044368941740812,0
2023-07-28 10:56:22,2977.95,186921,1,2983.1,95241,111489,-0.8044368941740812,0
2023-07-28 10:56:22,2977.95,186921,1,2983.1,95241,111489,-0.8044368941740812,0
2023-07-28 10:56:26,2977.0,186931,10,2983.1,97480,111442,-0.8360814096798878,0
2023-07-28 10:56:26,2977.0,186931,10,2983.1,97480,111442,-0.8360814096798878,0
2023-07-28 10:56:26,2977.0,186931,10,2983.1,97201,111429,-0.8360814096798878,0
2023-07-28 10:56:26,2977.0,186931,10,2983.1,95714,110295,-0.8360814096798878,0
2023-07-28 10:56:26,2977.0,186931,10,2983.1,95377,111387,-0.8360814096798878,0
2023-07-28 10:56:26,2977.0,186931,10,2983.1,97610,111394,-0.8360814096798878,0
2023-07-28 10:56:26,2977.95,186931,3,2983.1,97633,111384,-0.8044368941740812,0
2023-07-28 10:56:32,2978.25,186934,4,2983.1,97583,111405,-0.7944438892775028,0
2023-07-28 10:56:33,2978.6,186965,6,2983.1,97672,109872,-0.782785383564838,0
2023-07-28 10:56:33,2978.6,186965,6,2983.1,94264,110893,-0.782785383564838,0
2023-07-28 10:56:33,2978.6,186965,6,2983.1,97588,110819,-0.782785383564838,0
2023-07-28 10:56:33,2978.6,186965,3,2983.1,93843,110829,-0.782785383564838,0
2023-07-28 10:56:37,2978.6,186969,3,2983.1,95319,109699,-0.782785383564838,0
2023-07-28 10:56:37,2978.6,186969,3,2983.1,97612,110859,-0.782785383564838,0
2023-07-28 10:56:37,2978.6,186969,3,2983.1,97254,110841,-0.782785383564838,0
2023-07-28 10:56:40,2978.5,186970,1,2983.1,95413,110266,-0.7861163851970258,0
2023-07-28 10:56:40,2978.2,186970,1,2983.1,95438,111253,-0.7961093900936042,0
2023-07-28 10:56:43,2978.2,186974,3,2983.1,95759,111126,-0.7961093900936042,0
2023-07-28 10:56:43,2978.2,186974,3,2983.1,90778,111054,-0.7961093900936042,0
2023-07-28 10:56:43,2978.2,186974,3,2983.1,97586,111083,-0.7961093900936042,0
2023-07-28 10:56:43,2978.2,186974,11,2983.1,97586,111083,-0.7961093900936042,0
2023-07-28 10:56:45,2978.2,186985,11,2983.1,93846,111154,-0.7961093900936042,0
2023-07-28 10:56:47,2978.0,186992,7,2983.1,97912,111126,-0.8027713933579798,0
2023-07-28 10:56:47,2978.0,186992,32,2983.1,97912,111126,-0.8027713933579798,0
2023-07-28 10:56:47,2978.0,186992,7,2983.1,97912,111126,-0.8027713933579798,0
2023-07-28 10:56:49,2978.0,187048,7,2983.1,97387,110971,-0.8027713933579798,0
2023-07-28 10:56:50,2978.0,187248,100,2983.09,97412,110930,-0.8027713933579798,0
2023-07-28 10:56:51,2978.0,187255,7,2983.09,90316,110861,-0.8027713933579798,0
2023-07-28 10:56:52,2978.0,187259,3,2983.09,97491,110876,-0.8027713933579798,0
2023-07-28 10:56:52,2978.0,187259,7,2983.09,97491,110876,-0.8027713933579798,0
2023-07-28 10:56:54,2978.0,187275,2,2983.09,95231,110863,-0.8027713933579798,0
2023-07-28 10:56:54,2978.0,187275,2,2983.09,95231,110863,-0.8027713933579798,0
2023-07-28 10:56:54,2978.0,187275,2,2983.09,97514,110904,-0.8027713933579798,0
2023-07-28 10:56:54,2978.0,187275,2,2983.09,97514,110927,-0.8027713933579798,0
2023-07-28 10:56:58,2978.0,187276,1,2983.09,95639,110910,-0.8027713933579798,0
2023-07-28 10:56:58,2978.0,187276,1,2983.09,97514,110910,-0.8027713933579798,0
2023-07-28 10:57:00,2977.8,187281,2,2983.09,97488,111041,-0.8094333966223553,0
2023-07-28 10:57:02,2977.8,187289,2,2983.09,97762,111317,-0.8094333966223553,0
2023-07-28 10:57:02,2977.8,187289,2,2983.09,95996,111368,-0.8094333966223553,0
2023-07-28 10:57:04,2976.65,187369,11,2983.09,97846,111520,-0.8477399153925526,0
2023-07-28 10:57:04,2976.65,187369,11,2983.09,97840,111416,-0.8477399153925526,0
2023-07-28 10:57:04,2976.6,187369,14,2983.09,97840,111416,-0.849405416208654,0
2023-07-28 10:57:06,2976.95,187399,2,2983.09,97444,111249,-0.8377469104959891,0
2023-07-28 10:57:07,2976.95,187402,1,2983.09,95686,111374,-0.8377469104959891,0
2023-07-28 10:57:08,2977.7,187472,2,2983.08,97859,111239,-0.8127643982545582,0
2023-07-28 10:57:08,2976.65,187472,16,2983.08,97859,111239,-0.8477399153925526,0
2023-07-28 10:57:09,2976.65,187488,16,2983.08,97321,111316,-0.8477399153925526,0
2023-07-28 10:57:09,2976.65,187488,2,2983.08,97321,111316,-0.8477399153925526,0
2023-07-28 10:57:11,2976.6,187493,2,2983.08,97424,111299,-0.849405416208654,0
2023-07-28 10:57:11,2976.6,187493,2,2983.08,97446,111299,-0.849405416208654,0
2023-07-28 10:57:11,2976.65,187493,16,2983.08,97446,111299,-0.8477399153925526,0
2023-07-28 10:57:13,2976.65,187518,16,2983.08,91828,111397,-0.8477399153925526,0
2023-07-28 10:57:13,2976.6,187526,8,2983.08,97593,111337,-0.849405416208654,0
2023-07-28 10:57:13,2976.6,187526,8,2983.08,97631,111339,-0.849405416208654,0
2023-07-28 10:57:13,2976.6,187526,1,2983.08,97631,111339,-0.849405416208654,0
2023-07-28 10:57:15,2976.6,187546,2,2983.08,97597,111556,-0.849405416208654,0
2023-07-28 10:57:16,2976.6,187548,2,2983.08,97511,111549,-0.849405416208654,0
2023-07-28 10:57:16,2976.5,187548,4,2983.08,97511,111549,-0.8527364178408418,0
2023-07-28 10:57:18,2977.2,187553,1,2983.08,97480,111523,-0.8294194064155122,0
2023-07-28 10:57:19,2976.55,187568,14,2983.08,97075,111574,-0.8510709170247402,0
2023-07-28 10:57:19,2976.1,187568,14,2983.08,97075,111574,-0.866060424369608,0
2023-07-28 10:57:21,2974.45,188064,19,2983.06,93364,111912,-0.9210219513007591,0
2023-07-28 10:57:21,2974.45,188064,19,2983.06,94051,112006,-0.9210219513007591,0
2023-07-28 10:57:22,2974.3,188065,1,2983.06,94010,111997,-0.9260184537490332,0
2023-07-28 10:57:22,2974.3,188065,1,2983.06,94054,111992,-0.9260184537490332,0
2023-07-28 10:57:22,2974.3,188065,1,2983.06,94064,112014,-0.9260184537490332,0
2023-07-28 10:57:25,2975.5,188068,3,2983.06,97054,111940,-0.8860464341627498,0
2023-07-28 10:57:25,2975.5,188068,3,2983.06,97136,111758,-0.8860464341627498,0
2023-07-28 10:57:28,2975.5,188073,5,2983.06,97136,111753,-0.8860464341627498,0
2023-07-28 10:57:28,2975.5,188073,5,2983.06,97137,111745,-0.8860464341627498,0
2023-07-28 10:57:31,2975.5,188083,10,2983.06,97176,111641,-0.8860464341627498,0
2023-07-28 10:57:31,2975.5,188083,10,2983.06,97271,111677,-0.8860464341627498,0
2023-07-28 10:57:31,2975.5,188083,10,2983.06,97271,111716,-0.8860464341627498,0
2023-07-28 10:57:31,2974.55,188083,2,2983.06,97287,111678,-0.9176909496685562,0
2023-07-28 10:57:34,2974.55,188088,2,2983.06,97397,109788,-0.9176909496685562,0
2023-07-28 10:57:36,2975.6,188089,1,2983.06,97403,111738,-0.882715432530562,0
2023-07-28 10:57:37,2975.25,188095,4,2983.06,97297,111656,-0.8943739382432268,0
2023-07-28 10:57:37,2975.25,188095,4,2983.06,97304,111627,-0.8943739382432268,0
2023-07-28 10:57:37,2973.65,188095,24,2983.06,97304,111627,-0.9476699643582766,0
2023-07-28 10:57:39,2974.4,188380,1,2983.05,96600,111927,-0.9226874521168456,0
2023-07-28 10:57:40,2973.5,188381,1,2983.05,96654,111749,-0.9526664668065657,0
2023-07-28 10:57:41,2974.25,188384,2,2983.05,94319,112084,-0.9276839545651347,0
2023-07-28 10:57:41,2976.45,188384,39,2983.05,94319,112084,-0.8544019186569431,0
2023-07-28 10:57:43,2976.65,189714,1,2983.0,96956,110671,-0.8477399153925526,0
2023-07-28 10:57:44,2976.35,189716,2,2983.0,95445,110649,-0.857732920289131,0
2023-07-28 10:57:44,2976.65,189716,2,2983.0,95445,110649,-0.8477399153925526,0
2023-07-28 10:57:45,2975.4,189762,10,2982.99,97282,111000,-0.8893774357949376,0
2023-07-28 10:57:45,2974.6,189762,5,2982.99,97282,111000,-0.91602544885247,0
2023-07-28 10:57:45,2974.6,189872,5,2982.99,94897,111126,-0.91602544885247,0
2023-07-28 10:57:45,2974.6,189872,5,2982.99,96772,111147,-0.91602544885247,0
2023-07-28 10:57:45,2975.0,189872,3,2982.99,96772,111147,-0.9027014423237038,0
2023-07-28 10:57:49,2975.0,189875,3,2982.99,91962,111155,-0.9027014423237038,0
2023-07-28 10:57:49,2974.45,189875,13,2982.99,91962,111155,-0.9210219513007591,0
2023-07-28 10:57:50,2974.45,189912,13,2982.99,94220,111048,-0.9210219513007591,0
2023-07-28 10:57:50,2974.45,189912,13,2982.99,94186,111104,-0.9210219513007591,0
2023-07-28 10:57:50,2974.25,189912,1,2982.99,93776,111104,-0.9276839545651347,0
2023-07-28 10:57:53,2973.85,189933,11,2982.99,93874,111164,-0.941007961093901,0
2023-07-28 10:57:53,2973.85,189933,11,2982.99,96926,111162,-0.941007961093901,0
2023-07-28 10:57:53,2973.85,189933,11,2982.99,96926,111262,-0.941007961093901,0
2023-07-28 10:57:53,2973.85,189933,11,2982.99,96936,111356,-0.941007961093901,0
2023-07-28 10:57:53,2973.85,189933,11,2982.99,96925,111382,-0.941007961093901,0
2023-07-28 10:57:59,2973.65,189935,2,2982.99,96942,111380,-0.9476699643582766,0
2023-07-28 10:57:59,2973.65,189935,1,2982.99,96944,111380,-0.9476699643582766,0
2023-07-28 10:58:00,2973.65,189936,1,2982.99,96943,111380,-0.9476699643582766,0
2023-07-28 10:58:00,2973.65,189936,8,2982.99,96943,111380,-0.9476699643582766,0
2023-07-28 10:58:01,2973.65,190015,8,2982.98,96892,111374,-0.9476699643582766,0
2023-07-28 10:58:03,2974.95,190016,1,2982.98,96883,111502,-0.9043669431398051,0
2023-07-28 10:58:03,2974.95,190016,1,2982.98,96936,111484,-0.9043669431398051,0
2023-07-28 10:58:03,2974.95,190016,1,2982.98,96936,111584,-0.9043669431398051,0
2023-07-28 10:58:08,2974.95,190017,1,2982.98,96933,111579,-0.9043669431398051,0
2023-07-28 10:58:08,2974.95,190020,3,2982.98,96839,111647,-0.9043669431398051,0
2023-07-28 10:58:08,2975.1,190020,4,2982.98,94597,111587,-0.899370440691516,0
2023-07-28 10:58:08,2973.6,190020,3,2982.98,94597,111587,-0.949335465174378,0
2023-07-28 10:58:11,2973.6,190077,3,2982.98,95814,111625,-0.949335465174378,0
2023-07-28 10:58:11,2973.1,190077,14,2982.98,95814,111625,-0.965990473335332,0
2023-07-28 10:58:14,2973.1,190107,14,2982.98,90615,111478,-0.965990473335332,0
2023-07-28 10:58:14,2973.1,190107,14,2982.98,95883,111528,-0.965990473335332,0
2023-07-28 10:58:14,2973.1,190107,14,2982.98,95900,107816,-0.965990473335332,0
2023-07-28 10:58:14,2973.1,190107,14,2982.98,94016,109591,-0.965990473335332,0
2023-07-28 10:58:19,2974.15,190108,1,2982.98,94482,111337,-0.9310149561973226,0
2023-07-28 10:58:21,2974.15,190109,1,2982.98,96372,111535,-0.9310149561973226,0
2023-07-28 10:58:21,2974.25,190109,2,2982.98,94137,111469,-0.9276839545651347,0
2023-07-28 10:58:22,2974.25,190111,2,2982.98,91469,111406,-0.9276839545651347,0
2023-07-28 10:58:22,2974.25,190111,2,2982.98,91491,111381,-0.9276839545651347,0
2023-07-28 10:58:22,2974.95,190111,1,2982.98,94551,111066,-0.9043669431398051,0
2023-07-28 10:58:26,2973.85,190113,30,2982.98,96693,111177,-0.941007961093901,0
2023-07-28 10:58:26,2974.25,190113,1,2982.98,96693,111177,-0.9276839545651347,0
2023-07-28 10:58:28,2974.25,190220,1,2982.97,96201,111550,-0.9276839545651347,0
2023-07-28 10:58:28,2974.25,190220,1,2982.97,96212,111432,-0.9276839545651347,0
2023-07-28 10:58:28,2974.25,190220,1,2982.97,92099,111480,-0.9276839545651347,0
2023-07-28 10:58:28,2974.25,190220,1,2982.97,95890,111532,-0.9276839545651347,0
2023-07-28 10:58:28,2974.25,190220,1,2982.97,95890,111529,-0.9276839545651347,0
2023-07-28 10:58:32,2974.4,190221,1,2982.97,96696,111505,-0.9226874521168456,0
2023-07-28 10:58:32,2974.4,190221,1,2982.97,93200,111232,-0.9226874521168456,0
2023-07-28 10:58:32,2974.4,190221,1,2982.97,95207,111250,-0.9226874521168456,0
2023-07-28 10:58:32,2974.4,190221,1,2982.97,97083,111303,-0.9226874521168456,0
2023-07-28 10:58:32,2974.4,190221,1,2982.97,97209,111303,-0.9226874521168456,0
2023-07-28 10:58:32,2974.9,190221,3,2982.97,97209,111303,-0.9060324439558916,0
2023-07-28 10:58:38,2974.25,190325,100,2982.97,97330,111261,-0.9276839545651347,0
2023-07-28 10:58:38,2974.25,190325,100,2982.97,97329,111256,-0.9276839545651347,0
2023-07-28 10:58:38,2974.9,190325,1,2982.97,97329,111256,-0.9060324439558916,0
2023-07-28 10:58:40,2973.55,190328,1,2982.97,97297,111291,-0.9510009659904642,0
2023-07-28 10:58:40,2973.55,190328,1,2982.97,97297,111291,-0.9510009659904642,0
2023-07-28 10:58:42,2974.9,190329,1,2982.97,97127,111233,-0.9060324439558916,0
2023-07-28 10:58:43,2973.55,190345,12,2982.97,97044,111278,-0.9510009659904642,0
2023-07-28 10:58:43,2973.55,190345,12,2982.97,97044,111278,-0.9510009659904642,0
2023-07-28 10:58:43,2973.55,190345,12,2982.97,97069,111278,-0.9510009659904642,0
2023-07-28 10:58:43,2973.55,190345,12,2982.97,97069,111284,-0.9510009659904642,0
2023-07-28 10:58:43,2973.55,190345,12,2982.97,97069,111284,-0.9510009659904642,0
2023-07-28 10:58:48,2974.9,190347,2,2982.97,97052,111324,-0.9060324439558916,0
2023-07-28 10:58:48,2974.9,190347,2,2982.97,92904,111352,-0.9060324439558916,0
2023-07-28 10:58:48,2974.25,190347,1,2982.97,92904,111352,-0.9276839545651347,0
2023-07-28 10:58:52,2974.9,190350,2,2982.97,96874,111786,-0.9060324439558916,0
2023-07-28 10:58:52,2974.9,190350,2,2982.97,96971,111757,-0.9060324439558916,0
2023-07-28 10:58:52,2974.9,190350,2,2982.97,92560,111795,-0.9060324439558916,0
2023-07-28 10:58:52,2974.9,190350,2,2982.97,96663,111740,-0.9060324439558916,0
2023-07-28 10:58:52,2974.9,190350,2,2982.97,96772,111660,-0.9060324439558916,0
2023-07-28 10:58:58,2973.65,190385,17,2982.96,92858,111826,-0.9476699643582766,0
2023-07-28 10:58:58,2973.65,190385,17,2982.96,96579,111817,-0.9476699643582766,0
2023-07-28 10:58:58,2973.55,190385,1,2982.96,96579,111817,-0.9510009659904642,0
2023-07-28 10:59:00,2973.55,190386,1,2982.96,96580,111818,-0.9510009659904642,0
2023-07-28 10:59:00,2973.55,190386,1,2982.96,96659,111745,-0.9510009659904642,0
2023-07-28 10:59:00,2973.55,190386,1,2982.96,96654,111778,-0.9510009659904642,0
2023-07-28 10:59:00,2973.55,190386,1,2982.96,96979,111593,-0.9510009659904642,0
2023-07-28 10:59:00,2973.55,190386,1,2982.96,97030,111554,-0.9510009659904642,0
2023-07-28 10:59:07,2974.85,190387,1,2982.96,96939,111600,-0.907697944771993,0
2023-07-28 10:59:08,2974.85,190391,1,2982.96,95663,111677,-0.907697944771993,0
2023-07-28 10:59:09,2974.85,190392,1,2982.96,96466,111665,-0.907697944771993,0
2023-07-28 10:59:09,2974.85,190392,1,2982.96,96482,111709,-0.907697944771993,0
2023-07-28 10:59:09,2974.85,190392,1,2982.96,96860,111685,-0.907697944771993,0
2023-07-28 10:59:09,2974.85,190392,1,2982.96,96740,112026,-0.907697944771993,0
2023-07-28 10:59:09,2974.8,190392,2,2982.96,96823,112065,-0.9093634455880792,0
2023-07-28 10:59:15,2973.65,190405,2,2982.96,96785,112152,-0.9476699643582766,0
2023-07-28 10:59:15,2973.65,190405,2,2982.96,96840,112014,-0.9476699643582766,0
2023-07-28 10:59:15,2973.65,190405,2,2982.96,95000,112014,-0.9476699643582766,0
2023-07-28 10:59:15,2974.7,190405,13,2982.96,96900,112054,-0.9126944472202821,0
2023-07-28 10:59:19,2973.35,190530,12,2982.96,96908,111996,-0.957662969254855,0
2023-07-28 10:59:19,2973.35,190530,12,2982.96,95266,112061,-0.957662969254855,0
2023-07-28 10:59:19,2973.35,190530,12,2982.96,95266,112061,-0.957662969254855,0
2023-07-28 10:59:19,2973.35,190530,12,2982.96,94941,111794,-0.957662969254855,0
2023-07-28 10:59:19,2973.5,190530,1,2982.96,94941,111794,-0.9526664668065657,0
2023-07-28 10:59:23,2973.5,190531,1,2982.96,97090,112965,-0.9526664668065657,0
2023-07-28 10:59:23,2974.5,190531,5,2982.96,97090,112965,-0.9193564504846578,0
2023-07-28 10:59:24,2974.5,190536,5,2982.96,97145,112828,-0.9193564504846578,0
2023-07-28 10:59:24,2974.5,190536,5,2982.96,97217,112805,-0.9193564504846578,0
2023-07-28 10:59:24,2974.5,190536,5,2982.96,97217,112805,-0.9193564504846578,0
2023-07-28 10:59:24,2974.5,190536,5,2982.96,93135,112844,-0.9193564504846578,0
2023-07-28 10:59:24,2974.5,190536,5,2982.96,97202,112878,-0.9193564504846578,0
2023-07-28 10:59:24,2974.5,190536,5,2982.96,97333,112969,-0.9193564504846578,0
2023-07-28 10:59:24,2973.7,190536,5,2982.96,97333,112969,-0.9460044635421901,0
2023-07-28 10:59:31,2974.8,190542,1,2982.96,97329,112970,-0.9093634455880792,0
2023-07-28 10:59:31,2974.8,190542,1,2982.96,97329,112970,-0.9093634455880792,0
2023-07-28 10:59:31,2974.8,190542,1,2982.96,97356,113040,-0.9093634455880792,0
2023-07-28 10:59:33,2974.7,190543,1,2982.96,97500,112862,-0.9126944472202821,0
2023-07-28 10:59:33,2974.7,190543,1,2982.96,92453,112928,-0.9126944472202821,0
2023-07-28 10:59:33,2974.7,190543,1,2982.96,96652,112999,-0.9126944472202821,0
2023-07-28 10:59:33,2974.7,190543,2,2982.96,96652,112999,-0.9126944472202821,0
2023-07-28 10:59:37,2974.8,190550,1,2982.96,94354,113327,-0.9093634455880792,0
2023-07-28 10:59:37,2974.8,190550,1,2982.96,94354,113327,-0.9093634455880792,0
2023-07-28 10:59:37,2974.8,190550,1,2982.96,95515,113304,-0.9093634455880792,0
2023-07-28 10:59:37,2974.7,190550,1,2982.96,95114,113462,-0.9126944472202821,0
2023-07-28 10:59:40,2973.65,190552,1,2982.96,94070,113444,-0.9476699643582766,0
2023-07-28 10:59:40,2973.65,190552,1,2982.96,91465,113385,-0.9476699643582766,0
2023-07-28 10:59:40,2973.65,190552,1,2982.96,97508,113353,-0.9476699643582766,0
2023-07-28 10:59:44,2974.8,190557,5,2982.96,91438,113213,-0.9093634455880792,0
2023-07-28 10:59:44,2974.8,190557,4,2982.96,95235,113324,-0.9093634455880792,0
2023-07-28 10:59:45,2974.8,190561,4,2982.96,94800,113264,-0.9093634455880792,0
2023-07-28 10:59:45,2974.8,190561,4,2982.96,96220,112193,-0.9093634455880792,0
2023-07-28 10:59:45,2974.8,190561,4,2982.96,96220,112171,-0.9093634455880792,0
2023-07-28 10:59:45,2974.35,190561,1,2982.96,96220,112171,-0.924352952932947,0
2023-07-28 10:59:48,2974.35,190563,1,2982.96,92213,113194,-0.924352952932947,0
2023-07-28 10:59:48,2973.65,190563,16,2982.96,92213,113194,-0.9476699643582766,0
2023-07-28 10:59:50,2973.65,190589,16,2982.95,97370,113415,-0.9476699643582766,0
2023-07-28 10:59:50,2974.75,190589,2,2982.95,97370,113415,-0.9110289464041808,0
2023-07-28 10:59:51,2974.75,190591,2,2982.95,94028,113363,-0.9110289464041808,0
2023-07-28 10:59:51,2974.75,190591,2,2982.95,89947,114363,-0.9110289464041808,0
2023-07-28 10:59:51,2974.75,190591,2,2982.95,93306,114418,-0.9110289464041808,0
2023-07-28 10:59:51,2973.5,190591,2,2982.95,93306,114418,-0.9526664668065657,0
2023-07-28 10:59:54,2973.5,190619,2,2982.95,91033,114417,-0.9526664668065657,0
2023-07-28 10:59:54,2973.5,190619,2,2982.95,96700,114440,-0.9526664668065657,0
2023-07-28 10:59:56,2974.0,190620,1,2982.95,91778,114431,-0.9360114586456117,0
2023-07-28 10:59:56,2974.65,190620,5,2982.95,92986,114517,-0.9143599480363686,0
2023-07-28 10:59:58,2974.65,190625,5,2982.95,94811,114415,-0.9143599480363686,0
2023-07-28 10:59:58,2974.65,190625,5,2982.95,92911,114335,-0.9143599480363686,0
2023-07-28 10:59:58,2973.5,190625,1,2982.95,92911,114335,-0.9526664668065657,0
2023-07-28 11:00:01,2974.7,190631,1,2982.95,94841,113239,-0.9126944472202821,0
2023-07-28 11:00:01,2974.7,190631,1,2982.95,94022,114437,-0.9126944472202821,0
2023-07-28 11:00:01,2974.7,190631,1,2982.95,95700,114333,-0.9126944472202821,0
2023-07-28 11:00:05,2974.75,190636,1,2982.95,97288,114339,-0.9110289464041808,0
2023-07-28 11:00:05,2974.1,190639,1,2982.95,97021,114481,-0.932680457013424,0
2023-07-28 11:00:05,2974.1,190639,1,2982.95,96724,114595,-0.932680457013424,0
2023-07-28 11:00:05,2974.1,190639,1,2982.95,97159,114628,-0.932680457013424,0
2023-07-28 11:00:05,2974.1,190639,1,2982.95,97142,114544,-0.932680457013424,0
2023-07-28 11:00:09,2974.45,190649,10,2982.95,96747,114442,-0.9210219513007591,0
2023-07-28 11:00:10,2974.45,190650,1,2982.95,94847,114441,-0.9210219513007591,0
2023-07-28 11:00:10,2974.45,190650,1,2982.95,96962,114343,-0.9210219513007591,0
2023-07-28 11:00:13,2974.45,190651,6,2982.95,97031,114324,-0.9210219513007591,0
2023-07-28 11:00:14,2974.45,190657,6,2982.95,97029,114366,-0.9210219513007591,0
2023-07-28 11:00:15,2974.45,190658,1,2982.95,97030,114332,-0.9210219513007591,0
2023-07-28 11:00:15,2974.45,190658,1,2982.95,97030,114332,-0.9210219513007591,0
2023-07-28 11:00:15,2974.45,190658,1,2982.95,97317,114149,-0.9210219513007591,0
2023-07-28 11:00:15,2974.45,190658,1,2982.95,97315,114149,-0.9210219513007591,0
2023-07-28 11:00:15,2974.45,190658,1,2982.95,97260,114129,-0.9210219513007591,0
2023-07-28 11:00:15,2974.45,190658,1,2982.95,97260,114076,-0.9210219513007591,0
2023-07-28 11:00:20,2974.45,190659,6,2982.95,97217,114101,-0.9210219513007591,0
2023-07-28 11:00:22,2974.45,190670,2,2982.95,97248,114094,-0.9210219513007591,0
2023-07-28 11:00:22,2974.45,190670,2,2982.95,97248,114094,-0.9210219513007591,0
2023-07-28 11:00:23,2974.45,190681,10,2982.95,97248,114119,-0.9210219513007591,0
2023-07-28 11:00:24,2974.45,190682,1,2982.95,97264,114118,-0.9210219513007591,0
2023-07-28 11:00:24,2974.45,190682,2,2982.95,97264,114118,-0.9210219513007591,0
2023-07-28 11:00:26,2974.45,190704,1,2982.95,97301,114136,-0.9210219513007591,0
2023-07-28 11:00:27,2973.65,190730,11,2982.95,97189,114075,-0.9476699643582766,0
2023-07-28 11:00:27,2973.65,190730,11,2982.95,97189,114075,-0.9476699643582766,0
2023-07-28 11:00:28,2974.45,190731,1,2982.95,97235,114130,-0.9210219513007591,0
2023-07-28 11:00:28,2974.45,190731,1,2982.95,95360,114135,-0.9210219513007591,0
2023-07-28 11:00:30,2974.45,190732,1,2982.95,97613,114134,-0.9210219513007591,0
2023-07-28 11:00:30,2974.45,190732,1,2982.95,97613,114134,-0.9210219513007591,0
2023-07-28 11:00:30,2974.45,190732,1,2982.95,97613,114134,-0.9210219513007591,0
2023-07-28 11:00:33,2974.45,190735,1,2982.95,95171,114156,-0.9210219513007591,0
2023-07-28 11:00:33,2974.45,190736,1,2982.95,97420,114150,-0.9210219513007591,0
2023-07-28 11:00:33,2974.45,190736,1,2982.95,97368,114150,-0.9210219513007591,0
2023-07-28 11:00:33,2974.45,190736,5,2982.95,97368,114150,-0.9210219513007591,0
2023-07-28 11:00:38,2974.45,190743,5,2982.95,97442,114134,-0.9210219513007591,0
2023-07-28 11:00:40,2974.45,190744,1,2982.95,97351,114188,-0.9210219513007591,0
2023-07-28 11:00:40,2974.45,190744,3,2982.95,97351,114188,-0.9210219513007591,0
2023-07-28 11:00:41,2974.45,190748,3,2982.95,97411,114199,-0.9210219513007591,0
2023-07-28 11:00:41,2973.35,190748,5,2982.95,97411,114199,-0.957662969254855,0
2023-07-28 11:00:42,2974.45,190756,1,2982.95,97410,114202,-0.9210219513007591,0
2023-07-28 11:00:43,2974.45,190757,1,2982.95,97427,114204,-0.9210219513007591,0
2023-07-28 11:00:46,2974.45,190788,25,2982.95,97418,114216,-0.9210219513007591,0
2023-07-28 11:00:46,2974.45,190788,1,2982.95,97418,114216,-0.9210219513007591,0
2023-07-28 11:00:47,2974.45,190791,2,2982.95,97463,114241,-0.9210219513007591,0
2023-07-28 11:00:47,2974.05,190791,1,2982.95,97463,114241,-0.9343459578295102,0
2023-07-28 11:00:49,2974.55,190943,5,2982.94,97778,114217,-0.9176909496685562,0
2023-07-28 11:00:49,2974.55,190943,3,2982.94,97778,114217,-0.9176909496685562,0
2023-07-28 11:00:51,2974.05,190957,1,2982.94,94408,114289,-0.9343459578295102,0
2023-07-28 11:00:51,2974.05,190958,1,2982.94,94721,114276,-0.9343459578295102,0
2023-07-28 11:00:51,2974.05,190958,1,2982.94,94721,114276,-0.9343459578295102,0
2023-07-28 11:00:51,2974.05,190958,1,2982.94,94375,114316,-0.9343459578295102,0
2023-07-28 11:00:51,2974.55,190958,2,2982.94,94400,114319,-0.9176909496685562,0
2023-07-28 11:00:56,2974.55,190960,2,2982.94,97502,114266,-0.9176909496685562,0
2023-07-28 11:00:56,2974.55,190960,2,2982.94,95464,114557,-0.9176909496685562,0
2023-07-28 11:00:56,2974.55,190960,2,2982.94,97685,114551,-0.9176909496685562,0
2023-07-28 11:00:56,2974.45,190960,4,2982.94,97685,114551,-0.9210219513007591,0
2023-07-28 11:01:00,2974.45,190965,1,2982.94,95507,114574,-0.9210219513007591,0
2023-07-28 11:01:01,2974.45,191183,13,2982.93,97094,114180,-0.9210219513007591,0
2023-07-28 11:01:01,2974.45,191183,13,2982.93,97094,114180,-0.9210219513007591,0
2023-07-28 11:01:02,2973.95,191185,2,2982.93,97517,114211,-0.9376769594617131,0
2023-07-28 11:01:02,2973.95,191185,2,2982.93,97085,114211,-0.9376769594617131,0
2023-07-28 11:01:02,2974.45,191185,1,2982.93,97085,114211,-0.9210219513007591,0
2023-07-28 11:01:04,2974.45,191210,1,2982.93,97510,114231,-0.9210219513007591,0
2023-07-28 11:01:04,2974.45,191210,1,2982.93,97478,114285,-0.9210219513007591,0
2023-07-28 11:01:04,2974.45,191210,1,2982.93,97491,114210,-0.9210219513007591,0
2023-07-28 11:01:04,2974.45,191210,1,2982.93,97491,114210,-0.9210219513007591,0
2023-07-28 11:01:04,2973.25,191210,70,2982.93,97491,114210,-0.9609939708870427,0
2023-07-28 11:01:11,2973.25,191410,70,2982.92,97329,114212,-0.9609939708870427,0
2023-07-28 11:01:11,2974.55,191410,53,2982.92,97329,114212,-0.9176909496685562,0
2023-07-28 11:01:11,2973.4,191410,2,2982.92,97329,114212,-0.9559974684387536,0
2023-07-28 11:01:12,2973.4,191532,2,2982.91,97424,114155,-0.9559974684387536,0
2023-07-28 11:01:12,2973.4,191532,2,2982.91,97448,114148,-0.9559974684387536,0
2023-07-28 11:01:12,2973.4,191532,2,2982.91,97394,114187,-0.9559974684387536,0
2023-07-28 11:01:12,2973.4,191532,2,2982.91,97420,114043,-0.9559974684387536,0
2023-07-28 11:01:12,2973.4,191532,2,2982.91,97475,114036,-0.9559974684387536,0
2023-07-28 11:01:19,2974.55,191533,1,2982.91,97504,114411,-0.9176909496685562,0
2023-07-28 11:01:19,2974.55,191533,1,2982.91,97454,114457,-0.9176909496685562,0
2023-07-28 11:01:19,2974.25,191533,1,2982.91,97454,114457,-0.9276839545651347,0
2023-07-28 11:01:21,2974.0,191569,32,2982.91,97442,114104,-0.9360114586456117,0
2023-07-28 11:01:21,2974.0,191569,1,2982.91,97473,114076,-0.9360114586456117,0
2023-07-28 11:01:23,2974.55,191572,2,2982.91,97475,114045,-0.9176909496685562,0
2023-07-28 11:01:23,2974.55,191572,2,2982.91,97480,114045,-0.9176909496685562,0
2023-07-28 11:01:23,2974.55,191572,2,2982.91,97480,114045,-0.9176909496685562,0
2023-07-28 11:01:23,2974.55,191572,2,2982.91,97465,114102,-0.9176909496685562,0
2023-07-28 11:01:27,2974.0,191582,10,2982.91,97451,114211,-0.9360114586456117,0
2023-07-28 11:01:27,2974.0,191582,10,2982.91,97451,114211,-0.9360114586456117,0
2023-07-28 11:01:27,2974.0,191582,10,2982.91,97452,114180,-0.9360114586456117,0
2023-07-28 11:01:27,2973.35,191582,17,2982.91,97454,114143,-0.957662969254855,0
2023-07-28 11:01:31,2974.5,191733,1,2982.9,97275,114149,-0.9193564504846578,0
2023-07-28 11:01:31,2974.5,191733,1,2982.9,97275,114149,-0.9193564504846578,0
2023-07-28 11:01:31,2974.5,191733,1,2982.9,96903,114538,-0.9193564504846578,0
2023-07-28 11:01:31,2973.35,191733,5,2982.9,96903,114538,-0.957662969254855,0
2023-07-28 11:01:33,2974.5,191744,1,2982.9,96833,114285,-0.9193564504846578,0
2023-07-28 11:01:34,2973.3,191745,1,2982.9,96802,114285,-0.9593284700709412,0
2023-07-28 11:01:34,2973.3,191745,1,2982.9,96802,114285,-0.9593284700709412,0
2023-07-28 11:01:35,2974.45,191748,2,2982.9,94927,114282,-0.9210219513007591,0
2023-07-28 11:01:35,2974.45,191748,14,2982.9,94927,114282,-0.9210219513007591,0
2023-07-28 11:01:36,2974.45,191767,14,2982.9,96823,114590,-0.9210219513007591,0
2023-07-28 11:01:38,2974.45,191770,3,2982.9,96820,114587,-0.9210219513007591,0
2023-07-28 11:01:38,2974.45,191770,3,2982.9,96823,114587,-0.9210219513007591,0
2023-07-28 11:01:38,2974.45,191770,3,2982.9,94948,114587,-0.9210219513007591,0
2023-07-28 11:01:38,2974.45,191770,1,2982.9,94948,114587,-0.9210219513007591,0
2023-07-28 11:01:40,2974.45,191773,1,2982.9,97261,114586,-0.9210219513007591,0
2023-07-28 11:01:42,2974.45,191774,1,2982.9,96886,114585,-0.9210219513007591,0
2023-07-28 11:01:43,2973.35,191775,1,2982.9,96896,114585,-0.957662969254855,0
2023-07-28 11:01:43,2973.35,191775,1,2982.9,96896,114585,-0.957662969254855,0
2023-07-28 11:01:43,2974.45,191775,1,2982.9,96896,114588,-0.9210219513007591,0
2023-07-28 11:01:44,2974.45,191776,1,2982.9,96897,114584,-0.9210219513007591,0
2023-07-28 11:01:44,2974.45,191776,4,2982.9,94977,114507,-0.9210219513007591,0
2023-07-28 11:01:46,2974.45,191780,4,2982.9,94976,114509,-0.9210219513007591,0
2023-07-28 11:01:48,2974.45,191781,1,2982.9,94973,114514,-0.9210219513007591,0
2023-07-28 11:01:48,2974.45,191781,1,2982.9,96906,114573,-0.9210219513007591,0
2023-07-28 11:01:50,2974.5,191788,7,2982.9,96908,114584,-0.9193564504846578,0
2023-07-28 11:01:50,2974.5,191788,7,2982.9,95043,114547,-0.9193564504846578,0
2023-07-28 11:01:50,2974.5,191788,3,2982.9,96918,114547,-0.9193564504846578,0
2023-07-28 11:01:52,2974.5,191791,3,2982.9,96917,114555,-0.9193564504846578,0
2023-07-28 11:01:54,2974.5,191792,1,2982.9,96966,114287,-0.9193564504846578,0
2023-07-28 11:01:55,2974.45,191828,33,2982.9,96859,114260,-0.9210219513007591,0
2023-07-28 11:01:55,2974.45,191829,1,2982.9,94886,114268,-0.9210219513007591,0
2023-07-28 11:01:55,2974.45,191829,2,2982.9,94886,114268,-0.9210219513007591,0
2023-07-28 11:01:56,2974.45,191831,2,2982.9,94896,114259,-0.9210219513007591,0
2023-07-28 11:01:56,2974.45,191831,2,2982.9,97138,114249,-0.9210219513007591,0
2023-07-28 11:01:58,2974.45,191931,100,2982.89,96859,114260,-0.9210219513007591,0
2023-07-28 11:01:59,2974.45,191932,1,2982.89,96836,114305,-0.9210219513007591,0
2023-07-28 11:02:00,2974.0,191939,2,2982.89,96737,114360,-0.9360114586456117,0
2023-07-28 11:02:01,2974.0,191949,10,2982.89,96698,114343,-0.9360114586456117,0
2023-07-28 11:02:02,2974.0,191951,2,2982.89,96698,114413,-0.9360114586456117,0
2023-07-28 11:02:03,2974.45,191956,2,2982.89,96781,114373,-0.9210219513007591,0
2023-07-28 11:02:03,2974.45,191956,2,2982.89,97169,114399,-0.9210219513007591,0
2023-07-28 11:02:03,2974.45,191956,2,2982.89,97364,113821,-0.9210219513007591,0
2023-07-28 11:02:03,2974.45,191956,2,2982.89,97390,113890,-0.9210219513007591,0
2023-07-28 11:02:03,2974.45,191956,2,2982.89,97330,113890,-0.9210219513007591,0
2023-07-28 11:02:03,2974.45,191956,50,2982.89,97330,113890,-0.9210219513007591,0
2023-07-28 11:02:09,2974.45,192006,50,2982.89,96845,113949,-0.9210219513007591,0
2023-07-28 11:02:09,2974.45,192006,50,2982.89,96845,113893,-0.9210219513007591,0
2023-07-28 11:02:09,2974.45,192006,50,2982.89,96842,113918,-0.9210219513007591,0
2023-07-28 11:02:09,2974.45,192006,50,2982.89,96462,113882,-0.9210219513007591,0
2023-07-28 11:02:09,2974.45,192006,50,2982.89,96838,114053,-0.9210219513007591,0
2023-07-28 11:02:09,2974.45,192006,50,2982.89,96889,114053,-0.9210219513007591,0
2023-07-28 11:02:09,2974.45,192006,50,2982.89,96949,114053,-0.9210219513007591,0
2023-07-28 11:02:09,2974.45,192006,50,2982.89,96949,114053,-0.9210219513007591,0
2023-07-28 11:02:09,2974.45,192006,50,2982.89,96918,114053,-0.9210219513007591,0
2023-07-28 11:02:09,2974.0,192006,1,2982.89,96918,114053,-0.9360114586456117,0
2023-07-28 11:02:19,2974.0,192016,2,2982.89,96893,114111,-0.9360114586456117,0
2023-07-28 11:02:20,2974.0,192018,2,2982.89,96996,114143,-0.9360114586456117,0
2023-07-28 11:02:20,2974.0,192018,2,2982.89,96996,114143,-0.9360114586456117,0
2023-07-28 11:02:23,2974.2,192019,1,2982.89,96996,114119,-0.9293494553812361,0
2023-07-28 11:02:23,2974.3,192019,5,2982.89,96997,114119,-0.9260184537490332,0
2023-07-28 11:02:23,2974.3,192019,5,2982.89,96997,114119,-0.9260184537490332,0
2023-07-28 11:02:23,2974.3,192019,5,2982.89,96997,114119,-0.9260184537490332,0
2023-07-28 11:02:24,2974.3,192024,5,2982.89,97297,114158,-0.9260184537490332,0
2023-07-28 11:02:28,2974.3,192059,35,2982.89,97297,114123,-0.9260184537490332,0
2023-07-28 11:02:29,2974.3,192069,10,2982.89,97343,114094,-0.9260184537490332,0
2023-07-28 11:02:29,2974.3,192069,10,2982.89,97335,114094,-0.9260184537490332,0
2023-07-28 11:02:29,2974.3,192069,10,2982.89,97345,114035,-0.9260184537490332,0
2023-07-28 11:02:29,2974.3,192069,10,2982.89,97348,114035,-0.9260184537490332,0
2023-07-28 11:02:29,2974.3,192069,10,2982.89,97348,114044,-0.9260184537490332,0
2023-07-28 11:02:29,2974.3,192069,22,2982.89,97348,114044,-0.9260184537490332,0
2023-07-28 11:02:34,2974.3,192091,22,2982.89,97302,114035,-0.9260184537490332,0
2023-07-28 11:02:35,2974.3,192296,5,2982.88,97129,114145,-0.9260184537490332,0
2023-07-28 11:02:35,2974.3,192296,12,2982.88,97129,114145,-0.9260184537490332,0
2023-07-28 11:02:36,2974.3,192309,1,2982.88,97204,114103,-0.9260184537490332,0
2023-07-28 11:02:36,2974.3,192309,1,2982.88,97204,114103,-0.9260184537490332,0
2023-07-28 11:02:36,2974.3,192309,1,2982.88,97197,114103,-0.9260184537490332,0
2023-07-28 11:02:36,2974.3,192309,1,2982.88,97197,114103,-0.9260184537490332,0
2023-07-28 11:02:36,2973.5,192309,1,2982.88,97197,114103,-0.9526664668065657,0
2023-07-28 11:02:40,2973.5,192310,1,2982.87,97199,114203,-0.9526664668065657,0
2023-07-28 11:02:40,2973.5,192310,1,2982.87,97201,114203,-0.9526664668065657,0
2023-07-28 11:02:43,2974.3,192315,5,2982.87,97201,114187,-0.9260184537490332,0
2023-07-28 11:02:44,2974.3,192316,1,2982.87,97250,114131,-0.9260184537490332,0
2023-07-28 11:02:44,2974.3,192316,1,2982.87,97215,114124,-0.9260184537490332,0
2023-07-28 11:02:44,2974.3,192316,1,2982.87,97216,114124,-0.9260184537490332,0
2023-07-28 11:02:44,2974.3,192316,1,2982.87,95351,114124,-0.9260184537490332,0
2023-07-28 11:02:50,2974.3,192321,5,2982.87,96793,114119,-0.9260184537490332,0
2023-07-28 11:02:50,2974.3,192321,5,2982.87,96793,114122,-0.9260184537490332,0
2023-07-28 11:02:50,2974.3,192321,5,2982.87,96827,114123,-0.9260184537490332,0
2023-07-28 11:02:50,2974.3,192321,1,2982.87,96827,114123,-0.9260184537490332,0
2023-07-28 11:02:52,2974.3,192324,1,2982.87,96853,114145,-0.9260184537490332,0
2023-07-28 11:02:52,2974.3,192324,1,2982.87,96875,114145,-0.9260184537490332,0
2023-07-28 11:02:55,2974.3,192329,5,2982.87,97258,114114,-0.9260184537490332,0
2023-07-28 11:02:56,2974.3,192330,1,2982.87,97265,114168,-0.9260184537490332,0
2023-07-28 11:02:56,2974.3,192330,100,2982.87,97265,114168,-0.9260184537490332,0
2023-07-28 11:02:57,2974.3,192430,100,2982.87,97270,114262,-0.9260184537490332,0
2023-07-28 11:02:58,2974.3,192439,1,2982.87,97304,114231,-0.9260184537490332,0
2023-07-28 11:02:59,2974.3,192440,1,2982.87,96935,114230,-0.9260184537490332,0
2023-07-28 11:02:59,2974.0,192440,1,2982.87,96935,114230,-0.9360114586456117,0
2023-07-28 11:03:00,2974.0,192441,1,2982.87,97316,114230,-0.9360114586456117,0
2023-07-28 11:03:00,2974.0,192441,1,2982.87,97367,114161,-0.9360114586456117,0
2023-07-28 11:03:02,2974.0,192442,1,2982.87,97334,114161,-0.9360114586456117,0
2023-07-28 11:03:02,2974.0,192442,1,2982.87,97351,114227,-0.9360114586456117,0
2023-07-28 11:03:02,2974.0,192442,1,2982.87,97367,114169,-0.9360114586456117,0
2023-07-28 11:03:06,2974.0,192452,6,2982.87,97360,114159,-0.9360114586456117,0
2023-07-28 11:03:07,2973.55,192471,10,2982.87,97419,114204,-0.9510009659904642,0
2023-07-28 11:03:07,2974.3,192471,1,2982.87,97419,114204,-0.9260184537490332,0
2023-07-28 11:03:07,2974.3,192472,1,2982.87,97398,114188,-0.9260184537490332,0
2023-07-28 11:03:09,2974.3,192477,1,2982.87,97445,114165,-0.9260184537490332,0
2023-07-28 11:03:10,2974.3,192479,2,2982.87,97445,114163,-0.9260184537490332,0
2023-07-28 11:03:11,2974.3,192504,2,2982.87,97515,114098,-0.9260184537490332,0
2023-07-28 11:03:12,2974.3,192511,5,2982.87,95257,114100,-0.9260184537490332,0
2023-07-28 11:03:13,2974.3,192512,1,2982.87,97539,114099,-0.9260184537490332,0
2023-07-28 11:03:13,2974.3,192512,1,2982.87,97166,114118,-0.9260184537490332,0
2023-07-28 11:03:13,2974.3,192512,1,2982.87,97252,114147,-0.9260184537490332,0
2023-07-28 11:03:13,2974.3,192512,1,2982.87,97627,114164,-0.9260184537490332,0
2023-07-28 11:03:13,2974.3,192512,1,2982.87,97624,114164,-0.9260184537490332,0
2023-07-28 11:03:21,2973.95,192513,1,2982.87,97606,114166,-0.9376769594617131,0
2023-07-28 11:03:21,2974.3,192513,21,2982.87,97606,114166,-0.9260184537490332,0
2023-07-28 11:03:22,2974.0,192537,3,2982.86,97539,114139,-0.9360114586456117,0
2023-07-28 11:03:22,2974.3,192537,97,2982.86,97539,114139,-0.9260184537490332,0
2023-07-28 11:03:23,2974.3,192639,97,2982.86,97147,114060,-0.9260184537490332,0
2023-07-28 11:03:23,2974.1,192639,10,2982.86,97493,114052,-0.932680457013424,0
2023-07-28 11:03:25,2974.1,192670,1,2982.86,97119,114021,-0.932680457013424,0
2023-07-28 11:03:25,2973.6,192670,10,2982.86,97119,114021,-0.949335465174378,0
2023-07-28 11:03:25,2974.1,192684,1,2982.86,97113,114017,-0.932680457013424,0
2023-07-28 11:03:27,2974.1,192695,1,2982.86,97103,114006,-0.932680457013424,0
2023-07-28 11:03:27,2974.1,192696,1,2982.86,97103,114005,-0.932680457013424,0
2023-07-28 11:03:27,2974.1,192696,1,2982.86,97108,114005,-0.932680457013424,0
2023-07-28 11:03:30,2974.1,192698,2,2982.86,97116,114003,-0.932680457013424,0
2023-07-28 11:03:31,2974.1,192703,5,2982.86,97111,113998,-0.932680457013424,0
2023-07-28 11:03:32,2974.1,192704,1,2982.86,97132,114055,-0.932680457013424,0
2023-07-28 11:03:33,2974.0,192705,1,2982.86,97463,114054,-0.9360114586456117,0
2023-07-28 11:03:33,2974.0,192705,1,2982.86,97463,114002,-0.9360114586456117,0
2023-07-28 11:03:33,2974.0,192705,1,2982.86,97465,114127,-0.9360114586456117,0
2023-07-28 11:03:33,2974.0,192705,3,2982.86,97465,114145,-0.9360114586456117,0
2023-07-28 11:03:37,2974.0,192708,3,2982.86,97440,114142,-0.9360114586456117,0
2023-07-28 11:03:37,2974.0,192708,9,2982.86,97440,114142,-0.9360114586456117,0
2023-07-28 11:03:38,2974.0,192719,1,2982.86,97463,114136,-0.9360114586456117,0
2023-07-28 11:03:40,2974.0,192725,5,2982.86,97463,114130,-0.9360114586456117,0
2023-07-28 11:03:41,2974.0,192728,1,2982.86,97465,114128,-0.9360114586456117,0
2023-07-28 11:03:41,2974.0,192728,1,2982.86,97465,114128,-0.9360114586456117,0
2023-07-28 11:03:41,2974.0,192729,1,2982.86,97465,114127,-0.9360114586456117,0
2023-07-28 11:03:43,2974.0,192730,1,2982.86,97465,114126,-0.9360114586456117,0
2023-07-28 11:03:43,2974.0,192730,1,2982.86,97423,114126,-0.9360114586456117,0
2023-07-28 11:03:43,2974.0,192730,1,2982.86,97423,114126,-0.9360114586456117,0
2023-07-28 11:03:45,2974.0,192732,3,2982.86,97178,114119,-0.9360114586456117,0
2023-07-28 11:03:45,2974.0,192843,3,2982.85,97295,114110,-0.9360114586456117,0
2023-07-28 11:03:45,2974.0,192843,1,2982.85,97295,114110,-0.9360114586456117,0
2023-07-28 11:03:45,2974.0,192843,1,2982.85,97295,114110,-0.9360114586456117,0
2023-07-28 11:03:48,2974.0,192855,1,2982.85,97281,114144,-0.9360114586456117,0
2023-07-28 11:03:49,2974.0,192856,1,2982.85,97258,114143,-0.9360114586456117,0
2023-07-28 11:03:49,2974.0,192856,5,2982.85,97258,114143,-0.9360114586456117,0
2023-07-28 11:03:51,2974.0,192861,5,2982.85,96923,114138,-0.9360114586456117,0
2023-07-28 11:03:52,2974.0,192862,1,2982.85,97304,114137,-0.9360114586456117,0
2023-07-28 11:03:53,2974.0,192864,1,2982.85,97305,114160,-0.9360114586456117,0
2023-07-28 11:03:55,2974.0,192875,1,2982.85,97297,114157,-0.9360114586456117,0
2023-07-28 11:03:55,2974.0,192875,1,2982.85,97297,114157,-0.9360114586456117,0
2023-07-28 11:03:55,2974.0,192875,1,2982.85,97297,114160,-0.9360114586456117,0
2023-07-28 11:03:55,2974.0,192875,1,2982.85,97297,114157,-0.9360114586456117,0
2023-07-28 11:03:59,2974.0,192880,5,2982.85,97298,114152,-0.9360114586456117,0
2023-07-28 11:03:59,2973.25,192880,1,2982.85,97300,114152,-0.9609939708870427,0
2023-07-28 11:04:00,2973.25,192881,1,2982.85,97300,114153,-0.9609939708870427,0
2023-07-28 11:04:00,2973.25,192881,1,2982.85,97300,114152,-0.9609939708870427,0
2023-07-28 11:04:03,2974.0,192908,2,2982.85,97222,114125,-0.9360114586456117,0
2023-07-28 11:04:04,2974.0,192909,1,2982.85,97196,114130,-0.9360114586456117,0
2023-07-28 11:04:04,2974.0,192909,2,2982.85,97196,114130,-0.9360114586456117,0
2023-07-28 11:04:04,2974.0,192909,10,2982.85,97196,114130,-0.9360114586456117,0
2023-07-28 11:04:04,2974.0,192909,3,2982.85,97196,114130,-0.9360114586456117,0
2023-07-28 11:04:07,2974.0,192928,1,2982.85,97309,114174,-0.9360114586456117,0
2023-07-28 11:04:08,2974.0,192929,1,2982.85,97369,114164,-0.9360114586456117,0
2023-07-28 11:04:08,2974.0,192929,1,2982.85,97369,114164,-0.9360114586456117,0
2023-07-28 11:04:12,2974.0,192930,1,2982.85,97391,114174,-0.9360114586456117,0
2023-07-28 11:04:12,2973.95,192930,1,2982.85,97391,114174,-0.9376769594617131,0
2023-07-28 11:04:19,2973.7,192931,1,2982.85,97357,114164,-0.9460044635421901,0
2023-07-28 11:04:19,2973.25,192931,1,2982.85,97357,114164,-0.9609939708870427,0
2023-07-28 11:04:19,2974.0,192931,2,2982.85,97357,114164,-0.9360114586456117,0
2023-07-28 11:04:23,2974.0,192939,3,2982.85,97387,114178,-0.9360114586456117,0
2023-07-28 11:04:23,2974.0,192939,1,2982.85,97387,114178,-0.9360114586456117,0
2023-07-28 11:04:28,2973.3,192945,1,2982.85,97463,114173,-0.9593284700709412,0
2023-07-28 11:04:28,2974.0,192945,1,2982.85,97463,114173,-0.9360114586456117,0
2023-07-28 11:04:28,2974.0,192945,1,2982.85,97463,114173,-0.9360114586456117,0
2023-07-28 11:04:30,2974.0,192947,1,2982.85,97470,114171,-0.9360114586456117,0
2023-07-28 11:04:30,2974.0,192947,10,2982.85,97470,114171,-0.9360114586456117,0
2023-07-28 11:04:34,2974.0,192957,1,2982.85,97374,114161,-0.9360114586456117,0
2023-07-28 11:04:34,2974.0,192957,10,2982.85,97374,114161,-0.9360114586456117,0
2023-07-28 11:04:34,2973.8,192957,1,2982.85,97374,114161,-0.9426734619099872,0
2023-07-28 11:04:40,2974.0,192973,2,2982.84,97370,114147,-0.9360114586456117,0
2023-07-28 11:04:40,2974.0,192973,1,2982.84,97370,114147,-0.9360114586456117,0
2023-07-28 11:04:44,2974.0,192976,1,2982.84,97374,114155,-0.9360114586456117,0
2023-07-28 11:04:44,2974.0,192976,10,2982.84,97374,114155,-0.9360114586456117,0
2023-07-28 11:04:50,2974.0,192988,1,2982.84,97018,114118,-0.9360114586456117,0
2023-07-28 11:04:50,2974.0,192988,1,2982.84,97018,114118,-0.9360114586456117,0
2023-07-28 11:04:50,2974.0,192988,7,2982.84,97018,114118,-0.9360114586456117,0
2023-07-28 11:04:53,2974.0,193013,2,2982.84,97398,114183,-0.9360114586456117,0
2023-07-28 11:04:53,2974.0,193013,1,2982.84,97398,114183,-0.9360114586456117,0
2023-07-28 11:04:53,2974.0,193013,1,2982.84,97398,114183,-0.9360114586456117,0
2023-07-28 11:04:56,2974.0,193017,2,2982.84,97403,114232,-0.9360114586456117,0
2023-07-28 11:04:56,2973.8,193017,1,2982.84,97403,114232,-0.9426734619099872,0
2023-07-28 11:05:00,2974.0,193021,2,2982.84,97269,114254,-0.9360114586456117,0
2023-07-28 11:05:00,2973.25,193021,95,2982.84,97269,114254,-0.9609939708870427,0
2023-07-28 11:05:00,2974.0,193021,1,2982.84,97269,114254,-0.9360114586456117,0
2023-07-28 11:05:07,2974.0,193125,1,2982.84,97163,114256,-0.9360114586456117,0
2023-07-28 11:05:07,2974.0,193125,9,2982.84,97163,114256,-0.9360114586456117,0
2023-07-28 11:05:07,2974.0,193125,1,2982.84,97163,114256,-0.9360114586456117,0
2023-07-28 11:05:09,2974.0,193135,1,2982.84,97192,114250,-0.9360114586456117,0
2023-07-28 11:05:09,2974.0,193135,2,2982.84,97192,114250,-0.9360114586456117,0
2023-07-28 11:05:15,2974.0,193138,2,2982.84,97216,114269,-0.9360114586456117,0
2023-07-28 11:05:15,2974.0,193138,1,2982.84,97216,114269,-0.9360114586456117,0
2023-07-28 11:05:15,2974.0,193138,1,2982.84,97216,114269,-0.9360114586456117,0
2023-07-28 11:05:18,2974.0,193140,1,2982.84,97159,114299,-0.9360114586456117,0
2023-07-28 11:05:18,2973.65,193140,1,2982.84,97159,114299,-0.9476699643582766,0
2023-07-28 11:05:18,2974.0,193140,1,2982.84,97159,114299,-0.9360114586456117,0
2023-07-28 11:05:18,2974.0,193140,2,2982.84,97159,114299,-0.9360114586456117,0
2023-07-28 11:05:23,2974.0,193145,2,2982.84,97139,114295,-0.9360114586456117,0
2023-07-28 11:05:23,2974.0,193145,5,2982.84,97139,114295,-0.9360114586456117,0
2023-07-28 11:05:23,2974.0,193145,5,2982.84,97139,114295,-0.9360114586456117,0
2023-07-28 11:05:23,2974.0,193145,5,2982.84,97139,114295,-0.9360114586456117,0
2023-07-28 11:05:23,2974.0,193145,1,2982.84,97139,114295,-0.9360114586456117,0
2023-07-28 11:05:23,2974.0,193145,1,2982.84,97139,114295,-0.9360114586456117,0
2023-07-28 11:05:23,2974.0,193145,30,2982.84,97139,114295,-0.9360114586456117,0
2023-07-28 11:05:28,2974.0,193231,30,2982.83,97184,114227,-0.9360114586456117,0
2023-07-28 11:05:28,2974.0,193231,8,2982.83,97184,114227,-0.9360114586456117,0
2023-07-28 11:05:28,2973.3,193231,10,2982.83,97184,114227,-0.9593284700709412,0
2023-07-28 11:05:28,2974.0,193231,1,2982.83,97184,114227,-0.9360114586456117,0
2023-07-28 11:05:30,2974.0,193250,1,2982.83,97179,114218,-0.9360114586456117,0
2023-07-28 11:05:30,2974.0,193250,2,2982.83,97179,114218,-0.9360114586456117,0
2023-07-28 11:05:32,2974.0,193252,3,2982.83,97205,114224,-0.9360114586456117,0
2023-07-28 11:05:32,2974.0,193252,1,2982.83,97205,114224,-0.9360114586456117,0
2023-07-28 11:05:41,2973.65,193258,1,2982.83,97156,114209,-0.9476699643582766,0
2023-07-28 11:05:41,2973.25,193258,3,2982.83,97156,114209,-0.9609939708870427,0
2023-07-28 11:05:41,2974.0,193258,2,2982.83,97156,114209,-0.9360114586456117,0
2023-07-28 11:05:45,2974.0,193292,2,2982.83,97186,114198,-0.9360114586456117,0
2023-07-28 11:05:45,2974.0,193292,11,2982.83,97186,114198,-0.9360114586456117,0
2023-07-28 11:05:45,2974.0,193292,5,2982.83,97186,114198,-0.9360114586456117,0
2023-07-28 11:05:50,2974.0,193311,2,2982.83,97217,114192,-0.9360114586456117,0
2023-07-28 11:05:50,2973.65,193311,1,2982.83,97217,114192,-0.9476699643582766,0
2023-07-28 11:05:50,2974.0,193311,2,2982.83,97217,114192,-0.9360114586456117,0
2023-07-28 11:05:54,2974.0,193318,1,2982.83,97145,114316,-0.9360114586456117,0
2023-07-28 11:05:54,2974.0,193318,15,2982.83,97145,114316,-0.9360114586456117,0
2023-07-28 11:05:54,2973.25,193318,37,2982.83,97145,114316,-0.9609939708870427,0
2023-07-28 11:05:58,2974.0,193373,1,2982.83,97052,114210,-0.9360114586456117,0
2023-07-28 11:05:58,2974.0,193373,10,2982.83,97052,114210,-0.9360114586456117,0
2023-07-28 11:05:58,2973.25,193373,1,2982.83,97052,114210,-0.9609939708870427,0
2023-07-28 11:05:58,2973.25,193373,2,2982.83,97052,114210,-0.9609939708870427,0
2023-07-28 11:06:02,2971.55,195825,5,2982.7,92698,113483,-1.0176209986342803,0
2023-07-28 11:06:02,2972.55,195825,1,2982.7,92698,113483,-0.9843109823123722,0
2023-07-28 11:06:02,2972.55,195825,1,2982.7,92698,113483,-0.9843109823123722,0
2023-07-28 11:06:06,2972.55,195840,4,2982.69,92363,114560,-0.9843109823123722,0
2023-07-28 11:06:06,2972.65,195840,1,2982.69,92363,114560,-0.9809799806801845,0
2023-07-28 11:06:06,2972.65,195841,1,2982.69,92005,114545,-0.9809799806801845,0
2023-07-28 11:06:06,2972.65,195841,1,2982.69,94255,114539,-0.9809799806801845,0
2023-07-28 11:06:06,2972.65,195841,1,2982.69,94253,114539,-0.9809799806801845,0
2023-07-28 11:06:06,2972.65,195841,1,2982.69,94280,114529,-0.9809799806801845,0
2023-07-28 11:06:06,2972.65,195841,1,2982.69,94280,114532,-0.9809799806801845,0
2023-07-28 11:06:06,2972.65,195841,1,2982.69,94243,114465,-0.9809799806801845,0
2023-07-28 11:06:13,2972.65,195847,1,2982.69,92289,114520,-0.9809799806801845,0
2023-07-28 11:06:14,2972.65,195848,1,2982.69,92301,114376,-0.9809799806801845,0
2023-07-28 11:06:14,2972.65,195848,1,2982.69,92313,114376,-0.9809799806801845,0
2023-07-28 11:06:17,2972.65,195853,5,2982.69,92334,114404,-0.9809799806801845,0
2023-07-28 11:06:17,2972.65,195853,5,2982.69,90371,114369,-0.9809799806801845,0
2023-07-28 11:06:17,2972.65,195853,1,2982.69,90371,114369,-0.9809799806801845,0
2023-07-28 11:06:19,2972.65,195855,1,2982.69,92139,114400,-0.9809799806801845,0
2023-07-28 11:06:19,2972.65,195855,1,2982.69,92139,114400,-0.9809799806801845,0
2023-07-28 11:06:20,2972.75,195866,8,2982.69,93288,114371,-0.9776489790479967,0
2023-07-28 11:06:20,2972.75,196155,8,2982.68,92689,114086,-0.9776489790479967,0
2023-07-28 11:06:22,2973.3,196157,2,2982.68,94493,114272,-0.9593284700709412,0
2023-07-28 11:06:22,2973.3,196157,8,2982.68,94493,114272,-0.9593284700709412,0
2023-07-28 11:06:23,2973.3,196166,1,2982.68,90431,114349,-0.9593284700709412,0
2023-07-28 11:06:23,2973.3,196166,1,2982.68,94585,114285,-0.9593284700709412,0
2023-07-28 11:06:23,2972.5,196166,2,2982.68,94585,114285,-0.9859764831284737,0
2023-07-28 11:06:28,2972.5,196173,4,2982.68,92317,114293,-0.9859764831284737,0
2023-07-28 11:06:28,2972.5,196173,4,2982.68,92327,114293,-0.9859764831284737,0
2023-07-28 11:06:28,2972.5,196173,4,2982.68,94202,114263,-0.9859764831284737,0
2023-07-28 11:06:28,2972.5,196173,4,2982.68,94162,114257,-0.9859764831284737,0
2023-07-28 11:06:28,2972.5,196173,4,2982.68,92330,114263,-0.9859764831284737,0
2023-07-28 11:06:28,2972.5,196173,4,2982.68,93146,114262,-0.9859764831284737,0
2023-07-28 11:06:28,2972.5,196173,4,2982.68,90963,114289,-0.9859764831284737,0
2023-07-28 11:06:28,2972.5,196173,4,2982.68,92496,114546,-0.9859764831284737,0
2023-07-28 11:06:28,2972.5,196173,4,2982.68,91025,112446,-0.9859764831284737,0
2023-07-28 11:06:28,2973.0,196173,3,2982.68,94428,114272,-0.9693214749675197,0
2023-07-28 11:06:37,2973.0,196178,1,2982.68,90632,114286,-0.9693214749675197,0
2023-07-28 11:06:38,2973.0,196179,1,2982.68,92276,114252,-0.9693214749675197,0
2023-07-28 11:06:38,2972.5,196179,3,2982.68,92617,114285,-0.9859764831284737,0
2023-07-28 11:06:40,2972.5,196185,3,2982.68,94502,114302,-0.9859764831284737,0
2023-07-28 11:06:40,2972.5,196185,3,2982.68,94488,114318,-0.9859764831284737,0
2023-07-28 11:06:43,2972.5,196186,1,2982.68,94749,113153,-0.9859764831284737,0
2023-07-28 11:06:43,2972.5,196186,1,2982.68,90609,113012,-0.9859764831284737,0
2023-07-28 11:06:43,2973.1,196186,29,2982.68,91720,114222,-0.965990473335332,0
2023-07-28 11:06:47,2973.1,196238,26,2982.67,93596,114219,-0.965990473335332,0
2023-07-28 11:06:47,2973.1,196264,26,2982.67,92375,114438,-0.965990473335332,0
2023-07-28 11:06:47,2973.1,196264,26,2982.67,91289,114090,-0.965990473335332,0
2023-07-28 11:06:47,2972.8,196264,2,2982.67,91289,114090,-0.9759834782318952,0
2023-07-28 11:06:50,2972.8,196268,2,2982.67,93496,114107,-0.9759834782318952,0
2023-07-28 11:06:50,2972.8,196268,2,2982.67,91286,114165,-0.9759834782318952,0
2023-07-28 11:06:50,2972.9,196268,2,2982.67,93143,114157,-0.9726524765997075,0
2023-07-28 11:06:53,2972.9,196270,2,2982.67,94677,113120,-0.9726524765997075,0
2023-07-28 11:06:53,2972.9,196270,2,2982.67,94682,114247,-0.9726524765997075,0
2023-07-28 11:06:53,2972.9,196270,2,2982.67,94684,114247,-0.9726524765997075,0
2023-07-28 11:06:57,2972.8,196271,1,2982.67,94694,114241,-0.9759834782318952,0
2023-07-28 11:06:57,2972.9,196271,9,2982.67,94370,114241,-0.9726524765997075,0
2023-07-28 11:06:58,2972.9,196281,1,2982.67,94751,114246,-0.9726524765997075,0
2023-07-28 11:06:58,2972.9,196281,2,2982.67,94751,114246,-0.9726524765997075,0
2023-07-28 11:07:00,2972.65,196356,1,2982.67,94289,114193,-0.9809799806801845,0
2023-07-28 11:07:00,2972.65,196356,10,2982.67,94742,114611,-0.9809799806801845,0
2023-07-28 11:07:02,2972.65,196366,10,2982.67,92417,114628,-0.9809799806801845,0
2023-07-28 11:07:04,2972.9,196368,2,2982.67,92831,114514,-0.9726524765997075,0
2023-07-28 11:07:04,2972.9,196368,2,2982.67,92831,114514,-0.9726524765997075,0
2023-07-28 11:07:04,2972.9,196368,2,2982.67,94704,114511,-0.9726524765997075,0
2023-07-28 11:07:04,2972.9,196368,3,2982.67,93587,114554,-0.9726524765997075,0
2023-07-28 11:07:07,2972.9,196372,1,2982.67,94668,114488,-0.9726524765997075,0
2023-07-28 11:07:07,2972.9,196372,1,2982.67,92830,114694,-0.9726524765997075,0
2023-07-28 11:07:07,2972.85,196372,50,2982.67,92830,114694,-0.974317977415809,0
2023-07-28 11:07:10,2972.85,196422,50,2982.67,93133,114640,-0.974317977415809,0
2023-07-28 11:07:10,2972.85,196422,50,2982.67,95008,114670,-0.974317977415809,0
2023-07-28 11:07:10,2972.85,196422,50,2982.67,94752,114631,-0.974317977415809,0
2023-07-28 11:07:14,2972.85,196427,5,2982.66,94758,114678,-0.974317977415809,0
2023-07-28 11:07:14,2972.85,196427,5,2982.66,93617,114704,-0.974317977415809,0
2023-07-28 11:07:14,2972.85,196427,1,2982.66,93617,114704,-0.974317977415809,0
2023-07-28 11:07:16,2972.85,196428,1,2982.66,94736,114672,-0.974317977415809,0
2023-07-28 11:07:16,2972.8,196428,1,2982.66,92521,114776,-0.9759834782318952,0
2023-07-28 11:07:18,2972.8,196433,1,2982.66,92558,114812,-0.9759834782318952,0
2023-07-28 11:07:21,2972.85,196437,2,2982.66,94802,114753,-0.974317977415809,0
2023-07-28 11:07:21,2972.85,196437,2,2982.66,92927,114771,-0.974317977415809,0
2023-07-28 11:07:21,2972.85,196437,2,2982.66,94802,114761,-0.974317977415809,0
2023-07-28 11:07:21,2972.65,196437,1,2982.66,94802,114761,-0.9809799806801845,0
2023-07-28 11:07:24,2972.85,196450,1,2982.66,94800,114869,-0.974317977415809,0
2023-07-28 11:07:25,2972.85,196457,6,2982.66,94874,114805,-0.974317977415809,0
2023-07-28 11:07:25,2972.85,196457,6,2982.66,94874,114805,-0.974317977415809,0
2023-07-28 11:07:25,2972.85,196457,6,2982.66,94881,114805,-0.974317977415809,0
2023-07-28 11:07:27,2972.5,196461,4,2982.66,94877,114805,-0.9859764831284737,0
2023-07-28 11:07:28,2972.85,196531,70,2982.66,94897,114739,-0.974317977415809,0
2023-07-28 11:07:28,2972.85,196531,70,2982.66,94897,114739,-0.974317977415809,0
2023-07-28 11:07:28,2972.85,196531,70,2982.66,94527,114752,-0.974317977415809,0
2023-07-28 11:07:28,2972.85,196531,2,2982.66,94527,114752,-0.974317977415809,0
2023-07-28 11:07:30,2972.5,196565,32,2982.66,94497,114736,-0.9859764831284737,0
2023-07-28 11:07:31,2972.85,196566,1,2982.66,94568,114735,-0.974317977415809,0
2023-07-28 11:07:31,2972.85,196566,1,2982.66,94925,114755,-0.974317977415809,0
2023-07-28 11:07:31,2972.85,196566,1,2982.66,94876,114749,-0.974317977415809,0
2023-07-28 11:07:35,2972.85,196617,1,2982.66,94901,114678,-0.974317977415809,0
2023-07-28 11:07:35,2972.85,196617,3,2982.66,94901,114678,-0.974317977415809,0
2023-07-28 11:07:36,2972.85,196627,1,2982.65,94914,115240,-0.974317977415809,0
2023-07-28 11:07:37,2972.85,196643,1,2982.65,94925,115222,-0.974317977415809,0
2023-07-28 11:07:37,2972.85,196643,1,2982.65,94906,115222,-0.974317977415809,0
2023-07-28 11:07:40,2972.8,196644,1,2982.65,94872,115240,-0.9759834782318952,0
2023-07-28 11:07:40,2972.85,196649,5,2982.65,94872,115235,-0.974317977415809,0
2023-07-28 11:07:42,2972.85,196650,1,2982.65,94873,115234,-0.974317977415809,0
2023-07-28 11:07:42,2972.85,196650,3,2982.65,94873,115234,-0.974317977415809,0
2023-07-28 11:07:43,2972.85,196730,2,2982.65,95196,114616,-0.974317977415809,0
2023-07-28 11:07:43,2972.85,196730,2,2982.65,95196,114616,-0.974317977415809,0
2023-07-28 11:07:43,2972.85,196730,2,2982.65,95082,114669,-0.974317977415809,0
2023-07-28 11:07:45,2972.85,196731,1,2982.65,94711,114670,-0.974317977415809,0
2023-07-28 11:07:45,2972.85,196731,1,2982.65,92871,114638,-0.974317977415809,0
2023-07-28 11:07:45,2972.85,196731,1,2982.65,94712,114735,-0.974317977415809,0
2023-07-28 11:07:45,2972.85,196731,2,2982.65,95108,114782,-0.974317977415809,0
2023-07-28 11:07:48,2972.85,196733,2,2982.65,95093,114697,-0.974317977415809,0
2023-07-28 11:07:48,2972.85,196733,1,2982.65,95093,114697,-0.974317977415809,0
2023-07-28 11:07:50,2972.85,196744,10,2982.65,94780,114688,-0.974317977415809,0
2023-07-28 11:07:51,2972.85,196745,1,2982.65,92906,114697,-0.974317977415809,0
2023-07-28 11:07:52,2972.85,196749,1,2982.65,94694,114683,-0.974317977415809,0
2023-07-28 11:07:52,2972.85,196749,1,2982.65,94694,114683,-0.974317977415809,0
2023-07-28 11:07:52,2972.85,196749,1,2982.65,94694,114683,-0.974317977415809,0
2023-07-28 11:07:54,2972.85,196750,1,2982.65,95070,114682,-0.974317977415809,0
2023-07-28 11:07:54,2972.55,196750,1,2982.65,95070,114682,-0.9843109823123722,0
2023-07-28 11:07:54,2972.55,196751,1,2982.65,94708,114662,-0.9843109823123722,0
2023-07-28 11:07:54,2972.55,196751,1,2982.65,94719,114733,-0.9843109823123722,0
2023-07-28 11:07:54,2972.85,196751,5,2982.65,94719,114733,-0.974317977415809,0
2023-07-28 11:07:58,2972.85,196756,5,2982.65,95049,114697,-0.974317977415809,0
2023-07-28 11:07:58,2972.85,196756,5,2982.65,94664,114697,-0.974317977415809,0
2023-07-28 11:07:58,2972.55,196756,1,2982.65,94664,114697,-0.9843109823123722,0
2023-07-28 11:08:00,2972.55,196757,1,2982.65,94539,114697,-0.9843109823123722,0
2023-07-28 11:08:00,2972.85,196757,1,2982.65,94549,114720,-0.974317977415809,0
2023-07-28 11:08:02,2972.85,196758,1,2982.65,94540,114719,-0.974317977415809,0
2023-07-28 11:08:02,2972.5,196758,7,2982.65,94540,114719,-0.9859764831284737,0
2023-07-28 11:08:03,2972.5,196770,7,2982.65,94530,114690,-0.9859764831284737,0
2023-07-28 11:08:03,2972.5,196770,7,2982.65,94573,114718,-0.9859764831284737,0
2023-07-28 11:08:06,2972.5,196789,9,2982.65,94564,114714,-0.9859764831284737,0
2023-07-28 11:08:06,2972.75,196789,10,2982.65,94564,114714,-0.9776489790479967,0
2023-07-28 11:08:06,2972.55,196789,1,2982.65,94564,114714,-0.9843109823123722,0
2023-07-28 11:08:08,2972.55,196800,1,2982.65,94620,114820,-0.9843109823123722,0
2023-07-28 11:08:08,2972.55,196800,1,2982.65,94620,114808,-0.9843109823123722,0
2023-07-28 11:08:08,2972.55,196800,1,2982.65,94620,114788,-0.9843109823123722,0
2023-07-28 11:08:08,2972.55,196800,1,2982.65,94620,114787,-0.9843109823123722,0
2023-07-28 11:08:08,2972.55,196800,1,2982.65,94625,114786,-0.9843109823123722,0
2023-07-28 11:08:08,2972.55,196800,1,2982.65,94630,114786,-0.9843109823123722,0
2023-07-28 11:08:08,2972.55,196800,1,2982.65,94630,114786,-0.9843109823123722,0
2023-07-28 11:08:08,2972.5,196800,7,2982.65,94630,114786,-0.9859764831284737,0
2023-07-28 11:08:15,2972.5,197174,7,2982.63,94632,114495,-0.9859764831284737,0
2023-07-28 11:08:16,2972.85,197192,2,2982.63,94700,114503,-0.974317977415809,0
2023-07-28 11:08:16,2972.85,197194,2,2982.63,94700,114501,-0.974317977415809,0
2023-07-28 11:08:16,2972.85,197194,2,2982.63,94588,114558,-0.974317977415809,0
2023-07-28 11:08:16,2972.85,197194,2,2982.63,94560,114558,-0.974317977415809,0
2023-07-28 11:08:16,2972.85,197194,10,2982.63,94560,114558,-0.974317977415809,0
2023-07-28 11:08:20,2972.7,197205,1,2982.63,94560,114548,-0.9793144798640981,0
2023-07-28 11:08:21,2972.85,197206,1,2982.63,94563,114547,-0.974317977415809,0
2023-07-28 11:08:22,2972.85,197208,2,2982.63,94565,114548,-0.974317977415809,0
2023-07-28 11:08:22,2972.85,197208,2,2982.63,94565,114545,-0.974317977415809,0
2023-07-28 11:08:22,2972.55,197208,5,2982.63,94565,114545,-0.9843109823123722,0
2023-07-28 11:08:24,2972.55,197213,5,2982.63,94562,114545,-0.9843109823123722,0
2023-07-28 11:08:24,2972.55,197213,1,2982.63,94562,114545,-0.9843109823123722,0
2023-07-28 11:08:24,2972.55,197213,1,2982.63,94562,114545,-0.9843109823123722,0
2023-07-28 11:08:24,2972.55,197214,1,2982.63,94575,114552,-0.9843109823123722,0
2023-07-28 11:08:24,2972.55,197214,1,2982.63,94575,114552,-0.9843109823123722,0
2023-07-28 11:08:24,2972.55,197214,1,2982.63,94575,114552,-0.9843109823123722,0
2023-07-28 11:08:24,2972.55,197214,1,2982.63,94575,114552,-0.9843109823123722,0
2023-07-28 11:08:28,2972.65,197215,1,2982.63,94575,114535,-0.9809799806801845,0
2023-07-28 11:08:28,2972.65,197215,1,2982.63,94575,114360,-0.9809799806801845,0
2023-07-28 11:08:28,2972.5,197215,6,2982.63,91579,114360,-0.9859764831284737,0
2023-07-28 11:08:30,2972.7,197221,1,2982.63,91576,114375,-0.9793144798640981,0
2023-07-28 11:08:31,2972.7,197222,1,2982.62,91576,114396,-0.9793144798640981,0
2023-07-28 11:08:31,2972.7,197222,2,2982.62,91576,114396,-0.9793144798640981,0
2023-07-28 11:08:32,2972.7,197224,2,2982.62,91576,114394,-0.9793144798640981,0
2023-07-28 11:08:32,2972.7,197224,2,2982.62,91578,114303,-0.9793144798640981,0
2023-07-28 11:08:37,2972.65,197225,1,2982.62,94566,114297,-0.9809799806801845,0
2023-07-28 11:08:37,2972.7,197232,1,2982.62,94594,114295,-0.9793144798640981,0
2023-07-28 11:08:37,2972.7,197232,1,2982.62,94606,114295,-0.9793144798640981,0
2023-07-28 11:08:37,2972.55,197232,1,2982.62,94606,114307,-0.9843109823123722,0
2023-07-28 11:08:40,2972.55,197233,1,2982.62,94623,114308,-0.9843109823123722,0
2023-07-28 11:08:40,2972.55,197233,1,2982.62,94620,114307,-0.9843109823123722,0
2023-07-28 11:08:40,2972.55,197233,1,2982.62,94663,114307,-0.9843109823123722,0
2023-07-28 11:08:40,2972.55,197233,1,2982.62,94666,114307,-0.9843109823123722,0
2023-07-28 11:08:40,2972.55,197233,1,2982.62,95044,114313,-0.9843109823123722,0
2023-07-28 11:08:40,2972.55,197233,1,2982.62,95041,114320,-0.9843109823123722,0
2023-07-28 11:08:40,2972.55,197233,1,2982.62,94701,114320,-0.9843109823123722,0
2023-07-28 11:08:48,2972.6,197239,6,2982.62,94825,114195,-0.9826454814962859,0
2023-07-28 11:08:48,2972.7,197239,3,2982.62,94825,114195,-0.9793144798640981,0
2023-07-28 11:08:49,2972.7,197243,3,2982.62,94825,114319,-0.9793144798640981,0
2023-07-28 11:08:49,2972.7,197243,1,2982.62,94825,114319,-0.9793144798640981,0
2023-07-28 11:08:49,2972.7,197244,1,2982.62,94826,114318,-0.9793144798640981,0
2023-07-28 11:08:49,2972.7,197244,1,2982.62,94829,114318,-0.9793144798640981,0
2023-07-28 11:08:49,2972.7,197244,1,2982.62,94829,114318,-0.9793144798640981,0
2023-07-28 11:08:53,2972.5,197342,5,2982.62,94932,114408,-0.9859764831284737,0
2023-07-28 11:08:53,2972.5,197342,5,2982.62,94923,114525,-0.9859764831284737,0
2023-07-28 11:08:55,2972.4,197366,4,2982.62,94753,114509,-0.9893074847606615,0
2023-07-28 11:08:55,2972.4,197366,4,2982.62,95138,114517,-0.9893074847606615,0
2023-07-28 11:08:55,2972.5,197366,192,2982.62,95138,114517,-0.9859764831284737,0
2023-07-28 11:08:57,2972.5,197580,13,2982.61,95141,114492,-0.9859764831284737,0
2023-07-28 11:08:58,2972.5,197581,1,2982.61,95141,114529,-0.9859764831284737,0
2023-07-28 11:08:58,2972.5,197581,1,2982.61,95143,114766,-0.9859764831284737,0
2023-07-28 11:08:58,2972.4,197581,1,2982.61,95143,114766,-0.9893074847606615,0
2023-07-28 11:09:01,2972.05,197610,5,2982.61,95210,115023,-1.0009659904733264,0
2023-07-28 11:09:01,2972.05,197610,5,2982.61,95210,115023,-1.0009659904733264,0
2023-07-28 11:09:01,2972.05,197610,5,2982.61,95225,115023,-1.0009659904733264,0
2023-07-28 11:09:03,2972.5,197618,8,2982.6,95274,114777,-0.9859764831284737,0
2023-07-28 11:09:03,2972.5,197618,8,2982.6,95293,114756,-0.9859764831284737,0
2023-07-28 11:09:03,2972.25,197618,1,2982.6,95293,114756,-0.9943039872089507,0
2023-07-28 11:09:07,2972.0,197627,2,2982.6,95285,114780,-1.0026314912894276,0
2023-07-28 11:09:07,2972.25,197627,3,2982.6,95285,114780,-0.9943039872089507,0
2023-07-28 11:09:07,2972.0,197627,9,2982.6,95285,114780,-1.0026314912894276,0
2023-07-28 11:09:07,2972.35,197627,1,2982.6,95285,114780,-0.9909729855767629,0
2023-07-28 11:09:10,2972.35,197646,1,2982.6,95324,114477,-0.9909729855767629,0
2023-07-28 11:09:10,2972.35,197646,1,2982.6,95324,114477,-0.9909729855767629,0
2023-07-28 11:09:10,2972.0,197646,50,2982.6,95324,114477,-1.0026314912894276,0
2023-07-28 11:09:10,2972.35,197646,3,2982.6,95324,114477,-0.9909729855767629,0
2023-07-28 11:09:15,2972.35,197708,5,2982.6,94993,114614,-0.9909729855767629,0
2023-07-28 11:09:15,2972.35,197708,1,2982.6,94993,114614,-0.9909729855767629,0
2023-07-28 11:09:16,2972.35,197729,1,2982.6,95086,112444,-0.9909729855767629,0
2023-07-28 11:09:16,2972.15,197729,1,2982.6,95086,112444,-0.9976349888411385,0
2023-07-28 11:09:16,2972.35,197729,1,2982.6,95086,112444,-0.9909729855767629,0
2023-07-28 11:09:16,2972.35,197729,3,2982.6,95086,112444,-0.9909729855767629,0
2023-07-28 11:09:22,2972.35,197736,3,2982.6,95025,114454,-0.9909729855767629,0
