2023-07-28 10:49:03,1986.55,159332,5,2009.0,37665,39929,-0.27359437751004245,0
2023-07-28 10:49:03,1986.55,159332,5,2009.0,37648,39923,-0.27359437751004245,0
2023-07-28 10:49:03,1986.55,159332,5,2009.0,37834,39941,-0.27359437751004245,0
2023-07-28 10:49:03,1986.55,159332,5,2009.0,37849,39928,-0.27359437751004245,0
2023-07-28 10:49:03,1986.55,159332,5,2009.0,37864,39943,-0.27359437751004245,0
2023-07-28 10:49:03,1986.55,159332,5,2009.0,37859,39931,-0.27359437751004245,0
2023-07-28 10:49:03,1986.55,159332,5,2009.0,37867,39934,-0.27359437751004245,0
2023-07-28 10:49:03,1986.55,159332,5,2009.0,37786,39934,-0.27359437751004245,0
2023-07-28 10:49:03,1986.55,159332,5,2009.0,37783,39936,-0.27359437751004245,0
2023-07-28 10:49:03,1986.55,159332,5,2009.0,37776,39939,-0.27359437751004245,0
2023-07-28 10:49:03,1986.55,159332,5,2009.0,37776,39936,-0.27359437751004245,0
2023-07-28 10:49:03,1986.55,159332,5,2009.0,37776,39925,-0.27359437751004245,0
2023-07-28 10:49:03,1986.55,159332,5,2009.0,37844,39899,-0.27359437751004245,0
2023-07-28 10:49:03,1986.55,159332,5,2009.0,35345,39899,-0.27359437751004245,0
2023-07-28 10:49:03,1986.55,159332,5,2009.0,37924,38780,-0.27359437751004245,0
2023-07-28 10:49:03,1986.55,159332,5,2009.0,37883,39684,-0.27359437751004245,0
2023-07-28 10:49:46,1988.1,159347,7,2009.0,38146,39059,-0.19578313253012505,0
2023-07-28 10:49:46,1988.1,159347,7,2009.0,38126,39619,-0.19578313253012505,0
2023-07-28 10:49:46,1988.1,159347,7,2009.0,35579,39500,-0.19578313253012505,0
2023-07-28 10:49:46,1988.1,159347,7,2009.0,38043,39674,-0.19578313253012505,0
2023-07-28 10:49:46,1988.1,159347,7,2009.0,38070,39501,-0.19578313253012505,0
2023-07-28 10:49:46,1988.1,159347,7,2009.0,38014,39578,-0.19578313253012505,0
2023-07-28 10:49:46,1988.1,159347,7,2009.0,38093,39516,-0.19578313253012505,0
2023-07-28 10:49:46,1988.1,159347,7,2009.0,38035,39545,-0.19578313253012505,0
2023-07-28 10:49:46,1988.1,159347,7,2009.0,38028,39523,-0.19578313253012505,0
2023-07-28 10:49:46,1988.1,159347,7,2009.0,38028,39603,-0.19578313253012505,0
2023-07-28 10:49:46,1988.1,159347,7,2009.0,35706,39697,-0.19578313253012505,0
2023-07-28 10:49:46,1988.1,159347,7,2009.0,38252,39666,-0.19578313253012505,0
2023-07-28 10:49:46,1988.1,159347,7,2009.0,38283,39785,-0.19578313253012505,0
2023-07-28 10:49:46,1988.1,159347,7,2009.0,35778,39915,-0.19578313253012505,0
2023-07-28 10:49:46,1988.1,159347,7,2009.0,38168,39950,-0.19578313253012505,0
2023-07-28 10:49:46,1987.35,159347,11,2009.0,38168,39950,-0.2334337349397636,0
2023-07-28 10:50:01,1987.35,159366,11,2009.0,38209,40031,-0.2334337349397636,0
2023-07-28 10:50:01,1987.35,159366,11,2009.0,38172,39974,-0.2334337349397636,0
2023-07-28 10:50:01,1987.35,159366,11,2009.0,38168,39989,-0.2334337349397636,0
2023-07-28 10:50:01,1987.35,159366,11,2009.0,38190,39892,-0.2334337349397636,0
2023-07-28 10:50:01,1987.35,159366,11,2009.0,38203,39886,-0.2334337349397636,0
2023-07-28 10:50:01,1987.35,159366,11,2009.0,38178,39861,-0.2334337349397636,0
2023-07-28 10:50:01,1988.5,159366,1,2009.0,38178,39861,-0.1757028112449799,0
2023-07-28 10:50:08,1988.5,159367,1,2009.0,38188,39929,-0.1757028112449799,0
2023-07-28 10:50:08,1988.5,159367,1,2009.0,38191,39929,-0.1757028112449799,0
2023-07-28 10:50:08,1988.5,159367,1,2009.0,38191,39929,-0.1757028112449799,0
2023-07-28 10:50:08,1988.5,159367,1,2009.0,38191,39929,-0.1757028112449799,0
2023-07-28 10:50:08,1988.5,159367,1,2009.0,38188,39929,-0.1757028112449799,0
2023-07-28 10:50:08,1988.5,159367,1,2009.0,38234,39876,-0.1757028112449799,0
2023-07-28 10:50:08,1988.5,159367,1,2009.0,38168,40112,-0.1757028112449799,0
2023-07-28 10:50:08,1988.5,159367,1,2009.0,35692,40101,-0.1757028112449799,0
2023-07-28 10:50:08,1988.5,159367,1,2009.0,38202,40110,-0.1757028112449799,0
2023-07-28 10:50:08,1988.5,159367,1,2009.0,38202,40110,-0.1757028112449799,0
2023-07-28 10:50:08,1988.5,159367,1,2009.0,38202,40110,-0.1757028112449799,0
2023-07-28 10:50:08,1988.5,159367,1,2009.0,38202,40110,-0.1757028112449799,0
2023-07-28 10:50:08,1988.5,159367,1,2009.0,38202,40110,-0.1757028112449799,0
2023-07-28 10:50:08,1988.5,159367,1,2009.0,38228,40129,-0.1757028112449799,0
2023-07-28 10:50:08,1988.5,159367,1,2009.0,38228,40129,-0.1757028112449799,0
2023-07-28 10:50:08,1988.5,159367,1,2009.0,38193,40127,-0.1757028112449799,0
2023-07-28 10:50:08,1988.5,159367,1,2009.0,38193,40127,-0.1757028112449799,0
2023-07-28 10:50:08,1988.5,159367,1,2009.0,38260,40117,-0.1757028112449799,0
2023-07-28 10:50:08,1988.5,159367,1,2009.0,38205,40117,-0.1757028112449799,0
2023-07-28 10:50:08,1988.5,159367,1,2009.0,38205,40117,-0.1757028112449799,0
2023-07-28 10:50:08,1988.5,159367,1,2009.0,38237,40117,-0.1757028112449799,0
2023-07-28 10:50:08,1988.5,159367,1,2009.0,38140,40114,-0.1757028112449799,0
2023-07-28 10:50:08,1988.5,159367,1,2009.0,35655,40083,-0.1757028112449799,0
2023-07-28 10:50:08,1988.5,159367,1,2009.0,38203,40080,-0.1757028112449799,0
2023-07-28 10:50:08,1988.5,159367,1,2009.0,38159,40082,-0.1757028112449799,0
2023-07-28 10:50:08,1988.5,159367,1,2009.0,38167,40072,-0.1757028112449799,0
2023-07-28 10:50:08,1988.5,159367,1,2009.0,38160,40072,-0.1757028112449799,0
2023-07-28 10:50:08,1988.5,159367,1,2009.0,38227,40075,-0.1757028112449799,0
2023-07-28 10:50:08,1988.5,159367,1,2009.0,35727,40075,-0.1757028112449799,0
2023-07-28 10:50:08,1988.5,159367,1,2009.0,38215,40075,-0.1757028112449799,0
2023-07-28 10:50:08,1988.5,159367,1,2009.0,38218,40075,-0.1757028112449799,0
2023-07-28 10:50:08,1988.7,159367,8,2009.0,38218,40075,-0.16566265060240737,0
2023-07-28 10:50:37,1988.7,159395,8,2009.0,38216,40051,-0.16566265060240737,0
2023-07-28 10:50:37,1988.7,159395,8,2009.0,38216,40068,-0.16566265060240737,0
2023-07-28 10:50:37,1988.7,159395,8,2009.0,38325,40029,-0.16566265060240737,0
2023-07-28 10:50:37,1988.7,159395,8,2009.0,38308,40091,-0.16566265060240737,0
2023-07-28 10:50:37,1988.7,159395,8,2009.0,38295,40091,-0.16566265060240737,0
2023-07-28 10:50:37,1988.7,159395,8,2009.0,38295,40092,-0.16566265060240737,0
2023-07-28 10:50:37,1988.95,159395,1,2009.0,38295,40092,-0.1531124497991945,0
2023-07-28 10:50:45,1988.95,159398,2,2009.0,38316,40044,-0.1531124497991945,0
2023-07-28 10:50:45,1988.95,159398,2,2009.0,38316,40044,-0.1531124497991945,0
2023-07-28 10:50:47,1988.95,159399,1,2009.0,38377,40052,-0.1531124497991945,0
2023-07-28 10:50:47,1988.95,159399,1,2009.0,38343,40013,-0.1531124497991945,0
2023-07-28 10:50:47,1988.95,159399,1,2009.0,35840,40005,-0.1531124497991945,0
2023-07-28 10:50:47,1988.95,159399,1,2009.0,35390,40016,-0.1531124497991945,0
2023-07-28 10:50:47,1989.35,159399,3,2009.0,38400,40016,-0.1330321285140608,0
2023-07-28 10:50:47,1989.0,159399,2,2009.0,38400,40016,-0.15060240963855423,0
2023-07-28 10:50:52,1989.0,159405,2,2008.99,38354,40206,-0.15060240963855423,0
2023-07-28 10:50:52,1989.0,159405,2,2008.99,38368,40200,-0.15060240963855423,0
2023-07-28 10:50:52,1989.0,159405,2,2008.99,38368,40200,-0.15060240963855423,0
2023-07-28 10:50:52,1989.0,159405,2,2008.99,38378,40200,-0.15060240963855423,0
2023-07-28 10:50:52,1989.0,159405,2,2008.99,38378,40200,-0.15060240963855423,0
2023-07-28 10:50:52,1989.0,159405,2,2008.99,38390,40191,-0.15060240963855423,0
2023-07-28 10:50:52,1989.0,159405,2,2008.99,38390,40191,-0.15060240963855423,0
2023-07-28 10:50:52,1989.0,159405,2,2008.99,38390,40191,-0.15060240963855423,0
2023-07-28 10:50:52,1989.0,159405,2,2008.99,38390,40191,-0.15060240963855423,0
2023-07-28 10:50:52,1989.0,159405,2,2008.99,38390,40191,-0.15060240963855423,0
2023-07-28 10:50:52,1989.0,159405,2,2008.99,38387,40119,-0.15060240963855423,0
2023-07-28 10:50:52,1989.0,159405,2,2008.99,38392,40118,-0.15060240963855423,0
2023-07-28 10:50:52,1989.0,159405,2,2008.99,38392,40144,-0.15060240963855423,0
2023-07-28 10:50:52,1989.0,159405,2,2008.99,38392,40144,-0.15060240963855423,0
2023-07-28 10:50:52,1989.0,159405,2,2008.99,38392,40144,-0.15060240963855423,0
2023-07-28 10:51:10,1989.0,159418,13,2008.99,38453,40083,-0.15060240963855423,0
2023-07-28 10:51:10,1989.0,159418,13,2008.99,38452,40100,-0.15060240963855423,0
2023-07-28 10:51:10,1989.0,159418,13,2008.99,38452,40097,-0.15060240963855423,0
2023-07-28 10:51:10,1989.0,159418,13,2008.99,38452,40107,-0.15060240963855423,0
2023-07-28 10:51:10,1989.0,159418,13,2008.99,38451,40108,-0.15060240963855423,0
2023-07-28 10:51:10,1989.0,159418,13,2008.99,38435,40108,-0.15060240963855423,0
2023-07-28 10:51:10,1989.0,159418,13,2008.99,38425,40108,-0.15060240963855423,0
2023-07-28 10:51:10,1989.0,159418,13,2008.99,38425,40108,-0.15060240963855423,0
2023-07-28 10:51:10,1989.0,159418,13,2008.99,38413,40108,-0.15060240963855423,0
2023-07-28 10:51:22,1989.0,159438,20,2008.99,38404,40088,-0.15060240963855423,0
2023-07-28 10:51:22,1989.0,159438,20,2008.99,38404,40088,-0.15060240963855423,0
2023-07-28 10:51:22,1989.0,159438,20,2008.99,35927,40088,-0.15060240963855423,0
2023-07-28 10:51:22,1989.0,159438,20,2008.99,38427,40091,-0.15060240963855423,0
2023-07-28 10:51:22,1987.9,159438,3,2008.99,35911,40094,-0.2058232931726862,0
2023-07-28 10:51:30,1987.9,159442,3,2008.99,38403,40098,-0.2058232931726862,0
2023-07-28 10:51:30,1989.0,159442,1,2008.99,38403,40098,-0.15060240963855423,0
2023-07-28 10:51:31,1989.0,159443,1,2008.99,38399,40093,-0.15060240963855423,0
2023-07-28 10:51:31,1989.0,159443,1,2008.99,38413,40111,-0.15060240963855423,0
2023-07-28 10:51:31,1989.0,159443,1,2008.99,38390,40094,-0.15060240963855423,0
2023-07-28 10:51:31,1989.0,159443,1,2008.99,38400,40094,-0.15060240963855423,0
2023-07-28 10:51:31,1989.0,159443,1,2008.99,35923,40095,-0.15060240963855423,0
2023-07-28 10:51:31,1989.0,159443,1,2008.99,38423,40098,-0.15060240963855423,0
2023-07-28 10:51:31,1989.0,159443,1,2008.99,38389,40075,-0.15060240963855423,0
2023-07-28 10:51:31,1989.0,159443,1,2008.99,38396,40095,-0.15060240963855423,0
2023-07-28 10:51:31,1989.0,159443,1,2008.99,38400,40092,-0.15060240963855423,0
2023-07-28 10:51:31,1989.0,159443,1,2008.99,38431,40087,-0.15060240963855423,0
2023-07-28 10:51:31,1989.0,159443,1,2008.99,38433,40087,-0.15060240963855423,0
2023-07-28 10:51:31,1989.0,159443,1,2008.99,38415,40097,-0.15060240963855423,0
2023-07-28 10:51:31,1989.0,159443,1,2008.99,38397,40056,-0.15060240963855423,0
2023-07-28 10:51:31,1989.0,159443,1,2008.99,38388,40091,-0.15060240963855423,0
2023-07-28 10:51:31,1989.0,159443,1,2008.99,38388,40092,-0.15060240963855423,0
2023-07-28 10:51:31,1989.0,159443,1,2008.99,38392,40094,-0.15060240963855423,0
2023-07-28 10:51:31,1989.0,159443,1,2008.99,38416,40099,-0.15060240963855423,0
2023-07-28 10:51:31,1989.0,159443,1,2008.99,38398,40062,-0.15060240963855423,0
2023-07-28 10:51:31,1989.0,159443,1,2008.99,38397,40108,-0.15060240963855423,0
2023-07-28 10:51:31,1989.0,159443,1,2008.99,38395,40100,-0.15060240963855423,0
2023-07-28 10:51:31,1989.0,159443,1,2008.99,38403,40083,-0.15060240963855423,0
2023-07-28 10:51:31,1989.0,159443,1,2008.99,38408,40096,-0.15060240963855423,0
2023-07-28 10:51:31,1988.95,159443,1,2008.99,38439,40093,-0.1531124497991945,0
2023-07-28 10:52:04,1988.95,159444,1,2008.99,38449,40095,-0.1531124497991945,0
2023-07-28 10:52:04,1988.95,159444,1,2008.99,38420,40095,-0.1531124497991945,0
2023-07-28 10:52:04,1988.95,159444,1,2008.99,38427,40091,-0.1531124497991945,0
2023-07-28 10:52:04,1988.95,159444,1,2008.99,38435,40091,-0.1531124497991945,0
2023-07-28 10:52:04,1988.95,159444,1,2008.99,38435,40091,-0.1531124497991945,0
2023-07-28 10:52:04,1988.95,159444,1,2008.99,38409,40093,-0.1531124497991945,0
2023-07-28 10:52:04,1988.95,159444,1,2008.99,38400,40093,-0.1531124497991945,0
2023-07-28 10:52:04,1988.95,159444,1,2008.99,38402,40093,-0.1531124497991945,0
2023-07-28 10:52:04,1988.95,159444,1,2008.99,38408,40092,-0.1531124497991945,0
2023-07-28 10:52:04,1988.95,159444,1,2008.99,35917,40202,-0.1531124497991945,0
2023-07-28 10:52:04,1988.95,159444,1,2008.99,38410,40180,-0.1531124497991945,0
2023-07-28 10:52:04,1988.95,159444,1,2008.99,38435,40217,-0.1531124497991945,0
2023-07-28 10:52:04,1989.25,159444,22,2008.99,38435,40217,-0.13805220883534136,0
2023-07-28 10:52:48,1989.25,159484,22,2008.98,38535,40112,-0.13805220883534136,0
2023-07-28 10:52:48,1989.25,159484,22,2008.98,38525,40111,-0.13805220883534136,0
2023-07-28 10:52:48,1989.25,159484,22,2008.98,38520,40071,-0.13805220883534136,0
2023-07-28 10:52:48,1989.25,159484,22,2008.98,38506,40130,-0.13805220883534136,0
2023-07-28 10:53:09,1989.45,159486,2,2008.98,38488,40128,-0.1280120481927688,0
2023-07-28 10:53:09,1989.45,159486,2,2008.98,36345,39898,-0.1280120481927688,0
2023-07-28 10:53:09,1989.45,159486,2,2008.98,38767,39970,-0.1280120481927688,0
2023-07-28 10:53:09,1989.45,159486,2,2008.98,38767,39970,-0.1280120481927688,0
2023-07-28 10:53:09,1989.45,159486,2,2008.98,38687,39912,-0.1280120481927688,0
2023-07-28 10:53:09,1989.45,159486,2,2008.98,38687,39912,-0.1280120481927688,0
2023-07-28 10:53:09,1989.45,159486,2,2008.98,38687,39912,-0.1280120481927688,0
2023-07-28 10:53:09,1989.45,159486,2,2008.98,38687,39912,-0.1280120481927688,0
2023-07-28 10:53:09,1989.45,159486,2,2008.98,38687,39912,-0.1280120481927688,0
2023-07-28 10:53:09,1989.45,159486,2,2008.98,38687,39912,-0.1280120481927688,0
2023-07-28 10:53:09,1989.45,159486,2,2008.98,38687,39912,-0.1280120481927688,0
2023-07-28 10:53:09,1989.45,159486,2,2008.98,38694,39993,-0.1280120481927688,0
2023-07-28 10:53:09,1989.45,159486,2,2008.98,38693,40103,-0.1280120481927688,0
2023-07-28 10:53:09,1989.45,159486,2,2008.98,38758,40102,-0.1280120481927688,0
2023-07-28 10:53:09,1989.45,159486,2,2008.98,38758,40112,-0.1280120481927688,0
2023-07-28 10:53:09,1991.1,159486,26,2008.98,38758,40112,-0.04518072289157083,0
2023-07-28 10:53:46,1989.95,159641,1,2008.97,39012,40046,-0.1029116465863431,0
2023-07-28 10:53:46,1990.0,159641,21,2008.97,39012,40046,-0.10040160642570281,0
2023-07-28 10:53:46,1989.65,159641,1,2008.97,39012,40046,-0.11797188755019623,0
2023-07-28 10:53:57,1990.0,159687,21,2008.96,38950,40098,-0.10040160642570281,0
2023-07-28 10:53:57,1990.5,159687,3,2008.96,38950,40098,-0.07530120481927711,0
2023-07-28 10:53:57,1989.05,159687,20,2008.96,38950,40098,-0.14809236947791393,0
2023-07-28 10:53:57,1990.25,159687,1,2008.96,38950,40098,-0.08785140562248996,0
2023-07-28 10:53:57,1990.4,159687,16,2008.96,38950,40098,-0.08032128514055768,0
2023-07-28 10:54:04,1990.4,160296,16,2008.89,38787,40058,-0.08032128514055768,0
2023-07-28 10:54:04,1990.4,160296,16,2008.89,38783,40051,-0.08032128514055768,0
2023-07-28 10:54:04,1990.4,160296,16,2008.89,38783,40051,-0.08032128514055768,0
2023-07-28 10:54:04,1990.4,160296,16,2008.89,38786,40173,-0.08032128514055768,0
2023-07-28 10:54:04,1990.4,160296,16,2008.89,38772,40048,-0.08032128514055768,0
2023-07-28 10:54:04,1990.4,160296,16,2008.89,38772,40060,-0.08032128514055768,0
2023-07-28 10:54:04,1990.4,160296,16,2008.89,38799,40161,-0.08032128514055768,0
2023-07-28 10:54:04,1990.4,160296,16,2008.89,38764,40143,-0.08032128514055768,0
2023-07-28 10:54:04,1990.4,160296,16,2008.89,38787,40025,-0.08032128514055768,0
2023-07-28 10:54:04,1990.4,160296,16,2008.89,38789,40025,-0.08032128514055768,0
2023-07-28 10:54:04,1990.0,160296,7,2008.89,38789,40025,-0.10040160642570281,0
2023-07-28 10:54:18,1990.0,160303,7,2008.88,38802,40086,-0.10040160642570281,0
2023-07-28 10:54:18,1990.0,160303,7,2008.88,36316,40095,-0.10040160642570281,0
2023-07-28 10:54:18,1990.0,160303,7,2008.88,38798,39971,-0.10040160642570281,0
2023-07-28 10:54:18,1990.0,160303,7,2008.88,38774,39988,-0.10040160642570281,0
2023-07-28 10:54:18,1990.0,160303,7,2008.88,36274,39987,-0.10040160642570281,0
2023-07-28 10:54:18,1990.0,160303,7,2008.88,38750,40002,-0.10040160642570281,0
2023-07-28 10:54:18,1990.0,160303,1,2008.88,38750,40002,-0.10040160642570281,0
2023-07-28 10:54:25,1990.0,160304,1,2008.88,38743,40035,-0.10040160642570281,0
2023-07-28 10:54:25,1990.0,160304,1,2008.88,36258,40022,-0.10040160642570281,0
2023-07-28 10:54:25,1990.0,160304,1,2008.88,38762,40030,-0.10040160642570281,0
2023-07-28 10:54:25,1990.0,160304,1,2008.88,38737,40163,-0.10040160642570281,0
2023-07-28 10:54:25,1990.0,160304,1,2008.88,36237,40134,-0.10040160642570281,0
2023-07-28 10:54:25,1990.0,160304,1,2008.88,38726,40132,-0.10040160642570281,0
2023-07-28 10:54:25,1990.0,160304,1,2008.88,38735,39973,-0.10040160642570281,0
2023-07-28 10:54:25,1990.0,160304,1,2008.88,36234,40102,-0.10040160642570281,0
2023-07-28 10:54:25,1990.0,160304,1,2008.88,38768,40089,-0.10040160642570281,0
2023-07-28 10:54:25,1990.0,160304,1,2008.88,38756,40080,-0.10040160642570281,0
2023-07-28 10:54:25,1990.0,160304,1,2008.88,36256,40117,-0.10040160642570281,0
2023-07-28 10:54:25,1990.0,160304,1,2008.88,36255,40121,-0.10040160642570281,0
2023-07-28 10:54:25,1990.0,160304,1,2008.88,38755,40230,-0.10040160642570281,0
2023-07-28 10:54:25,1990.0,160304,1,2008.88,38809,40200,-0.10040160642570281,0
2023-07-28 10:54:25,1990.0,160304,1,2008.88,38812,40223,-0.10040160642570281,0
2023-07-28 10:54:25,1990.0,160304,1,2008.88,38811,40219,-0.10040160642570281,0
2023-07-28 10:54:25,1990.0,160304,1,2008.88,36311,40192,-0.10040160642570281,0
2023-07-28 10:54:25,1990.0,160304,1,2008.88,38800,40200,-0.10040160642570281,0
2023-07-28 10:54:25,1990.0,160304,1,2008.88,38811,40427,-0.10040160642570281,0
2023-07-28 10:54:25,1990.0,160304,1,2008.88,38808,40290,-0.10040160642570281,0
2023-07-28 10:54:25,1990.0,160304,1,2008.88,38805,40466,-0.10040160642570281,0
2023-07-28 10:54:25,1990.0,160304,1,2008.88,38794,40466,-0.10040160642570281,0
2023-07-28 10:54:25,1990.0,160304,1,2008.88,36293,40303,-0.10040160642570281,0
2023-07-28 10:54:25,1990.0,160304,1,2008.88,38812,40404,-0.10040160642570281,0
2023-07-28 10:54:25,1990.0,160304,1,2008.88,38804,40393,-0.10040160642570281,0
2023-07-28 10:54:25,1990.0,160304,1,2008.88,38829,40316,-0.10040160642570281,0
2023-07-28 10:54:25,1990.0,160304,1,2008.88,38823,40530,-0.10040160642570281,0
2023-07-28 10:54:25,1990.0,160304,1,2008.88,38807,40516,-0.10040160642570281,0
2023-07-28 10:54:25,1990.0,160304,1,2008.88,36299,40540,-0.10040160642570281,0
2023-07-28 10:54:25,1990.0,160304,1,2008.88,38810,40461,-0.10040160642570281,0
2023-07-28 10:54:25,1990.0,160304,7,2008.88,38810,40461,-0.10040160642570281,0
2023-07-28 10:55:01,1990.0,160311,7,2008.88,36406,40245,-0.10040160642570281,0
2023-07-28 10:55:01,1990.0,160311,7,2008.88,38922,40356,-0.10040160642570281,0
2023-07-28 10:55:01,1990.0,160311,7,2008.88,38922,40548,-0.10040160642570281,0
2023-07-28 10:55:05,1989.65,160391,15,2008.87,36207,40612,-0.11797188755019623,0
2023-07-28 10:55:05,1989.25,160391,20,2008.87,36207,40612,-0.13805220883534136,0
2023-07-28 10:55:05,1987.95,160391,1,2008.87,36207,40612,-0.20331325301204592,0
2023-07-28 10:55:06,1987.8,160455,1,2008.87,36669,40881,-0.2108433734939782,0
2023-07-28 10:55:07,1987.8,160456,1,2008.87,37705,41010,-0.2108433734939782,0
2023-07-28 10:55:09,1987.6,160482,2,2008.86,37422,41422,-0.22088353413655076,0
2023-07-28 10:55:09,1987.6,160482,2,2008.86,37647,41469,-0.22088353413655076,0
2023-07-28 10:55:09,1987.6,160482,2,2008.86,37721,41039,-0.22088353413655076,0
2023-07-28 10:55:09,1987.6,160482,2,2008.86,37714,41650,-0.22088353413655076,0
2023-07-28 10:55:09,1987.6,160482,2,2008.86,37720,41666,-0.22088353413655076,0
2023-07-28 10:55:09,1987.6,160482,2,2008.86,37789,41750,-0.22088353413655076,0
2023-07-28 10:55:09,1987.6,160482,2,2008.86,37806,41719,-0.22088353413655076,0
2023-07-28 10:55:09,1987.6,160482,2,2008.86,37788,41727,-0.22088353413655076,0
2023-07-28 10:55:09,1987.6,160482,2,2008.86,37819,41725,-0.22088353413655076,0
2023-07-28 10:55:09,1987.6,160482,2,2008.86,37796,41985,-0.22088353413655076,0
2023-07-28 10:55:09,1987.6,160482,2,2008.86,37814,42357,-0.22088353413655076,0
2023-07-28 10:55:09,1987.6,160482,2,2008.86,37772,42489,-0.22088353413655076,0
2023-07-28 10:55:09,1987.6,160482,2,2008.86,35240,42444,-0.22088353413655076,0
2023-07-28 10:55:09,1987.6,160482,2,2008.86,35236,42544,-0.22088353413655076,0
2023-07-28 10:55:09,1987.6,160482,2,2008.86,37758,42523,-0.22088353413655076,0
2023-07-28 10:55:09,1987.6,160482,2,2008.86,37679,42558,-0.22088353413655076,0
2023-07-28 10:55:09,1987.6,160482,2,2008.86,37712,42679,-0.22088353413655076,0
2023-07-28 10:55:09,1987.6,160482,2,2008.86,37782,42720,-0.22088353413655076,0
2023-07-28 10:55:09,1987.6,160482,2,2008.86,35231,42881,-0.22088353413655076,0
2023-07-28 10:55:09,1987.6,160482,2,2008.86,35241,42959,-0.22088353413655076,0
2023-07-28 10:55:09,1987.6,160482,2,2008.86,35241,42960,-0.22088353413655076,0
2023-07-28 10:55:09,1987.6,160482,2,2008.86,35243,43131,-0.22088353413655076,0
2023-07-28 10:55:09,1987.6,160482,2,2008.86,37748,43095,-0.22088353413655076,0
2023-07-28 10:55:09,1987.6,160482,2,2008.86,37748,43121,-0.22088353413655076,0
2023-07-28 10:55:09,1987.6,160482,2,2008.86,35240,43117,-0.22088353413655076,0
2023-07-28 10:55:09,1987.6,160482,2,2008.86,37759,43111,-0.22088353413655076,0
2023-07-28 10:55:09,1987.6,160482,2,2008.86,37735,43179,-0.22088353413655076,0
2023-07-28 10:55:09,1987.6,160482,2,2008.86,35238,43173,-0.22088353413655076,0
2023-07-28 10:55:09,1987.6,160482,2,2008.86,35233,43187,-0.22088353413655076,0
2023-07-28 10:55:09,1987.6,160482,2,2008.86,37698,43169,-0.22088353413655076,0
2023-07-28 10:55:09,1987.6,160482,2,2008.86,37687,43174,-0.22088353413655076,0
2023-07-28 10:55:09,1987.6,160482,2,2008.86,35147,43182,-0.22088353413655076,0
2023-07-28 10:55:09,1987.6,160482,2,2008.86,37667,43182,-0.22088353413655076,0
2023-07-28 10:55:09,1987.6,160482,2,2008.86,37668,43166,-0.22088353413655076,0
2023-07-28 10:55:09,1987.6,160482,2,2008.86,37666,43129,-0.22088353413655076,0
2023-07-28 10:55:09,1987.6,160482,2,2008.86,37663,43134,-0.22088353413655076,0
2023-07-28 10:55:09,1987.6,160482,2,2008.86,37681,43135,-0.22088353413655076,0
2023-07-28 10:55:09,1987.6,160482,2,2008.86,37678,43085,-0.22088353413655076,0
2023-07-28 10:55:09,1987.6,160482,2,2008.86,37687,43088,-0.22088353413655076,0
2023-07-28 10:55:09,1987.6,160482,2,2008.86,37685,43066,-0.22088353413655076,0
2023-07-28 10:55:09,1987.7,160482,1,2008.86,37685,43066,-0.21586345381525876,0
2023-07-28 10:55:49,1987.7,160497,1,2008.86,37718,43070,-0.21586345381525876,0
2023-07-28 10:55:49,1987.7,160497,1,2008.86,37724,43118,-0.21586345381525876,0
2023-07-28 10:55:49,1987.7,160497,1,2008.86,37688,43167,-0.21586345381525876,0
2023-07-28 10:55:49,1987.7,160497,1,2008.86,37697,43141,-0.21586345381525876,0
2023-07-28 10:55:49,1987.7,160497,1,2008.86,37698,43089,-0.21586345381525876,0
2023-07-28 10:55:49,1987.7,160497,1,2008.86,37819,43028,-0.21586345381525876,0
2023-07-28 10:55:49,1987.7,160497,1,2008.86,37861,43058,-0.21586345381525876,0
2023-07-28 10:55:49,1987.7,160497,1,2008.86,35332,43044,-0.21586345381525876,0
2023-07-28 10:55:49,1987.7,160497,1,2008.86,37877,43045,-0.21586345381525876,0
2023-07-28 10:55:49,1987.7,160497,1,2008.86,37766,43109,-0.21586345381525876,0
2023-07-28 10:55:49,1987.7,160497,1,2008.86,37760,43100,-0.21586345381525876,0
2023-07-28 10:55:49,1987.7,160497,1,2008.86,37725,43107,-0.21586345381525876,0
2023-07-28 10:55:49,1987.7,160497,1,2008.86,37747,43118,-0.21586345381525876,0
2023-07-28 10:55:49,1987.7,160497,1,2008.86,37754,43119,-0.21586345381525876,0
2023-07-28 10:55:49,1987.7,160497,1,2008.86,37688,43130,-0.21586345381525876,0
2023-07-28 10:55:49,1987.7,160497,1,2008.86,37697,43088,-0.21586345381525876,0
2023-07-28 10:55:49,1987.7,160497,1,2008.86,37765,43088,-0.21586345381525876,0
2023-07-28 10:55:49,1987.7,160497,1,2008.86,37753,43121,-0.21586345381525876,0
2023-07-28 10:55:49,1987.7,160497,1,2008.86,35245,43104,-0.21586345381525876,0
2023-07-28 10:55:49,1986.35,160497,1,2008.86,35245,43104,-0.283634538152615,0
2023-07-28 10:56:09,1986.35,160498,1,2008.86,37728,43185,-0.283634538152615,0
2023-07-28 10:56:09,1986.35,160498,1,2008.86,37731,43241,-0.283634538152615,0
2023-07-28 10:56:09,1986.35,160498,1,2008.86,37731,43243,-0.283634538152615,0
2023-07-28 10:56:09,1986.35,160498,1,2008.86,37783,43243,-0.283634538152615,0
2023-07-28 10:56:09,1986.35,160498,1,2008.86,37779,43247,-0.283634538152615,0
2023-07-28 10:56:09,1986.35,160498,1,2008.86,37796,43247,-0.283634538152615,0
2023-07-28 10:56:09,1986.35,160498,1,2008.86,37793,43273,-0.283634538152615,0
2023-07-28 10:56:09,1986.35,160498,1,2008.86,37773,43296,-0.283634538152615,0
2023-07-28 10:56:09,1986.35,160498,1,2008.86,37740,43290,-0.283634538152615,0
2023-07-28 10:56:09,1986.9,160498,8,2008.86,37740,43290,-0.2560240963855376,0
2023-07-28 10:56:19,1986.9,160506,8,2008.86,37776,43271,-0.2560240963855376,0
2023-07-28 10:56:19,1986.9,160506,8,2008.86,37752,43266,-0.2560240963855376,0
2023-07-28 10:56:19,1986.9,160506,8,2008.86,37752,43266,-0.2560240963855376,0
2023-07-28 10:56:19,1986.9,160506,8,2008.86,37729,43163,-0.2560240963855376,0
2023-07-28 10:56:19,1986.9,160506,8,2008.86,37729,43163,-0.2560240963855376,0
2023-07-28 10:56:19,1986.9,160506,8,2008.86,37742,43187,-0.2560240963855376,0
2023-07-28 10:56:19,1986.9,160506,8,2008.86,37731,43169,-0.2560240963855376,0
2023-07-28 10:56:19,1986.9,160506,8,2008.86,37731,43169,-0.2560240963855376,0
2023-07-28 10:56:19,1986.9,160506,8,2008.86,37744,43157,-0.2560240963855376,0
2023-07-28 10:56:19,1986.9,160506,8,2008.86,37744,43157,-0.2560240963855376,0
2023-07-28 10:56:19,1986.9,160506,8,2008.86,37765,43187,-0.2560240963855376,0
2023-07-28 10:56:19,1986.9,160506,8,2008.86,37768,43158,-0.2560240963855376,0
2023-07-28 10:56:19,1985.45,160506,13,2008.86,37768,43158,-0.3288152610441744,0
2023-07-28 10:56:28,1985.45,160606,13,2008.85,36601,43158,-0.3288152610441744,0
2023-07-28 10:56:28,1985.45,160606,13,2008.85,37694,43152,-0.3288152610441744,0
2023-07-28 10:56:28,1985.45,160606,13,2008.85,37715,43129,-0.3288152610441744,0
2023-07-28 10:56:28,1985.45,160606,13,2008.85,37766,43130,-0.3288152610441744,0
2023-07-28 10:56:28,1985.45,160606,13,2008.85,38278,43133,-0.3288152610441744,0
2023-07-28 10:56:28,1985.45,160606,13,2008.85,38274,43109,-0.3288152610441744,0
2023-07-28 10:56:28,1985.45,160606,13,2008.85,38279,43106,-0.3288152610441744,0
2023-07-28 10:56:28,1985.45,160606,13,2008.85,38274,43106,-0.3288152610441744,0
2023-07-28 10:56:28,1985.45,160606,13,2008.85,38271,43145,-0.3288152610441744,0
2023-07-28 10:56:28,1985.45,160606,13,2008.85,38274,43128,-0.3288152610441744,0
2023-07-28 10:56:28,1985.45,160606,13,2008.85,38277,43121,-0.3288152610441744,0
2023-07-28 10:56:28,1985.45,160606,13,2008.85,38277,43104,-0.3288152610441744,0
2023-07-28 10:56:28,1985.45,160606,13,2008.85,38274,43133,-0.3288152610441744,0
2023-07-28 10:56:28,1985.45,160606,13,2008.85,38289,43130,-0.3288152610441744,0
2023-07-28 10:56:28,1985.45,160606,13,2008.85,38292,43130,-0.3288152610441744,0
2023-07-28 10:56:28,1985.45,160606,13,2008.85,38289,43122,-0.3288152610441744,0
2023-07-28 10:56:28,1985.45,160606,13,2008.85,38315,43122,-0.3288152610441744,0
2023-07-28 10:56:28,1985.45,160606,13,2008.85,38316,43122,-0.3288152610441744,0
2023-07-28 10:56:28,1985.45,160606,13,2008.85,38319,43122,-0.3288152610441744,0
2023-07-28 10:56:28,1985.45,160606,13,2008.85,38313,43125,-0.3288152610441744,0
2023-07-28 10:56:28,1985.45,160606,13,2008.85,38313,43125,-0.3288152610441744,0
2023-07-28 10:56:28,1985.45,160606,13,2008.85,38309,43125,-0.3288152610441744,0
2023-07-28 10:56:28,1985.45,160606,13,2008.85,38343,43107,-0.3288152610441744,0
2023-07-28 10:56:28,1985.45,160606,13,2008.85,38348,43107,-0.3288152610441744,0
2023-07-28 10:56:28,1985.45,160606,13,2008.85,38351,43107,-0.3288152610441744,0
2023-07-28 10:56:28,1985.45,160606,13,2008.85,38318,43115,-0.3288152610441744,0
2023-07-28 10:56:28,1986.2,160606,3,2008.85,38318,43115,-0.2911646586345359,0
2023-07-28 10:56:56,1986.2,160609,3,2008.85,38283,43137,-0.2911646586345359,0
2023-07-28 10:56:56,1986.2,160609,3,2008.85,38273,43096,-0.2911646586345359,0
2023-07-28 10:56:56,1986.2,160609,3,2008.85,38272,43111,-0.2911646586345359,0
2023-07-28 10:56:56,1986.2,160609,3,2008.85,38275,43128,-0.2911646586345359,0
2023-07-28 10:56:56,1986.2,160609,3,2008.85,38276,43128,-0.2911646586345359,0
2023-07-28 10:56:56,1986.2,160609,3,2008.85,38276,43118,-0.2911646586345359,0
2023-07-28 10:56:56,1986.2,160609,3,2008.85,38366,43112,-0.2911646586345359,0
2023-07-28 10:56:56,1986.2,160609,3,2008.85,38340,43111,-0.2911646586345359,0
2023-07-28 10:56:56,1986.2,160609,3,2008.85,38339,43078,-0.2911646586345359,0
2023-07-28 10:56:56,1986.2,160609,3,2008.85,38336,43078,-0.2911646586345359,0
2023-07-28 10:56:56,1986.2,160609,3,2008.85,38347,43078,-0.2911646586345359,0
2023-07-28 10:56:56,1986.2,160609,3,2008.85,35909,43078,-0.2911646586345359,0
2023-07-28 10:56:56,1986.2,160609,3,2008.85,38404,43078,-0.2911646586345359,0
2023-07-28 10:56:56,1986.2,160609,3,2008.85,38424,43043,-0.2911646586345359,0
2023-07-28 10:56:56,1986.2,160609,3,2008.85,35914,43042,-0.2911646586345359,0
2023-07-28 10:56:56,1986.2,160609,3,2008.85,38403,43043,-0.2911646586345359,0
2023-07-28 10:56:56,1986.2,160609,3,2008.85,38342,42987,-0.2911646586345359,0
2023-07-28 10:56:56,1986.2,160609,3,2008.85,38340,43106,-0.2911646586345359,0
2023-07-28 10:56:56,1986.2,160609,3,2008.85,38376,43067,-0.2911646586345359,0
2023-07-28 10:56:56,1986.2,160609,3,2008.85,38377,43202,-0.2911646586345359,0
2023-07-28 10:56:56,1986.2,160609,3,2008.85,38376,43218,-0.2911646586345359,0
2023-07-28 10:57:17,1986.45,160613,4,2008.84,38370,43233,-0.278614457831323,0
2023-07-28 10:57:17,1986.45,160613,4,2008.84,38380,43218,-0.278614457831323,0
2023-07-28 10:57:17,1986.45,160613,4,2008.84,38396,43220,-0.278614457831323,0
2023-07-28 10:57:17,1986.45,160613,4,2008.84,38345,43259,-0.278614457831323,0
2023-07-28 10:57:21,1987.4,160614,1,2008.84,38345,43252,-0.2309236947791119,0
2023-07-28 10:57:21,1987.4,160614,1,2008.84,38365,43224,-0.2309236947791119,0
2023-07-28 10:57:21,1987.4,160614,1,2008.84,38366,43223,-0.2309236947791119,0
2023-07-28 10:57:21,1987.4,160614,1,2008.84,38366,43204,-0.2309236947791119,0
2023-07-28 10:57:21,1987.4,160614,1,2008.84,38410,43204,-0.2309236947791119,0
2023-07-28 10:57:21,1987.4,160614,1,2008.84,35902,43208,-0.2309236947791119,0
2023-07-28 10:57:21,1987.4,160614,1,2008.84,38384,43219,-0.2309236947791119,0
2023-07-28 10:57:21,1987.4,160614,1,2008.84,38427,43186,-0.2309236947791119,0
2023-07-28 10:57:21,1987.4,160614,1,2008.84,38438,43141,-0.2309236947791119,0
2023-07-28 10:57:21,1987.4,160614,1,2008.84,38448,43151,-0.2309236947791119,0
2023-07-28 10:57:21,1987.4,160614,1,2008.84,38435,43144,-0.2309236947791119,0
2023-07-28 10:57:21,1987.4,160614,1,2008.84,38459,43121,-0.2309236947791119,0
2023-07-28 10:57:21,1987.4,160614,1,2008.84,35943,43173,-0.2309236947791119,0
2023-07-28 10:57:21,1987.4,160614,1,2008.84,38493,43089,-0.2309236947791119,0
2023-07-28 10:57:21,1987.4,160614,1,2008.84,38463,43066,-0.2309236947791119,0
2023-07-28 10:57:21,1987.4,160614,1,2008.84,35986,43109,-0.2309236947791119,0
2023-07-28 10:57:21,1987.4,160614,1,2008.84,38410,43248,-0.2309236947791119,0
2023-07-28 10:57:21,1987.4,160614,1,2008.84,38428,43109,-0.2309236947791119,0
2023-07-28 10:57:21,1987.4,160614,1,2008.84,38493,43074,-0.2309236947791119,0
2023-07-28 10:57:21,1987.4,160614,1,2008.84,38504,43060,-0.2309236947791119,0
2023-07-28 10:57:21,1987.4,160614,1,2008.84,38499,43118,-0.2309236947791119,0
2023-07-28 10:57:21,1987.4,160614,1,2008.84,38490,43051,-0.2309236947791119,0
2023-07-28 10:57:21,1987.4,160614,1,2008.84,38496,43009,-0.2309236947791119,0
2023-07-28 10:57:21,1987.4,160614,1,2008.84,38494,43027,-0.2309236947791119,0
2023-07-28 10:57:21,1987.4,160614,1,2008.84,38487,43018,-0.2309236947791119,0
2023-07-28 10:57:21,1987.4,160614,1,2008.84,38486,43030,-0.2309236947791119,0
2023-07-28 10:57:21,1987.4,160614,1,2008.84,38492,43033,-0.2309236947791119,0
2023-07-28 10:57:21,1987.4,160614,1,2008.84,38503,43024,-0.2309236947791119,0
2023-07-28 10:57:21,1987.4,160614,1,2008.84,35966,43097,-0.2309236947791119,0
2023-07-28 10:57:21,1987.4,160614,1,2008.84,38473,43071,-0.2309236947791119,0
2023-07-28 10:57:21,1987.4,160614,1,2008.84,38502,43031,-0.2309236947791119,0
2023-07-28 10:57:21,1987.4,160614,1,2008.84,35996,43038,-0.2309236947791119,0
2023-07-28 10:57:21,1987.4,160614,1,2008.84,38496,43017,-0.2309236947791119,0
2023-07-28 10:57:21,1987.4,160614,1,2008.84,38464,43097,-0.2309236947791119,0
2023-07-28 10:57:21,1987.4,160614,1,2008.84,38462,43039,-0.2309236947791119,0
2023-07-28 10:57:21,1987.4,160614,1,2008.84,38508,43044,-0.2309236947791119,0
2023-07-28 10:57:21,1987.4,160614,1,2008.84,36024,43033,-0.2309236947791119,0
2023-07-28 10:57:21,1987.4,160614,1,2008.84,38478,43127,-0.2309236947791119,0
2023-07-28 10:57:21,1987.4,160614,1,2008.84,36004,43042,-0.2309236947791119,0
2023-07-28 10:57:21,1987.4,160614,1,2008.84,38490,43053,-0.2309236947791119,0
2023-07-28 10:57:21,1987.4,160614,1,2008.84,38490,43048,-0.2309236947791119,0
2023-07-28 10:57:21,1987.4,160614,1,2008.84,38496,43024,-0.2309236947791119,0
2023-07-28 10:57:21,1987.4,160614,1,2008.84,38511,43024,-0.2309236947791119,0
2023-07-28 10:57:21,1987.4,160614,1,2008.84,38499,43048,-0.2309236947791119,0
2023-07-28 10:57:21,1987.4,160614,1,2008.84,38500,43062,-0.2309236947791119,0
2023-07-28 10:57:21,1987.4,160614,1,2008.84,38458,43113,-0.2309236947791119,0
2023-07-28 10:57:21,1987.4,160614,1,2008.84,38452,43141,-0.2309236947791119,0
2023-07-28 10:57:21,1987.4,160614,1,2008.84,38449,43176,-0.2309236947791119,0
2023-07-28 10:57:21,1987.4,160614,1,2008.84,38434,43176,-0.2309236947791119,0
2023-07-28 10:57:21,1987.4,160614,1,2008.84,38434,43176,-0.2309236947791119,0
2023-07-28 10:57:21,1987.4,160614,1,2008.84,38434,43176,-0.2309236947791119,0
2023-07-28 10:57:21,1987.4,160614,1,2008.84,38457,43176,-0.2309236947791119,0
2023-07-28 10:57:21,1987.4,160614,1,2008.84,38457,43176,-0.2309236947791119,0
2023-07-28 10:57:21,1987.4,160614,1,2008.84,38474,43104,-0.2309236947791119,0
2023-07-28 10:57:21,1987.4,160614,1,2008.84,38545,42988,-0.2309236947791119,0
2023-07-28 10:57:21,1987.4,160614,1,2008.84,38525,43009,-0.2309236947791119,0
2023-07-28 10:57:21,1987.4,160614,1,2008.84,38471,43040,-0.2309236947791119,0
2023-07-28 10:57:21,1987.4,160614,1,2008.84,38475,43097,-0.2309236947791119,0
2023-07-28 10:57:21,1987.4,160614,1,2008.84,38481,43097,-0.2309236947791119,0
2023-07-28 10:57:21,1987.4,160614,1,2008.84,38481,42912,-0.2309236947791119,0
2023-07-28 10:57:21,1986.3,160614,8,2008.84,38481,42912,-0.2861445783132553,0
2023-07-28 10:58:26,1986.3,160624,8,2008.84,38399,42945,-0.2861445783132553,0
2023-07-28 10:58:26,1986.3,160624,8,2008.84,38439,42873,-0.2861445783132553,0
2023-07-28 10:58:26,1986.3,160624,8,2008.84,38481,42809,-0.2861445783132553,0
2023-07-28 10:58:26,1986.3,160624,8,2008.84,35986,42822,-0.2861445783132553,0
2023-07-28 10:58:26,1986.3,160624,8,2008.84,38484,42837,-0.2861445783132553,0
2023-07-28 10:58:26,1986.3,160624,8,2008.84,38485,42838,-0.2861445783132553,0
2023-07-28 10:58:26,1986.3,160624,8,2008.84,38524,42680,-0.2861445783132553,0
2023-07-28 10:58:26,1986.3,160624,8,2008.84,35932,42846,-0.2861445783132553,0
2023-07-28 10:58:26,1986.3,160624,8,2008.84,38438,42842,-0.2861445783132553,0
2023-07-28 10:58:26,1986.3,160624,8,2008.84,38438,42840,-0.2861445783132553,0
2023-07-28 10:58:26,1986.3,160624,8,2008.84,38453,42847,-0.2861445783132553,0
2023-07-28 10:58:26,1986.3,160624,8,2008.84,38550,42834,-0.2861445783132553,0
2023-07-28 10:58:26,1986.3,160624,8,2008.84,36064,42824,-0.2861445783132553,0
2023-07-28 10:58:26,1986.3,160624,8,2008.84,38440,42869,-0.2861445783132553,0
2023-07-28 10:58:26,1986.3,160624,8,2008.84,38524,42845,-0.2861445783132553,0
2023-07-28 10:58:26,1986.3,160624,8,2008.84,38430,42842,-0.2861445783132553,0
2023-07-28 10:58:26,1986.3,160624,8,2008.84,38448,42848,-0.2861445783132553,0
2023-07-28 10:58:26,1986.3,160624,8,2008.84,38458,42871,-0.2861445783132553,0
2023-07-28 10:58:26,1986.3,160624,8,2008.84,38465,42852,-0.2861445783132553,0
2023-07-28 10:58:26,1986.3,160624,8,2008.84,38422,42894,-0.2861445783132553,0
2023-07-28 10:58:26,1986.3,160624,8,2008.84,38422,42854,-0.2861445783132553,0
2023-07-28 10:58:26,1986.3,160624,8,2008.84,38422,43041,-0.2861445783132553,0
2023-07-28 10:58:26,1986.3,160624,8,2008.84,35913,43067,-0.2861445783132553,0
2023-07-28 10:58:26,1986.3,160624,8,2008.84,38421,43062,-0.2861445783132553,0
2023-07-28 10:58:26,1986.3,160624,8,2008.84,38210,43062,-0.2861445783132553,0
2023-07-28 10:58:26,1986.3,160624,8,2008.84,38226,43062,-0.2861445783132553,0
2023-07-28 10:58:26,1986.3,160624,8,2008.84,38228,43065,-0.2861445783132553,0
2023-07-28 10:58:26,1986.3,160624,8,2008.84,38220,43076,-0.2861445783132553,0
2023-07-28 10:58:26,1986.3,160624,8,2008.84,38231,43076,-0.2861445783132553,0
2023-07-28 10:58:26,1986.3,160624,8,2008.84,38215,43085,-0.2861445783132553,0
2023-07-28 10:58:26,1986.3,160624,8,2008.84,38218,43056,-0.2861445783132553,0
2023-07-28 10:58:26,1986.3,160624,8,2008.84,38219,43056,-0.2861445783132553,0
2023-07-28 10:58:26,1986.3,160624,8,2008.84,38222,43056,-0.2861445783132553,0
2023-07-28 10:58:26,1986.3,160624,8,2008.84,38222,43056,-0.2861445783132553,0
2023-07-28 10:58:26,1986.3,160624,8,2008.84,35750,43066,-0.2861445783132553,0
2023-07-28 10:58:26,1986.3,160624,8,2008.84,35709,43060,-0.2861445783132553,0
2023-07-28 10:58:26,1986.3,160624,8,2008.84,38254,43091,-0.2861445783132553,0
2023-07-28 10:58:26,1986.3,160624,8,2008.84,38254,43106,-0.2861445783132553,0
2023-07-28 10:59:09,1987.7,160645,2,2008.84,38339,43008,-0.21586345381525876,0
2023-07-28 10:59:09,1987.7,160645,2,2008.84,35804,43002,-0.21586345381525876,0
2023-07-28 10:59:09,1987.7,160645,2,2008.84,38312,42997,-0.21586345381525876,0
2023-07-28 10:59:09,1987.7,160645,2,2008.84,38281,43086,-0.21586345381525876,0
2023-07-28 10:59:09,1987.7,160645,2,2008.84,38284,43027,-0.21586345381525876,0
2023-07-28 10:59:09,1987.7,160645,2,2008.84,38286,43005,-0.21586345381525876,0
2023-07-28 10:59:09,1987.7,160645,2,2008.84,38321,42995,-0.21586345381525876,0
2023-07-28 10:59:09,1987.7,160645,2,2008.84,35826,42990,-0.21586345381525876,0
2023-07-28 10:59:09,1987.7,160645,2,2008.84,38306,42990,-0.21586345381525876,0
2023-07-28 10:59:09,1987.7,160645,2,2008.84,38368,42989,-0.21586345381525876,0
2023-07-28 10:59:09,1987.7,160645,2,2008.84,38542,43038,-0.21586345381525876,0
2023-07-28 10:59:09,1987.7,160645,2,2008.84,38531,43057,-0.21586345381525876,0
2023-07-28 10:59:09,1987.7,160645,2,2008.84,36010,43056,-0.21586345381525876,0
2023-07-28 10:59:09,1987.7,160645,2,2008.84,38496,43029,-0.21586345381525876,0
2023-07-28 10:59:09,1987.7,160645,2,2008.84,38496,43029,-0.21586345381525876,0
2023-07-28 10:59:09,1987.7,160645,2,2008.84,38531,43033,-0.21586345381525876,0
2023-07-28 10:59:09,1987.7,160645,2,2008.84,38531,43033,-0.21586345381525876,0
2023-07-28 10:59:09,1987.7,160645,2,2008.84,38532,43028,-0.21586345381525876,0
2023-07-28 10:59:09,1987.7,160645,2,2008.84,38536,42991,-0.21586345381525876,0
2023-07-28 10:59:09,1987.7,160645,2,2008.84,38536,42991,-0.21586345381525876,0
2023-07-28 10:59:09,1987.7,160645,2,2008.84,38564,42959,-0.21586345381525876,0
2023-07-28 10:59:09,1987.7,160645,2,2008.84,38573,42972,-0.21586345381525876,0
2023-07-28 10:59:09,1987.7,160645,2,2008.84,38625,42998,-0.21586345381525876,0
2023-07-28 10:59:09,1987.7,160645,2,2008.84,38517,42981,-0.21586345381525876,0
2023-07-28 10:59:09,1987.7,160645,2,2008.84,38468,42981,-0.21586345381525876,0
2023-07-28 10:59:09,1987.7,160645,2,2008.84,38533,42981,-0.21586345381525876,0
2023-07-28 10:59:09,1987.7,160645,2,2008.84,35977,42981,-0.21586345381525876,0
2023-07-28 10:59:09,1987.7,160645,2,2008.84,38544,42981,-0.21586345381525876,0
2023-07-28 10:59:09,1987.7,160645,2,2008.84,38627,42981,-0.21586345381525876,0
2023-07-28 10:59:09,1987.7,160645,2,2008.84,36026,42981,-0.21586345381525876,0
2023-07-28 10:59:09,1987.7,160645,2,2008.84,38492,43014,-0.21586345381525876,0
2023-07-28 10:59:09,1987.7,160645,2,2008.84,38488,42974,-0.21586345381525876,0
2023-07-28 10:59:09,1987.7,160645,2,2008.84,36019,42952,-0.21586345381525876,0
2023-07-28 10:59:09,1987.7,160645,2,2008.84,36010,42952,-0.21586345381525876,0
2023-07-28 10:59:09,1987.7,160645,2,2008.84,38479,42989,-0.21586345381525876,0
2023-07-28 10:59:09,1987.7,160645,2,2008.84,38497,43008,-0.21586345381525876,0
2023-07-28 10:59:09,1987.7,160645,2,2008.84,38490,42992,-0.21586345381525876,0
2023-07-28 10:59:09,1987.7,160645,2,2008.84,36022,43001,-0.21586345381525876,0
2023-07-28 10:59:09,1987.7,160645,2,2008.84,38497,43002,-0.21586345381525876,0
2023-07-28 10:59:09,1987.7,160645,2,2008.84,38497,42997,-0.21586345381525876,0
2023-07-28 10:59:09,1987.7,160645,2,2008.84,38512,43005,-0.21586345381525876,0
2023-07-28 10:59:09,1987.7,160645,2,2008.84,38614,42986,-0.21586345381525876,0
2023-07-28 10:59:09,1987.7,160645,2,2008.84,38614,42983,-0.21586345381525876,0
2023-07-28 10:59:09,1987.7,160645,2,2008.84,38614,42996,-0.21586345381525876,0
2023-07-28 10:59:09,1987.7,160645,2,2008.84,38484,42985,-0.21586345381525876,0
2023-07-28 10:59:09,1987.7,160645,2,2008.84,38591,42988,-0.21586345381525876,0
2023-07-28 10:59:09,1987.7,160645,2,2008.84,38581,42989,-0.21586345381525876,0
2023-07-28 10:59:09,1987.7,160645,2,2008.84,38499,43004,-0.21586345381525876,0
2023-07-28 10:59:09,1987.7,160645,2,2008.84,38499,42991,-0.21586345381525876,0
2023-07-28 10:59:09,1987.7,160645,2,2008.84,36093,42989,-0.21586345381525876,0
2023-07-28 10:59:09,1987.7,160645,2,2008.84,38450,42991,-0.21586345381525876,0
2023-07-28 10:59:09,1987.7,160645,2,2008.84,35992,42991,-0.21586345381525876,0
2023-07-28 10:59:09,1987.7,160645,2,2008.84,38607,42998,-0.21586345381525876,0
2023-07-28 10:59:09,1987.7,160645,2,2008.84,38597,43005,-0.21586345381525876,0
2023-07-28 10:59:09,1987.7,160645,2,2008.84,38607,42996,-0.21586345381525876,0
2023-07-28 10:59:09,1987.7,160645,2,2008.84,36008,42986,-0.21586345381525876,0
2023-07-28 10:59:09,1987.7,160645,2,2008.84,36017,42983,-0.21586345381525876,0
2023-07-28 10:59:09,1987.7,160645,2,2008.84,38605,42983,-0.21586345381525876,0
2023-07-28 10:59:09,1987.7,160645,2,2008.84,38600,42976,-0.21586345381525876,0
2023-07-28 10:59:09,1987.7,160645,2,2008.84,38597,42823,-0.21586345381525876,0
2023-07-28 10:59:09,1987.7,160645,2,2008.84,38594,42798,-0.21586345381525876,0
2023-07-28 11:00:11,1986.95,160648,3,2008.84,38640,42739,-0.2535140562248973,0
2023-07-28 11:00:11,1986.95,160648,3,2008.84,38543,42915,-0.2535140562248973,0
2023-07-28 11:00:11,1986.95,160648,3,2008.84,36033,42908,-0.2535140562248973,0
2023-07-28 11:00:11,1986.95,160648,3,2008.84,38905,42459,-0.2535140562248973,0
2023-07-28 11:00:11,1986.95,160648,3,2008.84,36311,42656,-0.2535140562248973,0
2023-07-28 11:00:11,1986.95,160648,3,2008.84,38805,42717,-0.2535140562248973,0
2023-07-28 11:00:11,1986.95,160648,3,2008.84,38836,42758,-0.2535140562248973,0
2023-07-28 11:00:11,1986.95,160648,3,2008.84,38806,42737,-0.2535140562248973,0
2023-07-28 11:00:11,1986.95,160648,3,2008.84,36296,42756,-0.2535140562248973,0
2023-07-28 11:00:11,1986.95,160648,3,2008.84,36369,42725,-0.2535140562248973,0
2023-07-28 11:00:11,1987.2,160648,5,2008.84,36369,42725,-0.24096385542168447,0
2023-07-28 11:00:22,1987.2,160803,5,2008.82,36241,42856,-0.24096385542168447,0
2023-07-28 11:00:22,1987.2,160803,5,2008.82,38888,42715,-0.24096385542168447,0
2023-07-28 11:00:22,1988.95,160803,4,2008.82,38888,42715,-0.1531124497991945,0
2023-07-28 11:00:24,1988.95,160808,4,2008.82,38865,42741,-0.1531124497991945,0
2023-07-28 11:00:24,1988.95,160808,4,2008.82,38734,42749,-0.1531124497991945,0
2023-07-28 11:00:24,1988.95,160808,4,2008.82,38729,42696,-0.1531124497991945,0
2023-07-28 11:00:24,1988.95,160808,4,2008.82,38705,42719,-0.1531124497991945,0
2023-07-28 11:00:24,1988.95,160808,4,2008.82,36257,42755,-0.1531124497991945,0
2023-07-28 11:00:24,1988.95,160808,4,2008.82,38744,42731,-0.1531124497991945,0
2023-07-28 11:00:31,1988.65,160811,2,2008.82,38835,42707,-0.16817269076304764,0
2023-07-28 11:00:31,1988.65,160813,2,2008.82,38826,42798,-0.16817269076304764,0
2023-07-28 11:00:31,1988.65,160813,2,2008.82,38695,42752,-0.16817269076304764,0
2023-07-28 11:00:31,1988.65,160813,2,2008.82,38718,42743,-0.16817269076304764,0
2023-07-28 11:00:31,1988.65,160813,2,2008.82,38696,42743,-0.16817269076304764,0
2023-07-28 11:00:31,1988.65,160813,2,2008.82,38642,42823,-0.16817269076304764,0
2023-07-28 11:00:31,1988.65,160813,2,2008.82,38788,42784,-0.16817269076304764,0
2023-07-28 11:00:31,1988.65,160813,2,2008.82,38675,42740,-0.16817269076304764,0
2023-07-28 11:00:31,1988.65,160813,2,2008.82,38756,42725,-0.16817269076304764,0
2023-07-28 11:00:31,1988.65,160813,2,2008.82,38740,42733,-0.16817269076304764,0
2023-07-28 11:00:31,1988.65,160813,2,2008.82,36298,42750,-0.16817269076304764,0
2023-07-28 11:00:42,1987.35,160819,2,2008.82,38868,42780,-0.2334337349397636,0
2023-07-28 11:00:42,1987.35,160819,2,2008.82,36201,42827,-0.2334337349397636,0
2023-07-28 11:00:42,1987.35,160819,2,2008.82,38747,42875,-0.2334337349397636,0
2023-07-28 11:00:42,1987.35,160819,2,2008.82,36254,42915,-0.2334337349397636,0
2023-07-28 11:00:42,1987.35,160819,2,2008.82,38768,42817,-0.2334337349397636,0
2023-07-28 11:00:42,1987.35,160819,2,2008.82,38825,42751,-0.2334337349397636,0
2023-07-28 11:00:42,1987.35,160819,2,2008.82,36257,42757,-0.2334337349397636,0
2023-07-28 11:00:42,1987.35,160819,2,2008.82,36143,42750,-0.2334337349397636,0
2023-07-28 11:00:42,1987.35,160819,2,2008.82,38770,42772,-0.2334337349397636,0
2023-07-28 11:00:42,1987.35,160819,2,2008.82,38702,42830,-0.2334337349397636,0
2023-07-28 11:00:42,1987.35,160819,2,2008.82,36348,42711,-0.2334337349397636,0
2023-07-28 11:00:42,1987.35,160819,2,2008.82,38791,42724,-0.2334337349397636,0
2023-07-28 11:00:42,1987.35,160819,2,2008.82,38707,42773,-0.2334337349397636,0
2023-07-28 11:00:58,1988.45,160827,2,2008.82,38699,42750,-0.1782128514056202,0
2023-07-28 11:00:58,1988.45,160827,2,2008.82,38730,42745,-0.1782128514056202,0
2023-07-28 11:00:58,1988.45,160827,2,2008.82,36253,42784,-0.1782128514056202,0
2023-07-28 11:00:58,1988.45,160827,2,2008.82,38760,42753,-0.1782128514056202,0
2023-07-28 11:00:58,1988.45,160827,2,2008.82,38718,42739,-0.1782128514056202,0
2023-07-28 11:00:58,1988.45,160827,2,2008.82,38705,42739,-0.1782128514056202,0
2023-07-28 11:00:58,1988.45,160827,2,2008.82,38807,42723,-0.1782128514056202,0
2023-07-28 11:00:58,1988.45,160827,2,2008.82,38746,42732,-0.1782128514056202,0
2023-07-28 11:00:58,1988.45,160827,2,2008.82,38672,42734,-0.1782128514056202,0
2023-07-28 11:01:07,1987.0,160867,3,2008.81,36160,42775,-0.25100401606425704,0
2023-07-28 11:01:07,1987.0,160867,3,2008.81,38726,42722,-0.25100401606425704,0
2023-07-28 11:01:07,1987.0,160867,3,2008.81,36214,42786,-0.25100401606425704,0
2023-07-28 11:01:07,1988.2,160867,8,2008.81,36214,42786,-0.19076305220883305,0
2023-07-28 11:01:11,1988.2,160876,8,2008.81,38688,42723,-0.19076305220883305,0
2023-07-28 11:01:13,1988.35,160877,1,2008.81,36320,42703,-0.18323293172691218,0
2023-07-28 11:01:13,1988.35,160877,1,2008.81,38731,42770,-0.18323293172691218,0
2023-07-28 11:01:13,1988.35,160877,1,2008.81,38635,42788,-0.18323293172691218,0
2023-07-28 11:01:13,1988.35,160877,1,2008.81,38795,42732,-0.18323293172691218,0
2023-07-28 11:01:13,1988.35,160877,1,2008.81,36327,42688,-0.18323293172691218,0
2023-07-28 11:01:13,1988.35,160877,1,2008.81,36284,42672,-0.18323293172691218,0
2023-07-28 11:01:13,1988.35,160877,1,2008.81,36208,42663,-0.18323293172691218,0
2023-07-28 11:01:13,1988.35,160877,1,2008.81,38738,42661,-0.18323293172691218,0
2023-07-28 11:01:13,1988.35,160877,1,2008.81,38750,42651,-0.18323293172691218,0
2023-07-28 11:01:13,1988.35,160877,1,2008.81,36091,42572,-0.18323293172691218,0
2023-07-28 11:01:13,1988.35,160877,1,2008.81,38576,42591,-0.18323293172691218,0
2023-07-28 11:01:13,1988.35,160877,1,2008.81,38577,42641,-0.18323293172691218,0
2023-07-28 11:01:13,1988.35,160877,1,2008.81,38622,42623,-0.18323293172691218,0
2023-07-28 11:01:13,1988.35,160877,1,2008.81,38528,42573,-0.18323293172691218,0
2023-07-28 11:01:13,1988.35,160877,1,2008.81,38516,42572,-0.18323293172691218,0
2023-07-28 11:01:13,1988.35,160877,1,2008.81,38530,42632,-0.18323293172691218,0
2023-07-28 11:01:13,1988.35,160877,1,2008.81,38541,42553,-0.18323293172691218,0
2023-07-28 11:01:13,1988.35,160877,1,2008.81,38572,42575,-0.18323293172691218,0
2023-07-28 11:01:13,1988.35,160877,1,2008.81,38516,42662,-0.18323293172691218,0
2023-07-28 11:01:13,1988.35,160877,1,2008.81,38708,42573,-0.18323293172691218,0
2023-07-28 11:01:13,1988.35,160877,1,2008.81,38543,42681,-0.18323293172691218,0
2023-07-28 11:01:13,1988.35,160877,1,2008.81,36074,42644,-0.18323293172691218,0
2023-07-28 11:01:13,1988.35,160877,1,2008.81,38523,42633,-0.18323293172691218,0
2023-07-28 11:01:13,1988.35,160877,1,2008.81,38566,42624,-0.18323293172691218,0
2023-07-28 11:01:13,1988.35,160877,1,2008.81,36064,42614,-0.18323293172691218,0
2023-07-28 11:01:13,1988.35,160877,1,2008.81,36076,42619,-0.18323293172691218,0
2023-07-28 11:01:13,1988.35,160877,1,2008.81,36077,42608,-0.18323293172691218,0
2023-07-28 11:01:13,1988.35,160877,1,2008.81,38581,42618,-0.18323293172691218,0
2023-07-28 11:01:13,1988.35,160877,1,2008.81,38635,42609,-0.18323293172691218,0
2023-07-28 11:01:13,1988.35,160877,1,2008.81,36063,42631,-0.18323293172691218,0
2023-07-28 11:01:13,1988.35,160877,1,2008.81,36100,42607,-0.18323293172691218,0
2023-07-28 11:01:13,1988.35,160877,1,2008.81,38555,42637,-0.18323293172691218,0
2023-07-28 11:01:13,1988.35,160877,1,2008.81,36065,42626,-0.18323293172691218,0
2023-07-28 11:01:13,1988.35,160877,1,2008.81,38606,42646,-0.18323293172691218,0
2023-07-28 11:01:13,1988.35,160877,1,2008.81,38544,42630,-0.18323293172691218,0
2023-07-28 11:01:13,1988.35,160877,1,2008.81,38546,42638,-0.18323293172691218,0
2023-07-28 11:01:13,1988.35,160877,1,2008.81,38537,42638,-0.18323293172691218,0
2023-07-28 11:01:13,1988.35,160877,1,2008.81,38566,42605,-0.18323293172691218,0
2023-07-28 11:01:13,1988.35,160877,1,2008.81,38566,42643,-0.18323293172691218,0
2023-07-28 11:01:13,1988.35,160877,1,2008.81,38629,42616,-0.18323293172691218,0
2023-07-28 11:01:13,1988.35,160877,1,2008.81,38552,42624,-0.18323293172691218,0
2023-07-28 11:01:13,1988.35,160877,1,2008.81,36157,42630,-0.18323293172691218,0
2023-07-28 11:01:13,1988.35,160877,1,2008.81,38664,42600,-0.18323293172691218,0
2023-07-28 11:01:13,1988.35,160877,1,2008.81,36251,42564,-0.18323293172691218,0
2023-07-28 11:01:13,1988.35,160877,1,2008.81,38667,42579,-0.18323293172691218,0
2023-07-28 11:01:13,1988.35,160877,1,2008.81,38655,42595,-0.18323293172691218,0
2023-07-28 11:01:13,1988.35,160877,1,2008.81,36202,42603,-0.18323293172691218,0
2023-07-28 11:01:13,1988.35,160877,1,2008.81,38706,42639,-0.18323293172691218,0
2023-07-28 11:01:13,1988.35,160877,1,2008.81,36157,42633,-0.18323293172691218,0
2023-07-28 11:01:13,1988.35,160877,1,2008.81,38692,42613,-0.18323293172691218,0
2023-07-28 11:01:13,1988.35,160877,1,2008.81,38654,42628,-0.18323293172691218,0
2023-07-28 11:01:13,1988.35,160877,1,2008.81,38666,42637,-0.18323293172691218,0
2023-07-28 11:01:13,1988.35,160877,1,2008.81,38687,42653,-0.18323293172691218,0
2023-07-28 11:01:13,1988.35,160877,1,2008.81,38695,42642,-0.18323293172691218,0
2023-07-28 11:01:13,1988.35,160877,1,2008.81,38685,42589,-0.18323293172691218,0
2023-07-28 11:01:13,1988.35,160877,1,2008.81,38668,42635,-0.18323293172691218,0
2023-07-28 11:01:13,1988.35,160877,1,2008.81,38694,42605,-0.18323293172691218,0
2023-07-28 11:01:13,1988.35,160877,1,2008.81,38767,42570,-0.18323293172691218,0
2023-07-28 11:01:13,1988.35,160877,1,2008.81,38722,42654,-0.18323293172691218,0
2023-07-28 11:01:13,1988.35,160877,1,2008.81,38700,42621,-0.18323293172691218,0
2023-07-28 11:01:13,1988.35,160877,1,2008.81,38687,42616,-0.18323293172691218,0
2023-07-28 11:01:13,1988.35,160877,1,2008.81,38616,42588,-0.18323293172691218,0
2023-07-28 11:01:13,1988.35,160877,1,2008.81,38616,42588,-0.18323293172691218,0
2023-07-28 11:01:13,1988.35,160877,1,2008.81,38664,42622,-0.18323293172691218,0
2023-07-28 11:01:13,1988.35,160877,1,2008.81,38670,42585,-0.18323293172691218,0
2023-07-28 11:01:13,1988.35,160877,1,2008.81,38670,42585,-0.18323293172691218,0
2023-07-28 11:01:13,1988.35,160877,1,2008.81,38669,42619,-0.18323293172691218,0
2023-07-28 11:01:13,1988.35,160877,1,2008.81,38669,42619,-0.18323293172691218,0
2023-07-28 11:01:13,1988.35,160877,1,2008.81,38674,42655,-0.18323293172691218,0
2023-07-28 11:01:13,1988.35,160877,1,2008.81,36167,42608,-0.18323293172691218,0
2023-07-28 11:01:13,1988.35,160877,1,2008.81,38634,42636,-0.18323293172691218,0
2023-07-28 11:01:13,1988.35,160877,1,2008.81,38689,42655,-0.18323293172691218,0
2023-07-28 11:01:13,1988.35,160877,1,2008.81,36167,42664,-0.18323293172691218,0
2023-07-28 11:01:13,1988.35,160877,1,2008.81,38641,42653,-0.18323293172691218,0
2023-07-28 11:01:13,1988.35,160877,1,2008.81,38672,42626,-0.18323293172691218,0
2023-07-28 11:01:13,1988.35,160877,1,2008.81,36174,42619,-0.18323293172691218,0
2023-07-28 11:01:13,1988.35,160877,1,2008.81,38652,42612,-0.18323293172691218,0
2023-07-28 11:01:13,1988.35,160877,1,2008.81,36175,42639,-0.18323293172691218,0
2023-07-28 11:01:13,1988.35,160877,1,2008.81,38757,42599,-0.18323293172691218,0
2023-07-28 11:01:13,1988.35,160877,1,2008.81,36286,42626,-0.18323293172691218,0
2023-07-28 11:01:13,1988.35,160877,1,2008.81,38656,42629,-0.18323293172691218,0
2023-07-28 11:01:13,1988.35,160877,1,2008.81,38650,42606,-0.18323293172691218,0
2023-07-28 11:01:13,1988.35,160877,1,2008.81,38658,42663,-0.18323293172691218,0
2023-07-28 11:01:13,1988.35,160877,1,2008.81,38652,42624,-0.18323293172691218,0
2023-07-28 11:01:13,1988.35,160877,1,2008.81,38681,42644,-0.18323293172691218,0
2023-07-28 11:01:13,1988.35,160877,1,2008.81,36172,42608,-0.18323293172691218,0
2023-07-28 11:01:13,1988.35,160877,1,2008.81,38661,42621,-0.18323293172691218,0
2023-07-28 11:01:13,1988.35,160877,1,2008.81,38679,42643,-0.18323293172691218,0
2023-07-28 11:01:13,1988.35,160877,1,2008.81,38696,42638,-0.18323293172691218,0
2023-07-28 11:01:13,1988.35,160877,1,2008.81,38673,42622,-0.18323293172691218,0
2023-07-28 11:01:13,1988.35,160877,1,2008.81,38707,42653,-0.18323293172691218,0
2023-07-28 11:01:13,1988.35,160877,1,2008.81,38686,42671,-0.18323293172691218,0
2023-07-28 11:01:13,1988.35,160877,1,2008.81,38734,42591,-0.18323293172691218,0
2023-07-28 11:01:13,1988.35,160877,1,2008.81,38709,42605,-0.18323293172691218,0
2023-07-28 11:01:13,1988.35,160877,1,2008.81,36221,42597,-0.18323293172691218,0
2023-07-28 11:01:13,1988.35,160877,1,2008.81,38714,42617,-0.18323293172691218,0
2023-07-28 11:01:13,1988.35,160877,1,2008.81,38770,42617,-0.18323293172691218,0
2023-07-28 11:01:13,1988.35,160877,1,2008.81,38784,42541,-0.18323293172691218,0
2023-07-28 11:01:13,1988.35,160877,1,2008.81,38713,42577,-0.18323293172691218,0
2023-07-28 11:01:13,1988.35,160877,1,2008.81,38736,42579,-0.18323293172691218,0
2023-07-28 11:01:13,1988.35,160877,1,2008.81,36200,42605,-0.18323293172691218,0
2023-07-28 11:01:13,1988.35,160877,1,2008.81,38719,42617,-0.18323293172691218,0
2023-07-28 11:01:13,1988.35,160877,1,2008.81,38716,42615,-0.18323293172691218,0
2023-07-28 11:01:13,1988.35,160877,1,2008.81,38956,42506,-0.18323293172691218,0
2023-07-28 11:01:13,1988.35,160877,1,2008.81,38808,42513,-0.18323293172691218,0
2023-07-28 11:01:13,1988.35,160877,1,2008.81,38748,42527,-0.18323293172691218,0
2023-07-28 11:01:13,1988.35,160877,1,2008.81,38711,42528,-0.18323293172691218,0
2023-07-28 11:01:13,1988.35,160877,1,2008.81,36233,42528,-0.18323293172691218,0
2023-07-28 11:01:13,1988.35,160877,1,2008.81,38735,42526,-0.18323293172691218,0
2023-07-28 11:01:13,1988.35,160877,1,2008.81,36233,42539,-0.18323293172691218,0
2023-07-28 11:01:13,1988.35,160877,1,2008.81,38697,42516,-0.18323293172691218,0
2023-07-28 11:03:13,1989.15,160892,3,2008.81,36352,42510,-0.14307228915662193,0
2023-07-28 11:03:13,1989.15,160892,3,2008.81,36255,42544,-0.14307228915662193,0
2023-07-28 11:03:13,1989.15,160892,3,2008.81,36249,42540,-0.14307228915662193,0
2023-07-28 11:03:13,1989.15,160892,3,2008.81,38775,42551,-0.14307228915662193,0
2023-07-28 11:03:13,1989.15,160892,3,2008.81,36239,42552,-0.14307228915662193,0
2023-07-28 11:03:13,1989.15,160892,3,2008.81,36260,42550,-0.14307228915662193,0
2023-07-28 11:03:13,1989.15,160892,3,2008.81,36221,42537,-0.14307228915662193,0
2023-07-28 11:03:13,1989.15,160892,3,2008.81,38751,42530,-0.14307228915662193,0
2023-07-28 11:03:13,1989.15,160892,3,2008.81,38740,42541,-0.14307228915662193,0
2023-07-28 11:03:13,1989.15,160892,3,2008.81,38699,42563,-0.14307228915662193,0
2023-07-28 11:03:13,1989.15,160892,3,2008.81,38709,42561,-0.14307228915662193,0
2023-07-28 11:03:13,1989.15,160892,3,2008.81,36254,42539,-0.14307228915662193,0
2023-07-28 11:03:13,1989.15,160892,3,2008.81,38744,42528,-0.14307228915662193,0
2023-07-28 11:03:13,1989.15,160892,3,2008.81,38752,42536,-0.14307228915662193,0
2023-07-28 11:03:13,1989.15,160892,3,2008.81,38704,42538,-0.14307228915662193,0
2023-07-28 11:03:13,1989.15,160892,3,2008.81,38740,42538,-0.14307228915662193,0
2023-07-28 11:03:13,1989.15,160892,3,2008.81,36251,42529,-0.14307228915662193,0
2023-07-28 11:03:13,1989.15,160892,3,2008.81,38729,42532,-0.14307228915662193,0
2023-07-28 11:03:13,1989.15,160892,3,2008.81,38725,42526,-0.14307228915662193,0
2023-07-28 11:03:13,1989.15,160892,3,2008.81,38719,42537,-0.14307228915662193,0
2023-07-28 11:03:13,1989.15,160892,3,2008.81,36258,42534,-0.14307228915662193,0
2023-07-28 11:03:13,1989.15,160892,3,2008.81,38735,42558,-0.14307228915662193,0
2023-07-28 11:03:13,1989.15,160892,3,2008.81,38730,42540,-0.14307228915662193,0
2023-07-28 11:03:13,1989.15,160892,3,2008.81,38719,42541,-0.14307228915662193,0
2023-07-28 11:03:13,1989.15,160892,3,2008.81,38748,42501,-0.14307228915662193,0
2023-07-28 11:03:13,1989.15,160892,3,2008.81,36230,42492,-0.14307228915662193,0
2023-07-28 11:03:13,1989.15,160892,3,2008.81,36228,42457,-0.14307228915662193,0
2023-07-28 11:03:13,1989.15,160892,3,2008.81,36296,42525,-0.14307228915662193,0
2023-07-28 11:03:13,1989.15,160892,3,2008.81,38783,42499,-0.14307228915662193,0
2023-07-28 11:03:13,1989.15,160892,3,2008.81,38783,42539,-0.14307228915662193,0
2023-07-28 11:03:13,1989.15,160892,3,2008.81,36272,42539,-0.14307228915662193,0
2023-07-28 11:03:13,1989.15,160892,3,2008.81,36279,42531,-0.14307228915662193,0
2023-07-28 11:03:13,1989.15,160892,3,2008.81,36250,42526,-0.14307228915662193,0
2023-07-28 11:03:13,1987.45,160892,2,2008.81,38759,42526,-0.2284136546184716,0
2023-07-28 11:03:52,1988.9,161009,4,2008.79,38763,42668,-0.1556224899598348,0
2023-07-28 11:03:53,1988.9,161013,4,2008.79,38833,42534,-0.1556224899598348,0
2023-07-28 11:03:53,1988.9,161013,4,2008.79,38795,42532,-0.1556224899598348,0
2023-07-28 11:03:53,1988.9,161013,4,2008.79,36324,42532,-0.1556224899598348,0
2023-07-28 11:03:53,1988.9,161013,4,2008.79,36318,42541,-0.1556224899598348,0
2023-07-28 11:03:53,1988.9,161013,4,2008.79,38809,42541,-0.1556224899598348,0
2023-07-28 11:03:53,1988.9,161013,4,2008.79,38748,42533,-0.1556224899598348,0
2023-07-28 11:03:53,1988.9,161013,4,2008.79,39130,42515,-0.1556224899598348,0
2023-07-28 11:03:53,1988.9,161013,4,2008.79,38834,42563,-0.1556224899598348,0
2023-07-28 11:03:53,1988.9,161013,4,2008.79,36361,42517,-0.1556224899598348,0
2023-07-28 11:03:53,1988.9,161013,4,2008.79,38900,42539,-0.1556224899598348,0
2023-07-28 11:03:53,1988.9,161013,4,2008.79,38852,42524,-0.1556224899598348,0
2023-07-28 11:03:53,1988.9,161013,4,2008.79,36383,42531,-0.1556224899598348,0
2023-07-28 11:03:53,1988.9,161013,4,2008.79,36357,42528,-0.1556224899598348,0
2023-07-28 11:03:53,1988.9,161013,4,2008.79,36347,42484,-0.1556224899598348,0
2023-07-28 11:03:53,1988.9,161013,4,2008.79,38882,42517,-0.1556224899598348,0
2023-07-28 11:03:53,1988.9,161013,4,2008.79,38882,42517,-0.1556224899598348,0
2023-07-28 11:03:53,1988.9,161013,4,2008.79,36319,42526,-0.1556224899598348,0
2023-07-28 11:03:53,1988.9,161013,4,2008.79,38839,42525,-0.1556224899598348,0
2023-07-28 11:03:53,1988.9,161013,4,2008.79,38843,42531,-0.1556224899598348,0
2023-07-28 11:03:53,1988.9,161013,4,2008.79,38715,42532,-0.1556224899598348,0
2023-07-28 11:03:53,1988.9,161013,4,2008.79,38738,42511,-0.1556224899598348,0
2023-07-28 11:03:53,1988.9,161013,4,2008.79,36203,42529,-0.1556224899598348,0
2023-07-28 11:03:53,1988.9,161013,4,2008.79,38730,42528,-0.1556224899598348,0
2023-07-28 11:03:53,1988.9,161013,4,2008.79,38760,42526,-0.1556224899598348,0
2023-07-28 11:03:53,1988.9,161013,4,2008.79,36229,42532,-0.1556224899598348,0
2023-07-28 11:03:53,1988.9,161013,4,2008.79,38685,42490,-0.1556224899598348,0
2023-07-28 11:03:53,1987.7,161013,9,2008.79,38702,42536,-0.21586345381525876,0
2023-07-28 11:04:25,1987.7,161023,9,2008.79,38762,42533,-0.21586345381525876,0
2023-07-28 11:04:25,1987.7,161023,9,2008.79,36338,42523,-0.21586345381525876,0
2023-07-28 11:04:25,1987.7,161023,9,2008.79,38747,42498,-0.21586345381525876,0
2023-07-28 11:04:25,1987.7,161023,9,2008.79,36250,42553,-0.21586345381525876,0
2023-07-28 11:04:25,1987.7,161023,9,2008.79,38733,42543,-0.21586345381525876,0
2023-07-28 11:04:25,1987.7,161023,9,2008.79,38785,42549,-0.21586345381525876,0
2023-07-28 11:04:25,1987.7,161023,9,2008.79,38784,42548,-0.21586345381525876,0
2023-07-28 11:04:25,1987.7,161023,9,2008.79,38787,42517,-0.21586345381525876,0
2023-07-28 11:04:25,1987.7,161023,9,2008.79,38787,42545,-0.21586345381525876,0
2023-07-28 11:04:25,1987.7,161023,9,2008.79,38772,42524,-0.21586345381525876,0
2023-07-28 11:04:25,1987.7,161023,9,2008.79,38772,42525,-0.21586345381525876,0
2023-07-28 11:04:25,1987.7,161023,9,2008.79,38805,42500,-0.21586345381525876,0
2023-07-28 11:04:25,1987.7,161023,9,2008.79,38840,42499,-0.21586345381525876,0
2023-07-28 11:04:25,1987.7,161023,9,2008.79,38786,42534,-0.21586345381525876,0
2023-07-28 11:04:25,1987.7,161023,9,2008.79,38746,42536,-0.21586345381525876,0
2023-07-28 11:04:25,1987.7,161023,9,2008.79,38750,42534,-0.21586345381525876,0
2023-07-28 11:04:25,1987.7,161023,9,2008.79,38748,42544,-0.21586345381525876,0
2023-07-28 11:04:25,1987.7,161023,9,2008.79,38804,42532,-0.21586345381525876,0
2023-07-28 11:04:25,1987.7,161023,9,2008.79,36252,42523,-0.21586345381525876,0
2023-07-28 11:04:25,1987.7,161023,9,2008.79,38855,42476,-0.21586345381525876,0
2023-07-28 11:04:25,1987.7,161023,9,2008.79,38779,42477,-0.21586345381525876,0
2023-07-28 11:04:25,1987.7,161023,9,2008.79,36356,42443,-0.21586345381525876,0
2023-07-28 11:04:25,1987.7,161023,9,2008.79,38844,42475,-0.21586345381525876,0
2023-07-28 11:04:25,1987.7,161023,9,2008.79,38900,42502,-0.21586345381525876,0
2023-07-28 11:04:25,1987.7,161023,9,2008.79,38852,42503,-0.21586345381525876,0
2023-07-28 11:04:25,1987.7,161023,9,2008.79,38810,42497,-0.21586345381525876,0
2023-07-28 11:04:25,1987.7,161023,9,2008.79,38864,42500,-0.21586345381525876,0
2023-07-28 11:04:25,1987.7,161023,9,2008.79,38932,42499,-0.21586345381525876,0
2023-07-28 11:04:25,1987.7,161023,9,2008.79,38816,42501,-0.21586345381525876,0
2023-07-28 11:04:25,1987.7,161023,9,2008.79,38819,42473,-0.21586345381525876,0
2023-07-28 11:04:25,1987.7,161023,9,2008.79,38849,42458,-0.21586345381525876,0
2023-07-28 11:04:25,1987.7,161023,9,2008.79,38764,42441,-0.21586345381525876,0
2023-07-28 11:04:25,1987.7,161023,9,2008.79,38762,42441,-0.21586345381525876,0
2023-07-28 11:04:25,1987.7,161023,9,2008.79,38762,42468,-0.21586345381525876,0
2023-07-28 11:04:25,1987.7,161023,9,2008.79,38738,42469,-0.21586345381525876,0
2023-07-28 11:04:25,1987.7,161023,9,2008.79,38762,42484,-0.21586345381525876,0
2023-07-28 11:04:25,1987.7,161023,9,2008.79,38810,42533,-0.21586345381525876,0
2023-07-28 11:04:25,1987.7,161023,9,2008.79,36310,42538,-0.21586345381525876,0
2023-07-28 11:04:25,1987.7,161023,9,2008.79,38810,42533,-0.21586345381525876,0
2023-07-28 11:04:25,1987.7,161023,9,2008.79,38727,42532,-0.21586345381525876,0
2023-07-28 11:04:25,1987.7,161023,9,2008.79,36227,42538,-0.21586345381525876,0
2023-07-28 11:04:25,1987.7,161023,9,2008.79,38764,42515,-0.21586345381525876,0
2023-07-28 11:04:25,1987.7,161023,9,2008.79,38717,42514,-0.21586345381525876,0
2023-07-28 11:04:25,1987.7,161023,9,2008.79,38787,42534,-0.21586345381525876,0
2023-07-28 11:04:25,1989.1,161023,1,2008.79,38787,42534,-0.14558232931727363,0
2023-07-28 11:05:18,1989.1,161052,1,2008.79,36276,42518,-0.14558232931727363,0
2023-07-28 11:05:18,1989.1,161052,1,2008.79,38767,42482,-0.14558232931727363,0
2023-07-28 11:05:18,1989.1,161052,1,2008.79,36268,42498,-0.14558232931727363,0
2023-07-28 11:05:18,1989.1,161052,1,2008.79,38775,42527,-0.14558232931727363,0
2023-07-28 11:05:18,1989.1,161052,1,2008.79,38775,42527,-0.14558232931727363,0
2023-07-28 11:05:18,1989.1,161052,1,2008.79,38802,42512,-0.14558232931727363,0
2023-07-28 11:05:18,1989.1,161052,1,2008.79,38802,42512,-0.14558232931727363,0
2023-07-28 11:05:18,1989.1,161052,1,2008.79,36334,42487,-0.14558232931727363,0
2023-07-28 11:05:18,1989.1,161052,1,2008.79,38867,42487,-0.14558232931727363,0
2023-07-28 11:05:18,1989.1,161052,1,2008.79,38867,42487,-0.14558232931727363,0
2023-07-28 11:05:18,1989.1,161052,1,2008.79,38789,42461,-0.14558232931727363,0
2023-07-28 11:05:18,1989.1,161052,1,2008.79,38789,42461,-0.14558232931727363,0
2023-07-28 11:05:18,1989.1,161052,1,2008.79,38789,42461,-0.14558232931727363,0
2023-07-28 11:05:18,1989.1,161052,1,2008.79,38798,42475,-0.14558232931727363,0
2023-07-28 11:05:18,1989.1,161052,1,2008.79,38869,42518,-0.14558232931727363,0
2023-07-28 11:05:18,1989.1,161052,1,2008.79,38869,42515,-0.14558232931727363,0
2023-07-28 11:05:18,1989.1,161052,1,2008.79,38869,42518,-0.14558232931727363,0
2023-07-28 11:05:18,1989.1,161052,1,2008.79,38869,42515,-0.14558232931727363,0
2023-07-28 11:05:18,1989.1,161052,1,2008.79,38797,42474,-0.14558232931727363,0
2023-07-28 11:05:18,1989.1,161052,1,2008.79,36297,42496,-0.14558232931727363,0
2023-07-28 11:05:18,1989.1,161052,1,2008.79,38801,42502,-0.14558232931727363,0
2023-07-28 11:05:18,1989.1,161052,1,2008.79,38736,42570,-0.14558232931727363,0
2023-07-28 11:05:18,1989.1,161052,1,2008.79,38732,42574,-0.14558232931727363,0
2023-07-28 11:05:18,1989.1,161052,1,2008.79,38799,42578,-0.14558232931727363,0
2023-07-28 11:05:18,1989.1,161052,1,2008.79,36243,42535,-0.14558232931727363,0
2023-07-28 11:05:18,1989.1,161052,1,2008.79,38739,42533,-0.14558232931727363,0
2023-07-28 11:05:18,1989.1,161052,1,2008.79,38772,42534,-0.14558232931727363,0
2023-07-28 11:05:18,1989.1,161052,1,2008.79,38767,42550,-0.14558232931727363,0
2023-07-28 11:05:18,1989.1,161052,1,2008.79,38825,42542,-0.14558232931727363,0
2023-07-28 11:05:18,1989.1,161052,1,2008.79,38743,42551,-0.14558232931727363,0
2023-07-28 11:05:18,1989.1,161052,1,2008.79,38740,42548,-0.14558232931727363,0
2023-07-28 11:05:18,1989.1,161052,1,2008.79,38768,42544,-0.14558232931727363,0
2023-07-28 11:05:18,1989.1,161052,1,2008.79,38822,42545,-0.14558232931727363,0
2023-07-28 11:05:18,1989.1,161052,1,2008.79,38822,42537,-0.14558232931727363,0
2023-07-28 11:05:18,1989.1,161052,1,2008.79,38767,42537,-0.14558232931727363,0
2023-07-28 11:05:18,1989.1,161052,1,2008.79,38766,42548,-0.14558232931727363,0
2023-07-28 11:05:18,1989.1,161052,1,2008.79,38766,42548,-0.14558232931727363,0
2023-07-28 11:05:18,1989.1,161052,1,2008.79,38790,42536,-0.14558232931727363,0
2023-07-28 11:05:18,1989.1,161052,1,2008.79,38743,42561,-0.14558232931727363,0
2023-07-28 11:05:18,1989.1,161052,1,2008.79,36216,42543,-0.14558232931727363,0
2023-07-28 11:05:59,1988.75,161057,5,2008.79,38724,42545,-0.16315261044176707,0
2023-07-28 11:05:59,1988.8,161057,1,2008.79,38724,42545,-0.16064257028112677,0
2023-07-28 11:06:00,1988.8,161058,1,2008.79,38754,42546,-0.16064257028112677,0
2023-07-28 11:06:00,1988.8,161058,1,2008.79,38755,42536,-0.16064257028112677,0
2023-07-28 11:06:00,1988.8,161058,1,2008.79,38803,42536,-0.16064257028112677,0
2023-07-28 11:06:00,1988.8,161058,1,2008.79,38751,42521,-0.16064257028112677,0
2023-07-28 11:06:00,1988.8,161058,1,2008.79,38754,42492,-0.16064257028112677,0
2023-07-28 11:06:00,1988.8,161058,1,2008.79,36295,42507,-0.16064257028112677,0
2023-07-28 11:06:08,1989.0,161068,3,2008.78,36331,42503,-0.15060240963855423,0
2023-07-28 11:06:08,1989.0,161068,3,2008.78,38770,42497,-0.15060240963855423,0
2023-07-28 11:06:08,1989.0,161068,3,2008.78,38771,42509,-0.15060240963855423,0
2023-07-28 11:06:08,1989.0,161068,3,2008.78,38756,42494,-0.15060240963855423,0
2023-07-28 11:06:08,1989.0,161068,3,2008.78,38730,42544,-0.15060240963855423,0
2023-07-28 11:06:08,1989.0,161068,3,2008.78,38762,42519,-0.15060240963855423,0
2023-07-28 11:06:08,1989.0,161068,3,2008.78,36268,42513,-0.15060240963855423,0
2023-07-28 11:06:08,1989.0,161068,3,2008.78,38775,42524,-0.15060240963855423,0
2023-07-28 11:06:08,1989.0,161068,3,2008.78,38739,42521,-0.15060240963855423,0
2023-07-28 11:06:08,1989.0,161068,3,2008.78,38737,42519,-0.15060240963855423,0
2023-07-28 11:06:08,1989.0,161068,3,2008.78,38737,42558,-0.15060240963855423,0
2023-07-28 11:06:08,1989.0,161068,3,2008.78,36242,42558,-0.15060240963855423,0
2023-07-28 11:06:08,1989.0,161068,3,2008.78,38745,42558,-0.15060240963855423,0
2023-07-28 11:06:08,1989.0,161068,3,2008.78,36240,42519,-0.15060240963855423,0
2023-07-28 11:06:08,1989.0,161068,3,2008.78,36243,42531,-0.15060240963855423,0
2023-07-28 11:06:08,1989.0,161068,3,2008.78,38743,42535,-0.15060240963855423,0
2023-07-28 11:06:08,1989.0,161068,3,2008.78,36245,42532,-0.15060240963855423,0
2023-07-28 11:06:08,1989.0,161068,3,2008.78,36243,42532,-0.15060240963855423,0
2023-07-28 11:06:08,1989.0,161068,3,2008.78,36243,42532,-0.15060240963855423,0
2023-07-28 11:06:30,1987.8,161078,1,2008.78,36173,42658,-0.2108433734939782,0
2023-07-28 11:06:30,1987.8,161078,1,2008.78,38709,42658,-0.2108433734939782,0
2023-07-28 11:06:32,1987.75,161079,1,2008.78,38698,42682,-0.21335341365461846,0
2023-07-28 11:06:32,1987.5,161082,1,2008.78,38730,42733,-0.22590361445783133,0
2023-07-28 11:06:32,1987.5,161082,1,2008.78,38733,42734,-0.22590361445783133,0
2023-07-28 11:06:32,1987.5,161082,1,2008.78,38761,42734,-0.22590361445783133,0
2023-07-28 11:06:32,1987.5,161082,1,2008.78,36261,42739,-0.22590361445783133,0
2023-07-28 11:06:32,1987.5,161082,1,2008.78,38765,42694,-0.22590361445783133,0
2023-07-28 11:06:32,1987.5,161082,1,2008.78,38739,42702,-0.22590361445783133,0
2023-07-28 11:06:32,1987.5,161082,1,2008.78,36225,42695,-0.22590361445783133,0
2023-07-28 11:06:32,1987.25,161082,2,2008.78,36225,42695,-0.23845381526104417,0
2023-07-28 11:06:41,1987.25,161095,2,2008.78,38720,42726,-0.23845381526104417,0
2023-07-28 11:06:41,1987.25,161095,2,2008.78,38730,42734,-0.23845381526104417,0
2023-07-28 11:06:41,1987.25,161095,2,2008.78,38730,42734,-0.23845381526104417,0
2023-07-28 11:06:41,1987.25,161095,2,2008.78,38730,42734,-0.23845381526104417,0
2023-07-28 11:06:41,1987.25,161095,2,2008.78,38724,42694,-0.23845381526104417,0
2023-07-28 11:06:41,1987.25,161095,2,2008.78,38735,42694,-0.23845381526104417,0
2023-07-28 11:06:41,1987.25,161095,2,2008.78,36224,42695,-0.23845381526104417,0
2023-07-28 11:06:41,1987.25,161095,2,2008.78,38724,42695,-0.23845381526104417,0
2023-07-28 11:06:41,1987.25,161095,2,2008.78,38715,42707,-0.23845381526104417,0
2023-07-28 11:06:41,1987.25,161095,2,2008.78,38715,42707,-0.23845381526104417,0
2023-07-28 11:06:41,1988.5,161095,1,2008.78,38715,42707,-0.1757028112449799,0
2023-07-28 11:06:51,1988.5,161101,1,2008.78,38715,42693,-0.1757028112449799,0
2023-07-28 11:06:51,1988.5,161101,1,2008.78,38715,42702,-0.1757028112449799,0
2023-07-28 11:06:51,1988.5,161101,1,2008.78,38715,42693,-0.1757028112449799,0
2023-07-28 11:06:51,1988.5,161101,1,2008.78,38715,42694,-0.1757028112449799,0
2023-07-28 11:06:51,1988.5,161101,1,2008.78,38715,42704,-0.1757028112449799,0
2023-07-28 11:06:51,1988.5,161101,1,2008.78,38715,42704,-0.1757028112449799,0
2023-07-28 11:06:51,1988.5,161101,1,2008.78,38755,42780,-0.1757028112449799,0
2023-07-28 11:06:51,1988.5,161101,1,2008.78,38754,42780,-0.1757028112449799,0
2023-07-28 11:06:51,1988.5,161101,1,2008.78,38740,42775,-0.1757028112449799,0
2023-07-28 11:06:51,1988.5,161101,1,2008.78,38746,42774,-0.1757028112449799,0
2023-07-28 11:06:51,1988.5,161101,1,2008.78,38743,42772,-0.1757028112449799,0
2023-07-28 11:06:51,1988.5,161101,1,2008.78,36243,42773,-0.1757028112449799,0
2023-07-28 11:06:51,1988.5,161101,1,2008.78,38743,42770,-0.1757028112449799,0
2023-07-28 11:07:07,1988.4,161128,1,2008.78,38743,42719,-0.1807228915662605,0
2023-07-28 11:07:07,1988.4,161128,1,2008.78,38743,42719,-0.1807228915662605,0
2023-07-28 11:07:07,1988.4,161128,1,2008.78,38743,42722,-0.1807228915662605,0
2023-07-28 11:07:07,1988.4,161128,1,2008.78,36216,42729,-0.1807228915662605,0
2023-07-28 11:07:07,1988.4,161128,1,2008.78,38742,42739,-0.1807228915662605,0
2023-07-28 11:07:07,1988.4,161128,1,2008.78,38722,42739,-0.1807228915662605,0
2023-07-28 11:07:07,1988.4,161128,1,2008.78,38722,42739,-0.1807228915662605,0
2023-07-28 11:07:07,1988.4,161128,1,2008.78,38722,42736,-0.1807228915662605,0
2023-07-28 11:07:07,1988.4,161128,1,2008.78,36235,42735,-0.1807228915662605,0
2023-07-28 11:07:07,1988.4,161128,1,2008.78,38714,42735,-0.1807228915662605,0
2023-07-28 11:07:07,1988.4,161128,1,2008.78,38714,42736,-0.1807228915662605,0
2023-07-28 11:07:07,1988.4,161128,1,2008.78,38714,42725,-0.1807228915662605,0
2023-07-28 11:07:07,1988.4,161128,1,2008.78,38714,42728,-0.1807228915662605,0
2023-07-28 11:07:07,1988.4,161128,1,2008.78,38714,42727,-0.1807228915662605,0
2023-07-28 11:07:07,1988.4,161128,1,2008.78,36214,42725,-0.1807228915662605,0
2023-07-28 11:07:07,1988.4,161128,1,2008.78,38688,42725,-0.1807228915662605,0
2023-07-28 11:07:07,1988.4,161128,1,2008.78,38688,42724,-0.1807228915662605,0
2023-07-28 11:07:07,1988.4,161128,1,2008.78,36188,42725,-0.1807228915662605,0
2023-07-28 11:07:07,1988.4,161128,1,2008.78,38688,42737,-0.1807228915662605,0
2023-07-28 11:07:07,1988.4,161128,1,2008.78,38712,42734,-0.1807228915662605,0
2023-07-28 11:07:07,1988.4,161128,1,2008.78,38732,42726,-0.1807228915662605,0
2023-07-28 11:07:07,1988.4,161128,1,2008.78,38724,42740,-0.1807228915662605,0
2023-07-28 11:07:07,1988.4,161128,1,2008.78,38724,42733,-0.1807228915662605,0
2023-07-28 11:07:07,1988.4,161128,1,2008.78,38713,42733,-0.1807228915662605,0
2023-07-28 11:07:07,1988.4,161128,1,2008.78,38713,42733,-0.1807228915662605,0
2023-07-28 11:07:07,1988.4,161128,1,2008.78,38723,42718,-0.1807228915662605,0
2023-07-28 11:07:07,1988.4,161128,1,2008.78,38723,42718,-0.1807228915662605,0
2023-07-28 11:07:07,1988.4,161128,1,2008.78,38752,42691,-0.1807228915662605,0
2023-07-28 11:07:07,1988.4,161128,1,2008.78,36215,42691,-0.1807228915662605,0
2023-07-28 11:07:07,1988.4,161128,1,2008.78,38715,42691,-0.1807228915662605,0
2023-07-28 11:07:07,1988.4,161128,1,2008.78,38705,42718,-0.1807228915662605,0
2023-07-28 11:07:07,1988.4,161128,1,2008.78,36242,42694,-0.1807228915662605,0
2023-07-28 11:07:07,1988.4,161128,1,2008.78,38715,42694,-0.1807228915662605,0
2023-07-28 11:07:07,1988.4,161128,1,2008.78,38715,42692,-0.1807228915662605,0
2023-07-28 11:07:07,1988.4,161128,1,2008.78,38727,42707,-0.1807228915662605,0
2023-07-28 11:07:07,1988.4,161128,1,2008.78,38752,42707,-0.1807228915662605,0
2023-07-28 11:07:07,1988.4,161128,1,2008.78,38725,42707,-0.1807228915662605,0
2023-07-28 11:07:07,1988.4,161128,1,2008.78,38725,42722,-0.1807228915662605,0
2023-07-28 11:07:07,1988.4,161128,1,2008.78,38725,42722,-0.1807228915662605,0
2023-07-28 11:07:07,1988.4,161128,1,2008.78,38710,42729,-0.1807228915662605,0
2023-07-28 11:07:07,1988.4,161128,1,2008.78,38710,42729,-0.1807228915662605,0
2023-07-28 11:07:07,1988.4,161128,1,2008.78,38710,42737,-0.1807228915662605,0
2023-07-28 11:08:04,1987.2,161132,1,2008.78,38699,42748,-0.24096385542168447,0
2023-07-28 11:08:04,1987.2,161132,1,2008.78,38704,42717,-0.24096385542168447,0
2023-07-28 11:08:06,1988.4,161172,2,2008.77,38687,42714,-0.1807228915662605,0
2023-07-28 11:08:07,1988.4,161174,2,2008.77,38759,42698,-0.1807228915662605,0
2023-07-28 11:08:07,1988.4,161174,2,2008.77,38746,42692,-0.1807228915662605,0
2023-07-28 11:08:07,1988.4,161174,2,2008.77,38739,42674,-0.1807228915662605,0
2023-07-28 11:08:07,1988.4,161174,2,2008.77,38739,42674,-0.1807228915662605,0
2023-07-28 11:08:07,1988.4,161174,2,2008.77,38746,42695,-0.1807228915662605,0
2023-07-28 11:08:07,1988.4,161174,2,2008.77,38746,42695,-0.1807228915662605,0
2023-07-28 11:08:07,1988.4,161174,2,2008.77,38746,42695,-0.1807228915662605,0
2023-07-28 11:08:07,1988.4,161174,2,2008.77,38746,42695,-0.1807228915662605,0
2023-07-28 11:08:07,1988.4,161174,2,2008.77,38746,42695,-0.1807228915662605,0
2023-07-28 11:08:07,1988.4,161174,2,2008.77,38746,42695,-0.1807228915662605,0
2023-07-28 11:08:07,1988.4,161174,2,2008.77,38746,42695,-0.1807228915662605,0
2023-07-28 11:08:07,1988.4,161174,2,2008.77,38746,42695,-0.1807228915662605,0
2023-07-28 11:08:07,1988.4,161174,2,2008.77,38746,42623,-0.1807228915662605,0
2023-07-28 11:08:07,1987.0,161174,5,2008.77,38746,42623,-0.25100401606425704,0
2023-07-28 11:08:07,1987.0,161174,6,2008.77,38746,42623,-0.25100401606425704,0
2023-07-28 11:08:35,1987.0,161185,6,2008.77,38653,42711,-0.25100401606425704,0
2023-07-28 11:08:35,1986.65,161185,9,2008.77,38653,42711,-0.2685742971887505,0
2023-07-28 11:08:37,1986.65,161239,9,2008.76,38708,42796,-0.2685742971887505,0
2023-07-28 11:08:37,1988.05,161239,4,2008.76,38708,42796,-0.19829317269076532,0
2023-07-28 11:08:44,1988.05,161243,4,2008.76,38734,42782,-0.19829317269076532,0
2023-07-28 11:08:44,1986.65,161243,1,2008.76,38734,42782,-0.2685742971887505,0
2023-07-28 11:08:48,1986.65,161244,1,2008.76,38834,42599,-0.2685742971887505,0
2023-07-28 11:08:48,1986.65,161244,1,2008.76,38790,42604,-0.2685742971887505,0
2023-07-28 11:08:48,1986.65,161244,1,2008.76,36265,42602,-0.2685742971887505,0
2023-07-28 11:08:48,1986.65,161244,1,2008.76,38773,42606,-0.2685742971887505,0
2023-07-28 11:09:06,1988.05,161245,1,2008.76,38772,42643,-0.19829317269076532,0
2023-07-28 11:09:06,1988.05,161245,1,2008.76,38744,42634,-0.19829317269076532,0
2023-07-28 11:09:06,1988.05,161245,1,2008.76,36244,42643,-0.19829317269076532,0
2023-07-28 11:09:09,1988.05,161248,3,2008.76,38796,42571,-0.19829317269076532,0
2023-07-28 11:09:09,1988.05,161248,3,2008.76,36324,42562,-0.19829317269076532,0
2023-07-28 11:09:09,1988.05,161248,3,2008.76,38798,42611,-0.19829317269076532,0
2023-07-28 11:09:09,1988.05,161248,3,2008.76,38799,42611,-0.19829317269076532,0
2023-07-28 11:09:09,1988.05,161248,3,2008.76,38799,42611,-0.19829317269076532,0
2023-07-28 11:09:09,1988.05,161248,3,2008.76,38761,42605,-0.19829317269076532,0
2023-07-28 11:09:09,1988.05,161248,3,2008.76,38761,42605,-0.19829317269076532,0
2023-07-28 11:09:09,1988.05,161248,3,2008.76,38811,42592,-0.19829317269076532,0
2023-07-28 11:09:09,1988.05,161248,3,2008.76,36286,42583,-0.19829317269076532,0
2023-07-28 11:09:09,1988.05,161248,3,2008.76,36285,42583,-0.19829317269076532,0
2023-07-28 11:09:09,1988.05,161248,3,2008.76,36285,42583,-0.19829317269076532,0
2023-07-28 11:09:09,1988.05,161248,3,2008.76,38761,42583,-0.19829317269076532,0
2023-07-28 11:09:09,1988.05,161248,3,2008.76,38781,42556,-0.19829317269076532,0
2023-07-28 11:09:09,1988.05,161248,3,2008.76,38782,42556,-0.19829317269076532,0
2023-07-28 11:09:09,1988.05,161248,3,2008.76,38758,42556,-0.19829317269076532,0
2023-07-28 11:09:09,1988.05,161248,3,2008.76,36258,42556,-0.19829317269076532,0
2023-07-28 11:09:09,1988.05,161248,3,2008.76,36258,42571,-0.19829317269076532,0
2023-07-28 11:09:09,1988.05,161248,3,2008.76,38758,42571,-0.19829317269076532,0
2023-07-28 11:09:09,1988.05,161248,3,2008.76,38782,42569,-0.19829317269076532,0
2023-07-28 11:09:09,1988.05,161248,3,2008.76,36282,42569,-0.19829317269076532,0
2023-07-28 11:09:09,1988.05,161248,3,2008.76,38782,42580,-0.19829317269076532,0
2023-07-28 11:09:09,1988.05,161248,3,2008.76,36282,42580,-0.19829317269076532,0
2023-07-28 11:09:09,1988.05,161248,3,2008.76,38782,42592,-0.19829317269076532,0
2023-07-28 11:09:09,1988.25,161248,1,2008.76,38782,42592,-0.18825301204819278,0
2023-07-28 11:09:35,1988.25,161249,1,2008.76,38834,42540,-0.18825301204819278,0
2023-07-28 11:09:35,1988.25,161249,1,2008.76,38835,42529,-0.18825301204819278,0
2023-07-28 11:09:35,1988.25,161249,1,2008.76,38835,42546,-0.18825301204819278,0
2023-07-28 11:09:35,1988.25,161249,1,2008.76,38784,42545,-0.18825301204819278,0
2023-07-28 11:09:35,1988.25,161249,1,2008.76,38810,42585,-0.18825301204819278,0
2023-07-28 11:09:35,1988.25,161249,1,2008.76,38776,42584,-0.18825301204819278,0
2023-07-28 11:09:35,1988.25,161249,1,2008.76,38782,42584,-0.18825301204819278,0
2023-07-28 11:09:35,1988.25,161249,2,2008.76,38782,42584,-0.18825301204819278,0
2023-07-28 11:09:43,1988.25,161259,2,2008.76,38782,42574,-0.18825301204819278,0
2023-07-28 11:09:43,1988.25,161259,2,2008.76,38795,42575,-0.18825301204819278,0
2023-07-28 11:09:46,1988.25,161269,10,2008.76,38793,42560,-0.18825301204819278,0
2023-07-28 11:09:46,1988.25,161269,10,2008.76,38811,42562,-0.18825301204819278,0
2023-07-28 11:09:46,1988.25,161269,10,2008.76,38802,42551,-0.18825301204819278,0
2023-07-28 11:09:46,1988.25,161269,10,2008.76,38827,42551,-0.18825301204819278,0
2023-07-28 11:09:46,1988.25,161269,10,2008.76,38770,42603,-0.18825301204819278,0
2023-07-28 11:09:46,1988.25,161269,10,2008.76,38782,42567,-0.18825301204819278,0
2023-07-28 11:09:46,1988.25,161269,10,2008.76,36296,42560,-0.18825301204819278,0
2023-07-28 11:09:46,1988.25,161269,10,2008.76,38796,42560,-0.18825301204819278,0
2023-07-28 11:09:46,1988.25,161269,10,2008.76,36302,42536,-0.18825301204819278,0
2023-07-28 11:09:46,1988.25,161269,10,2008.76,38802,42550,-0.18825301204819278,0
2023-07-28 11:09:46,1988.25,161269,10,2008.76,36302,42550,-0.18825301204819278,0
2023-07-28 11:09:46,1988.25,161269,10,2008.76,38772,42569,-0.18825301204819278,0
2023-07-28 11:09:46,1988.25,161269,10,2008.76,36298,42569,-0.18825301204819278,0
2023-07-28 11:09:46,1988.25,161269,10,2008.76,36246,42587,-0.18825301204819278,0
2023-07-28 11:09:46,1988.25,161269,10,2008.76,36237,42600,-0.18825301204819278,0
2023-07-28 11:09:46,1988.25,161269,10,2008.76,38787,42555,-0.18825301204819278,0
2023-07-28 11:09:46,1988.25,161269,10,2008.76,38784,42603,-0.18825301204819278,0
2023-07-28 11:09:46,1988.25,161269,10,2008.76,38764,42603,-0.18825301204819278,0
2023-07-28 11:09:46,1988.25,161269,10,2008.76,38764,42603,-0.18825301204819278,0
2023-07-28 11:09:46,1988.25,161269,10,2008.76,38764,42603,-0.18825301204819278,0
2023-07-28 11:09:46,1988.25,161269,10,2008.76,38764,42603,-0.18825301204819278,0
2023-07-28 11:09:46,1988.25,161269,10,2008.76,38764,42603,-0.18825301204819278,0
2023-07-28 11:09:46,1988.25,161269,10,2008.76,36264,42603,-0.18825301204819278,0
2023-07-28 11:09:46,1988.25,161269,10,2008.76,36264,42614,-0.18825301204819278,0
2023-07-28 11:09:46,1988.25,161269,10,2008.76,38764,42615,-0.18825301204819278,0
2023-07-28 11:09:46,1988.25,161269,10,2008.76,38732,42610,-0.18825301204819278,0
2023-07-28 11:09:46,1988.25,161269,10,2008.76,38764,42607,-0.18825301204819278,0
2023-07-28 11:09:46,1988.25,161269,10,2008.76,38765,42602,-0.18825301204819278,0
2023-07-28 11:09:46,1988.25,161269,10,2008.76,38733,42602,-0.18825301204819278,0
2023-07-28 11:09:46,1988.25,161269,10,2008.76,38733,42613,-0.18825301204819278,0
2023-07-28 11:09:46,1988.25,161269,10,2008.76,38765,42612,-0.18825301204819278,0
2023-07-28 11:09:46,1988.25,161269,10,2008.76,36783,42596,-0.18825301204819278,0
2023-07-28 11:09:46,1988.25,161269,10,2008.76,39283,42596,-0.18825301204819278,0
2023-07-28 11:09:46,1988.25,161269,10,2008.76,36783,42595,-0.18825301204819278,0
2023-07-28 11:09:46,1988.25,161269,10,2008.76,39251,42595,-0.18825301204819278,0
2023-07-28 11:09:46,1988.25,161269,10,2008.76,39283,42595,-0.18825301204819278,0
2023-07-28 11:09:46,1988.25,161269,10,2008.76,39283,42595,-0.18825301204819278,0
2023-07-28 11:09:46,1988.25,161269,10,2008.76,39283,42596,-0.18825301204819278,0
2023-07-28 11:09:46,1988.25,161269,10,2008.76,39233,42617,-0.18825301204819278,0
2023-07-28 11:09:46,1988.25,161269,10,2008.76,39233,42596,-0.18825301204819278,0
2023-07-28 11:09:46,1988.25,161269,10,2008.76,36747,42596,-0.18825301204819278,0
2023-07-28 11:09:46,1988.25,161269,10,2008.76,39247,42596,-0.18825301204819278,0
2023-07-28 11:09:46,1988.25,161269,10,2008.76,39255,42596,-0.18825301204819278,0
2023-07-28 11:09:46,1988.25,161269,10,2008.76,39255,42596,-0.18825301204819278,0
2023-07-28 11:09:46,1988.25,161269,10,2008.76,39255,42594,-0.18825301204819278,0
2023-07-28 11:09:46,1988.25,161269,10,2008.76,39255,42595,-0.18825301204819278,0
2023-07-28 11:09:46,1988.25,161269,10,2008.76,36733,42595,-0.18825301204819278,0
2023-07-28 11:09:46,1988.25,161269,10,2008.76,39233,42595,-0.18825301204819278,0
2023-07-28 11:09:46,1988.25,161269,10,2008.76,39233,42595,-0.18825301204819278,0
2023-07-28 11:09:46,1988.25,161269,10,2008.76,39233,42595,-0.18825301204819278,0
2023-07-28 11:09:46,1986.8,161269,1,2008.76,39254,42595,-0.2610441767068296,0
2023-07-28 11:10:48,1986.8,161313,1,2008.75,36655,42740,-0.2610441767068296,0
2023-07-28 11:10:52,1986.8,161314,1,2008.75,36675,42699,-0.2610441767068296,0
2023-07-28 11:10:52,1986.8,161314,1,2008.75,36675,42699,-0.2610441767068296,0
2023-07-28 11:10:52,1986.8,161314,1,2008.75,36689,42699,-0.2610441767068296,0
2023-07-28 11:10:54,1988.0,161335,21,2008.75,39189,42677,-0.20080321285140562,0
2023-07-28 11:10:54,1988.0,161335,21,2008.75,39188,42661,-0.20080321285140562,0
2023-07-28 11:10:54,1988.0,161335,21,2008.75,36715,42661,-0.20080321285140562,0
2023-07-28 11:10:54,1988.0,161335,21,2008.75,36702,42661,-0.20080321285140562,0
2023-07-28 11:10:54,1988.0,161335,21,2008.75,36705,42659,-0.20080321285140562,0
2023-07-28 11:10:54,1988.0,161335,21,2008.75,39205,42659,-0.20080321285140562,0
2023-07-28 11:10:54,1988.0,161335,21,2008.75,39232,42653,-0.20080321285140562,0
2023-07-28 11:10:54,1988.0,161335,21,2008.75,39249,42653,-0.20080321285140562,0
2023-07-28 11:10:54,1988.0,161335,21,2008.75,36712,42653,-0.20080321285140562,0
2023-07-28 11:10:54,1988.0,161335,21,2008.75,36726,42653,-0.20080321285140562,0
2023-07-28 11:10:54,1988.0,161335,21,2008.75,39229,42653,-0.20080321285140562,0
2023-07-28 11:10:54,1988.0,161335,21,2008.75,39135,42653,-0.20080321285140562,0
2023-07-28 11:10:54,1988.0,161335,21,2008.75,39157,42653,-0.20080321285140562,0
2023-07-28 11:10:54,1988.0,161335,21,2008.75,39156,42653,-0.20080321285140562,0
2023-07-28 11:10:54,1988.0,161335,21,2008.75,39151,42653,-0.20080321285140562,0
2023-07-28 11:10:54,1988.0,161335,21,2008.75,39147,42627,-0.20080321285140562,0
2023-07-28 11:10:54,1988.0,161335,21,2008.75,39147,42627,-0.20080321285140562,0
2023-07-28 11:10:54,1988.0,161335,21,2008.75,39112,42642,-0.20080321285140562,0
2023-07-28 11:10:54,1986.7,161335,1,2008.75,39137,42627,-0.26606425702811015,0
2023-07-28 11:11:13,1986.7,161336,1,2008.75,39102,42680,-0.26606425702811015,0
2023-07-28 11:11:13,1986.7,161336,1,2008.75,39134,42653,-0.26606425702811015,0
2023-07-28 11:11:13,1986.7,161336,1,2008.75,39102,42655,-0.26606425702811015,0
2023-07-28 11:11:13,1986.7,161336,1,2008.75,39103,42655,-0.26606425702811015,0
2023-07-28 11:11:13,1986.7,161336,1,2008.75,39097,42651,-0.26606425702811015,0
2023-07-28 11:11:13,1986.7,161336,1,2008.75,39115,42660,-0.26606425702811015,0
2023-07-28 11:11:13,1986.7,161336,1,2008.75,36615,42660,-0.26606425702811015,0
2023-07-28 11:11:13,1986.7,161336,1,2008.75,39105,42660,-0.26606425702811015,0
2023-07-28 11:11:13,1986.7,161336,1,2008.75,39106,42654,-0.26606425702811015,0
2023-07-28 11:11:13,1986.7,161336,1,2008.75,39106,42654,-0.26606425702811015,0
2023-07-28 11:11:13,1986.7,161336,1,2008.75,36606,42654,-0.26606425702811015,0
2023-07-28 11:11:13,1986.7,161336,1,2008.75,39106,42654,-0.26606425702811015,0
2023-07-28 11:11:13,1986.7,161336,1,2008.75,39106,42654,-0.26606425702811015,0
2023-07-28 11:11:13,1986.7,161336,1,2008.75,39106,42654,-0.26606425702811015,0
2023-07-28 11:11:13,1986.7,161336,1,2008.75,39108,42666,-0.26606425702811015,0
2023-07-28 11:11:13,1986.7,161336,1,2008.75,39107,42655,-0.26606425702811015,0
2023-07-28 11:11:13,1986.7,161336,1,2008.75,39118,42666,-0.26606425702811015,0
2023-07-28 11:11:13,1986.7,161336,1,2008.75,39118,42666,-0.26606425702811015,0
2023-07-28 11:11:13,1986.7,161336,1,2008.75,38980,42791,-0.26606425702811015,0
2023-07-28 11:11:13,1986.6,161336,1,2008.75,38980,42791,-0.2710843373494022,0
2023-07-28 11:11:29,1986.6,161337,1,2008.75,38771,42835,-0.2710843373494022,0
2023-07-28 11:11:29,1986.6,161337,1,2008.75,38773,42850,-0.2710843373494022,0
2023-07-28 11:11:29,1986.6,161337,1,2008.75,38783,42838,-0.2710843373494022,0
2023-07-28 11:11:29,1986.6,161337,1,2008.75,38783,42853,-0.2710843373494022,0
2023-07-28 11:11:29,1987.15,161337,3,2008.75,38783,42853,-0.24347389558232474,0
2023-07-28 11:11:34,1987.15,161340,3,2008.75,36292,42763,-0.24347389558232474,0
2023-07-28 11:11:34,1987.15,161340,3,2008.75,38780,42813,-0.24347389558232474,0
2023-07-28 11:11:34,1987.15,161340,3,2008.75,38780,42813,-0.24347389558232474,0
2023-07-28 11:11:34,1987.15,161340,3,2008.75,38780,42787,-0.24347389558232474,0
2023-07-28 11:11:34,1987.15,161340,3,2008.75,38780,42813,-0.24347389558232474,0
2023-07-28 11:11:34,1987.15,161340,3,2008.75,38780,42813,-0.24347389558232474,0
2023-07-28 11:11:34,1987.15,161340,3,2008.75,38787,42719,-0.24347389558232474,0
2023-07-28 11:11:34,1987.15,161340,3,2008.75,38810,42721,-0.24347389558232474,0
2023-07-28 11:11:34,1987.15,161340,3,2008.75,38812,42728,-0.24347389558232474,0
2023-07-28 11:11:34,1987.15,161340,3,2008.75,38810,42727,-0.24347389558232474,0
2023-07-28 11:11:45,1987.3,161444,3,2008.73,38843,42676,-0.2359437751004039,0
2023-07-28 11:11:46,1987.3,161449,5,2008.73,38980,42653,-0.2359437751004039,0
2023-07-28 11:11:46,1987.3,161449,5,2008.73,38980,42653,-0.2359437751004039,0
2023-07-28 11:11:46,1987.3,161449,5,2008.73,38946,42653,-0.2359437751004039,0
2023-07-28 11:11:46,1987.3,161449,5,2008.73,38935,42654,-0.2359437751004039,0
2023-07-28 11:11:46,1987.3,161449,5,2008.73,38917,42654,-0.2359437751004039,0
2023-07-28 11:11:46,1987.3,161449,5,2008.73,38918,42655,-0.2359437751004039,0
2023-07-28 11:11:46,1987.3,161449,5,2008.73,38918,42655,-0.2359437751004039,0
2023-07-28 11:11:46,1987.3,161449,5,2008.73,38923,42655,-0.2359437751004039,0
2023-07-28 11:11:46,1987.3,161449,5,2008.73,38922,42655,-0.2359437751004039,0
2023-07-28 11:11:46,1987.3,161449,5,2008.73,38916,42654,-0.2359437751004039,0
2023-07-28 11:11:46,1987.3,161449,5,2008.73,38916,42655,-0.2359437751004039,0
2023-07-28 11:11:46,1987.3,161449,5,2008.73,38917,42707,-0.2359437751004039,0
2023-07-28 11:11:46,1987.3,161449,5,2008.73,38916,42678,-0.2359437751004039,0
2023-07-28 11:11:46,1987.3,161449,5,2008.73,38916,42678,-0.2359437751004039,0
2023-07-28 11:11:46,1987.3,161449,5,2008.73,38915,42643,-0.2359437751004039,0
2023-07-28 11:11:46,1987.3,161449,5,2008.73,38931,42649,-0.2359437751004039,0
2023-07-28 11:11:46,1987.3,161449,5,2008.73,36434,42699,-0.2359437751004039,0
2023-07-28 11:11:46,1987.3,161449,5,2008.73,36434,42699,-0.2359437751004039,0
2023-07-28 11:11:46,1987.3,161449,5,2008.73,38934,42699,-0.2359437751004039,0
2023-07-28 11:12:06,1985.75,161529,11,2008.72,38844,42832,-0.3137550200803213,0
2023-07-28 11:12:06,1985.75,161529,11,2008.72,38844,42833,-0.3137550200803213,0
2023-07-28 11:12:06,1985.75,161529,11,2008.72,38864,42824,-0.3137550200803213,0
2023-07-28 11:12:06,1985.75,161529,11,2008.72,38847,42824,-0.3137550200803213,0
2023-07-28 11:12:06,1985.75,161529,11,2008.72,38989,42756,-0.3137550200803213,0
2023-07-28 11:12:06,1985.75,161529,11,2008.72,38999,42784,-0.3137550200803213,0
2023-07-28 11:12:14,1987.25,161530,1,2008.72,36513,42782,-0.23845381526104417,0
2023-07-28 11:12:14,1987.25,161530,1,2008.72,36513,42782,-0.23845381526104417,0
2023-07-28 11:12:14,1987.25,161530,1,2008.72,36473,42788,-0.23845381526104417,0
2023-07-28 11:12:14,1987.25,161530,1,2008.72,36449,42801,-0.23845381526104417,0
2023-07-28 11:12:14,1987.25,161530,1,2008.72,36435,42801,-0.23845381526104417,0
2023-07-28 11:12:14,1987.25,161530,1,2008.72,38935,42801,-0.23845381526104417,0
2023-07-28 11:12:14,1987.25,161530,1,2008.72,38935,42801,-0.23845381526104417,0
2023-07-28 11:12:14,1987.25,161530,1,2008.72,38935,42802,-0.23845381526104417,0
2023-07-28 11:12:14,1987.25,161530,1,2008.72,38935,42802,-0.23845381526104417,0
2023-07-28 11:12:14,1987.25,161530,1,2008.72,38935,42803,-0.23845381526104417,0
2023-07-28 11:12:14,1987.25,161530,1,2008.72,38935,42803,-0.23845381526104417,0
2023-07-28 11:12:14,1987.25,161530,1,2008.72,38935,42803,-0.23845381526104417,0
2023-07-28 11:12:14,1987.25,161530,1,2008.72,36453,42745,-0.23845381526104417,0
2023-07-28 11:12:14,1987.25,161530,1,2008.72,36447,42770,-0.23845381526104417,0
2023-07-28 11:12:14,1987.25,161530,1,2008.72,38931,42770,-0.23845381526104417,0
2023-07-28 11:12:14,1987.25,161530,1,2008.72,38929,42772,-0.23845381526104417,0
2023-07-28 11:12:14,1987.25,161530,1,2008.72,38938,42783,-0.23845381526104417,0
2023-07-28 11:12:14,1987.0,161530,2,2008.72,38938,42783,-0.25100401606425704,0
2023-07-28 11:12:39,1987.0,161532,2,2008.72,38986,42725,-0.25100401606425704,0
2023-07-28 11:12:39,1987.0,161532,2,2008.72,38976,42718,-0.25100401606425704,0
2023-07-28 11:12:41,1987.0,161533,1,2008.72,38971,42717,-0.25100401606425704,0
2023-07-28 11:12:41,1987.0,161533,1,2008.72,38918,42717,-0.25100401606425704,0
2023-07-28 11:12:41,1987.0,161533,1,2008.72,38925,42523,-0.25100401606425704,0
2023-07-28 11:12:41,1987.0,161533,1,2008.72,36425,42523,-0.25100401606425704,0
2023-07-28 11:12:41,1987.0,161533,1,2008.72,36426,42523,-0.25100401606425704,0
2023-07-28 11:12:41,1987.0,161533,1,2008.72,36426,42524,-0.25100401606425704,0
2023-07-28 11:12:41,1987.0,161533,1,2008.72,38927,42522,-0.25100401606425704,0
2023-07-28 11:12:41,1986.75,161533,38,2008.72,38927,42522,-0.2635542168674699,0
2023-07-28 11:12:58,1986.75,161571,38,2008.72,38889,42522,-0.2635542168674699,0
2023-07-28 11:12:58,1986.75,161571,38,2008.72,38889,42523,-0.2635542168674699,0
2023-07-28 11:12:58,1986.75,161571,38,2008.72,38989,42525,-0.2635542168674699,0
2023-07-28 11:12:58,1986.75,161571,38,2008.72,39001,42523,-0.2635542168674699,0
2023-07-28 11:12:58,1986.75,161571,38,2008.72,38993,42523,-0.2635542168674699,0
2023-07-28 11:12:58,1986.75,161571,38,2008.72,39012,42508,-0.2635542168674699,0
2023-07-28 11:12:58,1987.0,161571,1,2008.72,39014,42514,-0.25100401606425704,0
2023-07-28 11:12:58,1987.0,161571,2,2008.72,39014,42514,-0.25100401606425704,0
2023-07-28 11:13:18,1987.0,161574,2,2008.72,39012,42088,-0.25100401606425704,0
2023-07-28 11:13:18,1987.0,161574,2,2008.72,39012,42076,-0.25100401606425704,0
2023-07-28 11:13:18,1987.0,161574,2,2008.72,39013,42089,-0.25100401606425704,0
2023-07-28 11:13:18,1987.0,161574,2,2008.72,39013,42090,-0.25100401606425704,0
2023-07-28 11:13:18,1987.0,161574,2,2008.72,39014,42090,-0.25100401606425704,0
2023-07-28 11:13:18,1987.0,161574,2,2008.72,39014,42099,-0.25100401606425704,0
2023-07-28 11:13:18,1986.75,161574,5,2008.72,39014,42099,-0.2635542168674699,0
2023-07-28 11:13:47,1986.75,161579,5,2008.72,38587,42303,-0.2635542168674699,0
2023-07-28 11:13:47,1986.75,161579,5,2008.72,38593,42303,-0.2635542168674699,0
2023-07-28 11:13:47,1986.75,161579,5,2008.72,38592,42309,-0.2635542168674699,0
2023-07-28 11:13:47,1988.2,161579,5,2008.72,38592,42309,-0.19076305220883305,0
2023-07-28 11:14:00,1987.95,162064,8,2008.65,35633,42222,-0.20331325301204592,0
2023-07-28 11:14:02,1987.95,162075,2,2008.65,38146,42192,-0.20331325301204592,0
2023-07-28 11:14:06,1988.1,162085,1,2008.65,38184,42155,-0.19578313253012505,0
2023-07-28 11:14:07,1988.1,162086,1,2008.65,38206,42172,-0.19578313253012505,0
2023-07-28 11:14:08,1988.1,162087,1,2008.65,35717,42178,-0.19578313253012505,0
2023-07-28 11:14:08,1988.1,162087,1,2008.65,38217,42178,-0.19578313253012505,0
2023-07-28 11:14:08,1988.1,162087,1,2008.65,38217,42178,-0.19578313253012505,0
2023-07-28 11:14:08,1988.1,162087,1,2008.65,38419,42190,-0.19578313253012505,0
2023-07-28 11:14:08,1988.1,162087,1,2008.65,35925,42187,-0.19578313253012505,0
2023-07-28 11:14:08,1988.1,162087,1,2008.65,38425,42177,-0.19578313253012505,0
2023-07-28 11:14:08,1988.1,162087,1,2008.65,38426,42187,-0.19578313253012505,0
2023-07-28 11:14:08,1988.1,162087,1,2008.65,35928,42221,-0.19578313253012505,0
2023-07-28 11:14:08,1988.1,162087,1,2008.65,35926,42204,-0.19578313253012505,0
2023-07-28 11:14:08,1988.1,162087,1,2008.65,38462,42250,-0.19578313253012505,0
2023-07-28 11:14:08,1988.1,162087,1,2008.65,38462,42250,-0.19578313253012505,0
2023-07-28 11:14:08,1988.1,162087,1,2008.65,38435,42268,-0.19578313253012505,0
2023-07-28 11:14:08,1988.2,162087,1,2008.65,38435,42268,-0.19076305220883305,0
2023-07-28 11:14:08,1988.2,162087,1,2008.65,38435,42268,-0.19076305220883305,0
2023-07-28 11:14:08,1988.2,162087,1,2008.65,38435,42268,-0.19076305220883305,0
2023-07-28 11:14:25,1988.2,162088,1,2008.65,38463,42199,-0.19076305220883305,0
2023-07-28 11:14:25,1988.2,162088,1,2008.65,38463,42199,-0.19076305220883305,0
2023-07-28 11:14:25,1988.2,162088,1,2008.65,38463,42199,-0.19076305220883305,0
2023-07-28 11:14:25,1988.2,162088,1,2008.65,38484,42199,-0.19076305220883305,0
2023-07-28 11:14:25,1988.2,162088,1,2008.65,38484,42199,-0.19076305220883305,0
2023-07-28 11:14:25,1988.2,162088,1,2008.65,38485,42185,-0.19076305220883305,0
2023-07-28 11:14:25,1988.2,162088,1,2008.65,38485,42172,-0.19076305220883305,0
2023-07-28 11:14:25,1988.2,162088,1,2008.65,38549,42121,-0.19076305220883305,0
2023-07-28 11:14:25,1988.2,162088,1,2008.65,38509,42202,-0.19076305220883305,0
2023-07-28 11:14:25,1988.2,162088,1,2008.65,38499,42227,-0.19076305220883305,0
2023-07-28 11:14:25,1988.2,162088,1,2008.65,38502,42227,-0.19076305220883305,0
2023-07-28 11:14:25,1988.2,162088,1,2008.65,38505,42227,-0.19076305220883305,0
2023-07-28 11:14:25,1988.2,162088,1,2008.65,38505,42237,-0.19076305220883305,0
2023-07-28 11:14:25,1988.2,162088,1,2008.65,38707,42237,-0.19076305220883305,0
2023-07-28 11:14:25,1988.2,162088,1,2008.65,38707,42236,-0.19076305220883305,0
2023-07-28 11:14:25,1988.2,162088,1,2008.65,38707,42277,-0.19076305220883305,0
2023-07-28 11:14:46,1988.2,162108,20,2008.65,36231,42282,-0.19076305220883305,0
2023-07-28 11:14:46,1988.2,162108,20,2008.65,38725,42277,-0.19076305220883305,0
2023-07-28 11:14:46,1988.2,162108,20,2008.65,38727,42278,-0.19076305220883305,0
2023-07-28 11:14:46,1988.2,162108,20,2008.65,38700,42278,-0.19076305220883305,0
2023-07-28 11:14:46,1988.2,162108,20,2008.65,38695,42278,-0.19076305220883305,0
2023-07-28 11:14:46,1988.2,162108,20,2008.65,38695,42277,-0.19076305220883305,0
2023-07-28 11:14:46,1988.2,162108,20,2008.65,38695,42278,-0.19076305220883305,0
2023-07-28 11:14:46,1988.2,162108,20,2008.65,38695,42278,-0.19076305220883305,0
2023-07-28 11:14:46,1988.2,162108,20,2008.65,38701,42279,-0.19076305220883305,0
2023-07-28 11:14:46,1988.2,162108,20,2008.65,38701,42305,-0.19076305220883305,0
2023-07-28 11:14:46,1988.2,162108,20,2008.65,38701,42281,-0.19076305220883305,0
2023-07-28 11:14:46,1988.2,162108,20,2008.65,38701,42280,-0.19076305220883305,0
2023-07-28 11:14:46,1988.2,162108,20,2008.65,36201,42306,-0.19076305220883305,0
