2023-07-28 10:49:27,8299.9,63571,20,8300.99,23622,28585,0.1405604319367736,0
2023-07-28 10:49:27,8299.9,63571,20,8300.99,23564,28570,0.1405604319367736,0
2023-07-28 10:49:27,8299.9,63571,20,8300.99,23655,28591,0.1405604319367736,0
2023-07-28 10:49:27,8299.9,63571,20,8300.99,23671,28601,0.1405604319367736,0
2023-07-28 10:49:27,8299.9,63571,20,8300.99,23673,28601,0.1405604319367736,0
2023-07-28 10:49:27,8299.9,63571,20,8300.99,23197,28591,0.1405604319367736,0
2023-07-28 10:49:35,8298.1,63608,7,8300.99,23704,28594,0.11884294030706559,0
2023-07-28 10:49:35,8298.1,63608,7,8300.99,23605,28590,0.11884294030706559,0
2023-07-28 10:49:35,8298.1,63608,7,8300.99,23605,28391,0.11884294030706559,0
2023-07-28 10:49:35,8298.1,63608,7,8300.99,23522,28391,0.11884294030706559,0
2023-07-28 10:49:35,8298.1,63608,7,8300.99,23333,28602,0.11884294030706559,0
2023-07-28 10:49:35,8298.1,63608,7,8300.99,23542,28602,0.11884294030706559,0
2023-07-28 10:49:35,8298.1,63608,7,8300.99,23543,28601,0.11884294030706559,0
2023-07-28 10:49:35,8298.1,63608,7,8300.99,23347,28602,0.11884294030706559,0
2023-07-28 10:49:35,8298.1,63608,1,8300.99,23347,28602,0.11884294030706559,0
2023-07-28 10:49:43,8298.1,63609,1,8300.99,23546,28602,0.11884294030706559,0
2023-07-28 10:49:43,8298.1,63609,1,8300.99,23544,28601,0.11884294030706559,0
2023-07-28 10:49:43,8299.5,63609,10,8300.99,23583,28610,0.1357343226857298,0
2023-07-28 10:49:46,8299.5,63619,10,8300.99,23583,28597,0.1357343226857298,0
2023-07-28 10:49:48,8299.0,63620,1,8300.99,23397,28591,0.1297016861219196,0
2023-07-28 10:49:48,8300.0,63620,5,8300.99,23397,28591,0.14176695924954,0
2023-07-28 10:49:49,8298.5,63661,36,8300.99,23033,28571,0.12366904955810937,0
2023-07-28 10:49:49,8298.5,63661,36,8300.99,23606,28703,0.12366904955810937,0
2023-07-28 10:49:49,8294.0,63661,8,8300.99,23606,28703,0.06937532048381745,0
2023-07-28 10:49:51,8290.0,64385,1,8300.95,22821,28900,0.021114227973335748,0
2023-07-28 10:49:51,8288.7,64385,1,8300.95,22821,28900,0.00542937290743797,0
2023-07-28 10:49:52,8288.7,64386,1,8300.95,22305,28798,0.00542937290743797,0
2023-07-28 10:49:52,8290.3,64386,2,8300.95,22305,28798,0.024733809911613096,0
2023-07-28 10:49:53,8290.3,64390,2,8300.95,22856,28799,0.024733809911613096,0
2023-07-28 10:49:53,8290.3,64390,2,8300.95,22907,28808,0.024733809911613096,0
2023-07-28 10:49:53,8291.2,64390,2,8300.95,22907,28808,0.035592555726489034,0
2023-07-28 10:49:55,8291.2,64414,2,8300.95,22508,28738,0.035592555726489034,0
2023-07-28 10:49:55,8291.2,64414,2,8300.95,22562,28525,0.035592555726489034,0
2023-07-28 10:49:55,8291.2,64414,2,8300.95,23070,28786,0.035592555726489034,0
2023-07-28 10:49:55,8291.2,64414,2,8300.95,22613,28802,0.035592555726489034,0
2023-07-28 10:49:55,8291.2,64414,2,8300.95,22926,28596,0.035592555726489034,0
2023-07-28 10:49:55,8291.2,64414,2,8300.95,23157,28784,0.035592555726489034,0
2023-07-28 10:49:55,8291.2,64414,2,8300.95,23157,28771,0.035592555726489034,0
2023-07-28 10:50:03,8290.0,64415,1,8300.95,23153,28782,0.021114227973335748,0
2023-07-28 10:50:03,8290.0,64415,1,8300.95,23150,28809,0.021114227973335748,0
2023-07-28 10:50:03,8290.0,64415,1,8300.95,22914,28846,0.021114227973335748,0
2023-07-28 10:50:03,8290.0,64415,1,8300.95,23096,28849,0.021114227973335748,0
2023-07-28 10:50:03,8290.0,64415,1,8300.95,22624,28865,0.021114227973335748,0
2023-07-28 10:50:03,8290.0,64415,1,8300.95,23124,28836,0.021114227973335748,0
2023-07-28 10:50:03,8290.0,64415,1,8300.95,23119,28839,0.021114227973335748,0
2023-07-28 10:50:03,8290.0,64415,1,8300.95,23127,28829,0.021114227973335748,0
2023-07-28 10:50:03,8290.0,64415,1,8300.95,22653,28821,0.021114227973335748,0
2023-07-28 10:50:03,8290.0,64415,1,8300.95,23153,28821,0.021114227973335748,0
2023-07-28 10:50:13,8290.0,64418,2,8300.95,23151,28626,0.021114227973335748,0
2023-07-28 10:50:14,8294.0,64428,10,8300.95,22429,28840,0.06937532048381745,0
2023-07-28 10:50:14,8294.0,64428,10,8300.95,23113,28785,0.06937532048381745,0
2023-07-28 10:50:14,8294.0,64428,10,8300.95,23148,28798,0.06937532048381745,0
2023-07-28 10:50:14,8294.0,64428,10,8300.95,23161,28783,0.06937532048381745,0
2023-07-28 10:50:14,8294.0,64428,10,8300.95,22661,28773,0.06937532048381745,0
2023-07-28 10:50:14,8294.0,64428,10,8300.95,22452,28804,0.06937532048381745,0
2023-07-28 10:50:14,8294.0,64428,10,8300.95,22452,28804,0.06937532048381745,0
2023-07-28 10:50:14,8294.0,64428,10,8300.95,23130,28803,0.06937532048381745,0
2023-07-28 10:50:14,8294.0,64428,10,8300.95,23130,28803,0.06937532048381745,0
2023-07-28 10:50:14,8294.0,64428,10,8300.95,22950,28598,0.06937532048381745,0
2023-07-28 10:50:14,8294.0,64428,10,8300.95,22950,28598,0.06937532048381745,0
2023-07-28 10:50:14,8290.0,64428,1,8300.95,23170,28776,0.021114227973335748,0
2023-07-28 10:50:14,8290.0,64428,1,8300.95,23170,28776,0.021114227973335748,0
2023-07-28 10:50:14,8290.0,64428,1,8300.95,23170,28776,0.021114227973335748,0
2023-07-28 10:50:24,8290.0,64430,1,8300.95,23188,28815,0.021114227973335748,0
2023-07-28 10:50:24,8290.0,64430,1,8300.95,22703,28815,0.021114227973335748,0
2023-07-28 10:50:24,8290.0,64430,1,8300.95,23207,28815,0.021114227973335748,0
2023-07-28 10:50:24,8293.75,64430,1,8300.95,23207,28815,0.06635900220191235,0
2023-07-28 10:50:28,8293.75,64432,1,8300.95,23136,28800,0.06635900220191235,0
2023-07-28 10:50:29,8294.0,64482,50,8300.94,22609,28661,0.06937532048381745,0
2023-07-28 10:50:29,8294.0,64482,50,8300.94,23267,28696,0.06937532048381745,0
2023-07-28 10:50:29,8294.0,64482,50,8300.94,23280,28687,0.06937532048381745,0
2023-07-28 10:50:29,8294.0,64482,50,8300.94,22585,28687,0.06937532048381745,0
2023-07-28 10:50:29,8294.0,64482,50,8300.94,23285,28699,0.06937532048381745,0
2023-07-28 10:50:29,8294.0,64482,50,8300.94,23285,28685,0.06937532048381745,0
2023-07-28 10:50:29,8294.0,64482,50,8300.94,23088,28699,0.06937532048381745,0
2023-07-28 10:50:29,8294.0,64482,50,8300.94,23287,28707,0.06937532048381745,0
2023-07-28 10:50:29,8294.0,64482,50,8300.94,23087,28729,0.06937532048381745,0
2023-07-28 10:50:29,8294.0,64482,50,8300.94,23102,28729,0.06937532048381745,0
2023-07-28 10:50:29,8294.0,64482,50,8300.94,23295,28711,0.06937532048381745,0
2023-07-28 10:50:29,8294.0,64482,50,8300.94,23295,28711,0.06937532048381745,0
2023-07-28 10:50:29,8294.0,64482,50,8300.94,23299,28711,0.06937532048381745,0
2023-07-28 10:50:29,8294.15,64482,1,8300.94,23289,28723,0.07118511145295613,0
2023-07-28 10:50:44,8296.0,64508,5,8300.94,23071,28761,0.09350586673905831,0
2023-07-28 10:50:44,8296.0,64508,5,8300.94,23258,28763,0.09350586673905831,0
2023-07-28 10:50:44,8296.0,64508,5,8300.94,23258,28763,0.09350586673905831,0
2023-07-28 10:50:44,8296.0,64508,10,8300.94,23258,28763,0.09350586673905831,0
2023-07-28 10:50:47,8296.0,64533,10,8300.94,23241,28538,0.09350586673905831,0
2023-07-28 10:50:47,8295.95,64533,3,8300.94,23241,28538,0.09290260308268607,0
2023-07-28 10:50:48,8295.95,64540,3,8300.94,23248,28739,0.09290260308268607,0
2023-07-28 10:50:48,8295.95,64540,3,8300.94,23248,28739,0.09290260308268607,0
2023-07-28 10:50:48,8294.0,64540,6,8300.94,23252,28739,0.06937532048381745,0
2023-07-28 10:50:51,8294.0,64554,4,8300.94,23218,28763,0.06937532048381745,0
2023-07-28 10:50:51,8294.0,64554,1,8300.94,23218,28763,0.06937532048381745,0
2023-07-28 10:50:52,8294.0,64556,1,8300.94,22718,28715,0.06937532048381745,0
2023-07-28 10:50:52,8293.7,64556,2,8300.94,22718,28715,0.06575573854554011,0
2023-07-28 10:50:53,8293.7,64567,9,8300.93,23112,28792,0.06575573854554011,0
2023-07-28 10:50:53,8293.7,64567,9,8300.93,22983,28618,0.06575573854554011,0
2023-07-28 10:50:53,8294.0,64567,1,8300.93,22983,28618,0.06937532048381745,0
2023-07-28 10:50:55,8294.0,64582,1,8300.93,23184,28803,0.06937532048381745,0
2023-07-28 10:50:55,8294.0,64582,1,8300.93,23216,28781,0.06937532048381745,0
2023-07-28 10:50:58,8294.0,64587,10,8300.93,23010,28584,0.06937532048381745,0
2023-07-28 10:50:58,8294.0,64597,10,8300.93,23010,28795,0.06937532048381745,0
2023-07-28 10:50:58,8294.0,64597,5,8300.93,23010,28795,0.06937532048381745,0
2023-07-28 10:51:00,8294.0,64602,5,8300.93,23209,28786,0.06937532048381745,0
2023-07-28 10:51:01,8294.0,64607,5,8300.93,23109,28564,0.06937532048381745,0
2023-07-28 10:51:01,8293.95,64607,3,8300.93,23110,28766,0.06877205682744521,0
2023-07-28 10:51:03,8293.95,64610,3,8300.93,22910,28764,0.06877205682744521,0
2023-07-28 10:51:03,8292.3,64610,1,8300.93,22910,28764,0.04886435616685395,0
2023-07-28 10:51:03,8292.3,64611,1,8300.93,23110,28581,0.04886435616685395,0
2023-07-28 10:51:03,8292.3,64611,1,8300.93,23151,28741,0.04886435616685395,0
2023-07-28 10:51:03,8292.3,64611,1,8300.93,22950,28728,0.04886435616685395,0
2023-07-28 10:51:03,8292.3,64611,1,8300.93,23147,28742,0.04886435616685395,0
2023-07-28 10:51:03,8292.3,64611,1,8300.93,23151,28738,0.04886435616685395,0
2023-07-28 10:51:03,8292.3,64611,1,8300.93,23151,28743,0.04886435616685395,0
2023-07-28 10:51:03,8294.0,64611,5,8300.93,23151,28743,0.06937532048381745,0
2023-07-28 10:51:11,8294.0,64616,5,8300.93,23109,28681,0.06937532048381745,0
2023-07-28 10:51:11,8294.0,64616,5,8300.93,23151,28763,0.06937532048381745,0
2023-07-28 10:51:11,8294.0,64616,5,8300.93,23141,28775,0.06937532048381745,0
2023-07-28 10:51:11,8294.0,64616,5,8300.93,22656,28778,0.06937532048381745,0
2023-07-28 10:51:11,8294.0,64616,5,8300.93,23166,28778,0.06937532048381745,0
2023-07-28 10:51:11,8294.0,64616,5,8300.93,22964,28576,0.06937532048381745,0
2023-07-28 10:51:11,8294.0,64616,5,8300.93,23162,28764,0.06937532048381745,0
2023-07-28 10:51:11,8294.0,64616,5,8300.93,23136,28865,0.06937532048381745,0
2023-07-28 10:51:11,8294.0,64616,5,8300.93,23139,28872,0.06937532048381745,0
2023-07-28 10:51:11,8294.0,64616,5,8300.93,22632,28692,0.06937532048381745,0
2023-07-28 10:51:11,8294.0,64616,5,8300.93,23155,28748,0.06937532048381745,0
2023-07-28 10:51:23,8292.7,64617,1,8300.93,22633,28774,0.05369046541791968,0
2023-07-28 10:51:23,8292.7,64617,1,8300.93,22928,28851,0.05369046541791968,0
2023-07-28 10:51:23,8292.7,64617,1,8300.93,22432,28837,0.05369046541791968,0
2023-07-28 10:51:23,8292.7,64617,1,8300.93,22629,28661,0.05369046541791968,0
2023-07-28 10:51:23,8292.7,64617,1,8300.93,23134,28835,0.05369046541791968,0
2023-07-28 10:51:23,8292.7,64617,1,8300.93,23135,28843,0.05369046541791968,0
2023-07-28 10:51:23,8292.7,64617,1,8300.93,23135,28849,0.05369046541791968,0
2023-07-28 10:51:23,8297.0,64617,2,8300.93,23535,28785,0.10557113986667874,0
2023-07-28 10:51:31,8297.0,64619,2,8300.93,23659,28785,0.10557113986667874,0
2023-07-28 10:51:31,8297.0,64619,2,8300.93,23653,28805,0.10557113986667874,0
2023-07-28 10:51:31,8297.0,64619,2,8300.93,23422,28595,0.10557113986667874,0
2023-07-28 10:51:31,8297.0,64619,2,8300.93,23134,28833,0.10557113986667874,0
2023-07-28 10:51:31,8297.0,64619,2,8300.93,23576,28794,0.10557113986667874,0
2023-07-28 10:51:31,8297.0,64619,2,8300.93,23385,28825,0.10557113986667874,0
2023-07-28 10:51:31,8297.0,64619,2,8300.93,23094,28822,0.10557113986667874,0
2023-07-28 10:51:31,8297.0,64619,2,8300.93,23610,28815,0.10557113986667874,0
2023-07-28 10:51:41,8293.05,64620,1,8300.93,22933,28795,0.05791331101256927,0
2023-07-28 10:51:41,8293.05,64620,1,8300.93,23634,28795,0.05791331101256927,0
2023-07-28 10:51:43,8292.75,64622,1,8300.93,23665,28805,0.05429372907429192,0
2023-07-28 10:51:44,8296.3,64627,1,8300.93,23761,28761,0.09712544867733565,0
2023-07-28 10:51:44,8296.3,64627,1,8300.93,23782,28792,0.09712544867733565,0
2023-07-28 10:51:44,8296.3,64627,1,8300.93,23767,28831,0.09712544867733565,0
2023-07-28 10:51:44,8296.3,64627,1,8300.93,23794,28831,0.09712544867733565,0
2023-07-28 10:51:44,8296.3,64627,1,8300.93,23287,28834,0.09712544867733565,0
2023-07-28 10:51:44,8296.3,64627,1,8300.93,23269,28834,0.09712544867733565,0
2023-07-28 10:51:44,8296.3,64627,1,8300.93,23558,28828,0.09712544867733565,0
2023-07-28 10:51:44,8296.3,64627,1,8300.93,23758,28816,0.09712544867733565,0
2023-07-28 10:51:44,8296.3,64627,1,8300.93,23774,28816,0.09712544867733565,0
2023-07-28 10:51:44,8296.3,64627,1,8300.93,23763,28833,0.09712544867733565,0
2023-07-28 10:51:44,8296.3,64627,1,8300.93,23771,28826,0.09712544867733565,0
2023-07-28 10:51:44,8296.3,64627,1,8300.93,23772,28826,0.09712544867733565,0
2023-07-28 10:51:44,8296.3,64627,1,8300.93,23767,28826,0.09712544867733565,0
2023-07-28 10:51:44,8296.3,64627,1,8300.93,23767,28826,0.09712544867733565,0
2023-07-28 10:51:44,8296.3,64627,1,8300.93,23781,28826,0.09712544867733565,0
2023-07-28 10:51:44,8296.3,64627,1,8300.93,23781,28826,0.09712544867733565,0
2023-07-28 10:52:03,8293.6,64628,1,8300.93,23779,28826,0.06454921123277367,0
2023-07-28 10:52:03,8293.6,64628,1,8300.93,23779,28826,0.06454921123277367,0
2023-07-28 10:52:03,8293.6,64628,1,8300.93,23779,28826,0.06454921123277367,0
2023-07-28 10:52:03,8293.6,64628,1,8300.93,23784,28820,0.06454921123277367,0
2023-07-28 10:52:03,8293.6,64628,1,8300.93,23927,28803,0.06454921123277367,0
2023-07-28 10:52:03,8293.6,64628,1,8300.93,23933,28802,0.06454921123277367,0
2023-07-28 10:52:03,8293.6,64628,1,8300.93,23927,28802,0.06454921123277367,0
2023-07-28 10:52:03,8293.6,64628,1,8300.93,23930,28902,0.06454921123277367,0
2023-07-28 10:52:03,8293.6,64628,1,8300.93,23991,28902,0.06454921123277367,0
2023-07-28 10:52:03,8293.6,64628,1,8300.93,23993,28899,0.06454921123277367,0
2023-07-28 10:52:03,8293.6,64628,1,8300.93,23988,28899,0.06454921123277367,0
2023-07-28 10:52:03,8293.6,64628,1,8300.93,23988,28899,0.06454921123277367,0
2023-07-28 10:52:03,8293.6,64628,1,8300.93,23998,28899,0.06454921123277367,0
2023-07-28 10:52:03,8293.6,64628,1,8300.93,23981,28899,0.06454921123277367,0
2023-07-28 10:52:03,8293.6,64628,1,8300.93,23968,28900,0.06454921123277367,0
2023-07-28 10:52:03,8293.6,64628,1,8300.93,23971,28898,0.06454921123277367,0
2023-07-28 10:52:03,8293.6,64628,1,8300.93,23481,28898,0.06454921123277367,0
2023-07-28 10:52:03,8293.6,64628,1,8300.93,23981,28898,0.06454921123277367,0
2023-07-28 10:52:23,8297.65,64629,2,8300.93,23985,28898,0.11341356739962762,0
2023-07-28 10:52:24,8294.0,64681,50,8300.92,23963,28893,0.06937532048381745,0
2023-07-28 10:52:24,8294.0,64681,50,8300.92,23953,28893,0.06937532048381745,0
2023-07-28 10:52:24,8294.0,64681,50,8300.92,23963,28893,0.06937532048381745,0
2023-07-28 10:52:24,8294.0,64681,50,8300.92,23874,28896,0.06937532048381745,0
2023-07-28 10:52:24,8294.0,64681,50,8300.92,23883,28892,0.06937532048381745,0
2023-07-28 10:52:24,8294.0,64681,50,8300.92,23866,28892,0.06937532048381745,0
2023-07-28 10:52:24,8294.0,64681,50,8300.92,23866,28892,0.06937532048381745,0
2023-07-28 10:52:31,8299.0,64713,17,8300.92,24021,28402,0.1297016861219196,0
2023-07-28 10:52:31,8299.0,64713,17,8300.92,23517,28741,0.1297016861219196,0
2023-07-28 10:52:31,8299.0,64713,17,8300.92,24017,28741,0.1297016861219196,0
2023-07-28 10:52:31,8299.0,64713,17,8300.92,23913,28737,0.1297016861219196,0
2023-07-28 10:52:31,8299.0,64713,17,8300.92,23874,28747,0.1297016861219196,0
2023-07-28 10:52:31,8299.0,64713,17,8300.92,23805,28770,0.1297016861219196,0
2023-07-28 10:52:31,8299.0,64713,17,8300.92,23620,28774,0.1297016861219196,0
2023-07-28 10:52:31,8299.0,64713,17,8300.92,23789,28764,0.1297016861219196,0
2023-07-28 10:52:31,8299.0,64713,17,8300.92,23827,28660,0.1297016861219196,0
2023-07-28 10:52:31,8299.0,64713,17,8300.92,23841,28661,0.1297016861219196,0
2023-07-28 10:52:31,8296.4,64713,1,8300.92,23841,28661,0.09833197599010209,0
2023-07-28 10:52:43,8296.4,64714,1,8300.92,23847,28673,0.09833197599010209,0
2023-07-28 10:52:43,8296.4,64714,1,8300.92,23846,28669,0.09833197599010209,0
2023-07-28 10:52:43,8296.4,64714,1,8300.92,23913,28673,0.09833197599010209,0
2023-07-28 10:52:43,8296.4,64714,1,8300.92,23908,28673,0.09833197599010209,0
2023-07-28 10:52:43,8296.4,64714,1,8300.92,23823,28685,0.09833197599010209,0
2023-07-28 10:52:43,8296.4,64714,1,8300.92,23822,28685,0.09833197599010209,0
2023-07-28 10:52:43,8296.4,64714,1,8300.92,23336,28685,0.09833197599010209,0
2023-07-28 10:52:43,8296.4,64714,1,8300.92,23841,28679,0.09833197599010209,0
2023-07-28 10:52:43,8296.4,64714,1,8300.92,23840,28689,0.09833197599010209,0
2023-07-28 10:52:43,8296.4,64714,1,8300.92,23646,28666,0.09833197599010209,0
2023-07-28 10:52:43,8296.4,64714,1,8300.92,23860,28681,0.09833197599010209,0
2023-07-28 10:52:43,8296.4,64714,1,8300.92,23843,28664,0.09833197599010209,0
2023-07-28 10:52:43,8296.4,64714,1,8300.92,23754,28666,0.09833197599010209,0
2023-07-28 10:52:43,8296.4,64714,1,8300.92,23933,28666,0.09833197599010209,0
2023-07-28 10:52:43,8296.4,64714,1,8300.92,23544,28676,0.09833197599010209,0
2023-07-28 10:52:43,8296.4,64714,1,8300.92,23833,28683,0.09833197599010209,0
2023-07-28 10:52:43,8296.4,64714,1,8300.92,23439,28493,0.09833197599010209,0
2023-07-28 10:52:43,8296.4,64714,1,8300.92,23959,28683,0.09833197599010209,0
2023-07-28 10:52:43,8296.4,64714,1,8300.92,23959,28683,0.09833197599010209,0
2023-07-28 10:53:03,8296.4,64715,1,8300.92,23945,28680,0.09833197599010209,0
2023-07-28 10:53:05,8296.4,64717,2,8300.92,23941,28731,0.09833197599010209,0
2023-07-28 10:53:05,8296.4,64717,2,8300.92,23741,28703,0.09833197599010209,0
2023-07-28 10:53:05,8296.4,64717,2,8300.92,23945,28691,0.09833197599010209,0
2023-07-28 10:53:05,8296.4,64717,2,8300.92,23945,28691,0.09833197599010209,0
2023-07-28 10:53:05,8296.4,64717,2,8300.92,23945,28691,0.09833197599010209,0
2023-07-28 10:53:05,8296.4,64717,2,8300.92,23245,28691,0.09833197599010209,0
2023-07-28 10:53:05,8296.4,64717,2,8300.92,23945,28691,0.09833197599010209,0
2023-07-28 10:53:05,8296.4,64717,2,8300.92,23745,28691,0.09833197599010209,0
2023-07-28 10:53:05,8296.4,64717,2,8300.92,23959,28691,0.09833197599010209,0
2023-07-28 10:53:05,8296.4,64717,2,8300.92,23945,28694,0.09833197599010209,0
2023-07-28 10:53:05,8296.4,64717,2,8300.92,23938,28693,0.09833197599010209,0
2023-07-28 10:53:05,8296.4,64717,2,8300.92,23942,28742,0.09833197599010209,0
2023-07-28 10:53:05,8298.0,64717,40,8300.92,23942,28742,0.11763641299429915,0
2023-07-28 10:53:19,8298.0,64757,1,8300.92,23942,28713,0.11763641299429915,0
2023-07-28 10:53:20,8298.0,64758,1,8300.92,23748,28708,0.11763641299429915,0
2023-07-28 10:53:20,8298.0,64758,1,8300.92,23925,28709,0.11763641299429915,0
2023-07-28 10:53:20,8298.0,64758,1,8300.92,23925,28709,0.11763641299429915,0
2023-07-28 10:53:20,8298.0,64758,1,8300.92,23925,28709,0.11763641299429915,0
2023-07-28 10:53:23,8296.4,64769,1,8300.92,23937,28715,0.09833197599010209,0
2023-07-28 10:53:23,8296.4,64769,1,8300.92,23937,28715,0.09833197599010209,0
2023-07-28 10:53:23,8296.4,64769,1,8300.92,23933,28715,0.09833197599010209,0
2023-07-28 10:53:23,8296.4,64769,1,8300.92,23933,28715,0.09833197599010209,0
2023-07-28 10:53:23,8296.4,64769,1,8300.92,23933,28715,0.09833197599010209,0
2023-07-28 10:53:23,8296.4,64769,1,8300.92,23933,28715,0.09833197599010209,0
2023-07-28 10:53:23,8296.4,64769,11,8300.92,23733,28715,0.09833197599010209,0
2023-07-28 10:53:27,8296.4,64801,11,8300.92,23912,28811,0.09833197599010209,0
2023-07-28 10:53:29,8296.0,65092,8,8300.9,23295,29014,0.09350586673905831,0
2023-07-28 10:53:29,8296.0,65092,8,8300.9,23295,29014,0.09350586673905831,0
2023-07-28 10:53:30,8295.85,65116,7,8300.89,23797,29003,0.09169607576991963,0
2023-07-28 10:53:30,8295.85,65116,7,8300.89,23797,29003,0.09169607576991963,0
2023-07-28 10:53:31,8296.15,65148,16,8300.89,23103,28928,0.09531565770819699,0
2023-07-28 10:53:31,8296.15,65148,16,8300.89,23816,28926,0.09531565770819699,0
2023-07-28 10:53:31,8296.15,65148,16,8300.89,23826,28941,0.09531565770819699,0
2023-07-28 10:53:34,8296.15,65161,13,8300.89,23900,28835,0.09531565770819699,0
2023-07-28 10:53:35,8297.45,65191,15,8300.89,23907,28793,0.1110005127741167,0
2023-07-28 10:53:36,8296.15,65226,21,8300.89,23342,28978,0.09531565770819699,0
2023-07-28 10:53:37,8294.3,65307,7,8300.88,23846,29020,0.0729949024220948,0
2023-07-28 10:53:38,8295.25,65312,5,8300.88,23794,28948,0.08445691189334299,0
2023-07-28 10:53:39,8295.3,65330,13,8300.88,23843,28963,0.08506017554971523,0
2023-07-28 10:53:39,8295.3,65330,13,8300.88,23843,28963,0.08506017554971523,0
2023-07-28 10:53:40,8295.65,65356,13,8300.88,23818,28996,0.08928302114438677,0
2023-07-28 10:53:41,8295.65,65369,13,8300.88,23818,29002,0.08928302114438677,0
2023-07-28 10:53:42,8296.1,65385,4,8300.87,23818,28993,0.09471239405182474,0
2023-07-28 10:53:42,8296.1,65385,4,8300.87,23818,28993,0.09471239405182474,0
2023-07-28 10:53:43,8294.3,65386,1,8300.87,23331,28975,0.0729949024220948,0
2023-07-28 10:53:43,8294.3,65386,1,8300.87,23840,28975,0.0729949024220948,0
2023-07-28 10:53:43,8294.3,65386,1,8300.87,23840,28975,0.0729949024220948,0
2023-07-28 10:53:43,8294.3,65386,1,8300.87,23840,28975,0.0729949024220948,0
2023-07-28 10:53:43,8294.3,65386,1,8300.87,23853,28988,0.0729949024220948,0
2023-07-28 10:53:43,8294.3,65386,1,8300.87,23854,28988,0.0729949024220948,0
2023-07-28 10:53:43,8294.3,65386,1,8300.87,23854,28988,0.0729949024220948,0
2023-07-28 10:53:43,8294.3,65386,1,8300.87,23854,28970,0.0729949024220948,0
2023-07-28 10:53:43,8294.3,65386,1,8300.87,23622,28768,0.0729949024220948,0
2023-07-28 10:53:43,8294.3,65386,1,8300.87,23123,28794,0.0729949024220948,0
2023-07-28 10:53:43,8294.3,65386,1,8300.87,23804,28795,0.0729949024220948,0
2023-07-28 10:53:43,8294.3,65386,1,8300.87,23807,28795,0.0729949024220948,0
2023-07-28 10:53:43,8294.3,65386,1,8300.87,23807,28795,0.0729949024220948,0
2023-07-28 10:53:43,8294.3,65386,1,8300.87,23600,28595,0.0729949024220948,0
2023-07-28 10:53:43,8294.3,65386,1,8300.87,23820,28785,0.0729949024220948,0
2023-07-28 10:53:43,8294.3,65386,1,8300.87,23831,28785,0.0729949024220948,0
2023-07-28 10:53:43,8294.3,65386,1,8300.87,23850,28785,0.0729949024220948,0
2023-07-28 10:53:43,8294.3,65386,1,8300.87,23857,28819,0.0729949024220948,0
2023-07-28 10:54:03,8294.3,65387,1,8300.87,23844,28831,0.0729949024220948,0
2023-07-28 10:54:03,8294.3,65387,1,8300.87,23645,28852,0.0729949024220948,0
2023-07-28 10:54:03,8294.3,65387,1,8300.87,23342,28841,0.0729949024220948,0
2023-07-28 10:54:03,8294.3,65387,1,8300.87,23846,28837,0.0729949024220948,0
2023-07-28 10:54:03,8294.3,65387,1,8300.87,23842,28841,0.0729949024220948,0
2023-07-28 10:54:03,8294.3,65387,1,8300.87,23842,28837,0.0729949024220948,0
2023-07-28 10:54:03,8294.3,65387,1,8300.87,23345,28636,0.0729949024220948,0
2023-07-28 10:54:03,8294.3,65387,1,8300.87,23847,28637,0.0729949024220948,0
2023-07-28 10:54:03,8294.3,65387,1,8300.87,23848,28842,0.0729949024220948,0
2023-07-28 10:54:03,8294.3,65387,1,8300.87,23350,28849,0.0729949024220948,0
2023-07-28 10:54:03,8294.3,65387,1,8300.87,23850,28849,0.0729949024220948,0
2023-07-28 10:54:03,8294.3,65387,1,8300.87,23642,28860,0.0729949024220948,0
2023-07-28 10:54:03,8294.3,65387,1,8300.87,23842,28871,0.0729949024220948,0
2023-07-28 10:54:03,8294.3,65387,1,8300.87,23851,28863,0.0729949024220948,0
2023-07-28 10:54:03,8294.3,65387,1,8300.87,23853,28861,0.0729949024220948,0
2023-07-28 10:54:03,8294.3,65387,1,8300.87,23650,28848,0.0729949024220948,0
2023-07-28 10:54:03,8294.3,65387,1,8300.87,23342,28858,0.0729949024220948,0
2023-07-28 10:54:03,8294.3,65387,1,8300.87,23842,28857,0.0729949024220948,0
2023-07-28 10:54:03,8294.3,65387,1,8300.87,23842,28857,0.0729949024220948,0
2023-07-28 10:54:23,8294.3,65388,1,8300.87,23850,28857,0.0729949024220948,0
2023-07-28 10:54:23,8294.3,65388,1,8300.87,23851,28872,0.0729949024220948,0
2023-07-28 10:54:23,8294.3,65388,1,8300.87,23852,28869,0.0729949024220948,0
2023-07-28 10:54:23,8294.3,65388,1,8300.87,23862,28854,0.0729949024220948,0
2023-07-28 10:54:23,8297.45,65388,3,8300.87,23862,28854,0.1110005127741167,0
2023-07-28 10:54:27,8297.45,65398,3,8300.87,23852,28617,0.1110005127741167,0
2023-07-28 10:54:27,8297.45,65398,3,8300.87,23360,28823,0.1110005127741167,0
2023-07-28 10:54:27,8297.45,65398,3,8300.87,23863,28829,0.1110005127741167,0
2023-07-28 10:54:27,8297.45,65398,3,8300.87,23871,28824,0.1110005127741167,0
2023-07-28 10:54:27,8297.45,65398,3,8300.87,23869,28627,0.1110005127741167,0
2023-07-28 10:54:27,8297.45,65398,3,8300.87,23866,28796,0.1110005127741167,0
2023-07-28 10:54:27,8297.45,65398,3,8300.87,23162,28914,0.1110005127741167,0
2023-07-28 10:54:27,8297.45,65398,3,8300.87,23862,28917,0.1110005127741167,0
2023-07-28 10:54:27,8297.45,65398,3,8300.87,23873,29029,0.1110005127741167,0
2023-07-28 10:54:27,8297.45,65398,3,8300.87,23679,29070,0.1110005127741167,0
2023-07-28 10:54:41,8297.0,65399,1,8300.87,23660,29067,0.10557113986667874,0
2023-07-28 10:54:41,8297.0,65399,1,8300.87,23666,29050,0.10557113986667874,0
2023-07-28 10:54:41,8297.0,65399,1,8300.87,23666,29050,0.10557113986667874,0
2023-07-28 10:54:43,8294.3,65401,1,8300.87,23866,29076,0.0729949024220948,0
2023-07-28 10:54:44,8297.0,65402,1,8300.87,23811,29089,0.10557113986667874,0
2023-07-28 10:54:44,8297.0,65402,1,8300.87,23856,29133,0.10557113986667874,0
2023-07-28 10:54:44,8297.0,65402,1,8300.87,23826,29299,0.10557113986667874,0
2023-07-28 10:54:48,8297.45,65405,3,8300.87,23830,29326,0.1110005127741167,0
2023-07-28 10:54:48,8297.45,65405,3,8300.87,23830,29326,0.1110005127741167,0
2023-07-28 10:54:48,8295.0,65408,4,8300.87,23824,29323,0.08144059361143788,0
2023-07-28 10:54:49,8295.0,65414,4,8300.87,23832,29395,0.08144059361143788,0
2023-07-28 10:54:49,8295.0,65414,4,8300.87,23878,29420,0.08144059361143788,0
2023-07-28 10:54:49,8295.0,65414,4,8300.87,23878,29273,0.08144059361143788,0
2023-07-28 10:54:54,8297.45,65416,2,8300.87,23878,29521,0.1110005127741167,0
2023-07-28 10:54:54,8297.45,65416,2,8300.87,23384,29518,0.1110005127741167,0
2023-07-28 10:54:54,8297.45,65416,2,8300.87,23903,29605,0.1110005127741167,0
2023-07-28 10:54:54,8297.45,65416,2,8300.87,23895,29688,0.1110005127741167,0
2023-07-28 10:54:54,8297.45,65416,2,8300.87,23705,29582,0.1110005127741167,0
2023-07-28 10:54:54,8297.45,65416,2,8300.87,23407,29673,0.1110005127741167,0
2023-07-28 10:54:54,8297.45,65416,6,8300.87,23407,29673,0.1110005127741167,0
2023-07-28 10:55:01,8297.45,65424,6,8300.87,23899,29661,0.1110005127741167,0
2023-07-28 10:55:01,8297.45,65424,6,8300.87,23915,29677,0.1110005127741167,0
2023-07-28 10:55:03,8295.0,65425,1,8300.87,23914,29684,0.08144059361143788,0
2023-07-28 10:55:03,8295.0,65425,1,8300.87,23888,29490,0.08144059361143788,0
2023-07-28 10:55:03,8295.0,65425,1,8300.87,23693,29518,0.08144059361143788,0
2023-07-28 10:55:03,8295.0,65425,1,8300.87,23910,29687,0.08144059361143788,0
2023-07-28 10:55:03,8295.0,65425,1,8300.87,23920,29710,0.08144059361143788,0
2023-07-28 10:55:03,8295.0,65425,1,8300.87,23920,29687,0.08144059361143788,0
2023-07-28 10:55:03,8295.0,65425,1,8300.87,23920,29692,0.08144059361143788,0
2023-07-28 10:55:03,8295.0,65425,1,8300.87,23920,29692,0.08144059361143788,0
2023-07-28 10:55:03,8295.0,65425,1,8300.87,23920,29692,0.08144059361143788,0
2023-07-28 10:55:03,8295.0,65425,1,8300.87,23920,29696,0.08144059361143788,0
2023-07-28 10:55:03,8295.0,65425,1,8300.87,24028,29471,0.08144059361143788,0
2023-07-28 10:55:14,8295.0,65428,3,8300.87,24025,29720,0.08144059361143788,0
2023-07-28 10:55:14,8295.0,65428,3,8300.87,24025,29708,0.08144059361143788,0
2023-07-28 10:55:17,8297.85,65438,5,8300.87,24025,29658,0.11582662202516049,0
2023-07-28 10:55:17,8297.85,65438,5,8300.87,24025,29709,0.11582662202516049,0
2023-07-28 10:55:17,8297.85,65438,5,8300.87,24026,29675,0.11582662202516049,0
2023-07-28 10:55:17,8297.85,65438,5,8300.87,24026,29672,0.11582662202516049,0
2023-07-28 10:55:21,8295.0,65440,2,8300.87,23991,29737,0.08144059361143788,0
2023-07-28 10:55:21,8295.0,65440,2,8300.87,23991,29777,0.08144059361143788,0
2023-07-28 10:55:21,8295.0,65440,1,8300.87,23991,29777,0.08144059361143788,0
2023-07-28 10:55:23,8297.4,65444,3,8300.87,24001,29752,0.11039724911772252,0
2023-07-28 10:55:23,8297.4,65444,3,8300.87,24026,29682,0.11039724911772252,0
2023-07-28 10:55:23,8297.4,65444,3,8300.87,24026,29695,0.11039724911772252,0
2023-07-28 10:55:23,8297.4,65444,3,8300.87,24014,29650,0.11039724911772252,0
2023-07-28 10:55:23,8297.4,65444,3,8300.87,23411,29467,0.11039724911772252,0
2023-07-28 10:55:23,8297.4,65444,3,8300.87,23417,29470,0.11039724911772252,0
2023-07-28 10:55:23,8297.4,65444,3,8300.87,23417,29475,0.11039724911772252,0
2023-07-28 10:55:23,8297.4,65444,3,8300.87,23385,29472,0.11039724911772252,0
2023-07-28 10:55:23,8297.4,65444,3,8300.87,23377,29471,0.11039724911772252,0
2023-07-28 10:55:23,8297.4,65444,3,8300.87,23391,29464,0.11039724911772252,0
2023-07-28 10:55:23,8297.4,65444,3,8300.87,24009,29655,0.11039724911772252,0
2023-07-28 10:55:23,8297.4,65444,3,8300.87,23986,29455,0.11039724911772252,0
2023-07-28 10:55:23,8297.4,65444,3,8300.87,24006,29671,0.11039724911772252,0
2023-07-28 10:55:23,8297.4,65444,3,8300.87,24009,29671,0.11039724911772252,0
2023-07-28 10:55:23,8297.4,65444,3,8300.87,23975,29464,0.11039724911772252,0
2023-07-28 10:55:23,8297.4,65444,3,8300.87,23975,29687,0.11039724911772252,0
2023-07-28 10:55:23,8295.0,65444,1,8300.87,23975,29687,0.08144059361143788,0
2023-07-28 10:55:43,8295.0,65445,1,8300.87,23981,29724,0.08144059361143788,0
2023-07-28 10:55:43,8295.0,65445,1,8300.87,23990,29696,0.08144059361143788,0
2023-07-28 10:55:43,8295.0,65445,1,8300.87,24022,29679,0.08144059361143788,0
2023-07-28 10:55:43,8295.0,65445,1,8300.87,23821,29675,0.08144059361143788,0
2023-07-28 10:55:43,8295.0,65445,1,8300.87,24019,29678,0.08144059361143788,0
2023-07-28 10:55:43,8295.0,65445,1,8300.87,24021,29674,0.08144059361143788,0
2023-07-28 10:55:43,8295.0,65445,1,8300.87,23525,29673,0.08144059361143788,0
2023-07-28 10:55:43,8295.0,65445,1,8300.87,24039,29699,0.08144059361143788,0
2023-07-28 10:55:43,8295.0,65445,1,8300.87,24039,29700,0.08144059361143788,0
2023-07-28 10:55:43,8295.0,65445,1,8300.87,24039,29675,0.08144059361143788,0
2023-07-28 10:55:43,8295.0,65445,1,8300.87,24039,29675,0.08144059361143788,0
2023-07-28 10:55:43,8295.0,65445,1,8300.87,24039,29673,0.08144059361143788,0
2023-07-28 10:55:43,8295.0,65445,1,8300.87,24039,29684,0.08144059361143788,0
2023-07-28 10:55:43,8295.0,65445,1,8300.87,24039,29683,0.08144059361143788,0
2023-07-28 10:55:43,8295.0,65445,1,8300.87,24039,29678,0.08144059361143788,0
2023-07-28 10:55:43,8295.5,65445,1,8300.87,24039,29678,0.08747323017524809,0
2023-07-28 10:56:03,8295.5,65446,1,8300.87,24038,29678,0.08747323017524809,0
2023-07-28 10:56:03,8295.5,65446,1,8300.87,23833,29486,0.08747323017524809,0
2023-07-28 10:56:03,8295.5,65446,1,8300.87,24033,29672,0.08747323017524809,0
2023-07-28 10:56:03,8295.5,65446,1,8300.87,24041,29709,0.08747323017524809,0
2023-07-28 10:56:03,8295.5,65446,1,8300.87,24047,29697,0.08747323017524809,0
2023-07-28 10:56:03,8295.5,65446,1,8300.87,24043,29718,0.08747323017524809,0
2023-07-28 10:56:03,8295.5,65446,1,8300.87,24043,29711,0.08747323017524809,0
2023-07-28 10:56:03,8295.5,65446,1,8300.87,24043,29712,0.08747323017524809,0
2023-07-28 10:56:03,8295.5,65446,1,8300.87,24043,29712,0.08747323017524809,0
2023-07-28 10:56:03,8295.5,65446,1,8300.87,24043,29711,0.08747323017524809,0
2023-07-28 10:56:03,8295.5,65446,1,8300.87,24043,29716,0.08747323017524809,0
2023-07-28 10:56:03,8295.5,65446,1,8300.87,24045,29716,0.08747323017524809,0
2023-07-28 10:56:03,8295.5,65446,1,8300.87,24045,29713,0.08747323017524809,0
2023-07-28 10:56:03,8295.5,65446,1,8300.87,24056,29713,0.08747323017524809,0
2023-07-28 10:56:03,8295.5,65446,1,8300.87,24045,29714,0.08747323017524809,0
2023-07-28 10:56:03,8295.5,65446,1,8300.87,24045,29714,0.08747323017524809,0
2023-07-28 10:56:03,8295.5,65446,1,8300.87,24045,29714,0.08747323017524809,0
2023-07-28 10:56:23,8295.5,65447,1,8300.87,24044,29715,0.08747323017524809,0
2023-07-28 10:56:23,8295.5,65447,1,8300.87,24044,29715,0.08747323017524809,0
2023-07-28 10:56:23,8295.5,65447,1,8300.87,24044,29715,0.08747323017524809,0
2023-07-28 10:56:23,8295.5,65447,1,8300.87,24044,29715,0.08747323017524809,0
2023-07-28 10:56:23,8295.5,65447,1,8300.87,24044,29715,0.08747323017524809,0
2023-07-28 10:56:23,8295.5,65447,1,8300.87,24044,29733,0.08747323017524809,0
2023-07-28 10:56:23,8295.5,65447,1,8300.87,24053,29733,0.08747323017524809,0
2023-07-28 10:56:23,8295.5,65447,1,8300.87,24053,29743,0.08747323017524809,0
2023-07-28 10:56:23,8295.5,65447,1,8300.87,24053,29730,0.08747323017524809,0
2023-07-28 10:56:23,8297.8,65447,2,8300.87,24053,29729,0.1152233583687663,0
2023-07-28 10:56:32,8297.8,65467,2,8300.87,24086,29706,0.1152233583687663,0
2023-07-28 10:56:32,8297.8,65467,2,8300.87,24099,29706,0.1152233583687663,0
2023-07-28 10:56:32,8297.8,65467,2,8300.87,24099,29706,0.1152233583687663,0
2023-07-28 10:56:32,8297.8,65467,1,8300.87,24099,29706,0.1152233583687663,0
2023-07-28 10:56:37,8297.8,65469,1,8300.87,24091,29707,0.1152233583687663,0
2023-07-28 10:56:37,8297.8,65469,1,8300.87,24097,29746,0.1152233583687663,0
2023-07-28 10:56:37,8297.8,65469,1,8300.87,23600,29757,0.1152233583687663,0
2023-07-28 10:56:37,8297.8,65469,1,8300.87,23599,29755,0.1152233583687663,0
2023-07-28 10:56:37,8297.8,65469,1,8300.87,24099,29750,0.1152233583687663,0
2023-07-28 10:56:37,8295.5,65469,1,8300.87,24099,29750,0.08747323017524809,0
2023-07-28 10:56:43,8295.5,65470,1,8300.87,24098,29751,0.08747323017524809,0
2023-07-28 10:56:43,8295.5,65470,1,8300.87,24098,29751,0.08747323017524809,0
2023-07-28 10:56:43,8295.5,65470,1,8300.87,24098,29757,0.08747323017524809,0
2023-07-28 10:56:43,8295.5,65470,1,8300.87,24109,29757,0.08747323017524809,0
2023-07-28 10:56:43,8295.5,65470,1,8300.87,24131,29719,0.08747323017524809,0
2023-07-28 10:56:43,8295.5,65470,1,8300.87,24187,29740,0.08747323017524809,0
2023-07-28 10:56:43,8295.5,65470,1,8300.87,23689,29751,0.08747323017524809,0
2023-07-28 10:56:43,8295.5,65470,1,8300.87,24189,29752,0.08747323017524809,0
2023-07-28 10:56:43,8295.5,65470,1,8300.87,24189,29752,0.08747323017524809,0
2023-07-28 10:56:55,8298.55,65488,8,8300.87,24254,29377,0.12427231321448161,0
2023-07-28 10:56:55,8298.55,65488,8,8300.87,24264,29579,0.12427231321448161,0
2023-07-28 10:56:55,8292.0,65488,5,8300.87,24264,29579,0.0452447742285766,0
2023-07-28 10:56:58,8292.0,66486,5,8300.78,23283,29973,0.0452447742285766,0
2023-07-28 10:56:58,8292.0,66486,5,8300.78,23271,29986,0.0452447742285766,0
2023-07-28 10:56:58,8292.0,66486,5,8300.78,23233,29983,0.0452447742285766,0
2023-07-28 10:56:58,8290.0,66486,6,8300.78,23233,29978,0.021114227973335748,0
2023-07-28 10:57:01,8290.0,66492,6,8300.78,23345,30024,0.021114227973335748,0
2023-07-28 10:57:01,8287.6,66492,1,8300.78,23345,30024,-0.007842427532948887,0
2023-07-28 10:57:03,8287.6,66493,1,8300.78,23366,29948,-0.007842427532948887,0
2023-07-28 10:57:03,8287.6,66493,1,8300.78,23366,29948,-0.007842427532948887,0
2023-07-28 10:57:03,8287.6,66493,1,8300.78,23366,29841,-0.007842427532948887,0
2023-07-28 10:57:03,8287.6,66493,1,8300.78,23366,29841,-0.007842427532948887,0
2023-07-28 10:57:03,8287.6,66493,1,8300.78,23366,29839,-0.007842427532948887,0
2023-07-28 10:57:03,8287.6,66493,2,8300.78,23315,29840,-0.007842427532948887,0
2023-07-28 10:57:10,8289.9,66507,7,8300.77,23073,29928,0.019907700660569315,0
2023-07-28 10:57:10,8289.9,66507,7,8300.77,23160,29924,0.019907700660569315,0
2023-07-28 10:57:10,8289.9,66507,7,8300.77,23150,29927,0.019907700660569315,0
2023-07-28 10:57:10,8289.9,66507,7,8300.77,22656,29917,0.019907700660569315,0
2023-07-28 10:57:10,8289.9,66507,7,8300.77,23156,29917,0.019907700660569315,0
2023-07-28 10:57:10,8289.9,66507,7,8300.77,23153,29918,0.019907700660569315,0
2023-07-28 10:57:10,8289.9,66507,7,8300.77,23153,29918,0.019907700660569315,0
2023-07-28 10:57:10,8289.9,66507,7,8300.77,23153,29918,0.019907700660569315,0
2023-07-28 10:57:10,8289.9,66507,7,8300.77,23158,29909,0.019907700660569315,0
2023-07-28 10:57:10,8289.9,66507,7,8300.77,22558,29723,0.019907700660569315,0
2023-07-28 10:57:10,8289.9,66507,7,8300.77,22570,29724,0.019907700660569315,0
2023-07-28 10:57:10,8289.9,66507,7,8300.77,22573,29724,0.019907700660569315,0
2023-07-28 10:57:10,8287.6,66507,1,8300.77,22573,29724,-0.007842427532948887,0
2023-07-28 10:57:23,8287.6,66508,1,8300.77,23165,29936,-0.007842427532948887,0
2023-07-28 10:57:23,8287.6,66508,1,8300.77,23172,29935,-0.007842427532948887,0
2023-07-28 10:57:23,8287.6,66508,1,8300.77,23172,29935,-0.007842427532948887,0
2023-07-28 10:57:23,8287.6,66508,1,8300.77,23160,29958,-0.007842427532948887,0
2023-07-28 10:57:23,8287.6,66508,1,8300.77,23190,29981,-0.007842427532948887,0
2023-07-28 10:57:31,8287.6,66509,1,8300.77,22702,29981,-0.007842427532948887,0
2023-07-28 10:57:31,8287.6,66509,1,8300.77,22689,29982,-0.007842427532948887,0
2023-07-28 10:57:31,8287.6,66509,1,8300.77,22689,29982,-0.007842427532948887,0
2023-07-28 10:57:33,8285.0,66609,10,8300.75,23234,29843,-0.03921213766476639,0
2023-07-28 10:57:33,8285.0,66609,10,8300.75,23234,29831,-0.03921213766476639,0
2023-07-28 10:57:33,8285.0,66609,10,8300.75,23234,29821,-0.03921213766476639,0
2023-07-28 10:57:37,8289.35,66629,2,8300.75,23237,29739,0.01327180044038686,0
2023-07-28 10:57:37,8289.35,66629,2,8300.75,23241,29747,0.01327180044038686,0
2023-07-28 10:57:37,8289.35,66629,2,8300.75,23241,29752,0.01327180044038686,0
2023-07-28 10:57:37,8289.35,66629,2,8300.75,23255,29748,0.01327180044038686,0
2023-07-28 10:57:37,8289.35,66629,2,8300.75,23265,29740,0.01327180044038686,0
2023-07-28 10:57:37,8285.0,66629,1,8300.75,23263,29744,-0.03921213766476639,0
2023-07-28 10:57:43,8285.0,66630,1,8300.75,23262,29749,-0.03921213766476639,0
2023-07-28 10:57:43,8285.0,66630,1,8300.75,23267,29750,-0.03921213766476639,0
2023-07-28 10:57:43,8285.0,66630,1,8300.75,23253,29784,-0.03921213766476639,0
2023-07-28 10:57:43,8285.0,66630,1,8300.75,23253,29810,-0.03921213766476639,0
2023-07-28 10:57:43,8285.0,66630,1,8300.75,23207,29822,-0.03921213766476639,0
2023-07-28 10:57:43,8285.0,66630,1,8300.75,23220,29823,-0.03921213766476639,0
2023-07-28 10:57:43,8285.0,66630,1,8300.75,23220,29818,-0.03921213766476639,0
2023-07-28 10:57:52,8287.6,66631,1,8300.75,23221,29826,-0.007842427532948887,0
2023-07-28 10:57:52,8287.6,66631,1,8300.75,23221,29824,-0.007842427532948887,0
2023-07-28 10:57:52,8287.6,66631,1,8300.75,23233,29825,-0.007842427532948887,0
2023-07-28 10:57:52,8287.6,66631,1,8300.75,23233,29811,-0.007842427532948887,0
2023-07-28 10:57:52,8287.6,66631,1,8300.75,23244,29774,-0.007842427532948887,0
2023-07-28 10:57:52,8287.6,66631,1,8300.75,23249,29832,-0.007842427532948887,0
2023-07-28 10:57:52,8287.6,66631,1,8300.75,23246,29871,-0.007842427532948887,0
2023-07-28 10:58:00,8287.6,66634,3,8300.74,23094,29975,-0.007842427532948887,0
2023-07-28 10:58:00,8287.6,66634,3,8300.74,23152,29950,-0.007842427532948887,0
2023-07-28 10:58:00,8285.0,66634,1,8300.74,23191,29874,-0.03921213766476639,0
2023-07-28 10:58:03,8285.0,66635,1,8300.74,23190,29879,-0.03921213766476639,0
2023-07-28 10:58:03,8285.0,66635,1,8300.74,23190,29878,-0.03921213766476639,0
2023-07-28 10:58:03,8285.0,66635,1,8300.74,23198,29845,-0.03921213766476639,0
2023-07-28 10:58:03,8288.25,66635,2,8300.74,23198,29845,0.0,0
2023-07-28 10:58:10,8288.25,66637,2,8300.74,23218,29826,0.0,0
2023-07-28 10:58:10,8288.25,66637,2,8300.74,23199,29737,0.0,0
2023-07-28 10:58:10,8288.25,66637,2,8300.74,23224,29661,0.0,0
2023-07-28 10:58:10,8285.0,66637,1,8300.74,23224,29661,-0.03921213766476639,0
2023-07-28 10:58:23,8285.0,66638,1,8300.74,23204,29557,-0.03921213766476639,0
2023-07-28 10:58:23,8285.0,66638,1,8300.74,23256,29585,-0.03921213766476639,0
2023-07-28 10:58:23,8285.0,66638,1,8300.74,23227,29541,-0.03921213766476639,0
2023-07-28 10:58:23,8285.0,66638,1,8300.74,23346,29337,-0.03921213766476639,0
2023-07-28 10:58:23,8285.0,66638,1,8300.74,23380,29535,-0.03921213766476639,0
2023-07-28 10:58:23,8285.0,66638,2,8300.74,23380,29535,-0.03921213766476639,0
2023-07-28 10:58:23,8285.0,66638,5,8300.74,23380,29535,-0.03921213766476639,0
2023-07-28 10:58:46,8285.0,66645,5,8300.74,23410,29403,-0.03921213766476639,0
2023-07-28 10:58:46,8285.0,66645,1,8300.74,23410,29403,-0.03921213766476639,0
2023-07-28 10:58:55,8285.0,66646,1,8300.74,23086,29621,-0.03921213766476639,0
2023-07-28 10:58:55,8285.0,66646,1,8300.74,23114,29581,-0.03921213766476639,0
2023-07-28 10:58:55,8285.0,66646,1,8300.74,23114,29581,-0.03921213766476639,0
2023-07-28 10:59:03,8285.0,66647,1,8300.74,23138,29573,-0.03921213766476639,0
2023-07-28 10:59:03,8285.0,66647,1,8300.74,23143,29373,-0.03921213766476639,0
2023-07-28 10:59:03,8285.0,66647,1,8300.74,23138,29594,-0.03921213766476639,0
2023-07-28 10:59:03,8285.0,66647,1,8300.74,23138,29594,-0.03921213766476639,0
2023-07-28 10:59:03,8285.0,66647,1,8300.74,23140,29404,-0.03921213766476639,0
2023-07-28 10:59:03,8285.0,66647,1,8300.74,23146,29605,-0.03921213766476639,0
2023-07-28 10:59:03,8285.0,66647,1,8300.74,23146,29605,-0.03921213766476639,0
2023-07-28 10:59:03,8285.0,66647,1,8300.74,23139,29603,-0.03921213766476639,0
2023-07-28 10:59:03,8285.0,66647,1,8300.74,23139,29603,-0.03921213766476639,0
2023-07-28 10:59:03,8285.0,66647,1,8300.74,22941,29602,-0.03921213766476639,0
2023-07-28 10:59:03,8285.0,66647,1,8300.74,23145,29599,-0.03921213766476639,0
2023-07-28 10:59:03,8285.0,66647,1,8300.74,23145,29599,-0.03921213766476639,0
2023-07-28 10:59:03,8285.0,66647,1,8300.74,23263,29403,-0.03921213766476639,0
2023-07-28 10:59:03,8285.0,66647,1,8300.74,23263,29588,-0.03921213766476639,0
2023-07-28 10:59:03,8285.0,66647,1,8300.74,23263,29591,-0.03921213766476639,0
2023-07-28 10:59:03,8288.05,66647,1,8300.74,23263,29591,-0.0024130546255328638,0
2023-07-28 10:59:22,8288.05,66656,1,8300.74,23287,29600,-0.0024130546255328638,0
2023-07-28 10:59:22,8288.05,66656,1,8300.74,23287,29600,-0.0024130546255328638,0
2023-07-28 10:59:22,8288.05,66656,1,8300.74,23088,29600,-0.0024130546255328638,0
2023-07-28 10:59:22,8285.0,66656,1,8300.74,23088,29600,-0.03921213766476639,0
2023-07-28 10:59:23,8285.0,66657,1,8300.74,23289,29588,-0.03921213766476639,0
2023-07-28 10:59:23,8285.0,66657,1,8300.74,23289,29588,-0.03921213766476639,0
2023-07-28 10:59:23,8285.0,66657,1,8300.74,23289,29588,-0.03921213766476639,0
2023-07-28 10:59:23,8285.0,66657,1,8300.74,23289,29580,-0.03921213766476639,0
2023-07-28 10:59:23,8285.0,66657,1,8300.74,23093,29601,-0.03921213766476639,0
2023-07-28 10:59:23,8285.0,66657,1,8300.74,23293,29601,-0.03921213766476639,0
2023-07-28 10:59:23,8285.0,66657,1,8300.74,23287,29601,-0.03921213766476639,0
2023-07-28 10:59:23,8285.0,66657,1,8300.74,23287,29601,-0.03921213766476639,0
2023-07-28 10:59:23,8285.0,66657,1,8300.74,23287,29601,-0.03921213766476639,0
2023-07-28 10:59:23,8285.0,66657,1,8300.74,23085,29404,-0.03921213766476639,0
2023-07-28 10:59:23,8285.0,66657,1,8300.74,23284,29604,-0.03921213766476639,0
2023-07-28 10:59:23,8285.0,66657,1,8300.74,23284,29401,-0.03921213766476639,0
2023-07-28 10:59:23,8285.0,66657,1,8300.74,23287,29598,-0.03921213766476639,0
2023-07-28 10:59:23,8285.0,66657,1,8300.74,23288,29601,-0.03921213766476639,0
2023-07-28 10:59:23,8285.0,66657,1,8300.74,23264,29600,-0.03921213766476639,0
2023-07-28 10:59:23,8285.0,66657,1,8300.74,23077,29601,-0.03921213766476639,0
2023-07-28 10:59:23,8285.0,66657,1,8300.74,23284,29391,-0.03921213766476639,0
2023-07-28 10:59:43,8285.0,66658,1,8300.74,23286,29584,-0.03921213766476639,0
2023-07-28 10:59:43,8285.0,66658,1,8300.74,23293,29584,-0.03921213766476639,0
2023-07-28 10:59:43,8285.0,66658,1,8300.74,23091,29598,-0.03921213766476639,0
2023-07-28 10:59:43,8285.0,66658,1,8300.74,23291,29584,-0.03921213766476639,0
2023-07-28 10:59:43,8285.0,66658,1,8300.74,23296,29573,-0.03921213766476639,0
2023-07-28 10:59:43,8285.0,66658,1,8300.74,23296,29573,-0.03921213766476639,0
2023-07-28 10:59:43,8285.0,66658,1,8300.74,23296,29583,-0.03921213766476639,0
2023-07-28 10:59:43,8285.0,66658,1,8300.74,23296,29583,-0.03921213766476639,0
2023-07-28 10:59:43,8285.0,66658,1,8300.74,23308,29355,-0.03921213766476639,0
2023-07-28 10:59:43,8285.0,66658,1,8300.74,22591,29368,-0.03921213766476639,0
2023-07-28 10:59:43,8285.0,66658,1,8300.74,23086,29585,-0.03921213766476639,0
2023-07-28 10:59:43,8285.0,66658,1,8300.74,23283,29587,-0.03921213766476639,0
2023-07-28 10:59:43,8285.0,66658,1,8300.74,23292,29569,-0.03921213766476639,0
2023-07-28 10:59:43,8285.0,66658,1,8300.74,23287,29581,-0.03921213766476639,0
2023-07-28 10:59:43,8285.0,66658,1,8300.74,23292,29587,-0.03921213766476639,0
2023-07-28 10:59:43,8285.0,66658,1,8300.74,23047,29572,-0.03921213766476639,0
2023-07-28 10:59:43,8285.0,66658,1,8300.74,23035,29575,-0.03921213766476639,0
2023-07-28 10:59:43,8285.0,66658,1,8300.74,23235,29366,-0.03921213766476639,0
2023-07-28 11:00:03,8286.0,66659,1,8300.74,23236,29582,-0.02714686453714596,0
2023-07-28 11:00:03,8286.0,66659,1,8300.74,23237,29418,-0.02714686453714596,0
2023-07-28 11:00:03,8286.0,66659,1,8300.74,23238,29417,-0.02714686453714596,0
2023-07-28 11:00:03,8285.0,66659,1,8300.74,23238,29417,-0.03921213766476639,0
2023-07-28 11:00:06,8285.0,66661,1,8300.74,23051,29587,-0.03921213766476639,0
2023-07-28 11:00:06,8285.0,66661,1,8300.74,23052,29387,-0.03921213766476639,0
2023-07-28 11:00:06,8285.0,66661,4,8300.74,23219,29601,-0.03921213766476639,0
2023-07-28 11:00:09,8285.0,66665,4,8300.74,23214,29604,-0.03921213766476639,0
2023-07-28 11:00:09,8285.0,66665,4,8300.74,22518,29604,-0.03921213766476639,0
2023-07-28 11:00:09,8285.0,66665,4,8300.74,23229,29613,-0.03921213766476639,0
2023-07-28 11:00:09,8285.0,66665,4,8300.74,23224,29383,-0.03921213766476639,0
2023-07-28 11:00:09,8285.0,66665,4,8300.74,23011,29386,-0.03921213766476639,0
2023-07-28 11:00:09,8285.0,66665,4,8300.74,23227,29600,-0.03921213766476639,0
2023-07-28 11:00:09,8285.0,66665,4,8300.74,23228,29415,-0.03921213766476639,0
2023-07-28 11:00:09,8285.0,66665,4,8300.74,23037,29627,-0.03921213766476639,0
2023-07-28 11:00:09,8285.0,66665,4,8300.74,23257,29617,-0.03921213766476639,0
2023-07-28 11:00:09,8285.0,66665,4,8300.74,23059,29374,-0.03921213766476639,0
2023-07-28 11:00:09,8285.0,66665,4,8300.74,23259,29592,-0.03921213766476639,0
2023-07-28 11:00:09,8288.05,66665,1,8300.74,23259,29592,-0.0024130546255328638,0
2023-07-28 11:00:21,8288.05,66666,1,8300.74,23270,29388,-0.0024130546255328638,0
2023-07-28 11:00:21,8288.05,66666,1,8300.74,23278,29584,-0.0024130546255328638,0
2023-07-28 11:00:21,8285.05,66666,1,8300.74,23278,29584,-0.03860887400839414,0
2023-07-28 11:00:23,8285.05,66667,1,8300.74,23270,29551,-0.03860887400839414,0
2023-07-28 11:00:23,8285.05,66667,1,8300.74,23269,29384,-0.03860887400839414,0
2023-07-28 11:00:23,8285.05,66667,1,8300.74,23268,29600,-0.03860887400839414,0
2023-07-28 11:00:23,8285.05,66667,1,8300.74,23286,29376,-0.03860887400839414,0
2023-07-28 11:00:23,8285.05,66667,1,8300.74,23291,29564,-0.03860887400839414,0
2023-07-28 11:00:23,8285.05,66667,1,8300.74,23279,29556,-0.03860887400839414,0
2023-07-28 11:00:23,8285.05,66667,1,8300.74,23251,29369,-0.03860887400839414,0
2023-07-28 11:00:23,8285.05,66667,1,8300.74,23271,29559,-0.03860887400839414,0
2023-07-28 11:00:23,8285.05,66667,1,8300.74,23339,29547,-0.03860887400839414,0
2023-07-28 11:00:23,8285.05,66667,1,8300.74,23339,29547,-0.03860887400839414,0
2023-07-28 11:00:23,8285.05,66667,1,8300.74,23339,29538,-0.03860887400839414,0
2023-07-28 11:00:23,8285.05,66667,1,8300.74,23339,29538,-0.03860887400839414,0
2023-07-28 11:00:23,8285.05,66667,1,8300.74,23339,29538,-0.03860887400839414,0
2023-07-28 11:00:23,8285.05,66667,1,8300.74,23326,29538,-0.03860887400839414,0
2023-07-28 11:00:23,8285.05,66667,1,8300.74,23351,29530,-0.03860887400839414,0
2023-07-28 11:00:23,8286.05,66667,1,8300.74,23351,29530,-0.02654360088077372,0
2023-07-28 11:00:43,8288.05,66668,1,8300.74,23346,29530,-0.0024130546255328638,0
2023-07-28 11:00:44,8288.05,66669,1,8300.74,23348,29529,-0.0024130546255328638,0
2023-07-28 11:00:44,8288.05,66669,1,8300.74,23341,29529,-0.0024130546255328638,0
2023-07-28 11:00:44,8289.45,66669,6,8300.74,23325,29529,0.01447832775315329,0
2023-07-28 11:00:48,8289.6,66691,1,8300.73,23406,29554,0.016288118722291967,0
2023-07-28 11:00:49,8289.6,66692,1,8300.73,23410,29546,0.016288118722291967,0
2023-07-28 11:00:49,8289.6,66692,1,8300.73,22792,29346,0.016288118722291967,0
2023-07-28 11:00:49,8289.6,66692,1,8300.73,22792,29346,0.016288118722291967,0
2023-07-28 11:00:49,8289.6,66692,7,8300.73,22878,29326,0.016288118722291967,0
2023-07-28 11:00:53,8289.6,66699,7,8300.73,22337,29310,0.016288118722291967,0
2023-07-28 11:00:53,8289.6,66699,7,8300.73,22337,29310,0.016288118722291967,0
2023-07-28 11:00:53,8289.6,66699,7,8300.73,22847,29310,0.016288118722291967,0
2023-07-28 11:00:53,8289.6,66699,7,8300.73,23446,29501,0.016288118722291967,0
2023-07-28 11:00:53,8290.35,66699,4,8300.73,23411,29513,0.025337073568007285,0
2023-07-28 11:00:59,8290.35,66706,4,8300.73,23545,29522,0.025337073568007285,0
2023-07-28 11:00:59,8290.35,66706,4,8300.73,23547,29516,0.025337073568007285,0
2023-07-28 11:00:59,8290.35,66706,4,8300.73,23550,29516,0.025337073568007285,0
2023-07-28 11:00:59,8287.15,66706,1,8300.73,23550,29516,-0.01327180044038686,0
2023-07-28 11:01:03,8287.15,66707,1,8300.73,23501,29550,-0.01327180044038686,0
2023-07-28 11:01:05,8292.4,66717,1,8300.73,23498,29595,0.05007088347962038,0
2023-07-28 11:01:05,8292.45,66717,1,8300.73,23498,29595,0.05067414713601457,0
2023-07-28 11:01:07,8292.4,66728,10,8300.73,23451,29591,0.05007088347962038,0
2023-07-28 11:01:08,8292.4,66729,1,8300.73,23463,29582,0.05007088347962038,0
2023-07-28 11:01:08,8292.4,66730,1,8300.73,23512,29597,0.05007088347962038,0
2023-07-28 11:01:08,8292.4,66730,1,8300.73,23517,29612,0.05007088347962038,0
2023-07-28 11:01:08,8292.4,66730,4,8300.73,23539,29607,0.05007088347962038,0
2023-07-28 11:01:11,8292.4,66738,4,8300.73,23338,29605,0.05007088347962038,0
2023-07-28 11:01:11,8292.4,66738,4,8300.73,23562,29613,0.05007088347962038,0
2023-07-28 11:01:11,8292.4,66738,4,8300.73,23361,29593,0.05007088347962038,0
2023-07-28 11:01:11,8293.85,66738,5,8300.73,23646,29361,0.06756552951467877,0
2023-07-28 11:01:17,8293.85,66746,1,8300.73,23644,29528,0.06756552951467877,0
2023-07-28 11:01:17,8293.85,66746,1,8300.73,23671,29536,0.06756552951467877,0
2023-07-28 11:01:17,8293.85,66746,1,8300.73,23679,29292,0.06756552951467877,0
2023-07-28 11:01:17,8293.85,66746,6,8300.73,23102,29488,0.06756552951467877,0
2023-07-28 11:01:22,8293.85,66753,1,8300.73,23563,29305,0.06756552951467877,0
2023-07-28 11:01:22,8292.4,66753,1,8300.73,23563,29305,0.05007088347962038,0
2023-07-28 11:01:23,8292.4,66754,1,8300.72,23564,29504,0.05007088347962038,0
2023-07-28 11:01:23,8292.4,66754,1,8300.72,23563,29512,0.05007088347962038,0
2023-07-28 11:01:23,8294.9,66754,5,8300.72,23543,29517,0.08023406629867144,0
2023-07-28 11:01:27,8294.9,66763,5,8300.72,23469,29525,0.08023406629867144,0
2023-07-28 11:01:27,8294.9,66763,5,8300.72,23269,29541,0.08023406629867144,0
2023-07-28 11:01:27,8294.9,66763,5,8300.72,23566,29357,0.08023406629867144,0
2023-07-28 11:01:27,8296.75,66763,5,8300.72,23336,29482,0.10255482158477362,0
2023-07-28 11:01:32,8296.65,66770,1,8300.72,23534,29677,0.1013482942720072,0
2023-07-28 11:01:33,8296.65,66771,1,8300.72,23524,29594,0.1013482942720072,0
2023-07-28 11:01:33,8296.65,66771,1,8300.72,23585,29584,0.1013482942720072,0
2023-07-28 11:01:33,8296.65,66771,1,8300.72,23668,29570,0.1013482942720072,0
2023-07-28 11:01:33,8296.65,66771,1,8300.72,23633,29558,0.1013482942720072,0
2023-07-28 11:01:33,8297.3,66771,8,8300.72,23602,29672,0.10919072180495608,0
2023-07-28 11:01:37,8297.3,66779,8,8300.72,23663,29581,0.10919072180495608,0
2023-07-28 11:01:37,8297.3,66779,8,8300.72,23434,29591,0.10919072180495608,0
2023-07-28 11:01:37,8297.9,66779,1,8300.72,23668,29339,0.11642988568153273,0
2023-07-28 11:01:42,8293.65,66785,1,8300.72,23187,29518,0.06515247488914591,0
2023-07-28 11:01:43,8293.65,66786,1,8300.72,23680,29329,0.06515247488914591,0
2023-07-28 11:01:43,8293.65,66786,1,8300.72,23690,29540,0.06515247488914591,0
2023-07-28 11:01:43,8293.65,66786,1,8300.72,23474,29529,0.06515247488914591,0
2023-07-28 11:01:43,8293.65,66786,1,8300.72,23171,29529,0.06515247488914591,0
2023-07-28 11:01:43,8297.8,66786,4,8300.72,22705,29621,0.1152233583687663,0
2023-07-28 11:01:48,8297.8,66794,4,8300.72,23159,29587,0.1152233583687663,0
2023-07-28 11:01:48,8297.75,66794,1,8300.72,23159,29587,0.11462009471239405,0
2023-07-28 11:01:49,8297.75,66795,1,8300.72,23691,29619,0.11462009471239405,0
2023-07-28 11:01:49,8297.75,66795,1,8300.72,23496,29622,0.11462009471239405,0
2023-07-28 11:01:49,8297.6,66795,6,8300.72,23496,29614,0.11281030374325537,0
2023-07-28 11:01:52,8297.6,66801,6,8300.72,23679,29639,0.11281030374325537,0
2023-07-28 11:01:52,8297.6,66801,6,8300.72,23476,29416,0.11281030374325537,0
2023-07-28 11:01:52,8297.6,66801,6,8300.72,23192,29586,0.11281030374325537,0
2023-07-28 11:01:52,8297.6,66801,6,8300.72,23692,29586,0.11281030374325537,0
2023-07-28 11:01:52,8297.6,66801,6,8300.72,23692,29586,0.11281030374325537,0
2023-07-28 11:01:52,8297.6,66801,6,8300.72,23504,29588,0.11281030374325537,0
2023-07-28 11:01:52,8297.6,66801,6,8300.72,23700,29586,0.11281030374325537,0
2023-07-28 11:01:52,8297.6,66801,6,8300.72,23685,29588,0.11281030374325537,0
2023-07-28 11:01:52,8297.6,66801,6,8300.72,23523,29604,0.11281030374325537,0
2023-07-28 11:01:52,8297.6,66801,6,8300.72,23530,29604,0.11281030374325537,0
2023-07-28 11:02:03,8294.05,66802,1,8300.72,23731,29606,0.06997858414018969,0
2023-07-28 11:02:03,8294.05,66802,1,8300.72,23740,29606,0.06997858414018969,0
2023-07-28 11:02:03,8294.05,66802,1,8300.72,23740,29402,0.06997858414018969,0
2023-07-28 11:02:03,8294.05,66802,1,8300.72,23742,29382,0.06997858414018969,0
2023-07-28 11:02:03,8294.05,66802,1,8300.72,23739,29592,0.06997858414018969,0
2023-07-28 11:02:03,8294.05,66802,1,8300.72,23730,29592,0.06997858414018969,0
2023-07-28 11:02:03,8294.05,66802,1,8300.72,23731,29592,0.06997858414018969,0
2023-07-28 11:02:03,8294.05,66802,1,8300.72,23731,29589,0.06997858414018969,0
2023-07-28 11:02:03,8294.05,66802,1,8300.72,23733,29589,0.06997858414018969,0
2023-07-28 11:02:03,8294.05,66802,1,8300.72,23706,29638,0.06997858414018969,0
2023-07-28 11:02:03,8297.0,66802,30,8300.72,23706,29638,0.10557113986667874,0
2023-07-28 11:02:13,8297.0,66832,2,8300.72,23766,29568,0.10557113986667874,0
2023-07-28 11:02:14,8297.0,66834,2,8300.72,23841,29556,0.10557113986667874,0
2023-07-28 11:02:14,8297.0,66834,2,8300.72,23618,29357,0.10557113986667874,0
2023-07-28 11:02:14,8297.0,66834,2,8300.72,23593,29570,0.10557113986667874,0
2023-07-28 11:02:14,8297.0,66834,2,8300.72,23779,29561,0.10557113986667874,0
2023-07-28 11:02:14,8297.0,66834,2,8300.72,23806,29571,0.10557113986667874,0
2023-07-28 11:02:14,8297.0,66834,2,8300.72,23538,29568,0.10557113986667874,0
2023-07-28 11:02:14,8297.0,66834,2,8300.72,23775,29562,0.10557113986667874,0
2023-07-28 11:02:14,8297.0,66834,2,8300.72,23775,29562,0.10557113986667874,0
2023-07-28 11:02:14,8297.0,66834,2,8300.72,23775,29562,0.10557113986667874,0
2023-07-28 11:02:14,8294.2,66834,1,8300.72,23547,29560,0.07178837510935032,0
2023-07-28 11:02:23,8294.2,66851,1,8300.72,23387,29540,0.07178837510935032,0
2023-07-28 11:02:23,8298.0,66851,1,8300.72,23387,29540,0.11763641299429915,0
2023-07-28 11:02:24,8298.0,66852,1,8300.72,23778,29542,0.11763641299429915,0
2023-07-28 11:02:24,8298.0,66852,1,8300.72,23769,29353,0.11763641299429915,0
2023-07-28 11:02:24,8298.0,66852,1,8300.72,23769,29353,0.11763641299429915,0
2023-07-28 11:02:24,8298.0,66852,1,8300.72,23076,29558,0.11763641299429915,0
2023-07-28 11:02:24,8298.0,66852,1,8300.72,23273,29549,0.11763641299429915,0
2023-07-28 11:02:24,8298.0,66852,3,8300.72,23763,29345,0.11763641299429915,0
2023-07-28 11:02:30,8298.0,66855,3,8300.72,23772,29554,0.11763641299429915,0
2023-07-28 11:02:30,8298.0,66855,3,8300.72,23777,29556,0.11763641299429915,0
2023-07-28 11:02:30,8294.2,66855,6,8300.72,23777,29556,0.07178837510935032,0
2023-07-28 11:02:32,8294.2,66880,6,8300.72,23255,29568,0.07178837510935032,0
2023-07-28 11:02:32,8294.2,66880,6,8300.72,23776,29563,0.07178837510935032,0
2023-07-28 11:02:32,8294.2,66880,6,8300.72,23774,29366,0.07178837510935032,0
2023-07-28 11:02:32,8294.2,66880,6,8300.72,23794,29560,0.07178837510935032,0
2023-07-28 11:02:32,8294.2,66880,6,8300.72,23798,29574,0.07178837510935032,0
2023-07-28 11:02:32,8294.2,66880,6,8300.72,23582,29384,0.07178837510935032,0
2023-07-28 11:02:32,8294.2,66880,6,8300.72,23798,29588,0.07178837510935032,0
2023-07-28 11:02:32,8294.2,66880,6,8300.72,23282,29381,0.07178837510935032,0
2023-07-28 11:02:32,8294.2,66880,6,8300.72,23825,29561,0.07178837510935032,0
2023-07-28 11:02:42,8298.0,66937,10,8300.71,23948,29508,0.11763641299429915,0
2023-07-28 11:02:43,8294.65,66963,1,8300.71,23911,29482,0.07721774801676634,0
2023-07-28 11:02:43,8299.6,66963,1,8300.71,23911,29482,0.13694084999849623,0
2023-07-28 11:02:44,8299.6,66964,1,8300.71,23918,29481,0.13694084999849623,0
2023-07-28 11:02:44,8299.6,66964,1,8300.71,23894,29520,0.13694084999849623,0
2023-07-28 11:02:44,8299.7,66964,6,8300.71,23694,29519,0.13814737731126267,0
2023-07-28 11:02:47,8299.7,66970,1,8300.71,23509,29500,0.13814737731126267,0
2023-07-28 11:02:48,8299.7,66971,1,8300.71,23222,29499,0.13814737731126267,0
2023-07-28 11:02:48,8299.7,66971,1,8300.71,23718,29500,0.13814737731126267,0
2023-07-28 11:02:48,8299.7,66971,1,8300.71,23734,29500,0.13814737731126267,0
2023-07-28 11:02:48,8299.75,66971,1,8300.71,23278,29352,0.1387506409676349,0
2023-07-28 11:02:53,8299.75,66980,1,8300.71,23289,29346,0.1387506409676349,0
2023-07-28 11:02:53,8299.75,66980,1,8300.71,23789,29346,0.1387506409676349,0
2023-07-28 11:02:53,8299.75,66980,1,8300.71,23789,29346,0.1387506409676349,0
2023-07-28 11:02:53,8299.9,66980,5,8300.71,23725,29353,0.1405604319367736,0
2023-07-28 11:02:57,8299.95,66986,1,8300.71,23512,29361,0.14116369559316777,0
2023-07-28 11:02:58,8299.95,66987,1,8300.71,23704,29370,0.14116369559316777,0
2023-07-28 11:02:58,8299.95,66987,1,8300.71,23704,29396,0.14116369559316777,0
2023-07-28 11:02:58,8299.95,66987,1,8300.71,23705,29396,0.14116369559316777,0
2023-07-28 11:02:58,8296.6,66987,1,8300.71,23170,29401,0.10074503061563495,0
2023-07-28 11:03:03,8296.6,66998,1,8300.71,23186,29392,0.10074503061563495,0
2023-07-28 11:03:03,8300.0,66998,1,8300.71,23186,29392,0.14176695924954,0
2023-07-28 11:03:04,8300.0,66999,1,8300.71,23696,29383,0.14176695924954,0
2023-07-28 11:03:04,8300.0,66999,1,8300.71,23758,29379,0.14176695924954,0
2023-07-28 11:03:04,8300.0,66999,1,8300.71,23763,29379,0.14176695924954,0
2023-07-28 11:03:04,8300.0,66999,6,8300.71,23578,29356,0.14176695924954,0
2023-07-28 11:03:08,8300.0,67005,6,8300.71,23287,29353,0.14176695924954,0
2023-07-28 11:03:08,8300.0,67005,6,8300.71,23787,29353,0.14176695924954,0
2023-07-28 11:03:08,8300.0,67005,6,8300.71,23787,29353,0.14176695924954,0
2023-07-28 11:03:14,8300.0,67012,1,8300.71,23286,29348,0.14176695924954,0
2023-07-28 11:03:14,8300.0,67012,1,8300.71,23590,29345,0.14176695924954,0
2023-07-28 11:03:14,8300.0,67012,1,8300.71,23784,29345,0.14176695924954,0
2023-07-28 11:03:14,8300.0,67012,1,8300.71,23298,29345,0.14176695924954,0
2023-07-28 11:03:14,8300.0,67012,1,8300.71,23784,29345,0.14176695924954,0
2023-07-28 11:03:14,8298.15,67012,65,8300.71,23784,29345,0.11944620396343783,0
2023-07-28 11:03:14,8300.0,67012,5,8300.71,23784,29345,0.14176695924954,0
2023-07-28 11:03:20,8300.0,67082,5,8300.71,23076,29350,0.14176695924954,0
2023-07-28 11:03:21,8300.0,67093,1,8300.71,23804,29340,0.14176695924954,0
2023-07-28 11:03:21,8300.0,67093,1,8300.71,23804,29340,0.14176695924954,0
2023-07-28 11:03:22,8300.0,67094,1,8300.71,23810,29339,0.14176695924954,0
2023-07-28 11:03:23,8298.15,67095,1,8300.71,23565,29338,0.11944620396343783,0
2023-07-28 11:03:23,8298.15,67095,1,8300.71,23265,29338,0.11944620396343783,0
2023-07-28 11:03:23,8298.15,67095,1,8300.71,23764,29338,0.11944620396343783,0
2023-07-28 11:03:23,8298.15,67095,1,8300.71,23564,29334,0.11944620396343783,0
2023-07-28 11:03:23,8298.15,67095,1,8300.71,23264,29334,0.11944620396343783,0
2023-07-28 11:03:23,8298.15,67095,1,8300.71,23764,29334,0.11944620396343783,0
2023-07-28 11:03:23,8298.15,67095,1,8300.71,23769,29334,0.11944620396343783,0
2023-07-28 11:03:23,8298.15,67095,1,8300.71,23769,29334,0.11944620396343783,0
2023-07-28 11:03:23,8298.15,67095,1,8300.71,23769,29334,0.11944620396343783,0
2023-07-28 11:03:33,8300.0,67150,5,8300.71,23764,29390,0.14176695924954,0
2023-07-28 11:03:33,8300.0,67155,11,8300.71,23724,29370,0.14176695924954,0
2023-07-28 11:03:34,8300.0,67170,1,8300.71,23558,29355,0.14176695924954,0
2023-07-28 11:03:35,8300.0,67172,1,8300.71,23551,29349,0.14176695924954,0
2023-07-28 11:03:35,8300.0,67172,1,8300.71,23753,29396,0.14176695924954,0
2023-07-28 11:03:35,8300.0,67172,1,8300.71,23253,29397,0.14176695924954,0
2023-07-28 11:03:35,8300.0,67172,1,8300.71,23553,29396,0.14176695924954,0
2023-07-28 11:03:35,8300.0,67172,1,8300.71,23738,29396,0.14176695924954,0
2023-07-28 11:03:35,8300.0,67172,1,8300.71,23549,29396,0.14176695924954,0
2023-07-28 11:03:35,8298.2,67172,1,8300.71,23086,29398,0.12004946761983203,0
2023-07-28 11:03:43,8298.2,67173,1,8300.71,23281,29399,0.12004946761983203,0
2023-07-28 11:03:43,8298.2,67173,1,8300.71,23581,29398,0.12004946761983203,0
2023-07-28 11:03:43,8300.0,67173,16,8300.71,23781,29398,0.14176695924954,0
2023-07-28 11:03:46,8300.0,67189,1,8300.71,23088,29382,0.14176695924954,0
2023-07-28 11:03:47,8300.0,67190,1,8300.71,23798,29379,0.14176695924954,0
2023-07-28 11:03:47,8300.0,67190,1,8300.71,23096,29379,0.14176695924954,0
2023-07-28 11:03:47,8300.0,67190,2,8300.71,23096,29379,0.14176695924954,0
2023-07-28 11:03:49,8300.0,67192,2,8300.71,23296,29377,0.14176695924954,0
2023-07-28 11:03:49,8300.0,67192,2,8300.71,23096,29377,0.14176695924954,0
2023-07-28 11:03:49,8300.0,67192,2,8300.71,23798,29377,0.14176695924954,0
2023-07-28 11:03:49,8300.0,67192,2,8300.71,23798,29374,0.14176695924954,0
2023-07-28 11:03:49,8300.0,67192,2,8300.71,23601,29374,0.14176695924954,0
2023-07-28 11:03:49,8300.0,67192,2,8300.71,23301,29369,0.14176695924954,0
2023-07-28 11:03:49,8300.0,67192,2,8300.71,23601,29369,0.14176695924954,0
2023-07-28 11:03:49,8300.0,67192,2,8300.71,23801,29369,0.14176695924954,0
2023-07-28 11:03:49,8300.0,67192,2,8300.71,23823,29373,0.14176695924954,0
2023-07-28 11:03:49,8300.0,67192,2,8300.71,23823,29373,0.14176695924954,0
2023-07-28 11:03:59,8300.0,67194,2,8300.71,23820,29371,0.14176695924954,0
2023-07-28 11:03:59,8300.0,67194,2,8300.71,23823,29347,0.14176695924954,0
2023-07-28 11:04:03,8298.2,67195,1,8300.71,23104,29364,0.12004946761983203,0
2023-07-28 11:04:03,8298.2,67195,1,8300.71,23799,29364,0.12004946761983203,0
2023-07-28 11:04:03,8298.2,67195,1,8300.71,23152,29364,0.12004946761983203,0
2023-07-28 11:04:03,8298.2,67195,1,8300.71,23848,29364,0.12004946761983203,0
2023-07-28 11:04:10,8298.25,67201,3,8300.71,23842,29364,0.12065273127620427,0
2023-07-28 11:04:10,8298.25,67201,3,8300.71,23142,29364,0.12065273127620427,0
2023-07-28 11:04:10,8298.25,67201,3,8300.71,23845,29370,0.12065273127620427,0
2023-07-28 11:04:10,8298.25,67201,3,8300.71,23138,29360,0.12065273127620427,0
2023-07-28 11:04:10,8300.0,67201,30,8300.71,23838,29333,0.14176695924954,0
2023-07-28 11:04:16,8300.0,67232,30,8300.71,23666,29299,0.14176695924954,0
2023-07-28 11:04:16,8300.0,67232,30,8300.71,23868,29298,0.14176695924954,0
2023-07-28 11:04:16,8300.0,67232,30,8300.71,23872,29298,0.14176695924954,0
2023-07-28 11:04:16,8300.0,67232,30,8300.71,23872,29301,0.14176695924954,0
2023-07-28 11:04:16,8300.0,67232,1,8300.71,23919,29304,0.14176695924954,0
2023-07-28 11:04:22,8300.0,67239,1,8300.71,23912,29310,0.14176695924954,0
2023-07-28 11:04:22,8300.0,67239,8,8300.71,23912,29310,0.14176695924954,0
2023-07-28 11:04:24,8300.0,67248,8,8300.71,23708,29314,0.14176695924954,0
2023-07-28 11:04:24,8300.0,67248,1,8300.71,23708,29314,0.14176695924954,0
2023-07-28 11:04:25,8298.85,67286,37,8300.71,23950,29314,0.1278918951527809,0
2023-07-28 11:04:25,8300.0,67289,3,8300.71,23740,29313,0.14176695924954,0
2023-07-28 11:04:25,8300.0,67289,3,8300.71,23944,29293,0.14176695924954,0
2023-07-28 11:04:25,8300.0,67289,2,8300.71,23944,29293,0.14176695924954,0
2023-07-28 11:04:27,8300.0,67291,6,8300.71,23936,29291,0.14176695924954,0
2023-07-28 11:04:28,8300.0,67297,1,8300.71,23937,29385,0.14176695924954,0
2023-07-28 11:04:29,8300.0,67298,1,8300.71,23951,29384,0.14176695924954,0
2023-07-28 11:04:29,8300.0,67298,1,8300.71,23807,29384,0.14176695924954,0
2023-07-28 11:04:29,8300.0,67298,1,8300.71,23815,29385,0.14176695924954,0
2023-07-28 11:04:29,8300.0,67298,1,8300.71,23815,29385,0.14176695924954,0
2023-07-28 11:04:29,8300.0,67298,1,8300.71,23815,29385,0.14176695924954,0
2023-07-28 11:04:29,8300.0,67298,1,8300.71,23815,29385,0.14176695924954,0
2023-07-28 11:04:29,8300.0,67298,4,8300.71,23815,29385,0.14176695924954,0
2023-07-28 11:04:40,8300.0,67302,4,8300.71,23615,29381,0.14176695924954,0
2023-07-28 11:04:40,8300.0,67302,4,8300.71,23615,29393,0.14176695924954,0
2023-07-28 11:04:40,8300.0,67302,4,8300.71,23615,29382,0.14176695924954,0
2023-07-28 11:04:43,8298.9,67303,1,8300.71,23814,29382,0.12849515880915316,0
2023-07-28 11:04:43,8298.9,67303,1,8300.71,23614,29382,0.12849515880915316,0
2023-07-28 11:04:43,8298.9,67303,1,8300.71,23306,29379,0.12849515880915316,0
2023-07-28 11:04:43,8298.9,67303,1,8300.71,23206,29179,0.12849515880915316,0
2023-07-28 11:04:43,8298.9,67303,1,8300.71,23214,29172,0.12849515880915316,0
2023-07-28 11:04:43,8298.9,67303,1,8300.71,23211,29180,0.12849515880915316,0
2023-07-28 11:04:43,8298.9,67303,1,8300.71,23211,29182,0.12849515880915316,0
2023-07-28 11:04:43,8298.9,67303,1,8300.71,22713,29183,0.12849515880915316,0
2023-07-28 11:04:43,8298.9,67303,1,8300.71,23213,29180,0.12849515880915316,0
2023-07-28 11:04:43,8298.9,67303,1,8300.71,23213,29182,0.12849515880915316,0
2023-07-28 11:04:43,8298.9,67303,1,8300.71,23613,29183,0.12849515880915316,0
2023-07-28 11:04:43,8298.9,67303,1,8300.71,23813,29376,0.12849515880915316,0
2023-07-28 11:04:43,8298.9,67303,1,8300.71,23634,29381,0.12849515880915316,0
2023-07-28 11:04:43,8298.9,67303,1,8300.71,23834,29381,0.12849515880915316,0
2023-07-28 11:04:43,8298.9,67303,1,8300.71,23837,29381,0.12849515880915316,0
2023-07-28 11:04:43,8298.9,67303,1,8300.71,23837,29379,0.12849515880915316,0
2023-07-28 11:04:43,8298.9,67303,1,8300.71,23838,29379,0.12849515880915316,0
2023-07-28 11:04:43,8298.9,67303,1,8300.71,23839,29379,0.12849515880915316,0
2023-07-28 11:04:43,8298.9,67303,1,8300.71,23844,29379,0.12849515880915316,0
2023-07-28 11:05:03,8298.9,67304,1,8300.71,23841,29380,0.12849515880915316,0
2023-07-28 11:05:03,8298.9,67304,1,8300.71,23841,29380,0.12849515880915316,0
2023-07-28 11:05:09,8299.4,67341,37,8300.71,23878,29408,0.13452779537296336,0
2023-07-28 11:05:09,8300.0,67341,3,8300.71,23878,29408,0.14176695924954,0
2023-07-28 11:05:09,8300.0,67432,3,8300.7,23852,29381,0.14176695924954,0
2023-07-28 11:05:10,8300.0,67440,3,8300.7,23852,29409,0.14176695924954,0
2023-07-28 11:05:10,8300.0,67440,3,8300.7,23852,29405,0.14176695924954,0
2023-07-28 11:05:10,8298.9,67440,5,8300.7,23852,29405,0.12849515880915316,0
2023-07-28 11:05:14,8299.4,67585,4,8300.7,23703,29376,0.13452779537296336,0
2023-07-28 11:05:14,8300.0,67585,1,8300.7,23703,29376,0.14176695924954,0
2023-07-28 11:05:14,8300.0,67586,1,8300.7,23773,29355,0.14176695924954,0
2023-07-28 11:05:16,8300.0,67587,1,8300.7,23574,29355,0.14176695924954,0
2023-07-28 11:05:16,8300.0,67587,20,8300.7,23574,29355,0.14176695924954,0
2023-07-28 11:05:18,8300.0,67607,2,8300.7,23746,29302,0.14176695924954,0
2023-07-28 11:05:19,8300.0,67609,2,8300.7,23785,29322,0.14176695924954,0
2023-07-28 11:05:19,8300.0,67609,2,8300.7,23807,29313,0.14176695924954,0
2023-07-28 11:05:19,8300.0,67609,2,8300.7,23785,29316,0.14176695924954,0
2023-07-28 11:05:19,8300.0,67609,2,8300.7,23821,29316,0.14176695924954,0
2023-07-28 11:05:19,8300.0,67609,2,8300.7,23821,29316,0.14176695924954,0
2023-07-28 11:05:23,8295.65,68236,4,8300.66,21889,29585,0.08928302114438677,0
2023-07-28 11:05:23,8295.65,68236,4,8300.66,21889,29585,0.08928302114438677,0
2023-07-28 11:05:24,8294.6,68264,1,8300.66,23312,29708,0.0766144843603941,0
2023-07-28 11:05:24,8294.6,68264,1,8300.66,23312,29708,0.0766144843603941,0
2023-07-28 11:05:25,8294.6,68265,1,8300.66,23118,29755,0.0766144843603941,0
2023-07-28 11:05:25,8294.6,68265,1,8300.66,23118,29755,0.0766144843603941,0
2023-07-28 11:05:25,8294.6,68265,1,8300.66,23323,29750,0.0766144843603941,0
2023-07-28 11:05:25,8294.6,68265,1,8300.66,23323,29750,0.0766144843603941,0
2023-07-28 11:05:25,8294.6,68265,1,8300.66,23296,29708,0.0766144843603941,0
2023-07-28 11:05:25,8294.6,68265,1,8300.66,23310,29744,0.0766144843603941,0
2023-07-28 11:05:25,8294.6,68265,1,8300.66,23319,29579,0.0766144843603941,0
2023-07-28 11:05:25,8294.6,68265,1,8300.66,23317,29771,0.0766144843603941,0
2023-07-28 11:05:25,8294.6,68265,1,8300.66,23110,29607,0.0766144843603941,0
2023-07-28 11:05:25,8294.6,68265,1,8300.66,23115,29818,0.0766144843603941,0
2023-07-28 11:05:25,8294.6,68265,1,8300.66,23306,29800,0.0766144843603941,0
2023-07-28 11:05:25,8294.6,68265,1,8300.66,22825,29785,0.0766144843603941,0
2023-07-28 11:05:25,8294.6,68265,1,8300.66,23326,29785,0.0766144843603941,0
2023-07-28 11:05:36,8287.6,68408,12,8300.63,23245,29941,-0.007842427532948887,0
2023-07-28 11:05:36,8287.6,68408,12,8300.63,23250,29674,-0.007842427532948887,0
2023-07-28 11:05:36,8287.6,68408,12,8300.63,23234,29642,-0.007842427532948887,0
2023-07-28 11:05:36,8287.6,68408,12,8300.63,23244,29797,-0.007842427532948887,0
2023-07-28 11:05:36,8287.6,68408,12,8300.63,23234,29711,-0.007842427532948887,0
2023-07-28 11:05:36,8287.6,68408,12,8300.63,23216,29714,-0.007842427532948887,0
2023-07-28 11:05:36,8287.6,68408,12,8300.63,23238,29591,-0.007842427532948887,0
2023-07-28 11:05:36,8290.0,68408,2,8300.63,23238,29591,0.021114227973335748,0
2023-07-28 11:05:43,8290.0,68410,2,8300.63,22744,29603,0.021114227973335748,0
2023-07-28 11:05:43,8290.0,68410,2,8300.63,23222,29597,0.021114227973335748,0
2023-07-28 11:05:43,8290.0,68410,2,8300.63,23233,29612,0.021114227973335748,0
2023-07-28 11:05:43,8290.0,68410,2,8300.63,23259,29612,0.021114227973335748,0
2023-07-28 11:05:43,8290.0,68410,2,8300.63,23257,29427,0.021114227973335748,0
2023-07-28 11:05:43,8290.0,68410,2,8300.63,23260,29628,0.021114227973335748,0
2023-07-28 11:05:43,8290.0,68410,2,8300.63,22764,29604,0.021114227973335748,0
2023-07-28 11:05:43,8290.0,68410,2,8300.63,23248,29522,0.021114227973335748,0
2023-07-28 11:05:43,8292.25,68410,5,8300.63,23248,29522,0.048261092510481704,0
2023-07-28 11:05:52,8292.25,68436,21,8300.63,22539,29325,0.048261092510481704,0
2023-07-28 11:05:52,8292.25,68436,21,8300.63,22520,29503,0.048261092510481704,0
2023-07-28 11:05:55,8285.3,68536,2,8300.61,23092,29526,-0.035592555726489034,0
2023-07-28 11:05:55,8285.3,68536,2,8300.61,23316,29595,-0.035592555726489034,0
2023-07-28 11:05:55,8285.3,68536,2,8300.61,23338,29563,-0.035592555726489034,0
2023-07-28 11:05:55,8285.3,68536,2,8300.61,23320,29586,-0.035592555726489034,0
2023-07-28 11:05:59,8291.2,68541,3,8300.61,23326,29561,0.035592555726489034,0
2023-07-28 11:05:59,8291.2,68541,3,8300.61,22843,29545,0.035592555726489034,0
2023-07-28 11:06:00,8286.25,68542,1,8300.61,23342,29554,-0.024130546255240852,0
2023-07-28 11:06:00,8292.7,68542,4,8300.61,23342,29554,0.05369046541791968,0
2023-07-28 11:06:01,8292.7,68892,4,8300.57,23429,29473,0.05369046541791968,0
2023-07-28 11:06:01,8292.7,68892,4,8300.57,23500,29508,0.05369046541791968,0
2023-07-28 11:06:01,8287.55,68892,1,8300.57,23500,29508,-0.008445691189343078,0
2023-07-28 11:06:03,8287.55,68893,1,8300.57,23433,29496,-0.008445691189343078,0
2023-07-28 11:06:06,8291.9,68898,5,8300.57,23274,29478,0.04403824691581017,0
2023-07-28 11:06:06,8291.9,68898,5,8300.57,23464,29453,0.04403824691581017,0
2023-07-28 11:06:06,8291.9,68898,5,8300.57,23416,29240,0.04403824691581017,0
2023-07-28 11:06:06,8291.9,68898,5,8300.57,23439,29449,0.04403824691581017,0
2023-07-28 11:06:06,8291.9,68898,5,8300.57,23412,29471,0.04403824691581017,0
2023-07-28 11:06:06,8291.9,68898,5,8300.57,22928,29481,0.04403824691581017,0
2023-07-28 11:06:06,8291.9,68898,5,8300.57,23422,29477,0.04403824691581017,0
2023-07-28 11:06:06,8291.9,68898,5,8300.57,23454,29272,0.04403824691581017,0
2023-07-28 11:06:06,8291.9,68898,5,8300.57,23467,29497,0.04403824691581017,0
2023-07-28 11:06:06,8291.9,68898,5,8300.57,23454,29517,0.04403824691581017,0
2023-07-28 11:06:06,8291.9,68898,5,8300.57,23438,29527,0.04403824691581017,0
2023-07-28 11:06:06,8291.9,68898,5,8300.57,23448,29519,0.04403824691581017,0
2023-07-28 11:06:06,8291.9,68898,5,8300.57,23450,29529,0.04403824691581017,0
2023-07-28 11:06:06,8291.9,68898,5,8300.57,23445,29328,0.04403824691581017,0
2023-07-28 11:06:06,8291.9,68898,5,8300.57,23248,29515,0.04403824691581017,0
2023-07-28 11:06:06,8291.9,68898,5,8300.57,23461,29332,0.04403824691581017,0
2023-07-28 11:06:06,8291.9,68898,5,8300.57,22952,29532,0.04403824691581017,0
2023-07-28 11:06:06,8288.0,68898,1,8300.57,22952,29532,-0.0030163182819051065,0
2023-07-28 11:06:23,8288.0,68899,1,8300.57,23458,29535,-0.0030163182819051065,0
2023-07-28 11:06:23,8288.0,68899,1,8300.57,23461,29536,-0.0030163182819051065,0
2023-07-28 11:06:23,8288.0,68899,1,8300.57,23471,29547,-0.0030163182819051065,0
2023-07-28 11:06:23,8288.0,68899,1,8300.57,23482,29535,-0.0030163182819051065,0
2023-07-28 11:06:23,8288.0,68899,1,8300.57,23321,29532,-0.0030163182819051065,0
2023-07-28 11:06:23,8288.0,68899,1,8300.57,23511,29535,-0.0030163182819051065,0
2023-07-28 11:06:23,8288.0,68899,1,8300.57,23521,29532,-0.0030163182819051065,0
2023-07-28 11:06:23,8288.0,68899,1,8300.57,23511,29539,-0.0030163182819051065,0
2023-07-28 11:06:23,8288.0,68899,1,8300.57,23516,29529,-0.0030163182819051065,0
2023-07-28 11:06:23,8288.0,68899,1,8300.57,23431,29329,-0.0030163182819051065,0
2023-07-28 11:06:23,8288.0,68899,1,8300.57,22781,29520,-0.0030163182819051065,0
2023-07-28 11:06:23,8288.0,68899,1,8300.57,22985,29549,-0.0030163182819051065,0
2023-07-28 11:06:23,8288.0,68899,1,8300.57,23312,29516,-0.0030163182819051065,0
2023-07-28 11:06:23,8288.0,68899,1,8300.57,23030,29529,-0.0030163182819051065,0
2023-07-28 11:06:23,8288.0,68899,1,8300.57,23495,29554,-0.0030163182819051065,0
2023-07-28 11:06:23,8288.0,68899,1,8300.57,22991,29526,-0.0030163182819051065,0
2023-07-28 11:06:23,8288.0,68899,1,8300.57,23506,29532,-0.0030163182819051065,0
2023-07-28 11:06:23,8288.0,68899,1,8300.57,23518,29543,-0.0030163182819051065,0
2023-07-28 11:06:23,8288.0,68899,1,8300.57,23006,29566,-0.0030163182819051065,0
2023-07-28 11:06:23,8288.0,68899,1,8300.57,23006,29566,-0.0030163182819051065,0
2023-07-28 11:06:43,8288.0,68900,1,8300.57,23304,29570,-0.0030163182819051065,0
2023-07-28 11:06:43,8288.0,68900,1,8300.57,23324,29549,-0.0030163182819051065,0
2023-07-28 11:06:43,8288.0,68900,1,8300.57,23017,29544,-0.0030163182819051065,0
2023-07-28 11:06:43,8288.0,68900,1,8300.57,22831,29554,-0.0030163182819051065,0
2023-07-28 11:06:43,8288.0,68900,1,8300.57,23033,29554,-0.0030163182819051065,0
2023-07-28 11:06:43,8288.0,68900,1,8300.57,23024,29545,-0.0030163182819051065,0
2023-07-28 11:06:43,8288.0,68900,1,8300.57,23519,29543,-0.0030163182819051065,0
2023-07-28 11:06:43,8291.85,68900,1,8300.57,23519,29543,0.043434983259437926,0
2023-07-28 11:06:52,8291.85,68940,1,8300.56,23296,29530,0.043434983259437926,0
2023-07-28 11:06:52,8291.85,68940,1,8300.56,23492,29530,0.043434983259437926,0
2023-07-28 11:06:52,8291.85,68940,1,8300.56,23495,29493,0.043434983259437926,0
2023-07-28 11:06:52,8291.85,68940,1,8300.56,23546,29567,0.043434983259437926,0
2023-07-28 11:06:52,8291.85,68940,1,8300.56,23509,29567,0.043434983259437926,0
2023-07-28 11:06:52,8291.85,68940,1,8300.56,23322,29561,0.043434983259437926,0
2023-07-28 11:06:52,8291.85,68940,1,8300.56,22988,29577,0.043434983259437926,0
2023-07-28 11:06:52,8291.85,68940,1,8300.56,22990,29581,0.043434983259437926,0
2023-07-28 11:06:52,8291.85,68940,1,8300.56,22982,29610,0.043434983259437926,0
2023-07-28 11:06:52,8291.85,68940,1,8300.56,23486,29369,0.043434983259437926,0
2023-07-28 11:06:52,8291.85,68940,1,8300.56,23484,29360,0.043434983259437926,0
2023-07-28 11:06:52,8289.0,68940,1,8300.56,23484,29360,0.00904895484571532,0
2023-07-28 11:07:03,8289.0,68941,1,8300.56,23485,29569,0.00904895484571532,0
2023-07-28 11:07:03,8289.0,68941,1,8300.56,23281,29580,0.00904895484571532,0
2023-07-28 11:07:03,8289.0,68941,1,8300.56,22981,29572,0.00904895484571532,0
2023-07-28 11:07:03,8289.0,68941,1,8300.56,23487,29367,0.00904895484571532,0
2023-07-28 11:07:03,8289.0,68941,1,8300.56,23474,29577,0.00904895484571532,0
2023-07-28 11:07:03,8289.0,68941,1,8300.56,23279,29578,0.00904895484571532,0
2023-07-28 11:07:03,8289.0,68941,1,8300.56,22989,29578,0.00904895484571532,0
2023-07-28 11:07:03,8289.0,68941,1,8300.56,23489,29567,0.00904895484571532,0
2023-07-28 11:07:03,8289.0,68941,1,8300.56,23286,29592,0.00904895484571532,0
2023-07-28 11:07:03,8289.0,68941,1,8300.56,23462,29573,0.00904895484571532,0
2023-07-28 11:07:03,8289.0,68941,1,8300.56,23482,29579,0.00904895484571532,0
2023-07-28 11:07:03,8289.0,68941,1,8300.56,23469,29573,0.00904895484571532,0
2023-07-28 11:07:03,8289.0,68941,1,8300.56,23276,29577,0.00904895484571532,0
2023-07-28 11:07:03,8289.0,68941,1,8300.56,23269,29377,0.00904895484571532,0
2023-07-28 11:07:03,8289.0,68941,1,8300.56,23283,29576,0.00904895484571532,0
2023-07-28 11:07:03,8289.1,68941,1,8300.56,23477,29623,0.010255482158481752,0
2023-07-28 11:07:23,8289.1,68942,1,8300.56,23316,29615,0.010255482158481752,0
2023-07-28 11:07:25,8291.85,68944,2,8300.56,23016,29418,0.043434983259437926,0
2023-07-28 11:07:25,8291.85,68944,2,8300.56,23515,29649,0.043434983259437926,0
2023-07-28 11:07:25,8291.85,68944,2,8300.56,23535,29635,0.043434983259437926,0
2023-07-28 11:07:25,8291.85,68944,2,8300.56,23326,29418,0.043434983259437926,0
2023-07-28 11:07:25,8291.85,68944,2,8300.56,23526,29628,0.043434983259437926,0
2023-07-28 11:07:25,8291.85,68944,2,8300.56,23539,29628,0.043434983259437926,0
2023-07-28 11:07:25,8291.85,68944,2,8300.56,23526,29628,0.043434983259437926,0
2023-07-28 11:07:25,8291.85,68944,2,8300.56,23549,29651,0.043434983259437926,0
2023-07-28 11:07:25,8291.85,68944,2,8300.56,23539,29663,0.043434983259437926,0
2023-07-28 11:07:25,8291.85,68944,2,8300.56,23381,29609,0.043434983259437926,0
2023-07-28 11:07:25,8291.85,68944,5,8300.56,23536,29620,0.043434983259437926,0
2023-07-28 11:07:37,8291.85,68949,5,8300.56,23537,29573,0.043434983259437926,0
2023-07-28 11:07:37,8291.85,68949,5,8300.56,23549,29619,0.043434983259437926,0
2023-07-28 11:07:37,8291.85,68949,5,8300.56,23329,29611,0.043434983259437926,0
2023-07-28 11:07:37,8291.85,68949,5,8300.56,23539,29619,0.043434983259437926,0
2023-07-28 11:07:37,8289.2,68949,1,8300.56,23339,29623,0.011462009471248183,0
2023-07-28 11:07:43,8289.2,68950,1,8300.56,23081,29644,0.011462009471248183,0
2023-07-28 11:07:43,8289.2,68950,1,8300.56,23360,29620,0.011462009471248183,0
2023-07-28 11:07:43,8289.2,68950,1,8300.56,23570,29620,0.011462009471248183,0
2023-07-28 11:07:43,8289.2,68950,1,8300.56,23576,29668,0.011462009471248183,0
2023-07-28 11:07:43,8289.2,68950,1,8300.56,23564,29611,0.011462009471248183,0
2023-07-28 11:07:43,8289.2,68950,1,8300.56,23386,29596,0.011462009471248183,0
2023-07-28 11:07:43,8289.2,68950,1,8300.56,23371,29360,0.011462009471248183,0
2023-07-28 11:07:43,8289.2,68950,1,8300.56,23577,29624,0.011462009471248183,0
2023-07-28 11:07:43,8291.85,68950,3,8300.56,23412,29566,0.043434983259437926,0
2023-07-28 11:07:55,8291.85,68953,3,8300.56,23622,29355,0.043434983259437926,0
2023-07-28 11:07:55,8291.85,68953,3,8300.56,23607,29602,0.043434983259437926,0
2023-07-28 11:07:55,8291.85,68953,3,8300.56,23626,29357,0.043434983259437926,0
2023-07-28 11:07:55,8291.85,68953,3,8300.56,23416,29386,0.043434983259437926,0
2023-07-28 11:07:55,8291.85,68953,3,8300.56,23631,29621,0.043434983259437926,0
2023-07-28 11:07:55,8291.85,68953,3,8300.56,23441,29618,0.043434983259437926,0
2023-07-28 11:07:55,8291.85,68953,3,8300.56,23642,29681,0.043434983259437926,0
2023-07-28 11:07:55,8289.35,68953,1,8300.56,23642,29681,0.01327180044038686,0
2023-07-28 11:08:03,8289.35,68954,1,8300.56,23440,29694,0.01327180044038686,0
2023-07-28 11:08:03,8289.35,68954,1,8300.56,23640,29655,0.01327180044038686,0
2023-07-28 11:08:06,8291.9,68967,2,8300.56,23655,29565,0.04403824691581017,0
2023-07-28 11:08:06,8291.9,68967,2,8300.56,23622,29577,0.04403824691581017,0
2023-07-28 11:08:06,8291.9,68967,2,8300.56,23625,29583,0.04403824691581017,0
2023-07-28 11:08:06,8291.9,68967,2,8300.56,23625,29593,0.04403824691581017,0
2023-07-28 11:08:06,8291.9,68967,2,8300.56,23635,29604,0.04403824691581017,0
2023-07-28 11:08:13,8291.9,68968,1,8300.56,23633,29367,0.04403824691581017,0
2023-07-28 11:08:13,8291.9,68968,1,8300.56,23634,29367,0.04403824691581017,0
2023-07-28 11:08:13,8291.9,68968,1,8300.56,23633,29581,0.04403824691581017,0
2023-07-28 11:08:13,8291.9,68968,1,8300.56,23634,29581,0.04403824691581017,0
2023-07-28 11:08:13,8291.9,68968,1,8300.56,23633,29364,0.04403824691581017,0
2023-07-28 11:08:13,8291.9,68968,1,8300.56,23633,29604,0.04403824691581017,0
2023-07-28 11:08:13,8291.9,68968,1,8300.56,23634,29421,0.04403824691581017,0
2023-07-28 11:08:13,8291.9,68968,1,8300.56,23412,29399,0.04403824691581017,0
2023-07-28 11:08:13,8291.9,68968,1,8300.56,23612,29615,0.04403824691581017,0
2023-07-28 11:08:13,8291.9,68968,1,8300.56,23614,29608,0.04403824691581017,0
2023-07-28 11:08:13,8289.35,68968,1,8300.56,23614,29608,0.01327180044038686,0
2023-07-28 11:08:23,8289.35,68969,1,8300.56,23441,29601,0.01327180044038686,0
2023-07-28 11:08:23,8289.35,68969,1,8300.56,23651,29611,0.01327180044038686,0
2023-07-28 11:08:23,8289.35,68969,1,8300.56,23651,29611,0.01327180044038686,0
2023-07-28 11:08:23,8289.35,68969,1,8300.56,23634,29635,0.01327180044038686,0
2023-07-28 11:08:23,8289.35,68969,1,8300.56,23444,29603,0.01327180044038686,0
2023-07-28 11:08:23,8289.35,68969,1,8300.56,23444,29603,0.01327180044038686,0
2023-07-28 11:08:23,8289.35,68969,1,8300.56,23634,29613,0.01327180044038686,0
2023-07-28 11:08:23,8289.35,68969,1,8300.56,23044,29412,0.01327180044038686,0
2023-07-28 11:08:30,8291.9,69003,1,8300.55,23095,29292,0.04403824691581017,0
2023-07-28 11:08:30,8291.9,69003,1,8300.55,23017,29368,0.04403824691581017,0
2023-07-28 11:08:30,8291.9,69003,1,8300.55,23027,29380,0.04403824691581017,0
2023-07-28 11:08:30,8291.9,69003,1,8300.55,23027,29337,0.04403824691581017,0
2023-07-28 11:08:30,8291.9,69003,1,8300.55,23515,29547,0.04403824691581017,0
2023-07-28 11:08:30,8291.9,69003,1,8300.55,23259,29547,0.04403824691581017,0
2023-07-28 11:08:30,8291.9,69003,1,8300.55,23481,29576,0.04403824691581017,0
2023-07-28 11:08:30,8291.9,69003,1,8300.55,23498,29598,0.04403824691581017,0
2023-07-28 11:08:39,8290.05,69008,5,8300.55,23293,29610,0.02171749162970799,0
2023-07-28 11:08:39,8290.05,69008,5,8300.55,23314,29591,0.02171749162970799,0
2023-07-28 11:08:39,8290.05,69008,5,8300.55,23514,29594,0.02171749162970799,0
2023-07-28 11:08:39,8290.05,69008,1,8300.55,23504,29586,0.02171749162970799,0
2023-07-28 11:08:43,8290.05,69009,1,8300.55,23313,29590,0.02171749162970799,0
2023-07-28 11:08:43,8290.05,69009,1,8300.55,23544,29388,0.02171749162970799,0
2023-07-28 11:08:43,8290.05,69009,1,8300.55,23343,29581,0.02171749162970799,0
2023-07-28 11:08:43,8290.05,69009,1,8300.55,23531,29587,0.02171749162970799,0
2023-07-28 11:08:43,8290.05,69009,1,8300.55,23521,29584,0.02171749162970799,0
2023-07-28 11:08:43,8290.05,69009,1,8300.55,23367,29604,0.02171749162970799,0
2023-07-28 11:08:43,8290.05,69009,1,8300.55,23567,29570,0.02171749162970799,0
2023-07-28 11:08:43,8290.05,69009,1,8300.55,23591,29364,0.02171749162970799,0
2023-07-28 11:08:43,8290.05,69009,1,8300.55,23567,29579,0.02171749162970799,0
2023-07-28 11:08:43,8290.05,69009,1,8300.55,23042,29618,0.02171749162970799,0
2023-07-28 11:08:43,8290.05,69009,1,8300.55,23546,29621,0.02171749162970799,0
2023-07-28 11:08:43,8290.05,69009,1,8300.55,23557,29588,0.02171749162970799,0
2023-07-28 11:08:43,8290.05,69009,1,8300.55,23571,29381,0.02171749162970799,0
2023-07-28 11:08:43,8290.05,69009,1,8300.55,23577,29583,0.02171749162970799,0
2023-07-28 11:08:43,8290.05,69009,1,8300.55,23367,29373,0.02171749162970799,0
2023-07-28 11:08:43,8290.05,69009,1,8300.55,23352,29583,0.02171749162970799,0
2023-07-28 11:08:43,8290.05,69009,1,8300.55,23555,29594,0.02171749162970799,0
2023-07-28 11:08:43,8290.05,69009,1,8300.55,23356,29598,0.02171749162970799,0
2023-07-28 11:08:43,8290.05,69009,1,8300.55,23356,29598,0.02171749162970799,0
2023-07-28 11:09:03,8290.05,69010,1,8300.55,23555,29507,0.02171749162970799,0
2023-07-28 11:09:06,8291.9,69030,20,8300.55,23560,29467,0.04403824691581017,0
2023-07-28 11:09:07,8290.05,69031,1,8300.55,23360,29437,0.02171749162970799,0
2023-07-28 11:09:09,8293.5,69056,5,8300.55,23577,29425,0.06334268392000723,0
2023-07-28 11:09:09,8293.5,69056,5,8300.55,23560,29414,0.06334268392000723,0
2023-07-28 11:09:09,8293.5,69056,5,8300.55,23544,29414,0.06334268392000723,0
2023-07-28 11:09:09,8293.5,69056,5,8300.55,23544,29424,0.06334268392000723,0
2023-07-28 11:09:13,8290.6,69057,1,8300.55,23526,29420,0.028353391849912393,0
2023-07-28 11:09:13,8290.6,69057,1,8300.55,23516,29430,0.028353391849912393,0
2023-07-28 11:09:13,8290.6,69057,1,8300.55,23329,29432,0.028353391849912393,0
2023-07-28 11:09:13,8290.6,69057,1,8300.55,23520,29410,0.028353391849912393,0
2023-07-28 11:09:13,8290.6,69057,1,8300.55,23533,29423,0.028353391849912393,0
2023-07-28 11:09:13,8290.6,69057,1,8300.55,23530,29423,0.028353391849912393,0
2023-07-28 11:09:13,8291.0,69057,1,8300.55,23530,29423,0.033179501100956174,0
2023-07-28 11:09:18,8291.0,69058,1,8300.55,23524,29427,0.033179501100956174,0
2023-07-28 11:09:18,8291.0,69058,1,8300.55,23523,29227,0.033179501100956174,0
2023-07-28 11:09:18,8293.55,69058,1,8300.55,23529,29441,0.06394594757637949,0
2023-07-28 11:09:21,8293.55,69059,1,8300.55,23543,29493,0.06394594757637949,0
2023-07-28 11:09:23,8291.1,69061,1,8300.55,23539,29493,0.034386028413722604,0
2023-07-28 11:09:23,8291.1,69062,1,8300.55,23570,29497,0.034386028413722604,0
2023-07-28 11:09:23,8291.1,69062,1,8300.55,23570,29497,0.034386028413722604,0
2023-07-28 11:09:23,8291.1,69062,1,8300.55,23594,29496,0.034386028413722604,0
2023-07-28 11:09:23,8294.95,69062,7,8300.55,23074,29500,0.08083732995506564,0
2023-07-28 11:09:28,8291.5,69073,1,8300.55,23079,29490,0.03921213766476639,0
2023-07-28 11:09:28,8291.5,69073,1,8300.55,23510,29485,0.03921213766476639,0
2023-07-28 11:09:28,8291.5,69073,1,8300.55,23513,29485,0.03921213766476639,0
2023-07-28 11:09:28,8291.5,69073,1,8300.55,23510,29486,0.03921213766476639,0
2023-07-28 11:09:33,8291.5,69074,1,8300.55,23509,29492,0.03921213766476639,0
2023-07-28 11:09:33,8291.5,69074,1,8300.55,23445,29496,0.03921213766476639,0
2023-07-28 11:09:33,8295.45,69074,8,8300.55,23530,29494,0.08686996651887585,0
2023-07-28 11:09:37,8291.9,69087,5,8300.54,23540,29486,0.04403824691581017,0
2023-07-28 11:09:37,8291.9,69087,5,8300.54,22837,29473,0.04403824691581017,0
2023-07-28 11:09:38,8291.9,69089,2,8300.54,23535,29474,0.04403824691581017,0
2023-07-28 11:09:38,8291.9,69089,2,8300.54,23039,29481,0.04403824691581017,0
2023-07-28 11:09:38,8291.9,69089,2,8300.54,23039,29492,0.04403824691581017,0
2023-07-28 11:09:38,8291.9,69089,2,8300.54,23529,29530,0.04403824691581017,0
2023-07-28 11:09:43,8292.0,69090,6,8300.54,23535,29528,0.0452447742285766,0
2023-07-28 11:09:43,8292.0,69090,5,8300.54,23535,29528,0.0452447742285766,0
2023-07-28 11:09:44,8292.0,69136,11,8300.54,23549,29537,0.0452447742285766,0
2023-07-28 11:09:45,8295.4,69148,1,8300.54,23544,29531,0.08626670286248166,0
2023-07-28 11:09:46,8292.0,69174,6,8300.53,23156,29517,0.0452447742285766,0
2023-07-28 11:09:46,8292.0,69174,6,8300.53,23156,29517,0.0452447742285766,0
2023-07-28 11:09:47,8292.0,69180,6,8300.53,23556,29518,0.0452447742285766,0
2023-07-28 11:09:47,8292.0,69180,1,8300.53,23556,29518,0.0452447742285766,0
2023-07-28 11:09:48,8292.0,69181,1,8300.53,23565,29522,0.0452447742285766,0
2023-07-28 11:09:48,8292.0,69181,1,8300.53,23578,29518,0.0452447742285766,0
2023-07-28 11:09:54,8292.0,69216,6,8300.53,23582,29538,0.0452447742285766,0
2023-07-28 11:09:54,8292.0,69216,8,8300.53,23582,29538,0.0452447742285766,0
2023-07-28 11:09:54,8292.0,69224,8,8300.53,23571,29529,0.0452447742285766,0
2023-07-28 11:09:54,8292.0,69224,8,8300.53,23071,29529,0.0452447742285766,0
2023-07-28 11:09:54,8292.1,69224,1,8300.53,23332,29282,0.04645130154134303,0
2023-07-28 11:09:58,8292.1,69225,1,8300.53,23618,29450,0.04645130154134303,0
2023-07-28 11:09:58,8292.1,69225,1,8300.53,23622,29265,0.04645130154134303,0
2023-07-28 11:09:58,8292.1,69225,1,8300.53,23600,29463,0.04645130154134303,0
2023-07-28 11:09:58,8292.1,69225,1,8300.53,23610,29266,0.04645130154134303,0
2023-07-28 11:09:58,8292.1,69225,1,8300.53,23656,29253,0.04645130154134303,0
2023-07-28 11:09:58,8292.1,69225,1,8300.53,23656,29253,0.04645130154134303,0
2023-07-28 11:10:04,8294.95,69284,1,8300.52,23294,29457,0.08083732995506564,0
2023-07-28 11:10:04,8292.0,69299,15,8300.52,23473,29456,0.0452447742285766,0
2023-07-28 11:10:04,8292.0,69299,15,8300.52,23280,29512,0.0452447742285766,0
2023-07-28 11:10:04,8292.0,69299,15,8300.52,23590,29522,0.0452447742285766,0
2023-07-28 11:10:08,8291.9,69341,6,8300.51,23486,29342,0.04403824691581017,0
2023-07-28 11:10:08,8291.9,69382,6,8300.51,23486,29568,0.04403824691581017,0
2023-07-28 11:10:08,8291.9,69382,9,8300.51,23486,29568,0.04403824691581017,0
2023-07-28 11:10:10,8291.9,69426,6,8300.5,23471,29486,0.04403824691581017,0
2023-07-28 11:10:11,8291.9,69465,7,8300.5,23440,29490,0.04403824691581017,0
2023-07-28 11:10:12,8291.0,69593,34,8300.48,23307,29677,0.033179501100956174,0
2023-07-28 11:10:12,8290.5,69693,46,8300.47,23305,29619,0.02714686453714596,0
2023-07-28 11:10:12,8290.5,69693,10,8300.47,23305,29619,0.02714686453714596,0
2023-07-28 11:10:14,8289.9,69704,1,8300.47,23382,29643,0.019907700660569315,0
2023-07-28 11:10:15,8289.0,69765,4,8300.46,23299,29736,0.00904895484571532,0
2023-07-28 11:10:17,8285.1,69766,1,8300.46,23299,29649,-0.03800561035199995,0
2023-07-28 11:10:17,8285.1,69766,1,8300.46,22772,29733,-0.03800561035199995,0
2023-07-28 11:10:18,8285.05,69767,1,8300.46,22782,29538,-0.03860887400839414,0
2023-07-28 11:10:18,8285.05,69767,1,8300.46,23282,29731,-0.03860887400839414,0
2023-07-28 11:10:18,8285.05,69767,1,8300.46,22682,29538,-0.03860887400839414,0
2023-07-28 11:10:18,8285.05,69767,1,8300.46,22682,29562,-0.03860887400839414,0
2023-07-28 11:10:23,8285.05,69770,1,8300.46,22692,29557,-0.03860887400839414,0
2023-07-28 11:10:24,8289.1,69771,7,8300.46,22692,29552,0.010255482158481752,0
2023-07-28 11:10:25,8289.1,69780,7,8300.45,22690,29443,0.010255482158481752,0
2023-07-28 11:10:25,8289.1,69780,7,8300.45,23292,29436,0.010255482158481752,0
2023-07-28 11:10:25,8285.0,69780,5,8300.45,23292,29436,-0.03921213766476639,0
2023-07-28 11:10:28,8285.0,69810,5,8300.45,23340,29479,-0.03921213766476639,0
2023-07-28 11:10:28,8285.0,69810,5,8300.45,23341,29713,-0.03921213766476639,0
2023-07-28 11:10:28,8285.0,69810,5,8300.45,23341,29710,-0.03921213766476639,0
2023-07-28 11:10:28,8285.0,69810,5,8300.45,23342,29710,-0.03921213766476639,0
2023-07-28 11:10:28,8284.25,69810,1,8300.45,23342,29710,-0.048261092510481704,0
2023-07-28 11:10:33,8284.25,69811,1,8300.45,23341,29715,-0.048261092510481704,0
2023-07-28 11:10:33,8284.25,69811,1,8300.45,23341,29715,-0.048261092510481704,0
2023-07-28 11:10:33,8284.25,69811,1,8300.45,23341,29715,-0.048261092510481704,0
2023-07-28 11:10:36,8284.25,69812,1,8300.45,23328,29715,-0.048261092510481704,0
2023-07-28 11:10:37,8284.0,69821,1,8300.44,23012,30047,-0.05127741079238681,0
2023-07-28 11:10:37,8287.85,69821,2,8300.44,23012,30047,-0.0048261092510437816,0
2023-07-28 11:10:38,8287.5,69834,1,8300.44,23140,29903,-0.00904895484571532,0
2023-07-28 11:10:38,8287.5,69834,1,8300.44,23040,29757,-0.00904895484571532,0
2023-07-28 11:10:38,8287.5,69834,1,8300.44,23129,29716,-0.00904895484571532,0
2023-07-28 11:10:38,8281.75,69834,1,8300.44,23129,29716,-0.07842427532953278,0
2023-07-28 11:10:42,8281.75,69837,1,8300.44,23134,29441,-0.07842427532953278,0
2023-07-28 11:10:43,8281.6,69839,1,8300.44,23133,29642,-0.08023406629867144,0
2023-07-28 11:10:43,8281.6,69839,1,8300.44,23133,29642,-0.08023406629867144,0
2023-07-28 11:10:43,8281.6,69839,1,8300.44,22933,29653,-0.08023406629867144,0
2023-07-28 11:10:43,8281.6,69839,1,8300.44,23133,29672,-0.08023406629867144,0
2023-07-28 11:10:43,8281.6,69839,1,8300.44,23132,29684,-0.08023406629867144,0
2023-07-28 11:10:43,8281.6,69839,1,8300.44,23129,29684,-0.08023406629867144,0
2023-07-28 11:10:43,8284.0,69839,3,8300.44,23129,29684,-0.05127741079238681,0
2023-07-28 11:10:48,8284.0,69843,3,8300.44,22632,29681,-0.05127741079238681,0
2023-07-28 11:10:48,8284.0,69843,3,8300.44,22640,29681,-0.05127741079238681,0
2023-07-28 11:10:48,8284.0,69843,3,8300.44,23141,29681,-0.05127741079238681,0
2023-07-28 11:10:48,8284.0,69843,3,8300.44,23141,29681,-0.05127741079238681,0
2023-07-28 11:10:53,8281.6,69845,2,8300.44,23219,29747,-0.08023406629867144,0
2023-07-28 11:10:53,8281.6,69845,2,8300.44,23214,29747,-0.08023406629867144,0
2023-07-28 11:10:53,8283.95,69845,1,8300.44,23214,29747,-0.05188067444875905,0
2023-07-28 11:10:56,8283.95,69846,1,8300.44,23214,29746,-0.05188067444875905,0
2023-07-28 11:10:58,8281.6,69847,1,8300.44,23213,29747,-0.08023406629867144,0
2023-07-28 11:10:58,8281.6,69847,1,8300.44,23213,29746,-0.08023406629867144,0
2023-07-28 11:10:58,8281.6,69847,1,8300.44,23213,29746,-0.08023406629867144,0
2023-07-28 11:10:58,8281.6,69847,1,8300.44,23220,29734,-0.08023406629867144,0
2023-07-28 11:10:58,8281.6,69847,1,8300.44,23220,29734,-0.08023406629867144,0
2023-07-28 11:10:58,8281.6,69847,1,8300.44,23220,29734,-0.08023406629867144,0
2023-07-28 11:11:03,8281.6,69849,1,8300.44,23019,29735,-0.08023406629867144,0
2023-07-28 11:11:03,8281.2,69849,8,8300.44,23019,29735,-0.08506017554971523,0
2023-07-28 11:11:05,8281.2,69864,8,8300.43,23214,29719,-0.08506017554971523,0
2023-07-28 11:11:05,8281.2,69864,8,8300.43,23217,29719,-0.08506017554971523,0
2023-07-28 11:11:05,8281.2,69864,8,8300.43,23217,29719,-0.08506017554971523,0
2023-07-28 11:11:05,8281.6,69864,2,8300.43,23217,29719,-0.08023406629867144,0
2023-07-28 11:11:09,8281.6,69866,2,8300.43,23212,29743,-0.08023406629867144,0
2023-07-28 11:11:09,8281.6,69866,2,8300.43,23213,29719,-0.08023406629867144,0
2023-07-28 11:11:09,8281.6,69866,2,8300.43,23213,29719,-0.08023406629867144,0
2023-07-28 11:11:11,8283.95,69881,10,8300.43,23215,29704,-0.05188067444875905,0
2023-07-28 11:11:11,8281.6,69881,1,8300.43,23215,29709,-0.08023406629867144,0
2023-07-28 11:11:13,8281.6,69882,1,8300.43,23214,29710,-0.08023406629867144,0
2023-07-28 11:11:15,8283.95,69887,5,8300.43,23214,29704,-0.05188067444875905,0
2023-07-28 11:11:16,8281.6,69888,1,8300.43,23213,29690,-0.08023406629867144,0
2023-07-28 11:11:16,8281.6,69888,1,8300.43,23213,29690,-0.08023406629867144,0
2023-07-28 11:11:18,8281.6,69889,1,8300.43,23217,29690,-0.08023406629867144,0
2023-07-28 11:11:18,8281.6,69889,1,8300.43,23217,29690,-0.08023406629867144,0
2023-07-28 11:11:18,8281.6,69889,1,8300.43,23229,29690,-0.08023406629867144,0
2023-07-28 11:11:23,8282.0,69890,1,8300.43,23225,29695,-0.07540795704762766,0
2023-07-28 11:11:23,8282.0,69890,1,8300.43,23225,29695,-0.07540795704762766,0
2023-07-28 11:11:25,8282.0,69893,1,8300.43,23258,29540,-0.07540795704762766,0
2023-07-28 11:11:25,8282.0,69893,1,8300.43,23258,29540,-0.07540795704762766,0
2023-07-28 11:11:25,8282.0,69893,1,8300.43,23240,29700,-0.07540795704762766,0
2023-07-28 11:11:25,8283.95,69893,1,8300.43,23240,29700,-0.05188067444875905,0
2023-07-28 11:11:25,8283.95,69893,1,8300.43,23240,29700,-0.05188067444875905,0
2023-07-28 11:11:26,8283.95,69894,1,8300.43,23252,29683,-0.05188067444875905,0
2023-07-28 11:11:28,8281.6,69895,1,8300.43,23215,29691,-0.08023406629867144,0
2023-07-28 11:11:28,8281.6,69895,1,8300.43,23215,29691,-0.08023406629867144,0
2023-07-28 11:11:28,8281.6,69895,1,8300.43,23027,29701,-0.08023406629867144,0
2023-07-28 11:11:28,8281.6,69895,1,8300.43,23263,29696,-0.08023406629867144,0
2023-07-28 11:11:28,8281.6,69895,1,8300.43,23280,29744,-0.08023406629867144,0
2023-07-28 11:11:28,8281.6,69895,1,8300.43,23270,29768,-0.08023406629867144,0
2023-07-28 11:11:28,8282.0,69895,1,8300.43,23270,29768,-0.07540795704762766,0
2023-07-28 11:11:33,8282.0,69896,1,8300.43,23272,29771,-0.07540795704762766,0
2023-07-28 11:11:33,8282.0,69896,1,8300.43,23265,29771,-0.07540795704762766,0
2023-07-28 11:11:33,8282.0,69896,1,8300.43,23273,29571,-0.07540795704762766,0
2023-07-28 11:11:38,8282.0,69897,1,8300.43,23242,29684,-0.07540795704762766,0
2023-07-28 11:11:38,8282.0,69897,7,8300.43,23240,29684,-0.07540795704762766,0
2023-07-28 11:11:39,8282.0,69942,7,8300.41,23301,29587,-0.07540795704762766,0
2023-07-28 11:11:39,8282.0,69942,7,8300.41,23302,29587,-0.07540795704762766,0
2023-07-28 11:11:39,8282.0,69942,7,8300.41,23302,29615,-0.07540795704762766,0
2023-07-28 11:11:39,8281.65,69942,1,8300.41,23302,29615,-0.0796308026422992,0
2023-07-28 11:11:43,8281.65,69944,1,8300.41,23272,29625,-0.0796308026422992,0
2023-07-28 11:11:43,8282.0,69944,1,8300.41,23272,29625,-0.07540795704762766,0
2023-07-28 11:11:44,8282.0,69945,1,8300.41,23275,29651,-0.07540795704762766,0
2023-07-28 11:11:44,8282.0,69945,1,8300.41,23275,29651,-0.07540795704762766,0
2023-07-28 11:11:44,8282.0,69945,1,8300.41,23265,29651,-0.07540795704762766,0
2023-07-28 11:11:48,8281.65,69946,1,8300.41,23249,29656,-0.0796308026422992,0
2023-07-28 11:11:48,8281.65,69946,1,8300.41,23249,29656,-0.0796308026422992,0
2023-07-28 11:11:48,8281.65,69946,1,8300.41,23249,29656,-0.0796308026422992,0
2023-07-28 11:11:51,8281.65,69948,2,8300.41,22903,29575,-0.0796308026422992,0
2023-07-28 11:11:51,8282.0,69948,1,8300.41,22914,29575,-0.07540795704762766,0
2023-07-28 11:11:51,8281.6,69948,1,8300.41,22914,29575,-0.08023406629867144,0
2023-07-28 11:11:53,8281.6,69951,1,8300.41,22611,29774,-0.08023406629867144,0
2023-07-28 11:11:53,8281.6,69951,1,8300.41,23111,29777,-0.08023406629867144,0
2023-07-28 11:11:53,8281.6,69951,1,8300.41,23111,29783,-0.08023406629867144,0
2023-07-28 11:11:53,8281.6,69951,1,8300.41,23111,29784,-0.08023406629867144,0
2023-07-28 11:11:58,8281.6,69952,1,8300.41,23110,29785,-0.08023406629867144,0
2023-07-28 11:11:58,8281.6,69952,1,8300.41,23110,29785,-0.08023406629867144,0
2023-07-28 11:11:58,8281.6,69952,1,8300.41,23110,29794,-0.08023406629867144,0
2023-07-28 11:11:58,8281.6,69952,3,8300.41,23121,29786,-0.08023406629867144,0
2023-07-28 11:12:01,8281.6,69963,3,8300.41,23110,29522,-0.08023406629867144,0
2023-07-28 11:12:03,8281.55,69965,1,8300.41,23108,29658,-0.08083732995506564,0
2023-07-28 11:12:03,8281.55,69965,5,8300.41,23108,29658,-0.08083732995506564,0
2023-07-28 11:12:03,8281.55,69970,5,8300.41,23097,29693,-0.08083732995506564,0
2023-07-28 11:12:03,8281.5,69970,5,8300.41,23097,29693,-0.08144059361143788,0
2023-07-28 11:12:05,8276.8,70238,1,8300.33,21834,29716,-0.13814737731126267,0
2023-07-28 11:12:05,8276.8,70238,1,8300.33,22658,29362,-0.13814737731126267,0
2023-07-28 11:12:08,8275.0,70258,5,8300.32,22869,29726,-0.15986486894097066,0
