2023-07-28 10:49:28,629.1,771724,20,625.81,452449,298547,0.3749501396090982,0
2023-07-28 10:49:24,629.3,771594,1,625.81,452204,298316,0.4068607897885847,0
2023-07-28 10:49:28,629.3,771724,1,625.81,452449,298547,0.4068607897885847,0
2023-07-28 10:49:28,629.1,771724,4,625.81,452449,298547,0.3749501396090982,0
2023-07-28 10:49:34,629.1,771759,4,625.81,452576,298498,0.3749501396090982,0
2023-07-28 10:49:34,629.3,771759,41,625.81,452576,298498,0.4068607897885847,0
2023-07-28 10:49:34,629.3,771759,100,625.81,452576,298498,0.4068607897885847,0
2023-07-28 10:49:41,629.3,771990,100,625.81,452575,298598,0.4068607897885847,0
2023-07-28 10:49:41,629.0,771990,40,625.81,452575,298598,0.35899481451934584,0
2023-07-28 10:49:41,629.3,771990,156,625.81,452575,298598,0.4068607897885847,0
2023-07-28 10:49:44,629.05,772539,73,625.81,452084,297809,0.36697247706421293,0
2023-07-28 10:49:44,629.3,772539,2,625.81,452084,297809,0.4068607897885847,0
2023-07-28 10:49:44,629.0,772539,292,625.81,452084,297809,0.35899481451934584,0
2023-07-28 10:49:50,629.3,772924,8,625.81,451773,297895,0.4068607897885847,0
2023-07-28 10:49:50,629.0,772924,221,625.81,451773,297895,0.35899481451934584,0
2023-07-28 10:49:50,629.2,772924,58,625.81,451773,297895,0.3909054646988505,0
2023-07-28 10:49:54,629.0,774630,83,625.82,451228,298152,0.35899481451934584,0
2023-07-28 10:49:54,629.2,774630,219,625.82,451228,298152,0.3909054646988505,0
2023-07-28 10:49:54,629.25,774630,3,625.82,451228,298152,0.3988831272437176,0
2023-07-28 10:49:54,629.0,774630,200,625.82,451228,298152,0.35899481451934584,0
2023-07-28 10:49:57,629.0,775486,6,625.83,450393,297985,0.35899481451934584,0
2023-07-28 10:49:57,629.2,775486,19,625.83,450393,297985,0.3909054646988505,0
2023-07-28 10:49:59,629.0,775682,30,625.83,450216,298284,0.35899481451934584,0
2023-07-28 10:50:03,629.0,775712,4,625.83,449994,298586,0.35899481451934584,0
2023-07-28 10:50:03,629.25,775712,84,625.83,449994,298586,0.3988831272437176,0
2023-07-28 10:50:03,629.3,775712,20,625.83,449994,298586,0.4068607897885847,0
2023-07-28 10:50:10,629.3,776277,72,625.83,450820,297668,0.4068607897885847,0
2023-07-28 10:50:10,629.1,776277,1,625.83,450820,297668,0.3749501396090982,0
2023-07-28 10:50:14,629.05,776435,1,625.83,450015,298231,0.36697247706421293,0
2023-07-28 10:50:14,629.05,776435,6,625.83,450015,298231,0.36697247706421293,0
2023-07-28 10:50:14,629.0,776435,77,625.83,450015,298231,0.35899481451934584,0
2023-07-28 10:50:20,629.05,776679,36,625.83,449808,297732,0.36697247706421293,0
2023-07-28 10:50:20,629.05,776679,36,625.83,449808,297732,0.36697247706421293,0
2023-07-28 10:50:20,629.3,776679,1,625.83,449808,297732,0.4068607897885847,0
2023-07-28 10:50:20,629.3,776679,1,625.83,449808,297732,0.4068607897885847,0
2023-07-28 10:50:20,629.3,776679,1,625.83,449808,297732,0.4068607897885847,0
2023-07-28 10:50:20,629.3,776679,1,625.83,449808,297732,0.4068607897885847,0
2023-07-28 10:50:20,629.3,776679,90,625.83,449808,297732,0.4068607897885847,0
2023-07-28 10:50:24,629.3,776867,25,625.83,451001,297797,0.4068607897885847,0
2023-07-28 10:50:24,629.3,776867,25,625.83,451001,297797,0.4068607897885847,0
2023-07-28 10:50:24,629.1,776867,16,625.83,451001,297797,0.3749501396090982,0
2023-07-28 10:50:24,629.3,776867,2,625.83,451001,297797,0.4068607897885847,0
2023-07-28 10:50:28,629.15,776898,5,625.83,450559,297837,0.38292780215396527,0
2023-07-28 10:50:31,629.45,776908,392,625.83,450541,298377,0.4307937774232223,0
2023-07-28 10:50:34,629.45,777909,392,625.84,450157,297326,0.4307937774232223,0
2023-07-28 10:50:34,629.15,777909,1,625.84,450157,297326,0.38292780215396527,0
2023-07-28 10:50:34,629.45,777909,21,625.84,450157,297326,0.4307937774232223,0
2023-07-28 10:50:34,629.5,777909,4,625.84,450157,297326,0.43877143996808937,0
2023-07-28 10:50:34,629.4,777909,2,625.84,450157,297326,0.42281611487833703,0
2023-07-28 10:50:34,629.5,777909,10,625.84,450157,297326,0.43877143996808937,0
2023-07-28 10:50:42,629.5,778255,10,625.84,450579,295478,0.43877143996808937,0
2023-07-28 10:50:42,629.5,778255,17,625.84,450579,295478,0.43877143996808937,0
2023-07-28 10:50:42,629.5,778255,30,625.84,450579,295478,0.43877143996808937,0
2023-07-28 10:50:42,629.5,778255,27,625.84,450579,295478,0.43877143996808937,0
2023-07-28 10:50:48,629.3,778400,7,625.84,450698,295778,0.4068607897885847,0
2023-07-28 10:50:48,629.3,778400,7,625.84,450698,295778,0.4068607897885847,0
2023-07-28 10:50:48,629.3,778400,36,625.84,450698,295778,0.4068607897885847,0
2023-07-28 10:50:48,629.3,778400,2,625.84,450698,295778,0.4068607897885847,0
2023-07-28 10:50:48,629.5,778400,5,625.84,450698,295778,0.43877143996808937,0
2023-07-28 10:50:53,629.25,779564,1,625.84,449686,294952,0.3988831272437176,0
2023-07-28 10:50:53,629.15,779564,12,625.84,449686,294952,0.38292780215396527,0
2023-07-28 10:50:53,629.2,779564,26,625.84,449686,294952,0.3909054646988505,0
2023-07-28 10:50:53,629.5,779564,1,625.84,449686,294952,0.43877143996808937,0
2023-07-28 10:50:53,629.5,779564,16,625.84,449686,294952,0.43877143996808937,0
2023-07-28 10:50:53,629.5,779564,10,625.84,449686,294952,0.43877143996808937,0
2023-07-28 10:50:53,629.55,779564,20,625.84,449686,294952,0.44674910251295646,0
2023-07-28 10:51:05,629.55,779952,20,625.85,450540,294957,0.44674910251295646,0
2023-07-28 10:51:06,629.5,779993,27,625.85,450751,295073,0.43877143996808937,0
2023-07-28 10:51:07,629.25,780019,3,625.85,450788,295182,0.3988831272437176,0
2023-07-28 10:51:07,629.3,780023,1,625.85,450731,295046,0.4068607897885847,0
2023-07-28 10:51:09,629.6,781524,977,625.85,450788,293909,0.4547267650578417,0
2023-07-28 10:51:09,629.55,781524,45,625.85,450788,293909,0.44674910251295646,0
2023-07-28 10:51:11,629.25,781934,3,625.85,450456,294137,0.3988831272437176,0
2023-07-28 10:51:12,629.25,781994,34,625.85,450949,293874,0.3988831272437176,0
2023-07-28 10:51:13,629.3,782003,9,625.85,450741,293927,0.4068607897885847,0
2023-07-28 10:51:14,629.3,782014,3,625.85,450181,296155,0.4068607897885847,0
2023-07-28 10:51:16,629.5,782116,49,625.86,450177,295379,0.43877143996808937,0
2023-07-28 10:51:16,629.3,782116,12,625.86,450177,295379,0.4068607897885847,0
2023-07-28 10:51:16,629.35,782131,2,625.86,451828,294137,0.41483845233346994,0
2023-07-28 10:51:18,629.5,782200,15,625.86,452438,294550,0.43877143996808937,0
2023-07-28 10:51:18,629.5,782200,6,625.86,452438,294550,0.43877143996808937,0
2023-07-28 10:51:20,629.5,782236,20,625.86,452431,294494,0.43877143996808937,0
2023-07-28 10:51:20,629.45,782241,10,625.86,452373,294502,0.4307937774232223,0
2023-07-28 10:51:20,629.45,782302,10,625.86,452715,294317,0.4307937774232223,0
2023-07-28 10:51:20,629.45,782302,3,625.86,452715,294317,0.4307937774232223,0
2023-07-28 10:51:21,629.45,782314,2,625.86,452626,294317,0.4307937774232223,0
2023-07-28 10:51:23,629.5,782816,500,625.86,452580,293849,0.43877143996808937,0
2023-07-28 10:51:24,629.4,783067,1,625.86,450559,293336,0.42281611487833703,0
2023-07-28 10:51:25,629.55,783519,99,625.86,451162,292008,0.44674910251295646,0
2023-07-28 10:51:25,629.55,783519,21,625.86,451162,292008,0.44674910251295646,0
2023-07-28 10:51:27,629.45,783665,44,625.86,451490,292787,0.4307937774232223,0
2023-07-28 10:51:28,629.65,785898,2,625.87,451358,289784,0.4627044276027088,0
2023-07-28 10:51:28,629.6,786433,83,625.88,451021,292675,0.4547267650578417,0
2023-07-28 10:51:30,629.7,786538,19,625.88,451033,292513,0.470682090147594,0
2023-07-28 10:51:30,629.4,786538,16,625.88,451033,292513,0.42281611487833703,0
2023-07-28 10:51:31,629.4,786554,16,625.88,450990,292556,0.42281611487833703,0
2023-07-28 10:51:32,629.7,786606,50,625.88,451140,292703,0.470682090147594,0
2023-07-28 10:51:33,629.7,786615,1,625.88,452272,293280,0.470682090147594,0
2023-07-28 10:51:34,629.7,786617,1,625.88,450433,293726,0.470682090147594,0
2023-07-28 10:51:35,629.4,786667,14,625.88,451090,293701,0.42281611487833703,0
2023-07-28 10:51:36,629.6,786687,10,625.88,451390,293761,0.4547267650578417,0
2023-07-28 10:51:36,629.6,786687,3,625.88,451390,293761,0.4547267650578417,0
2023-07-28 10:51:36,629.6,786690,3,625.88,451393,293741,0.4547267650578417,0
2023-07-28 10:51:36,629.6,786690,3,625.88,451483,293742,0.4547267650578417,0
2023-07-28 10:51:36,629.6,786690,3,625.88,451820,293210,0.4547267650578417,0
2023-07-28 10:51:40,629.7,786746,2,625.88,451716,293405,0.470682090147594,0
2023-07-28 10:51:40,629.6,786758,2,625.88,451698,293403,0.4547267650578417,0
2023-07-28 10:51:41,629.7,786780,20,625.88,451815,294493,0.470682090147594,0
2023-07-28 10:51:41,629.6,786780,3,625.88,451815,294493,0.4547267650578417,0
2023-07-28 10:51:42,629.6,786783,3,625.88,451312,295075,0.4547267650578417,0
2023-07-28 10:51:42,629.75,786783,78,625.88,452716,294929,0.4786597526924611,0
2023-07-28 10:51:46,629.9,789793,31,625.89,453147,291257,0.5025927403270806,0
2023-07-28 10:51:46,629.25,792244,92,625.9,449739,295294,0.3988831272437176,0
2023-07-28 10:51:47,629.3,793319,8,625.91,449248,294384,0.4068607897885847,0
2023-07-28 10:51:47,629.6,793319,105,625.91,449248,294384,0.4547267650578417,0
2023-07-28 10:51:51,629.35,793632,3,625.91,451555,294156,0.41483845233346994,0
2023-07-28 10:51:51,629.35,793632,1,625.91,451555,294156,0.41483845233346994,0
2023-07-28 10:51:51,629.35,793633,1,625.91,451586,294239,0.41483845233346994,0
2023-07-28 10:51:51,629.35,793633,1,625.91,451626,295038,0.41483845233346994,0
2023-07-28 10:51:51,629.35,793633,1,625.91,451178,295058,0.41483845233346994,0
2023-07-28 10:51:51,629.35,793633,1,625.91,452959,295016,0.41483845233346994,0
2023-07-28 10:51:51,629.35,793633,1,625.91,452975,295016,0.41483845233346994,0
2023-07-28 10:51:51,629.35,793633,1,625.91,452906,295017,0.41483845233346994,0
2023-07-28 10:51:51,629.35,793633,1,625.91,452926,295017,0.41483845233346994,0
2023-07-28 10:51:51,629.55,793633,50,625.91,452926,295017,0.44674910251295646,0
2023-07-28 10:51:59,629.4,793683,7,625.91,452887,295083,0.42281611487833703,0
2023-07-28 10:51:59,629.4,793690,1,625.91,452819,295110,0.42281611487833703,0
2023-07-28 10:51:59,629.4,793690,3,625.91,452819,295110,0.42281611487833703,0
2023-07-28 10:52:01,629.4,793714,1,625.91,452323,295186,0.42281611487833703,0
2023-07-28 10:52:02,629.4,793715,1,625.91,452322,295187,0.42281611487833703,0
2023-07-28 10:52:04,629.55,793865,19,625.91,451762,295089,0.44674910251295646,0
2023-07-28 10:52:04,629.6,793865,21,625.91,451762,295089,0.4547267650578417,0
2023-07-28 10:52:05,629.5,793909,1,625.91,451515,295646,0.43877143996808937,0
2023-07-28 10:52:05,629.35,793916,6,625.91,451602,295568,0.41483845233346994,0
2023-07-28 10:52:05,629.5,793916,1,625.91,451602,295568,0.43877143996808937,0
2023-07-28 10:52:07,629.35,793922,1,625.91,451618,295655,0.41483845233346994,0
2023-07-28 10:52:08,629.6,794123,23,625.91,451433,295531,0.4547267650578417,0
2023-07-28 10:52:08,629.65,794176,1,625.91,451883,295666,0.4627044276027088,0
2023-07-28 10:52:10,629.65,794185,1,625.91,451983,295546,0.4627044276027088,0
2023-07-28 10:52:10,629.4,794185,1,625.91,451983,295546,0.42281611487833703,0
2023-07-28 10:52:11,629.4,794186,1,625.91,455876,294247,0.42281611487833703,0
2023-07-28 10:52:11,629.4,794186,1,625.91,455876,295514,0.42281611487833703,0
2023-07-28 10:52:11,629.4,794186,1,625.91,456098,295514,0.42281611487833703,0
2023-07-28 10:52:11,629.4,794186,1,625.91,455899,295534,0.42281611487833703,0
2023-07-28 10:52:11,629.4,794186,1,625.91,455899,295721,0.42281611487833703,0
2023-07-28 10:52:18,629.35,796582,1,625.92,456771,295413,0.41483845233346994,0
2023-07-28 10:52:18,629.35,796582,53,625.92,456771,295413,0.41483845233346994,0
2023-07-28 10:52:18,629.65,796636,108,625.92,456608,295815,0.4627044276027088,0
2023-07-28 10:52:19,629.35,796802,23,625.92,456791,295476,0.41483845233346994,0
2023-07-28 10:52:20,629.4,796827,1,625.92,456774,295634,0.42281611487833703,0
2023-07-28 10:52:20,629.65,796827,2,625.92,456774,295634,0.4627044276027088,0
2023-07-28 10:52:22,629.65,796934,2,625.92,456734,294894,0.4627044276027088,0
2023-07-28 10:52:23,629.5,797253,1,625.93,456667,294909,0.43877143996808937,0
2023-07-28 10:52:24,629.65,797348,29,625.93,456699,294817,0.4627044276027088,0
2023-07-28 10:52:24,629.65,797348,1,625.93,456699,294817,0.4627044276027088,0
2023-07-28 10:52:25,629.65,797370,1,625.93,456310,294950,0.4627044276027088,0
2023-07-28 10:52:26,629.5,797373,3,625.93,456302,295068,0.43877143996808937,0
2023-07-28 10:52:26,629.5,797373,3,625.93,456166,295477,0.43877143996808937,0
2023-07-28 10:52:28,629.5,797432,2,625.93,456053,296069,0.43877143996808937,0
2023-07-28 10:52:28,629.5,797441,1,625.93,455861,296069,0.43877143996808937,0
2023-07-28 10:52:30,629.5,797458,4,625.93,456010,295961,0.43877143996808937,0
2023-07-28 10:52:30,629.5,797458,1,625.93,456010,295961,0.43877143996808937,0
2023-07-28 10:52:30,629.5,797461,1,625.93,456027,296169,0.43877143996808937,0
2023-07-28 10:52:33,629.5,797474,2,625.93,456155,296342,0.43877143996808937,0
2023-07-28 10:52:33,629.5,797474,2,625.93,456155,296342,0.43877143996808937,0
2023-07-28 10:52:33,629.5,797474,2,625.93,456281,296310,0.43877143996808937,0
2023-07-28 10:52:35,629.6,797489,10,625.93,456676,296126,0.4547267650578417,0
2023-07-28 10:52:35,629.6,797489,100,625.93,456676,296126,0.4547267650578417,0
2023-07-28 10:52:36,629.6,797597,69,625.93,457015,295232,0.4547267650578417,0
2023-07-28 10:52:38,629.5,797700,3,625.93,457025,296044,0.43877143996808937,0
2023-07-28 10:52:38,629.5,797703,3,625.93,457783,296044,0.43877143996808937,0
2023-07-28 10:52:40,629.5,797704,1,625.93,457612,296052,0.43877143996808937,0
2023-07-28 10:52:41,629.6,797751,13,625.93,455867,297723,0.4547267650578417,0
2023-07-28 10:52:42,629.5,797776,1,625.93,456703,297480,0.43877143996808937,0
2023-07-28 10:52:42,629.5,797779,3,625.93,456674,297480,0.43877143996808937,0
2023-07-28 10:52:44,629.5,797829,9,625.93,456831,297337,0.43877143996808937,0
2023-07-28 10:52:45,629.5,797836,5,625.93,456836,297337,0.43877143996808937,0
2023-07-28 10:52:46,629.5,797843,1,625.93,456793,297337,0.43877143996808937,0
2023-07-28 10:52:47,629.5,797844,1,625.93,456793,297337,0.43877143996808937,0
2023-07-28 10:52:49,629.65,797862,11,625.93,457372,296842,0.4627044276027088,0
2023-07-28 10:52:49,629.5,797862,2,625.93,457372,296842,0.43877143996808937,0
2023-07-28 10:52:50,629.65,797867,2,625.93,457429,296738,0.4627044276027088,0
2023-07-28 10:52:50,629.5,797867,1,625.93,457429,296738,0.43877143996808937,0
2023-07-28 10:52:50,629.5,797868,1,625.93,457452,296737,0.43877143996808937,0
2023-07-28 10:52:50,629.5,797868,1,625.93,457452,296737,0.43877143996808937,0
2023-07-28 10:52:52,629.35,798580,10,625.93,456776,296250,0.41483845233346994,0
2023-07-28 10:52:52,629.55,798618,275,625.93,456826,296140,0.44674910251295646,0
2023-07-28 10:52:54,629.4,798969,51,625.93,456916,295503,0.42281611487833703,0
2023-07-28 10:52:54,629.4,799021,8,625.93,456937,295554,0.42281611487833703,0
2023-07-28 10:52:55,629.4,799029,1,625.93,456937,295785,0.42281611487833703,0
2023-07-28 10:52:57,629.4,799040,10,625.93,456937,295783,0.42281611487833703,0
2023-07-28 10:52:57,629.65,799040,114,625.93,456937,295783,0.4627044276027088,0
2023-07-28 10:52:58,629.65,799322,114,625.94,457039,295968,0.4627044276027088,0
2023-07-28 10:53:00,629.4,799369,3,625.94,456891,295968,0.42281611487833703,0
2023-07-28 10:53:00,629.4,799369,7,625.94,456891,295968,0.42281611487833703,0
2023-07-28 10:53:01,629.4,799664,6,625.94,456515,297359,0.42281611487833703,0
2023-07-28 10:53:02,629.7,799725,5,625.94,456491,297264,0.470682090147594,0
2023-07-28 10:53:03,629.5,799836,2,625.94,456498,297331,0.43877143996808937,0
2023-07-28 10:53:03,629.4,799836,3,625.94,456498,297331,0.42281611487833703,0
2023-07-28 10:53:03,629.4,799836,4,625.94,456498,297331,0.42281611487833703,0
2023-07-28 10:53:04,629.4,799856,3,625.94,456892,298216,0.42281611487833703,0
2023-07-28 10:53:05,629.4,799859,3,625.94,456925,297986,0.42281611487833703,0
2023-07-28 10:53:05,629.4,799859,1,625.94,456925,297986,0.42281611487833703,0
2023-07-28 10:53:07,629.35,799905,6,625.94,457192,297943,0.41483845233346994,0
2023-07-28 10:53:07,629.35,799911,6,625.94,457143,297943,0.41483845233346994,0
2023-07-28 10:53:07,629.4,799911,1,625.94,457143,297943,0.42281611487833703,0
2023-07-28 10:53:09,629.65,799987,25,625.94,457229,297869,0.4627044276027088,0
2023-07-28 10:53:09,629.4,799987,1,625.94,457229,297869,0.42281611487833703,0
2023-07-28 10:53:09,629.65,799999,10,625.94,457239,297795,0.4627044276027088,0
2023-07-28 10:53:10,629.65,800010,10,625.94,457202,297785,0.4627044276027088,0
2023-07-28 10:53:11,629.4,800012,2,625.94,458100,297810,0.42281611487833703,0
2023-07-28 10:53:11,629.4,800012,2,625.94,458103,297810,0.42281611487833703,0
2023-07-28 10:53:11,629.65,800012,1,625.94,458103,297810,0.4627044276027088,0
2023-07-28 10:53:14,629.35,800113,2,625.94,458104,297709,0.41483845233346994,0
2023-07-28 10:53:15,629.6,800238,108,625.94,458126,297729,0.4547267650578417,0
2023-07-28 10:53:15,629.35,800238,18,625.94,458126,297729,0.41483845233346994,0
2023-07-28 10:53:16,629.35,800277,6,625.94,457966,297691,0.41483845233346994,0
2023-07-28 10:53:16,629.4,800284,1,625.94,457449,297603,0.42281611487833703,0
2023-07-28 10:53:17,629.4,800285,1,625.94,457422,298103,0.42281611487833703,0
2023-07-28 10:53:17,629.4,800285,1,625.94,458653,298103,0.42281611487833703,0
2023-07-28 10:53:20,629.4,800290,5,625.94,458834,298103,0.42281611487833703,0
2023-07-28 10:53:20,629.4,800290,5,625.94,458834,298103,0.42281611487833703,0
2023-07-28 10:53:21,629.35,801493,203,625.94,458046,298410,0.41483845233346994,0
2023-07-28 10:53:21,629.55,801493,22,625.94,458046,298410,0.44674910251295646,0
2023-07-28 10:53:21,629.55,801768,22,625.95,458292,298192,0.44674910251295646,0
2023-07-28 10:53:23,629.35,801809,40,625.95,458372,298360,0.41483845233346994,0
2023-07-28 10:53:23,629.35,801809,40,625.95,458372,298360,0.41483845233346994,0
2023-07-28 10:53:23,629.3,801815,6,625.95,458553,298307,0.4068607897885847,0
2023-07-28 10:53:23,629.3,801815,6,625.95,458553,298307,0.4068607897885847,0
2023-07-28 10:53:25,629.6,801835,17,625.95,459004,298287,0.4547267650578417,0
2023-07-28 10:53:25,629.4,801835,2,625.95,459004,298287,0.42281611487833703,0
2023-07-28 10:53:26,629.4,801837,2,625.95,459007,298297,0.42281611487833703,0
2023-07-28 10:53:27,629.4,801838,1,625.95,458486,298378,0.42281611487833703,0
2023-07-28 10:53:29,629.4,801888,1,625.95,458895,298083,0.42281611487833703,0
2023-07-28 10:53:29,629.6,801959,50,625.95,458945,298328,0.4547267650578417,0
2023-07-28 10:53:30,629.65,802967,245,625.95,459277,297922,0.4627044276027088,0
2023-07-28 10:53:30,629.3,802967,4,625.95,459277,297922,0.4068607897885847,0
2023-07-28 10:53:31,629.35,803551,39,625.95,459288,297419,0.41483845233346994,0
2023-07-28 10:53:31,629.35,803639,11,625.95,458689,297635,0.41483845233346994,0
2023-07-28 10:53:32,629.4,803652,1,625.95,458714,298136,0.42281611487833703,0
2023-07-28 10:53:33,629.4,803655,1,625.95,458724,298298,0.42281611487833703,0
2023-07-28 10:53:35,629.65,803867,5,625.96,459081,298051,0.4627044276027088,0
2023-07-28 10:53:36,629.3,803902,1,625.96,458618,298562,0.4068607897885847,0
2023-07-28 10:53:36,629.3,803907,1,625.96,458513,298162,0.4068607897885847,0
2023-07-28 10:53:37,629.3,803908,1,625.96,458565,298420,0.4068607897885847,0
2023-07-28 10:53:37,629.3,803908,1,625.96,458610,298420,0.4068607897885847,0
2023-07-28 10:53:40,629.3,803909,1,625.96,458441,298685,0.4068607897885847,0
2023-07-28 10:53:40,629.3,803909,1,625.96,458443,298685,0.4068607897885847,0
2023-07-28 10:53:42,629.65,804130,167,625.96,458517,297673,0.4627044276027088,0
2023-07-28 10:53:42,629.4,804130,3,625.96,458517,297673,0.42281611487833703,0
2023-07-28 10:53:42,629.4,804166,6,625.96,458735,297644,0.42281611487833703,0
2023-07-28 10:53:44,629.4,804174,1,625.96,458727,297464,0.42281611487833703,0
2023-07-28 10:53:45,629.65,804221,40,625.96,458524,297937,0.4627044276027088,0
2023-07-28 10:53:45,629.4,804221,7,625.96,458524,297937,0.42281611487833703,0
2023-07-28 10:53:45,629.4,804228,1,625.96,458521,297884,0.42281611487833703,0
2023-07-28 10:53:47,629.4,804250,3,625.96,458450,297856,0.42281611487833703,0
2023-07-28 10:53:47,629.4,804253,3,625.96,458799,297856,0.42281611487833703,0
2023-07-28 10:53:47,629.4,804253,1,625.96,458799,297856,0.42281611487833703,0
2023-07-28 10:53:49,629.65,804257,3,625.96,458804,297412,0.4627044276027088,0
2023-07-28 10:53:50,629.65,804457,33,625.96,458806,296953,0.4627044276027088,0
2023-07-28 10:53:50,629.65,804520,33,625.96,458780,296973,0.4627044276027088,0
2023-07-28 10:53:50,629.4,804520,4,625.96,458780,296973,0.42281611487833703,0
2023-07-28 10:53:51,629.4,804530,1,625.96,459201,297144,0.42281611487833703,0
2023-07-28 10:53:52,629.4,804531,1,625.96,459215,297144,0.42281611487833703,0
2023-07-28 10:53:52,629.4,804531,1,625.96,459222,297144,0.42281611487833703,0
2023-07-28 10:53:55,629.5,804731,30,625.96,459018,297018,0.43877143996808937,0
2023-07-28 10:53:55,629.5,804731,5,625.96,459018,297018,0.43877143996808937,0
2023-07-28 10:53:57,629.65,804950,35,625.96,459786,297049,0.4627044276027088,0
2023-07-28 10:53:57,629.55,804950,9,625.96,459786,297049,0.44674910251295646,0
2023-07-28 10:53:58,629.65,805562,91,625.96,460659,296049,0.4627044276027088,0
2023-07-28 10:53:59,629.65,805663,15,625.96,460527,295982,0.4627044276027088,0
2023-07-28 10:53:59,629.8,805678,2,625.96,459653,296742,0.48663741523732823,0
2023-07-28 10:53:59,629.8,805678,1,625.96,459653,296742,0.48663741523732823,0
2023-07-28 10:53:59,629.65,805678,4,625.96,459653,296742,0.4627044276027088,0
2023-07-28 10:54:02,629.65,805910,4,625.96,459407,296062,0.4627044276027088,0
2023-07-28 10:54:04,629.85,805918,3,625.96,459322,296076,0.4946150777822134,0
2023-07-28 10:54:04,629.65,805918,2,625.96,459322,296076,0.4627044276027088,0
2023-07-28 10:54:05,629.65,805937,2,625.96,459740,296197,0.4627044276027088,0
2023-07-28 10:54:08,629.65,806242,300,625.97,459480,297650,0.4627044276027088,0
2023-07-28 10:54:08,629.9,806242,2,625.97,459480,297650,0.5025927403270806,0
2023-07-28 10:54:08,629.9,806242,4,625.97,459480,297650,0.5025927403270806,0
2023-07-28 10:54:13,629.6,807347,3,625.97,458400,298966,0.4547267650578417,0
2023-07-28 10:54:13,629.55,807347,5,625.97,458400,298966,0.44674910251295646,0
2023-07-28 10:54:13,629.8,807347,1,625.97,458400,298966,0.48663741523732823,0
2023-07-28 10:54:13,629.85,807347,7,625.97,458400,298966,0.4946150777822134,0
2023-07-28 10:54:17,629.85,807582,56,625.97,458804,297664,0.4946150777822134,0
2023-07-28 10:54:17,629.85,807582,470,625.97,458804,297664,0.4946150777822134,0
2023-07-28 10:54:17,629.8,807582,2,625.97,458804,297664,0.48663741523732823,0
2023-07-28 10:54:19,629.6,808319,1,625.98,458560,297193,0.4547267650578417,0
2023-07-28 10:54:19,629.55,808319,12,625.98,458560,297193,0.44674910251295646,0
2023-07-28 10:54:22,629.55,808442,12,625.98,458822,298892,0.44674910251295646,0
2023-07-28 10:54:22,629.55,808442,18,625.98,458822,298892,0.44674910251295646,0
2023-07-28 10:54:22,629.8,808442,20,625.98,458822,298892,0.48663741523732823,0
2023-07-28 10:54:27,629.8,808480,20,625.98,459375,298983,0.48663741523732823,0
2023-07-28 10:54:27,629.55,808480,6,625.98,459375,298983,0.44674910251295646,0
2023-07-28 10:54:27,629.65,808480,50,625.98,459375,298983,0.4627044276027088,0
2023-07-28 10:54:30,629.65,808537,50,625.98,459533,298738,0.4627044276027088,0
2023-07-28 10:54:30,629.65,808537,21,625.98,459533,298738,0.4627044276027088,0
2023-07-28 10:54:30,629.6,808537,75,625.98,459533,298738,0.4547267650578417,0
2023-07-28 10:54:38,629.8,808671,1,625.98,459631,299124,0.48663741523732823,0
2023-07-28 10:54:38,629.8,808671,35,625.98,459631,299124,0.48663741523732823,0
2023-07-28 10:54:38,629.8,808671,5,625.98,459631,299124,0.48663741523732823,0
2023-07-28 10:54:38,629.55,808671,5,625.98,459631,299124,0.44674910251295646,0
2023-07-28 10:54:38,629.6,808671,704,625.98,459631,299124,0.4547267650578417,0
2023-07-28 10:54:38,629.8,808671,79,625.98,459631,299124,0.48663741523732823,0
2023-07-28 10:54:38,629.8,808671,35,625.98,459631,299124,0.48663741523732823,0
2023-07-28 10:54:38,629.8,808671,120,625.98,459631,299124,0.48663741523732823,0
2023-07-28 10:54:46,629.8,809933,25,625.98,459670,301146,0.48663741523732823,0
2023-07-28 10:54:46,629.8,809933,5,625.98,459670,301146,0.48663741523732823,0
2023-07-28 10:54:46,629.8,809933,10,625.98,459670,301146,0.48663741523732823,0
2023-07-28 10:54:46,629.8,809933,54,625.98,459670,301146,0.48663741523732823,0
2023-07-28 10:54:49,629.8,810431,45,625.99,458844,301913,0.48663741523732823,0
2023-07-28 10:54:49,629.8,810431,79,625.99,458844,301913,0.48663741523732823,0
2023-07-28 10:54:55,629.6,810631,1,625.99,458609,302636,0.4547267650578417,0
2023-07-28 10:54:55,629.6,810631,30,625.99,458609,302636,0.4547267650578417,0
2023-07-28 10:54:55,629.8,810631,1,625.99,458609,302636,0.48663741523732823,0
2023-07-28 10:54:55,629.8,810631,10,625.99,458609,302636,0.48663741523732823,0
2023-07-28 10:54:55,629.8,810631,3,625.99,458609,302636,0.48663741523732823,0
2023-07-28 10:54:58,629.8,810675,3,625.99,458610,303532,0.48663741523732823,0
2023-07-28 10:54:58,629.6,810675,5,625.99,458610,303532,0.4547267650578417,0
2023-07-28 10:54:58,629.8,810675,7,625.99,458610,303532,0.48663741523732823,0
2023-07-28 10:54:58,629.9,810675,184,625.99,458610,303532,0.5025927403270806,0
2023-07-28 10:55:03,629.6,812893,40,626.0,459172,302413,0.4547267650578417,0
2023-07-28 10:55:03,629.85,812893,226,626.0,459172,302413,0.4946150777822134,0
2023-07-28 10:55:03,629.65,812893,10,626.0,459172,302413,0.4627044276027088,0
2023-07-28 10:55:03,629.9,812893,1,626.0,459172,302413,0.5025927403270806,0
2023-07-28 10:55:06,629.65,813769,8,626.0,458785,303016,0.4627044276027088,0
2023-07-28 10:55:06,629.65,813769,7,626.0,458785,303016,0.4627044276027088,0
2023-07-28 10:55:06,629.95,813769,5,626.0,458785,303016,0.5105704028719658,0
2023-07-28 10:55:11,629.9,813932,15,626.0,458775,304016,0.5025927403270806,0
2023-07-28 10:55:11,629.65,813932,19,626.0,458775,304016,0.4627044276027088,0
2023-07-28 10:55:11,629.9,813932,100,626.0,458775,304016,0.5025927403270806,0
2023-07-28 10:55:11,629.85,813932,17,626.0,458775,304016,0.4946150777822134,0
2023-07-28 10:55:11,629.95,813932,8,626.0,458775,304016,0.5105704028719658,0
2023-07-28 10:55:15,629.9,814352,22,626.0,458601,304176,0.5025927403270806,0
2023-07-28 10:55:15,629.65,814352,1,626.0,458601,304176,0.4627044276027088,0
2023-07-28 10:55:15,629.9,814352,100,626.0,458601,304176,0.5025927403270806,0
2023-07-28 10:55:15,629.65,814352,18,626.0,458601,304176,0.4627044276027088,0
2023-07-28 10:55:15,629.65,814352,1,626.0,458601,304176,0.4627044276027088,0
2023-07-28 10:55:15,629.85,814352,100,626.0,458601,304176,0.4946150777822134,0
2023-07-28 10:55:24,629.65,814782,9,626.01,460394,304606,0.4627044276027088,0
2023-07-28 10:55:24,629.85,814782,68,626.01,460394,304606,0.4946150777822134,0
2023-07-28 10:55:24,629.8,814782,2,626.01,460394,304606,0.48663741523732823,0
2023-07-28 10:55:24,629.65,814782,25,626.01,460394,304606,0.4627044276027088,0
2023-07-28 10:55:28,629.65,814904,18,626.01,462950,304227,0.4627044276027088,0
2023-07-28 10:55:28,629.9,814904,5,626.01,462950,304227,0.5025927403270806,0
2023-07-28 10:55:28,629.9,814904,40,626.01,462950,304227,0.5025927403270806,0
2023-07-28 10:55:28,629.95,814904,8,626.01,462950,304227,0.5105704028719658,0
2023-07-28 10:55:28,629.95,814904,10,626.01,462950,304227,0.5105704028719658,0
2023-07-28 10:55:28,629.95,814904,22,626.01,462950,304227,0.5105704028719658,0
2023-07-28 10:55:28,630.0,814904,200,626.01,462950,304227,0.5185480654168328,0
2023-07-28 10:55:28,630.0,814904,4,626.01,462950,304227,0.5185480654168328,0
2023-07-28 10:55:37,629.7,816188,18,626.01,463638,303378,0.470682090147594,0
2023-07-28 10:55:37,629.7,816188,6,626.01,463638,303378,0.470682090147594,0
2023-07-28 10:55:37,629.75,816188,7,626.01,463638,303378,0.4786597526924611,0
2023-07-28 10:55:37,629.95,816188,1,626.01,463638,303378,0.5105704028719658,0
2023-07-28 10:55:43,629.7,816391,1,626.01,460708,304504,0.470682090147594,0
2023-07-28 10:55:43,629.65,816391,13,626.01,460708,304504,0.4627044276027088,0
2023-07-28 10:55:43,629.5,816391,34,626.01,460708,304504,0.43877143996808937,0
2023-07-28 10:55:43,629.4,816391,1,626.01,460708,304504,0.42281611487833703,0
2023-07-28 10:55:46,629.5,818041,45,626.02,456984,305061,0.43877143996808937,0
2023-07-28 10:55:46,629.5,818041,5,626.02,456984,305061,0.43877143996808937,0
2023-07-28 10:55:46,629.65,818041,4,626.02,456984,305061,0.4627044276027088,0
2023-07-28 10:55:46,629.7,818041,32,626.02,456984,305061,0.470682090147594,0
2023-07-28 10:55:52,629.55,819506,218,626.03,458793,305361,0.44674910251295646,0
2023-07-28 10:55:52,629.85,819506,165,626.03,458793,305361,0.4946150777822134,0
2023-07-28 10:55:52,629.85,819506,63,626.03,458793,305361,0.4946150777822134,0
2023-07-28 10:55:52,629.95,819506,1,626.03,458793,305361,0.5105704028719658,0
2023-07-28 10:55:55,629.6,820145,20,626.03,458693,305545,0.4547267650578417,0
2023-07-28 10:55:55,629.9,820145,35,626.03,458693,305545,0.5025927403270806,0
2023-07-28 10:55:55,629.75,820145,65,626.03,458693,305545,0.4786597526924611,0
2023-07-28 10:55:55,629.95,820145,10,626.03,458693,305545,0.5105704028719658,0
2023-07-28 10:56:00,629.7,820376,3,626.03,460830,305360,0.470682090147594,0
2023-07-28 10:56:00,629.7,820376,4,626.03,460830,305360,0.470682090147594,0
2023-07-28 10:56:00,629.95,820376,2,626.03,460830,305360,0.5105704028719658,0
2023-07-28 10:56:00,629.85,820376,7,626.03,460830,305360,0.4946150777822134,0
2023-07-28 10:56:04,629.85,820566,8,626.03,460636,303646,0.4946150777822134,0
2023-07-28 10:56:04,629.95,820566,24,626.03,460636,303646,0.5105704028719658,0
2023-07-28 10:56:06,629.85,820632,9,626.03,463065,304012,0.4946150777822134,0
2023-07-28 10:56:08,629.85,822111,13,626.04,459584,305028,0.4946150777822134,0
2023-07-28 10:56:09,629.6,822345,177,626.04,458955,306162,0.4547267650578417,0
2023-07-28 10:56:09,629.8,822444,4,626.04,459191,304616,0.48663741523732823,0
2023-07-28 10:56:10,629.8,822488,22,626.04,460242,302271,0.48663741523732823,0
2023-07-28 10:56:11,629.55,822495,3,626.04,459963,302137,0.44674910251295646,0
2023-07-28 10:56:12,629.9,822604,50,626.04,464134,303911,0.5025927403270806,0
2023-07-28 10:56:13,630.0,822627,2,626.04,464419,303786,0.5185480654168328,0
2023-07-28 10:56:14,629.9,822631,1,626.04,464365,303795,0.5025927403270806,0
2023-07-28 10:56:15,629.85,839128,21,626.12,462079,284350,0.4946150777822134,0
2023-07-28 10:56:17,629.65,841602,62,626.13,462397,289265,0.4627044276027088,0
2023-07-28 10:56:17,629.8,842120,4,626.13,462088,290882,0.48663741523732823,0
2023-07-28 10:56:17,629.8,842120,34,626.13,462088,290882,0.48663741523732823,0
2023-07-28 10:56:18,629.8,842232,34,626.13,462825,290328,0.48663741523732823,0
2023-07-28 10:56:20,629.8,842326,3,626.13,461041,291258,0.48663741523732823,0
2023-07-28 10:56:21,629.8,842395,4,626.13,463048,289954,0.48663741523732823,0
2023-07-28 10:56:21,629.8,842395,4,626.13,463048,289954,0.48663741523732823,0
2023-07-28 10:56:21,630.0,842480,73,626.13,463998,290895,0.5185480654168328,0
2023-07-28 10:56:23,630.0,843102,422,626.14,464672,290820,0.5185480654168328,0
2023-07-28 10:56:23,630.0,843102,422,626.14,464672,290820,0.5185480654168328,0
2023-07-28 10:56:23,630.0,843378,20,626.14,464565,290760,0.5185480654168328,0
2023-07-28 10:56:24,630.0,843436,11,626.14,464508,290908,0.5185480654168328,0
2023-07-28 10:56:24,630.0,843436,11,626.14,464508,290908,0.5185480654168328,0
2023-07-28 10:56:26,630.0,843446,1,626.14,464046,291040,0.5185480654168328,0
2023-07-28 10:56:26,629.85,843447,1,626.14,463053,291261,0.4946150777822134,0
2023-07-28 10:56:26,629.85,843447,1,626.14,463066,291384,0.4946150777822134,0
2023-07-28 10:56:26,630.0,843447,200,626.14,463066,291384,0.5185480654168328,0
2023-07-28 10:56:28,630.0,843765,118,626.14,464323,292099,0.5185480654168328,0
2023-07-28 10:56:28,630.0,843765,47,626.14,464323,292099,0.5185480654168328,0
2023-07-28 10:56:30,630.0,843903,10,626.14,464543,292323,0.5185480654168328,0
2023-07-28 10:56:30,629.85,843903,1,626.14,464543,292323,0.4946150777822134,0
2023-07-28 10:56:31,629.85,843936,2,626.14,464573,292586,0.4946150777822134,0
2023-07-28 10:56:32,630.0,844679,83,626.14,464039,292602,0.5185480654168328,0
2023-07-28 10:56:33,629.85,844877,26,626.15,462051,293512,0.4946150777822134,0
2023-07-28 10:56:33,629.85,844906,5,626.15,462281,293661,0.4946150777822134,0
2023-07-28 10:56:35,629.85,844965,4,626.15,462582,293656,0.4946150777822134,0
2023-07-28 10:56:35,630.0,844998,24,626.15,462516,293632,0.5185480654168328,0
2023-07-28 10:56:37,629.85,845053,2,626.15,462502,293547,0.4946150777822134,0
2023-07-28 10:56:38,629.8,845556,3,626.15,460277,295923,0.48663741523732823,0
2023-07-28 10:56:39,629.8,845643,11,626.15,461299,295164,0.48663741523732823,0
2023-07-28 10:56:40,629.65,845657,1,626.15,461269,295597,0.4627044276027088,0
2023-07-28 10:56:41,629.6,845659,2,626.15,461255,295597,0.4547267650578417,0
2023-07-28 10:56:41,629.6,845659,2,626.15,461255,295602,0.4547267650578417,0
2023-07-28 10:56:41,629.8,845659,50,626.15,459969,295604,0.48663741523732823,0
2023-07-28 10:56:44,629.8,845709,50,626.15,461202,294558,0.48663741523732823,0
2023-07-28 10:56:44,629.65,845709,7,626.15,461202,294558,0.4627044276027088,0
2023-07-28 10:56:45,629.8,845718,2,626.15,461154,295063,0.48663741523732823,0
2023-07-28 10:56:46,629.7,845720,2,626.15,461696,295001,0.470682090147594,0
2023-07-28 10:56:47,630.0,845837,10,626.15,461761,294848,0.5185480654168328,0
2023-07-28 10:56:48,630.0,845856,2,626.15,462672,295114,0.5185480654168328,0
2023-07-28 10:56:49,629.8,845864,1,626.15,461970,295101,0.48663741523732823,0
2023-07-28 10:56:49,629.8,845865,1,626.15,462329,293658,0.48663741523732823,0
2023-07-28 10:56:49,629.8,845865,1,626.15,462329,293658,0.48663741523732823,0
2023-07-28 10:56:51,629.8,845866,1,626.15,462920,293758,0.48663741523732823,0
2023-07-28 10:56:51,629.8,845866,3,626.15,462920,293758,0.48663741523732823,0
2023-07-28 10:56:52,629.8,845869,3,626.15,462960,293280,0.48663741523732823,0
2023-07-28 10:56:52,629.8,845869,3,626.15,462977,293316,0.48663741523732823,0
2023-07-28 10:56:52,629.8,845869,3,626.15,462010,293875,0.48663741523732823,0
2023-07-28 10:56:52,629.8,845869,3,626.15,465010,297134,0.48663741523732823,0
2023-07-28 10:56:56,629.8,845870,1,626.15,464947,297134,0.48663741523732823,0
2023-07-28 10:56:58,629.6,846670,116,626.15,463976,297786,0.4547267650578417,0
2023-07-28 10:56:58,629.95,846670,94,626.15,463976,297786,0.5105704028719658,0
2023-07-28 10:56:59,629.75,846917,22,626.15,465503,298683,0.4786597526924611,0
2023-07-28 10:57:00,629.75,846921,3,626.15,466121,298852,0.4786597526924611,0
2023-07-28 10:57:01,629.8,846922,1,626.15,467380,298852,0.48663741523732823,0
2023-07-28 10:57:01,629.8,846922,1,626.15,467347,298997,0.48663741523732823,0
2023-07-28 10:57:01,629.8,846922,1,626.15,467326,299007,0.48663741523732823,0
2023-07-28 10:57:01,629.8,846922,1,626.15,466502,299775,0.48663741523732823,0
2023-07-28 10:57:01,629.95,846922,60,626.15,466505,299775,0.5105704028719658,0
2023-07-28 10:57:06,629.8,846982,9,626.15,467462,299216,0.48663741523732823,0
2023-07-28 10:57:07,629.7,847176,88,626.16,466654,299291,0.470682090147594,0
2023-07-28 10:57:08,629.95,847242,37,626.16,467401,299291,0.5105704028719658,0
2023-07-28 10:57:08,629.65,847242,4,626.16,467401,299291,0.4627044276027088,0
2023-07-28 10:57:09,629.65,847252,4,626.16,467403,299712,0.4627044276027088,0
2023-07-28 10:57:10,629.65,847253,1,626.16,467402,299712,0.4627044276027088,0
2023-07-28 10:57:10,629.65,847253,1,626.16,467520,299712,0.4627044276027088,0
2023-07-28 10:57:10,629.9,847253,2,626.16,467520,299712,0.5025927403270806,0
2023-07-28 10:57:13,629.65,847256,1,626.16,467781,299658,0.4627044276027088,0
2023-07-28 10:57:13,629.9,847256,15,626.16,467781,299658,0.5025927403270806,0
2023-07-28 10:57:15,629.9,847287,16,626.16,467793,299639,0.5025927403270806,0
2023-07-28 10:57:15,629.65,847287,2,626.16,467793,299639,0.4627044276027088,0
2023-07-28 10:57:16,629.6,847493,50,626.16,467336,299959,0.4547267650578417,0
2023-07-28 10:57:17,629.65,847537,10,626.16,467813,299197,0.4627044276027088,0
2023-07-28 10:57:17,629.6,847537,7,626.16,467813,299197,0.4547267650578417,0
2023-07-28 10:57:17,629.6,847544,7,626.16,467622,299602,0.4547267650578417,0
2023-07-28 10:57:19,629.65,847555,10,626.16,467397,299592,0.4627044276027088,0
2023-07-28 10:57:19,629.6,847556,1,626.16,467269,300153,0.4547267650578417,0
2023-07-28 10:57:19,629.6,847556,1,626.16,467269,300153,0.4547267650578417,0
2023-07-28 10:57:20,629.6,847557,1,626.16,467247,300106,0.4547267650578417,0
2023-07-28 10:57:20,629.6,847557,1,626.16,467517,300335,0.4547267650578417,0
2023-07-28 10:57:20,629.65,847557,50,626.16,467737,298844,0.4627044276027088,0
2023-07-28 10:57:20,629.6,847557,7,626.16,467737,298844,0.4547267650578417,0
2023-07-28 10:57:20,629.65,847557,22,626.16,467737,298844,0.4627044276027088,0
2023-07-28 10:57:25,629.65,847645,22,626.16,467623,300355,0.4627044276027088,0
2023-07-28 10:57:26,629.8,847901,134,626.16,467604,300124,0.48663741523732823,0
2023-07-28 10:57:26,629.85,847901,26,626.16,467604,300124,0.4946150777822134,0
2023-07-28 10:57:26,629.85,847965,26,626.16,467778,300217,0.4946150777822134,0
2023-07-28 10:57:27,629.6,847975,10,626.16,467780,300217,0.4547267650578417,0
2023-07-28 10:57:28,629.8,847989,13,626.16,468047,300066,0.48663741523732823,0
2023-07-28 10:57:30,629.8,848042,50,626.16,467958,300015,0.48663741523732823,0
2023-07-28 10:57:31,629.8,848260,110,626.16,467706,299905,0.48663741523732823,0
2023-07-28 10:57:31,629.8,848327,33,626.16,467682,299872,0.48663741523732823,0
2023-07-28 10:57:31,629.6,848327,10,626.16,467682,299872,0.4547267650578417,0
2023-07-28 10:57:32,629.6,848337,10,626.16,467776,299387,0.4547267650578417,0
2023-07-28 10:57:33,629.8,848347,9,626.16,467555,299448,0.48663741523732823,0
2023-07-28 10:57:34,629.65,848349,2,626.16,467390,299448,0.4627044276027088,0
2023-07-28 10:57:35,629.8,848357,8,626.16,467391,299533,0.48663741523732823,0
2023-07-28 10:57:36,629.65,848358,1,626.16,467425,299565,0.4627044276027088,0
2023-07-28 10:57:38,629.8,848398,7,626.16,467591,299393,0.48663741523732823,0
2023-07-28 10:57:38,629.65,848404,6,626.16,467585,300010,0.4627044276027088,0
2023-07-28 10:57:38,629.65,848404,1,626.16,467585,300010,0.4627044276027088,0
2023-07-28 10:57:39,629.65,848405,1,626.16,468377,299634,0.4627044276027088,0
2023-07-28 10:57:39,629.65,848405,1,626.16,468407,299634,0.4627044276027088,0
2023-07-28 10:57:39,629.65,848405,1,626.16,468407,298351,0.4627044276027088,0
2023-07-28 10:57:39,629.65,848405,1,626.16,468301,299172,0.4627044276027088,0
2023-07-28 10:57:45,629.65,848407,2,626.16,465718,299817,0.4627044276027088,0
2023-07-28 10:57:47,629.65,848508,42,626.16,466376,300964,0.4627044276027088,0
2023-07-28 10:57:47,629.75,848508,10,626.16,466376,300964,0.4786597526924611,0
2023-07-28 10:57:47,629.65,848508,6,626.16,466376,300964,0.4627044276027088,0
2023-07-28 10:57:49,629.65,848676,3,626.16,465972,299294,0.4627044276027088,0
2023-07-28 10:57:49,629.65,848679,3,626.16,466173,299448,0.4627044276027088,0
2023-07-28 10:57:49,629.65,848679,3,626.16,466169,299448,0.4627044276027088,0
2023-07-28 10:57:49,629.65,848679,3,626.16,466171,299448,0.4627044276027088,0
2023-07-28 10:57:49,629.8,848679,12,626.16,466191,299448,0.48663741523732823,0
2023-07-28 10:57:55,629.65,848701,3,626.16,468389,299444,0.4627044276027088,0
2023-07-28 10:57:55,629.65,848704,1,626.16,468260,299436,0.4627044276027088,0
2023-07-28 10:57:58,629.65,848850,115,626.16,469880,299308,0.4627044276027088,0
2023-07-28 10:57:58,629.8,848850,28,626.16,469880,299308,0.48663741523732823,0
2023-07-28 10:57:58,629.8,848900,28,626.16,469577,299311,0.48663741523732823,0
2023-07-28 10:57:59,629.65,848907,7,626.16,469521,299506,0.4627044276027088,0
2023-07-28 10:57:59,629.65,848907,1,626.16,469521,299506,0.4627044276027088,0
2023-07-28 10:58:00,629.65,848908,1,626.16,469421,299626,0.4627044276027088,0
2023-07-28 10:58:00,629.65,848908,1,626.16,469318,300251,0.4627044276027088,0
2023-07-28 10:58:00,629.65,848908,235,626.16,469318,300251,0.4627044276027088,0
2023-07-28 10:58:02,629.65,849208,45,626.16,469102,300159,0.4627044276027088,0
2023-07-28 10:58:03,629.8,849277,24,626.16,469593,300227,0.48663741523732823,0
2023-07-28 10:58:04,629.8,849338,50,626.16,469591,300177,0.48663741523732823,0
2023-07-28 10:58:04,629.65,849338,9,626.16,469591,300177,0.4627044276027088,0
2023-07-28 10:58:04,629.65,849338,20,626.16,469591,300177,0.4627044276027088,0
2023-07-28 10:58:09,629.65,849379,2,626.16,469437,300317,0.4627044276027088,0
2023-07-28 10:58:09,629.65,849379,6,626.16,469437,300317,0.4627044276027088,0
2023-07-28 10:58:09,629.8,849379,25,626.16,469437,300317,0.48663741523732823,0
2023-07-28 10:58:10,629.7,849419,6,626.16,470046,300412,0.470682090147594,0
2023-07-28 10:58:17,629.7,849625,200,626.17,468936,300913,0.470682090147594,0
2023-07-28 10:58:17,629.8,849625,38,626.17,468936,300913,0.48663741523732823,0
2023-07-28 10:58:17,629.7,849625,39,626.17,468936,300913,0.470682090147594,0
2023-07-28 10:58:17,629.8,849625,10,626.17,468936,300913,0.48663741523732823,0
2023-07-28 10:58:20,629.65,849880,9,626.17,468995,300616,0.4627044276027088,0
2023-07-28 10:58:20,629.7,849880,1,626.17,468995,300616,0.470682090147594,0
2023-07-28 10:58:22,629.7,849919,2,626.17,468882,300759,0.470682090147594,0
2023-07-28 10:58:22,629.65,849919,35,626.17,468882,300759,0.4627044276027088,0
2023-07-28 10:58:26,629.65,849975,8,626.17,468914,301358,0.4627044276027088,0
2023-07-28 10:58:26,629.8,849975,124,626.17,468914,301358,0.48663741523732823,0
2023-07-28 10:58:26,629.8,849975,1,626.17,468914,301358,0.48663741523732823,0
2023-07-28 10:58:32,629.65,850326,8,626.17,469134,302118,0.4627044276027088,0
2023-07-28 10:58:32,629.8,850326,9,626.17,469134,302118,0.48663741523732823,0
2023-07-28 10:58:37,629.65,850398,8,626.17,469107,302086,0.4627044276027088,0
2023-07-28 10:58:37,629.8,850398,20,626.17,469107,302086,0.48663741523732823,0
2023-07-28 10:58:37,629.8,850398,10,626.17,469107,302086,0.48663741523732823,0
2023-07-28 10:58:37,629.8,850398,5,626.17,469107,302086,0.48663741523732823,0
2023-07-28 10:58:42,629.65,850487,14,626.17,469574,303189,0.4627044276027088,0
2023-07-28 10:58:42,629.8,850487,26,626.17,469574,303189,0.48663741523732823,0
2023-07-28 10:58:43,629.65,850527,6,626.17,469624,303579,0.4627044276027088,0
2023-07-28 10:58:51,629.65,850633,15,626.17,468621,304063,0.4627044276027088,0
2023-07-28 10:58:51,629.75,850633,25,626.17,468621,304063,0.4786597526924611,0
2023-07-28 10:58:51,629.55,850633,20,626.17,468621,304063,0.44674910251295646,0
2023-07-28 10:58:51,629.65,850633,2,626.17,468621,304063,0.4627044276027088,0
2023-07-28 10:58:51,629.65,850633,8,626.17,468621,304063,0.4627044276027088,0
2023-07-28 10:58:54,629.65,852412,185,626.18,466764,306452,0.4627044276027088,0
2023-07-28 10:58:54,629.7,852412,171,626.18,466764,306452,0.470682090147594,0
2023-07-28 10:58:54,629.7,852412,65,626.18,466764,306452,0.470682090147594,0
2023-07-28 10:58:58,629.7,853429,62,626.18,465752,306056,0.470682090147594,0
2023-07-28 10:58:58,629.6,853429,1,626.18,465752,306056,0.4547267650578417,0
2023-07-28 10:58:58,629.5,853429,24,626.18,465752,306056,0.43877143996808937,0
2023-07-28 10:58:58,629.5,853429,25,626.18,465752,306056,0.43877143996808937,0
2023-07-28 10:59:04,629.55,854061,2,626.18,466041,306687,0.44674910251295646,0
2023-07-28 10:59:04,629.6,854061,4,626.18,466041,306687,0.4547267650578417,0
2023-07-28 10:59:04,629.25,854061,2,626.18,466041,306687,0.3988831272437176,0
2023-07-28 10:59:08,629.25,854429,2,626.18,464077,307124,0.3988831272437176,0
2023-07-28 10:59:08,629.2,854429,1,626.18,464077,307124,0.3909054646988505,0
2023-07-28 10:59:08,629.15,854429,31,626.18,464077,307124,0.38292780215396527,0
2023-07-28 10:59:08,629.4,854429,30,626.18,464077,307124,0.42281611487833703,0
2023-07-28 10:59:08,629.4,854429,20,626.18,464077,307124,0.42281611487833703,0
2023-07-28 10:59:08,629.15,854429,2,626.18,464077,307124,0.38292780215396527,0
2023-07-28 10:59:12,629.15,854537,2,626.19,464729,306530,0.38292780215396527,0
2023-07-28 10:59:12,629.15,854537,16,626.19,464729,306530,0.38292780215396527,0
2023-07-28 10:59:12,629.0,854537,191,626.19,464729,306530,0.35899481451934584,0
2023-07-28 10:59:18,628.7,858345,14,626.2,454471,309015,0.311128839250107,0
2023-07-28 10:59:18,628.5,858345,5,626.2,454471,309015,0.2792181890706023,0
2023-07-28 10:59:18,628.9,858345,10,626.2,454471,309015,0.3430394894295935,0
2023-07-28 10:59:18,628.55,858345,20,626.2,454471,309015,0.2871958516154694,0
2023-07-28 10:59:18,628.55,858345,30,626.2,454471,309015,0.2871958516154694,0
2023-07-28 10:59:21,628.55,859340,30,626.2,458270,308093,0.2871958516154694,0
2023-07-28 10:59:21,628.55,859340,34,626.2,458270,308093,0.2871958516154694,0
2023-07-28 10:59:21,628.55,859340,34,626.2,458270,308093,0.2871958516154694,0
2023-07-28 10:59:21,628.55,859340,34,626.2,458270,308093,0.2871958516154694,0
2023-07-28 10:59:21,628.55,859340,231,626.2,458270,308093,0.2871958516154694,0
2023-07-28 10:59:21,628.55,859340,231,626.2,458270,308093,0.2871958516154694,0
2023-07-28 10:59:21,628.55,859340,231,626.2,458270,308093,0.2871958516154694,0
2023-07-28 10:59:24,628.8,859883,1,626.2,458970,307192,0.32708416433984117,0
2023-07-28 10:59:24,628.55,859883,1,626.2,458970,307192,0.2871958516154694,0
2023-07-28 10:59:24,628.55,859883,2,626.2,458970,307192,0.2871958516154694,0
2023-07-28 10:59:24,628.75,859883,1,626.2,458970,307192,0.3191065017949741,0
2023-07-28 10:59:30,628.5,866310,7,626.22,459312,300822,0.2792181890706023,0
2023-07-28 10:59:30,628.75,866310,99,626.22,459312,300822,0.3191065017949741,0
2023-07-28 10:59:30,628.55,866310,1,626.22,459312,300822,0.2871958516154694,0
2023-07-28 10:59:33,628.7,867399,50,626.22,458982,300311,0.311128839250107,0
2023-07-28 10:59:33,628.9,867399,31,626.22,458982,300311,0.3430394894295935,0
2023-07-28 10:59:33,628.95,867399,1,626.22,458982,300311,0.35101715197447875,0
2023-07-28 10:59:40,628.95,867799,5,626.22,461801,298511,0.35101715197447875,0
2023-07-28 10:59:40,628.95,867799,24,626.22,461801,298511,0.35101715197447875,0
2023-07-28 10:59:40,628.65,867799,13,626.22,461801,298511,0.30315117670522174,0
2023-07-28 10:59:40,628.65,867799,48,626.22,461801,298511,0.30315117670522174,0
2023-07-28 10:59:40,628.95,867799,1,626.22,461801,298511,0.35101715197447875,0
2023-07-28 10:59:43,628.95,868100,100,626.22,460866,297998,0.35101715197447875,0
2023-07-28 10:59:44,629.0,868245,445,626.22,459072,304652,0.35899481451934584,0
2023-07-28 10:59:44,629.2,868245,83,626.22,459072,304652,0.3909054646988505,0
2023-07-28 10:59:44,629.25,868245,22,626.22,459072,304652,0.3988831272437176,0
2023-07-28 10:59:53,629.25,869364,22,626.23,461501,304129,0.3988831272437176,0
2023-07-28 10:59:53,629.25,869364,46,626.23,461501,304129,0.3988831272437176,0
2023-07-28 10:59:53,628.95,869364,3,626.23,461501,304129,0.35101715197447875,0
2023-07-28 10:59:53,629.25,869364,111,626.23,461501,304129,0.3988831272437176,0
2023-07-28 10:59:53,629.35,869364,10,626.23,461501,304129,0.41483845233346994,0
2023-07-28 10:59:58,629.35,869856,10,626.23,461920,301509,0.41483845233346994,0
2023-07-28 10:59:58,629.0,869856,73,626.23,461920,301509,0.35899481451934584,0
2023-07-28 10:59:58,629.3,869856,10,626.23,461920,301509,0.4068607897885847,0
2023-07-28 10:59:58,629.0,869856,4,626.23,461920,301509,0.35899481451934584,0
2023-07-28 10:59:58,629.25,869856,1,626.23,461920,301509,0.3988831272437176,0
2023-07-28 11:00:03,629.25,870008,25,626.23,462738,301452,0.3988831272437176,0
2023-07-28 11:00:03,629.25,870008,3,626.23,462738,301452,0.3988831272437176,0
2023-07-28 11:00:03,629.0,870008,1,626.23,462738,301452,0.35899481451934584,0
2023-07-28 11:00:04,629.0,870036,4,626.23,462731,301694,0.35899481451934584,0
2023-07-28 11:00:06,629.0,870040,4,626.23,462427,301886,0.35899481451934584,0
2023-07-28 11:00:06,629.0,870040,4,626.23,462427,301911,0.35899481451934584,0
2023-07-28 11:00:09,629.25,870090,50,626.23,462718,301690,0.3988831272437176,0
2023-07-28 11:00:09,629.25,870090,14,626.23,462718,301690,0.3988831272437176,0
2023-07-28 11:00:09,629.25,870115,14,626.23,463014,301698,0.3988831272437176,0
2023-07-28 11:00:10,629.0,870119,1,626.23,462898,301801,0.35899481451934584,0
2023-07-28 11:00:10,629.25,870119,1,626.23,462898,301801,0.3988831272437176,0
2023-07-28 11:00:11,629.25,870120,1,626.23,462898,301820,0.3988831272437176,0
2023-07-28 11:00:11,629.25,870120,1,626.23,463024,301841,0.3988831272437176,0
2023-07-28 11:00:11,629.25,870120,2,626.23,463024,301841,0.3988831272437176,0
2023-07-28 11:00:15,629.3,870320,172,626.23,463736,301786,0.4068607897885847,0
2023-07-28 11:00:15,629.35,870381,3,626.23,464017,301547,0.41483845233346994,0
2023-07-28 11:00:15,629.05,870423,7,626.23,464130,301497,0.36697247706421293,0
2023-07-28 11:00:18,629.3,870433,2,626.23,461526,301435,0.4068607897885847,0
2023-07-28 11:00:18,629.35,870435,1,626.23,462413,300528,0.41483845233346994,0
2023-07-28 11:00:18,629.1,870442,1,626.23,463059,302562,0.3749501396090982,0
2023-07-28 11:00:19,629.1,870443,1,626.23,462387,301919,0.3749501396090982,0
2023-07-28 11:00:19,629.1,870443,5,626.23,462454,302238,0.3749501396090982,0
2023-07-28 11:00:22,629.1,870448,1,626.23,462425,302129,0.3749501396090982,0
2023-07-28 11:00:23,629.35,870450,1,626.23,462266,302251,0.41483845233346994,0
2023-07-28 11:00:24,629.4,870561,100,626.23,463191,302000,0.42281611487833703,0
2023-07-28 11:00:25,629.4,870581,4,626.23,463175,302251,0.42281611487833703,0
2023-07-28 11:00:25,629.4,870581,1,626.23,463175,302251,0.42281611487833703,0
2023-07-28 11:00:26,629.4,870585,1,626.23,462668,302273,0.42281611487833703,0
2023-07-28 11:00:27,629.4,870588,2,626.23,462691,302301,0.42281611487833703,0
2023-07-28 11:00:28,629.4,870593,4,626.23,462824,302326,0.42281611487833703,0
2023-07-28 11:00:28,629.4,870593,1,626.23,462824,302326,0.42281611487833703,0
2023-07-28 11:00:28,629.25,870593,2,626.23,462824,302326,0.3988831272437176,0
2023-07-28 11:00:31,629.4,870608,1,626.23,462668,302306,0.42281611487833703,0
2023-07-28 11:00:31,629.4,870608,1,626.23,465719,302777,0.42281611487833703,0
2023-07-28 11:00:31,629.4,870608,24,626.23,465719,302777,0.42281611487833703,0
2023-07-28 11:00:34,629.4,870633,24,626.23,465769,302921,0.42281611487833703,0
2023-07-28 11:00:34,629.7,870633,55,626.23,465769,302921,0.470682090147594,0
2023-07-28 11:00:35,629.7,871400,55,626.24,466394,301677,0.470682090147594,0
2023-07-28 11:00:36,629.75,871772,14,626.24,466274,301726,0.4786597526924611,0
2023-07-28 11:00:36,629.4,871772,2,626.24,466274,301726,0.42281611487833703,0
2023-07-28 11:00:38,629.55,871981,9,626.24,464484,303670,0.44674910251295646,0
2023-07-28 11:00:38,629.55,871981,1,626.24,464484,303670,0.44674910251295646,0
2023-07-28 11:00:38,629.55,871987,1,626.24,464689,303745,0.44674910251295646,0
2023-07-28 11:00:38,629.55,871987,1,626.24,464689,303745,0.44674910251295646,0
2023-07-28 11:00:40,629.55,871990,1,626.24,464737,303889,0.44674910251295646,0
2023-07-28 11:00:40,629.55,872014,23,626.24,464755,303826,0.44674910251295646,0
2023-07-28 11:00:40,629.7,872014,9,626.24,464755,303826,0.470682090147594,0
2023-07-28 11:00:42,629.75,874468,1,626.25,466253,301031,0.4786597526924611,0
2023-07-28 11:00:42,629.75,874468,50,626.25,466253,301031,0.4786597526924611,0
2023-07-28 11:00:42,629.75,875088,50,626.25,466278,301753,0.4786597526924611,0
2023-07-28 11:00:42,629.75,875088,54,626.25,466278,301753,0.4786597526924611,0
2023-07-28 11:00:44,629.75,875279,5,626.25,466369,301737,0.4786597526924611,0
2023-07-28 11:00:45,629.8,875380,30,626.25,466320,301517,0.48663741523732823,0
2023-07-28 11:00:45,629.8,875380,3,626.25,466320,301517,0.48663741523732823,0
2023-07-28 11:00:46,629.6,876776,7,626.26,466091,300379,0.4547267650578417,0
2023-07-28 11:00:46,629.85,876776,5,626.26,466091,300379,0.4946150777822134,0
2023-07-28 11:00:47,629.9,877377,1,626.26,467109,300446,0.5025927403270806,0
2023-07-28 11:00:47,629.95,877483,17,626.26,465278,300856,0.5105704028719658,0
2023-07-28 11:00:47,629.9,877483,24,626.26,465278,300856,0.5025927403270806,0
2023-07-28 11:00:48,629.9,877554,24,626.26,464858,302390,0.5025927403270806,0
2023-07-28 11:00:48,629.6,877554,11,626.26,464858,302390,0.4547267650578417,0
2023-07-28 11:00:50,629.6,877566,1,626.26,464925,302390,0.4547267650578417,0
2023-07-28 11:00:50,629.6,877566,1,626.26,464935,302411,0.4547267650578417,0
2023-07-28 11:00:52,629.9,877569,3,626.26,465111,302229,0.5025927403270806,0
2023-07-28 11:00:54,629.85,877581,11,626.26,465409,302048,0.4946150777822134,0
2023-07-28 11:00:55,629.85,877652,10,626.26,465271,301988,0.4946150777822134,0
2023-07-28 11:00:55,629.9,877663,1,626.26,465439,301691,0.5025927403270806,0
2023-07-28 11:00:55,629.7,877663,2,626.26,465439,301691,0.470682090147594,0
2023-07-28 11:00:56,629.7,877665,2,626.26,464952,301577,0.470682090147594,0
2023-07-28 11:00:56,629.7,877665,2,626.26,462841,301577,0.470682090147594,0
2023-07-28 11:00:56,629.9,877665,5,626.26,462841,301577,0.5025927403270806,0
2023-07-28 11:00:58,629.85,877670,1,626.26,464830,301547,0.4946150777822134,0
2023-07-28 11:00:59,629.85,877671,4,626.26,464891,301584,0.4946150777822134,0
2023-07-28 11:01:00,629.85,877724,4,626.26,464266,301826,0.4946150777822134,0
2023-07-28 11:01:00,629.7,877724,5,626.26,464266,301826,0.470682090147594,0
2023-07-28 11:01:02,629.75,877733,1,626.26,463014,302235,0.4786597526924611,0
2023-07-28 11:01:02,629.65,877733,1,626.26,463014,302235,0.4627044276027088,0
2023-07-28 11:01:02,629.65,877734,1,626.26,463987,302149,0.4627044276027088,0
2023-07-28 11:01:03,629.7,877735,1,626.26,464240,301873,0.470682090147594,0
2023-07-28 11:01:03,629.7,877735,1,626.26,464331,301894,0.470682090147594,0
2023-07-28 11:01:03,629.7,877735,1,626.26,464133,301875,0.470682090147594,0
2023-07-28 11:01:07,629.65,877744,1,626.26,463962,301913,0.4627044276027088,0
2023-07-28 11:01:07,629.65,877745,1,626.26,460520,299432,0.4627044276027088,0
2023-07-28 11:01:09,629.8,877812,50,626.26,461219,298755,0.48663741523732823,0
2023-07-28 11:01:09,629.7,877812,10,626.26,461219,298755,0.470682090147594,0
2023-07-28 11:01:09,629.9,877849,27,626.26,461173,298973,0.5025927403270806,0
2023-07-28 11:01:11,629.7,877856,1,626.26,461312,299173,0.470682090147594,0
2023-07-28 11:01:11,629.85,877856,19,626.26,461312,299173,0.4946150777822134,0
2023-07-28 11:01:11,629.85,877876,19,626.26,461262,299158,0.4946150777822134,0
2023-07-28 11:01:12,629.7,877879,3,626.26,461250,299398,0.470682090147594,0
2023-07-28 11:01:12,629.7,877879,3,626.26,461300,299398,0.470682090147594,0
2023-07-28 11:01:12,629.7,877879,3,626.26,461310,299398,0.470682090147594,0
2023-07-28 11:01:12,629.65,877879,1,626.26,461310,299398,0.4627044276027088,0
2023-07-28 11:01:16,629.55,877946,2,626.26,459647,300465,0.44674910251295646,0
2023-07-28 11:01:16,629.5,877946,2,626.26,459647,300465,0.43877143996808937,0
2023-07-28 11:01:16,629.5,877956,1,626.26,459941,300430,0.43877143996808937,0
2023-07-28 11:01:18,629.4,877962,3,626.26,459869,301244,0.42281611487833703,0
2023-07-28 11:01:18,629.4,877962,3,626.26,459869,301244,0.42281611487833703,0
2023-07-28 11:01:19,629.5,877980,3,626.26,460218,299748,0.43877143996808937,0
2023-07-28 11:01:19,629.7,877980,5,626.26,460218,299741,0.470682090147594,0
2023-07-28 11:01:21,629.5,878010,5,626.26,459344,299711,0.43877143996808937,0
2023-07-28 11:01:21,629.7,878015,5,626.26,459436,299711,0.470682090147594,0
2023-07-28 11:01:24,629.7,878030,10,626.26,462462,302774,0.470682090147594,0
2023-07-28 11:01:24,629.5,878030,3,626.26,462462,302774,0.43877143996808937,0
2023-07-28 11:01:25,629.5,878040,7,626.26,462452,302778,0.43877143996808937,0
2023-07-28 11:01:25,629.5,878040,2,626.26,462452,302778,0.43877143996808937,0
2023-07-28 11:01:25,629.5,878042,2,626.26,462544,302554,0.43877143996808937,0
2023-07-28 11:01:27,629.5,878071,12,626.26,462360,303080,0.43877143996808937,0
2023-07-28 11:01:28,629.5,878257,1,626.26,462661,303122,0.43877143996808937,0
2023-07-28 11:01:29,629.5,878286,1,626.26,462552,303186,0.43877143996808937,0
2023-07-28 11:01:29,629.7,878286,10,626.26,462552,303186,0.470682090147594,0
2023-07-28 11:01:30,629.4,878300,2,626.26,462597,302907,0.42281611487833703,0
2023-07-28 11:01:32,629.7,878317,7,626.26,463385,303042,0.470682090147594,0
2023-07-28 11:01:32,629.7,878343,1,626.26,463377,303188,0.470682090147594,0
2023-07-28 11:01:33,629.4,878347,4,626.26,463302,303196,0.42281611487833703,0
2023-07-28 11:01:34,629.4,878350,2,626.26,463348,303424,0.42281611487833703,0
2023-07-28 11:01:35,629.4,878351,1,626.26,463447,303524,0.42281611487833703,0
2023-07-28 11:01:35,629.4,878351,1,626.26,463231,303524,0.42281611487833703,0
2023-07-28 11:01:35,629.4,878351,1,626.26,463261,303524,0.42281611487833703,0
2023-07-28 11:01:35,629.4,878351,1,626.26,469540,303649,0.42281611487833703,0
2023-07-28 11:01:35,629.4,878351,1,626.26,469554,303579,0.42281611487833703,0
2023-07-28 11:01:35,629.4,878351,1,626.26,469657,303808,0.42281611487833703,0
2023-07-28 11:01:35,629.4,878351,1,626.26,469656,303808,0.42281611487833703,0
2023-07-28 11:01:35,629.6,878351,1,626.26,469656,303808,0.4547267650578417,0
2023-07-28 11:01:42,629.6,878352,1,626.26,469666,303817,0.4547267650578417,0
2023-07-28 11:01:42,629.6,878352,1,626.26,469809,303817,0.4547267650578417,0
2023-07-28 11:01:42,629.6,878352,1,626.26,469809,303817,0.4547267650578417,0
2023-07-28 11:01:42,629.6,878352,1,626.26,469678,303750,0.4547267650578417,0
2023-07-28 11:01:42,629.6,878352,1,626.26,469713,303835,0.4547267650578417,0
2023-07-28 11:01:42,629.4,878352,1,626.26,469571,303835,0.42281611487833703,0
2023-07-28 11:01:49,629.55,878357,3,626.26,469533,303672,0.44674910251295646,0
2023-07-28 11:01:49,629.4,878357,1,626.26,469533,303672,0.42281611487833703,0
2023-07-28 11:01:50,629.4,878378,3,626.26,469582,303730,0.42281611487833703,0
2023-07-28 11:01:51,629.4,878385,1,626.26,469713,303747,0.42281611487833703,0
2023-07-28 11:01:52,629.55,878517,16,626.26,469652,303731,0.44674910251295646,0
2023-07-28 11:01:52,629.4,878517,19,626.26,469652,303731,0.42281611487833703,0
2023-07-28 11:01:54,629.55,878537,1,626.26,469633,303665,0.44674910251295646,0
2023-07-28 11:01:54,629.55,878545,5,626.26,469551,303693,0.44674910251295646,0
2023-07-28 11:01:55,629.4,878546,1,626.26,470023,303693,0.42281611487833703,0
2023-07-28 11:01:55,629.4,878546,1,626.26,470023,303693,0.42281611487833703,0
2023-07-28 11:01:56,629.4,878547,1,626.26,470022,303743,0.42281611487833703,0
2023-07-28 11:01:59,629.4,878557,1,626.26,470050,302717,0.42281611487833703,0
2023-07-28 11:01:59,629.6,878714,24,626.26,470116,302631,0.4547267650578417,0
2023-07-28 11:01:59,629.65,878714,43,626.26,470116,302631,0.4627044276027088,0
2023-07-28 11:02:01,629.4,878790,10,626.26,469937,302918,0.42281611487833703,0
2023-07-28 11:02:01,629.4,878790,1,626.26,469937,302918,0.42281611487833703,0
2023-07-28 11:02:04,629.7,878801,10,626.26,469611,302900,0.470682090147594,0
2023-07-28 11:02:04,629.65,878904,100,626.26,469348,303812,0.4627044276027088,0
2023-07-28 11:02:04,629.45,878904,5,626.26,469348,303812,0.4307937774232223,0
2023-07-28 11:02:04,629.7,878904,10,626.26,469348,303812,0.470682090147594,0
2023-07-28 11:02:06,629.7,878929,10,626.26,469439,303822,0.470682090147594,0
2023-07-28 11:02:06,629.45,878929,1,626.26,469439,303822,0.4307937774232223,0
2023-07-28 11:02:06,629.45,878929,9,626.26,469439,303822,0.4307937774232223,0
2023-07-28 11:02:06,629.7,878929,8,626.26,469439,303822,0.470682090147594,0
2023-07-28 11:02:06,629.7,878929,1,626.26,469439,303822,0.470682090147594,0
2023-07-28 11:02:11,629.55,878971,6,626.26,469574,303751,0.44674910251295646,0
2023-07-28 11:02:11,629.55,878977,6,626.26,470810,303780,0.44674910251295646,0
2023-07-28 11:02:11,629.7,878977,50,626.26,470810,303780,0.470682090147594,0
2023-07-28 11:02:11,629.7,878977,50,626.26,470810,303780,0.470682090147594,0
2023-07-28 11:02:11,629.7,878977,25,626.26,470810,303780,0.470682090147594,0
2023-07-28 11:02:11,629.7,878977,1,626.26,470810,303780,0.470682090147594,0
2023-07-28 11:02:11,629.7,878977,1,626.26,470810,303780,0.470682090147594,0
2023-07-28 11:02:11,629.7,878977,1,626.26,470810,303780,0.470682090147594,0
2023-07-28 11:02:11,629.7,878977,1,626.26,470810,303780,0.470682090147594,0
2023-07-28 11:02:23,629.7,879054,26,626.27,471096,303610,0.470682090147594,0
2023-07-28 11:02:23,629.7,879054,26,626.27,471096,303610,0.470682090147594,0
2023-07-28 11:02:23,629.7,879054,26,626.27,471096,303610,0.470682090147594,0
2023-07-28 11:02:26,629.55,879092,5,626.27,470926,303805,0.44674910251295646,0
2023-07-28 11:02:31,629.55,879097,5,626.27,470817,304364,0.44674910251295646,0
2023-07-28 11:02:31,629.55,879097,1,626.27,470817,304364,0.44674910251295646,0
2023-07-28 11:02:31,629.7,879097,5,626.27,470817,304364,0.470682090147594,0
2023-07-28 11:02:39,629.7,879106,3,626.27,471263,304177,0.470682090147594,0
2023-07-28 11:02:39,629.55,879106,2,626.27,471263,304177,0.44674910251295646,0
2023-07-28 11:02:39,629.55,879106,20,626.27,471263,304177,0.44674910251295646,0
2023-07-28 11:02:39,629.7,879106,100,626.27,471263,304177,0.470682090147594,0
2023-07-28 11:02:43,629.55,879228,14,626.27,471505,303566,0.44674910251295646,0
2023-07-28 11:02:43,629.7,879228,50,626.27,471505,303566,0.470682090147594,0
2023-07-28 11:02:47,629.6,879296,1,626.27,471396,302875,0.4547267650578417,0
2023-07-28 11:02:47,629.55,879296,5,626.27,471396,302875,0.44674910251295646,0
2023-07-28 11:02:47,629.7,879296,20,626.27,471396,302875,0.470682090147594,0
2023-07-28 11:02:52,629.7,879326,22,626.27,472289,303116,0.470682090147594,0
2023-07-28 11:02:52,629.7,879326,20,626.27,472289,303116,0.470682090147594,0
2023-07-28 11:02:52,629.55,879326,40,626.27,472289,303116,0.44674910251295646,0
2023-07-28 11:02:52,629.7,879326,20,626.27,472289,303116,0.470682090147594,0
2023-07-28 11:02:52,629.7,879326,100,626.27,472289,303116,0.470682090147594,0
2023-07-28 11:02:56,629.6,879542,5,626.27,472095,303529,0.4547267650578417,0
2023-07-28 11:02:56,629.55,879542,22,626.27,472095,303529,0.44674910251295646,0
2023-07-28 11:02:56,629.6,879542,5,626.27,472095,303529,0.4547267650578417,0
2023-07-28 11:02:56,629.6,879542,1,626.27,472095,303529,0.4547267650578417,0
2023-07-28 11:03:00,629.6,879581,1,626.27,472160,303911,0.4547267650578417,0
2023-07-28 11:03:00,629.55,879581,189,626.27,472160,303911,0.44674910251295646,0
2023-07-28 11:03:00,629.6,879581,7,626.27,472160,303911,0.4547267650578417,0
2023-07-28 11:03:00,629.7,879581,141,626.27,472160,303911,0.470682090147594,0
2023-07-28 11:03:04,629.7,880571,120,626.27,472081,302219,0.470682090147594,0
2023-07-28 11:03:04,629.55,880571,21,626.27,472081,302219,0.44674910251295646,0
2023-07-28 11:03:04,629.6,880571,7,626.27,472081,302219,0.4547267650578417,0
2023-07-28 11:03:04,629.45,880571,93,626.27,472081,302219,0.4307937774232223,0
2023-07-28 11:03:12,629.6,881475,4,626.27,471705,302350,0.4547267650578417,0
2023-07-28 11:03:14,629.6,881563,65,626.27,471191,302621,0.4547267650578417,0
2023-07-28 11:03:14,629.6,881563,25,626.27,471191,302621,0.4547267650578417,0
2023-07-28 11:03:14,629.6,881563,10,626.27,471191,302621,0.4547267650578417,0
2023-07-28 11:03:14,629.55,881563,1,626.27,471191,302621,0.44674910251295646,0
2023-07-28 11:03:22,629.45,881687,1,626.28,471102,303680,0.4307937774232223,0
2023-07-28 11:03:22,629.6,881687,20,626.28,471102,303680,0.4547267650578417,0
2023-07-28 11:03:22,629.65,881687,15,626.28,471102,303680,0.4627044276027088,0
2023-07-28 11:03:22,629.45,881687,2,626.28,471102,303680,0.4307937774232223,0
2023-07-28 11:03:26,629.55,881779,14,626.28,471356,303609,0.44674910251295646,0
2023-07-28 11:03:26,629.65,881779,2,626.28,471356,303609,0.4627044276027088,0
2023-07-28 11:03:29,629.55,881796,2,626.28,471355,303909,0.44674910251295646,0
2023-07-28 11:03:29,629.65,881796,10,626.28,471355,303909,0.4627044276027088,0
2023-07-28 11:03:34,629.65,881808,10,626.28,471374,303896,0.4627044276027088,0
2023-07-28 11:03:34,629.55,881808,2,626.28,471374,303896,0.44674910251295646,0
2023-07-28 11:03:36,629.55,881810,2,626.28,471374,303951,0.44674910251295646,0
2023-07-28 11:03:36,629.55,881810,2,626.28,471467,304464,0.44674910251295646,0
2023-07-28 11:03:36,629.65,881810,21,626.28,471467,304464,0.4627044276027088,0
2023-07-28 11:03:48,629.55,881834,1,626.28,471424,304620,0.44674910251295646,0
2023-07-28 11:03:48,629.55,881834,5,626.28,471424,304620,0.44674910251295646,0
2023-07-28 11:03:50,629.5,881843,1,626.28,471814,304929,0.43877143996808937,0
2023-07-28 11:03:53,629.5,881844,1,626.28,471494,304864,0.43877143996808937,0
2023-07-28 11:03:53,629.5,881844,2,626.28,471494,304864,0.43877143996808937,0
2023-07-28 11:03:53,629.5,881844,1,626.28,471494,304864,0.43877143996808937,0
2023-07-28 11:03:53,629.5,881844,2,626.28,471494,304864,0.43877143996808937,0
2023-07-28 11:03:59,629.45,881850,1,626.28,471593,304504,0.4307937774232223,0
2023-07-28 11:03:59,629.5,881850,1,626.28,471593,304504,0.43877143996808937,0
2023-07-28 11:03:59,629.5,881850,8,626.28,471593,304504,0.43877143996808937,0
2023-07-28 11:04:04,629.45,881860,2,626.28,471707,304658,0.4307937774232223,0
2023-07-28 11:04:04,629.5,881860,15,626.28,471707,304658,0.43877143996808937,0
2023-07-28 11:04:04,629.55,881860,2,626.28,471707,304658,0.44674910251295646,0
2023-07-28 11:04:04,629.75,881860,22,626.28,471707,304658,0.4786597526924611,0
2023-07-28 11:04:08,629.7,884484,63,626.29,474963,300986,0.470682090147594,0
2023-07-28 11:04:08,629.85,884484,2,626.29,474963,300986,0.4946150777822134,0
2023-07-28 11:04:10,629.85,885020,2,626.29,475168,302866,0.4946150777822134,0
2023-07-28 11:04:10,629.75,885020,5,626.29,475168,302866,0.4786597526924611,0
2023-07-28 11:04:10,629.75,885020,2,626.29,475168,302866,0.4786597526924611,0
2023-07-28 11:04:17,629.75,885296,19,626.29,482428,302937,0.4786597526924611,0
2023-07-28 11:04:17,629.85,885296,1,626.29,482428,302937,0.4946150777822134,0
2023-07-28 11:04:17,629.75,885296,1,626.29,482428,302937,0.4786597526924611,0
2023-07-28 11:04:20,629.75,885343,5,626.29,482294,303207,0.4786597526924611,0
2023-07-28 11:04:20,629.65,885343,1,626.29,482294,303207,0.4627044276027088,0
2023-07-28 11:04:20,629.75,885343,1,626.29,482294,303207,0.4786597526924611,0
2023-07-28 11:04:20,629.75,885343,1,626.29,482294,303207,0.4786597526924611,0
2023-07-28 11:04:20,629.75,885343,1,626.29,482294,303207,0.4786597526924611,0
2023-07-28 11:04:20,629.75,885343,1,626.29,482294,303207,0.4786597526924611,0
2023-07-28 11:04:20,629.75,885343,1,626.29,482294,303207,0.4786597526924611,0
2023-07-28 11:04:20,630.0,885343,183,626.29,482294,303207,0.5185480654168328,0
2023-07-28 11:04:28,629.75,889391,549,626.31,479324,300353,0.4786597526924611,0
2023-07-28 11:04:28,629.8,889391,60,626.31,479324,300353,0.48663741523732823,0
2023-07-28 11:04:28,630.0,889391,50,626.31,479324,300353,0.5185480654168328,0
2023-07-28 11:04:28,629.8,889391,10,626.31,479324,300353,0.48663741523732823,0
2023-07-28 11:04:28,629.8,889391,10,626.31,479324,300353,0.48663741523732823,0
2023-07-28 11:04:33,629.8,890133,10,626.31,479527,300184,0.48663741523732823,0
2023-07-28 11:04:33,629.75,890133,21,626.31,479527,300184,0.4786597526924611,0
2023-07-28 11:04:33,629.75,890133,1,626.31,479527,300184,0.4786597526924611,0
2023-07-28 11:04:33,629.75,890133,1,626.31,479527,300184,0.4786597526924611,0
2023-07-28 11:04:33,629.75,890133,1,626.31,479527,300184,0.4786597526924611,0
2023-07-28 11:04:38,629.8,891279,1,626.31,478079,299807,0.48663741523732823,0
2023-07-28 11:04:38,630.0,891279,11,626.31,478079,299807,0.5185480654168328,0
2023-07-28 11:04:38,629.8,891279,11,626.31,478079,299807,0.48663741523732823,0
2023-07-28 11:04:43,629.8,891532,11,626.31,479426,299947,0.48663741523732823,0
2023-07-28 11:04:43,629.8,891532,35,626.31,479426,299947,0.48663741523732823,0
2023-07-28 11:04:43,629.8,891532,1,626.31,479426,299947,0.48663741523732823,0
2023-07-28 11:04:43,629.8,891532,1,626.31,479426,299947,0.48663741523732823,0
2023-07-28 11:04:48,629.8,891582,1,626.31,479346,299838,0.48663741523732823,0
2023-07-28 11:04:48,629.8,891582,7,626.31,479346,299838,0.48663741523732823,0
2023-07-28 11:04:48,630.0,891582,161,626.31,479346,299838,0.5185480654168328,0
2023-07-28 11:04:52,629.8,892039,4,626.32,479209,299871,0.48663741523732823,0
2023-07-28 11:04:52,629.95,892039,1,626.32,479209,299871,0.5105704028719658,0
2023-07-28 11:04:52,629.8,892039,1,626.32,479209,299871,0.48663741523732823,0
2023-07-28 11:04:52,630.0,892039,60,626.32,479209,299871,0.5185480654168328,0
2023-07-28 11:04:56,629.95,892310,15,626.32,479176,299671,0.5105704028719658,0
2023-07-28 11:04:56,629.8,892310,1,626.32,479176,299671,0.48663741523732823,0
2023-07-28 11:04:56,630.0,892310,15,626.32,479176,299671,0.5185480654168328,0
2023-07-28 11:04:56,630.0,892310,5,626.32,479176,299671,0.5185480654168328,0
2023-07-28 11:04:59,629.95,892387,27,626.32,478730,299755,0.5105704028719658,0
2023-07-28 11:04:59,630.0,892387,1,626.32,478730,299755,0.5185480654168328,0
2023-07-28 11:05:01,629.75,892477,10,626.32,477061,301221,0.4786597526924611,0
2023-07-28 11:05:01,630.0,892477,25,626.32,477061,301221,0.5185480654168328,0
2023-07-28 11:05:01,630.0,892477,1,626.32,477061,301221,0.5185480654168328,0
2023-07-28 11:05:01,629.95,892477,15,626.32,477061,301221,0.5105704028719658,0
2023-07-28 11:05:08,629.95,892830,140,626.32,477066,300576,0.5105704028719658,0
2023-07-28 11:05:08,629.95,892830,38,626.32,477066,300576,0.5105704028719658,0
2023-07-28 11:05:09,629.75,892921,11,626.32,476717,300740,0.4786597526924611,0
2023-07-28 11:05:09,629.95,892921,5,626.32,476717,300740,0.5105704028719658,0
2023-07-28 11:05:09,629.95,892921,5,626.32,476717,300740,0.5105704028719658,0
2023-07-28 11:05:09,629.95,892921,100,626.32,476717,300740,0.5105704028719658,0
2023-07-28 11:05:16,629.9,893047,16,626.32,476984,300612,0.5025927403270806,0
2023-07-28 11:05:16,629.9,893047,5,626.32,476984,300612,0.5025927403270806,0
2023-07-28 11:05:16,629.9,893047,1,626.32,476984,300612,0.5025927403270806,0
2023-07-28 11:05:20,629.95,893177,62,626.32,477203,300474,0.5105704028719658,0
2023-07-28 11:05:20,629.95,893177,24,626.32,477203,300474,0.5105704028719658,0
2023-07-28 11:05:20,629.95,893177,24,626.32,477203,300474,0.5105704028719658,0
2023-07-28 11:05:20,629.8,893177,1,626.32,477203,300474,0.48663741523732823,0
2023-07-28 11:05:20,629.8,893177,1,626.32,477203,300474,0.48663741523732823,0
2023-07-28 11:05:20,629.95,893177,50,626.32,477203,300474,0.5105704028719658,0
2023-07-28 11:05:25,629.95,893495,11,626.32,477008,302050,0.5105704028719658,0
2023-07-28 11:05:25,629.95,893495,28,626.32,477008,302050,0.5105704028719658,0
2023-07-28 11:05:25,629.95,893495,28,626.32,477008,302050,0.5105704028719658,0
2023-07-28 11:05:25,629.95,893495,28,626.32,477008,302050,0.5105704028719658,0
2023-07-28 11:05:25,629.75,893495,4,626.32,477008,302050,0.4786597526924611,0
2023-07-28 11:05:25,629.95,893495,64,626.32,477008,302050,0.5105704028719658,0
2023-07-28 11:05:25,629.75,893495,28,626.32,477008,302050,0.4786597526924611,0
2023-07-28 11:05:25,629.75,893495,27,626.32,477008,302050,0.4786597526924611,0
2023-07-28 11:05:25,629.8,893495,20,626.32,477008,302050,0.48663741523732823,0
2023-07-28 11:05:25,629.75,893495,6,626.32,477008,302050,0.4786597526924611,0
2023-07-28 11:05:32,629.75,893765,194,626.32,476546,302803,0.4786597526924611,0
2023-07-28 11:05:32,629.65,893765,4,626.32,476546,302803,0.4627044276027088,0
2023-07-28 11:05:32,629.8,893765,15,626.32,476546,302803,0.48663741523732823,0
2023-07-28 11:05:35,629.8,894309,1,626.33,476344,302888,0.48663741523732823,0
2023-07-28 11:05:35,629.75,894309,1,626.33,476344,302888,0.4786597526924611,0
2023-07-28 11:05:35,629.9,894309,2,626.33,476344,302888,0.5025927403270806,0
2023-07-28 11:05:42,629.9,894420,8,626.33,476533,303716,0.5025927403270806,0
2023-07-28 11:05:42,629.65,894420,17,626.33,476533,303716,0.4627044276027088,0
2023-07-28 11:05:43,629.6,894437,1,626.33,476959,304103,0.4547267650578417,0
2023-07-28 11:05:43,629.85,894437,3,626.33,476959,304103,0.4946150777822134,0
2023-07-28 11:05:43,629.85,894437,2,626.33,476959,304103,0.4946150777822134,0
2023-07-28 11:05:51,629.85,894444,2,626.33,477393,304686,0.4946150777822134,0
2023-07-28 11:05:51,629.55,894444,2,626.33,477393,304686,0.44674910251295646,0
2023-07-28 11:05:51,629.8,894444,10,626.33,477393,304686,0.48663741523732823,0
2023-07-28 11:05:54,629.55,894456,1,626.33,476572,305434,0.44674910251295646,0
2023-07-28 11:05:54,629.7,894456,30,626.33,476572,305434,0.470682090147594,0
2023-07-28 11:05:54,629.65,894456,30,626.33,476572,305434,0.4627044276027088,0
2023-07-28 11:05:54,629.55,894456,1,626.33,476572,305434,0.44674910251295646,0
2023-07-28 11:06:00,629.6,894777,42,626.33,475215,306577,0.4547267650578417,0
2023-07-28 11:06:00,629.6,894777,60,626.33,475215,306577,0.4547267650578417,0
2023-07-28 11:06:02,629.4,894926,23,626.33,474931,306470,0.42281611487833703,0
2023-07-28 11:06:05,629.4,894950,2,626.33,475159,306483,0.42281611487833703,0
2023-07-28 11:06:07,629.4,894957,2,626.33,475199,306483,0.42281611487833703,0
2023-07-28 11:06:07,629.6,894957,1,626.33,475199,306483,0.4547267650578417,0
2023-07-28 11:06:08,629.6,895014,53,626.33,475559,306277,0.4547267650578417,0
2023-07-28 11:06:08,629.4,895014,9,626.33,475559,306277,0.42281611487833703,0
2023-07-28 11:06:09,629.4,895028,2,626.33,468854,306425,0.42281611487833703,0
2023-07-28 11:06:10,629.5,895037,7,626.33,469290,306355,0.43877143996808937,0
2023-07-28 11:06:10,629.4,895037,1,626.33,469290,306355,0.42281611487833703,0
2023-07-28 11:06:10,629.4,895038,1,626.33,469318,306454,0.42281611487833703,0
2023-07-28 11:06:10,629.4,895038,1,626.33,469320,306433,0.42281611487833703,0
2023-07-28 11:06:10,629.4,895038,1,626.33,469319,306433,0.42281611487833703,0
2023-07-28 11:06:17,629.4,895317,42,626.33,469031,306371,0.42281611487833703,0
2023-07-28 11:06:18,629.4,895365,1,626.33,468983,306376,0.42281611487833703,0
2023-07-28 11:06:19,629.4,895366,1,626.33,468707,306573,0.42281611487833703,0
2023-07-28 11:06:19,629.5,895366,1,626.33,468707,306754,0.43877143996808937,0
2023-07-28 11:06:21,629.5,895367,1,626.33,468707,307453,0.43877143996808937,0
2023-07-28 11:06:21,629.5,895367,1,626.33,468814,307453,0.43877143996808937,0
2023-07-28 11:06:21,629.4,895367,200,626.33,468814,307453,0.42281611487833703,0
2023-07-28 11:06:24,629.4,895567,200,626.33,468824,307460,0.42281611487833703,0
2023-07-28 11:06:24,629.6,895648,1,626.33,468820,307259,0.4547267650578417,0
2023-07-28 11:06:25,629.4,895684,5,626.33,468783,307235,0.42281611487833703,0
2023-07-28 11:06:26,629.4,895689,1,626.33,469183,306724,0.42281611487833703,0
2023-07-28 11:06:27,629.4,895690,1,626.33,468883,306703,0.42281611487833703,0
2023-07-28 11:06:27,629.4,895690,1,626.33,468890,306833,0.42281611487833703,0
2023-07-28 11:06:27,629.4,895690,1,626.33,469102,305533,0.42281611487833703,0
2023-07-28 11:06:27,629.45,895690,2,626.33,469102,305533,0.4307937774232223,0
2023-07-28 11:06:27,629.45,895690,1,626.33,469102,305533,0.4307937774232223,0
2023-07-28 11:06:31,629.45,895695,1,626.33,468817,306432,0.4307937774232223,0
2023-07-28 11:06:31,629.45,895695,1,626.33,469174,306320,0.4307937774232223,0
2023-07-28 11:06:31,629.45,895695,1,626.33,469110,305705,0.4307937774232223,0
2023-07-28 11:06:31,629.45,895695,1,626.33,468831,306672,0.4307937774232223,0
2023-07-28 11:06:36,629.45,895703,1,626.33,468208,307800,0.4307937774232223,0
2023-07-28 11:06:37,629.4,895710,1,626.33,468170,307737,0.42281611487833703,0
2023-07-28 11:06:37,629.4,895729,1,626.33,468762,307855,0.42281611487833703,0
2023-07-28 11:06:38,629.35,895733,3,626.33,468802,307855,0.41483845233346994,0
2023-07-28 11:06:38,629.35,895733,13,626.33,468812,307855,0.41483845233346994,0
2023-07-28 11:06:40,629.4,895751,1,626.33,468098,307778,0.42281611487833703,0
2023-07-28 11:06:40,629.4,895751,50,626.33,468098,307778,0.42281611487833703,0
2023-07-28 11:06:41,629.4,895804,50,626.33,468523,307652,0.42281611487833703,0
2023-07-28 11:06:43,629.15,895816,2,626.33,468204,307324,0.38292780215396527,0
2023-07-28 11:06:43,629.15,895818,2,626.33,468537,306569,0.38292780215396527,0
2023-07-28 11:06:43,629.15,895818,2,626.33,468726,307111,0.38292780215396527,0
2023-07-28 11:06:43,629.4,895818,3,626.33,468726,307111,0.42281611487833703,0
2023-07-28 11:06:48,629.15,895823,1,626.33,468821,306604,0.38292780215396527,0
2023-07-28 11:06:48,629.15,895823,1,626.33,467595,307183,0.38292780215396527,0
2023-07-28 11:06:50,629.1,896059,33,626.33,468080,306538,0.3749501396090982,0
2023-07-28 11:06:50,629.35,896094,19,626.33,467855,306732,0.41483845233346994,0
2023-07-28 11:06:51,629.1,896119,1,626.33,467869,306856,0.3749501396090982,0
2023-07-28 11:06:52,629.1,896122,1,626.33,467984,307168,0.3749501396090982,0
2023-07-28 11:06:53,629.1,896123,1,626.33,468278,307121,0.3749501396090982,0
2023-07-28 11:06:53,629.1,896123,1,626.33,468409,307121,0.3749501396090982,0
2023-07-28 11:06:53,629.1,896123,1,626.33,467961,307185,0.3749501396090982,0
2023-07-28 11:06:58,629.5,896201,30,626.33,468054,307030,0.43877143996808937,0
2023-07-28 11:06:58,629.15,896213,9,626.33,468183,306934,0.38292780215396527,0
2023-07-28 11:06:59,629.2,896214,1,626.33,468136,307024,0.3909054646988505,0
2023-07-28 11:07:00,629.45,896215,1,626.33,468715,306717,0.4307937774232223,0
2023-07-28 11:07:01,629.2,896277,8,626.33,468873,307476,0.3909054646988505,0
2023-07-28 11:07:02,629.2,896286,1,626.33,468915,307476,0.3909054646988505,0
2023-07-28 11:07:03,629.2,896287,1,626.33,468897,307702,0.3909054646988505,0
2023-07-28 11:07:03,629.2,896287,1,626.33,468894,307703,0.3909054646988505,0
2023-07-28 11:07:03,629.5,896287,30,626.33,468894,307703,0.43877143996808937,0
2023-07-28 11:07:11,629.2,896322,2,626.33,469001,307751,0.3909054646988505,0
2023-07-28 11:07:11,629.2,896322,6,626.33,469001,307751,0.3909054646988505,0
2023-07-28 11:07:11,629.45,896322,1,626.33,469001,307751,0.4307937774232223,0
2023-07-28 11:07:16,629.15,896529,29,626.33,468784,307816,0.38292780215396527,0
2023-07-28 11:07:16,629.45,896529,1,626.33,468784,307816,0.4307937774232223,0
2023-07-28 11:07:16,629.2,896529,4,626.33,468784,307816,0.3909054646988505,0
2023-07-28 11:07:17,629.2,896564,4,626.33,468844,308951,0.3909054646988505,0
2023-07-28 11:07:17,629.45,896564,6,626.33,468844,308951,0.4307937774232223,0
2023-07-28 11:07:17,629.2,896564,17,626.33,468844,308951,0.3909054646988505,0
2023-07-28 11:07:23,629.5,896917,298,626.33,469656,308918,0.43877143996808937,0
2023-07-28 11:07:23,629.6,896917,23,626.33,469656,308918,0.4547267650578417,0
2023-07-28 11:07:23,629.4,896917,11,626.33,469656,308918,0.42281611487833703,0
2023-07-28 11:07:28,629.35,897006,1,626.33,468899,310290,0.41483845233346994,0
2023-07-28 11:07:28,629.2,897006,1,626.33,468899,310290,0.3909054646988505,0
2023-07-28 11:07:28,629.2,897006,8,626.33,468899,310290,0.3909054646988505,0
2023-07-28 11:07:29,629.35,897032,1,626.33,468782,309759,0.41483845233346994,0
2023-07-28 11:07:29,629.2,897032,6,626.33,468782,309759,0.3909054646988505,0
2023-07-28 11:07:36,629.2,897077,1,626.33,467168,309396,0.3909054646988505,0
2023-07-28 11:07:36,629.0,897077,159,626.33,467168,309396,0.35899481451934584,0
2023-07-28 11:07:36,629.3,897077,5,626.33,467168,309396,0.4068607897885847,0
2023-07-28 11:07:36,629.35,897077,4,626.33,467168,309396,0.41483845233346994,0
2023-07-28 11:07:44,629.3,897986,59,626.34,468172,308869,0.4068607897885847,0
2023-07-28 11:07:44,629.35,897986,16,626.34,468172,308869,0.41483845233346994,0
2023-07-28 11:07:47,629.35,898198,16,626.34,468281,308830,0.41483845233346994,0
2023-07-28 11:07:47,629.2,898198,25,626.34,468281,308830,0.3909054646988505,0
2023-07-28 11:07:47,629.05,898198,6,626.34,468281,308830,0.36697247706421293,0
2023-07-28 11:07:47,629.0,898198,26,626.34,468281,308830,0.35899481451934584,0
2023-07-28 11:07:47,629.0,898198,50,626.34,468281,308830,0.35899481451934584,0
2023-07-28 11:07:54,629.0,899049,50,626.34,466635,309202,0.35899481451934584,0
2023-07-28 11:07:54,628.85,899049,1,626.34,466635,309202,0.3350618268847264,0
2023-07-28 11:07:54,629.0,899049,388,626.34,466635,309202,0.35899481451934584,0
2023-07-28 11:07:55,629.0,899608,388,626.34,467928,308606,0.35899481451934584,0
2023-07-28 11:07:55,629.0,899608,56,626.34,467928,308606,0.35899481451934584,0
2023-07-28 11:07:55,629.0,899608,21,626.34,467928,308606,0.35899481451934584,0
2023-07-28 11:08:03,629.0,899769,21,626.34,467872,309322,0.35899481451934584,0
2023-07-28 11:08:03,629.0,899769,60,626.34,467872,309322,0.35899481451934584,0
2023-07-28 11:08:05,629.0,899853,60,626.34,467483,308398,0.35899481451934584,0
2023-07-28 11:08:05,628.8,899853,12,626.34,467483,308398,0.32708416433984117,0
2023-07-28 11:08:07,629.0,899881,15,626.34,467232,308348,0.35899481451934584,0
2023-07-28 11:08:07,629.05,899881,1,626.34,467232,308348,0.36697247706421293,0
2023-07-28 11:08:08,629.05,899939,1,626.34,467648,307676,0.36697247706421293,0
2023-07-28 11:08:09,629.05,899967,1,626.34,468099,307725,0.36697247706421293,0
2023-07-28 11:08:09,629.0,899967,4,626.34,468099,307725,0.35899481451934584,0
2023-07-28 11:08:09,629.0,899971,4,626.34,468122,307725,0.35899481451934584,0
2023-07-28 11:08:09,629.0,899971,4,626.34,468122,307519,0.35899481451934584,0
2023-07-28 11:08:09,629.0,899971,4,626.34,468133,307597,0.35899481451934584,0
2023-07-28 11:08:09,629.0,899971,4,626.34,468218,307597,0.35899481451934584,0
2023-07-28 11:08:14,629.0,900071,15,626.34,468070,307477,0.35899481451934584,0
2023-07-28 11:08:15,629.0,900086,84,626.34,467849,307556,0.35899481451934584,0
2023-07-28 11:08:16,629.25,900189,24,626.34,467355,307719,0.3988831272437176,0
2023-07-28 11:08:16,629.25,900189,1,626.34,467355,307719,0.3988831272437176,0
2023-07-28 11:08:18,629.25,900237,2,626.34,467427,307926,0.3988831272437176,0
2023-07-28 11:08:19,629.0,900238,1,626.34,467401,308349,0.35899481451934584,0
2023-07-28 11:08:19,629.0,900238,1,626.34,467422,308349,0.35899481451934584,0
2023-07-28 11:08:22,629.35,900240,71,626.34,467424,308349,0.41483845233346994,0
2023-07-28 11:08:23,629.35,901441,71,626.35,467826,308724,0.41483845233346994,0
2023-07-28 11:08:23,629.15,901441,44,626.35,467826,308724,0.38292780215396527,0
2023-07-28 11:08:23,628.9,901665,30,626.35,467778,309022,0.3430394894295935,0
2023-07-28 11:08:23,628.9,901665,30,626.35,467778,309022,0.3430394894295935,0
2023-07-28 11:08:25,628.9,901762,2,626.35,467808,309321,0.3430394894295935,0
2023-07-28 11:08:25,628.9,901762,2,626.35,467808,309321,0.3430394894295935,0
2023-07-28 11:08:26,628.9,901764,2,626.35,467817,309197,0.3430394894295935,0
2023-07-28 11:08:26,628.9,901764,2,626.35,468066,309697,0.3430394894295935,0
2023-07-28 11:08:26,629.2,901764,25,626.35,468066,309697,0.3909054646988505,0
2023-07-28 11:08:28,629.1,901789,4,626.35,468344,309847,0.3749501396090982,0
2023-07-28 11:08:29,629.1,901793,4,626.35,468305,309848,0.3749501396090982,0
2023-07-28 11:08:29,629.1,901793,4,626.35,468341,309813,0.3749501396090982,0
2023-07-28 11:08:32,629.1,901795,1,626.35,468341,309811,0.3749501396090982,0
2023-07-28 11:08:33,629.1,901812,2,626.35,468333,309795,0.3749501396090982,0
2023-07-28 11:08:33,629.1,901814,2,626.35,468346,309795,0.3749501396090982,0
2023-07-28 11:08:33,629.1,901814,2,626.35,468346,309795,0.3749501396090982,0
2023-07-28 11:08:33,629.1,901814,2,626.35,468346,309796,0.3749501396090982,0
2023-07-28 11:08:36,629.1,901820,1,626.35,468343,309794,0.3749501396090982,0
2023-07-28 11:08:37,629.1,901871,3,626.35,468233,309794,0.3749501396090982,0
2023-07-28 11:08:38,629.1,901879,1,626.35,468280,309886,0.3749501396090982,0
2023-07-28 11:08:39,629.2,901881,1,626.35,468232,309885,0.3909054646988505,0
2023-07-28 11:08:41,629.2,901885,4,626.35,468214,309952,0.3909054646988505,0
2023-07-28 11:08:41,629.1,901885,1,626.35,468214,309952,0.3749501396090982,0
2023-07-28 11:08:41,629.1,901886,1,626.35,468215,309955,0.3749501396090982,0
2023-07-28 11:08:41,629.1,901886,1,626.35,468215,309955,0.3749501396090982,0
2023-07-28 11:08:41,629.2,901886,10,626.35,468216,309952,0.3909054646988505,0
2023-07-28 11:08:45,629.2,901896,10,626.35,468220,309921,0.3909054646988505,0
2023-07-28 11:08:45,629.1,901896,2,626.35,468220,309921,0.3749501396090982,0
2023-07-28 11:08:45,629.1,901898,2,626.35,468224,310146,0.3749501396090982,0
2023-07-28 11:08:45,629.1,901898,2,626.35,468234,310146,0.3749501396090982,0
2023-07-28 11:08:45,629.1,901898,2,626.35,468234,310146,0.3749501396090982,0
2023-07-28 11:08:45,629.1,901898,2,626.35,468234,310146,0.3749501396090982,0
2023-07-28 11:08:45,629.1,901898,2,626.35,468254,310146,0.3749501396090982,0
2023-07-28 11:08:45,629.1,901898,2,626.35,468254,310146,0.3749501396090982,0
2023-07-28 11:08:45,629.1,901898,2,626.35,468252,310151,0.3749501396090982,0
2023-07-28 11:08:45,629.2,901898,5,626.35,468252,309750,0.3909054646988505,0
2023-07-28 11:08:55,629.1,901925,2,626.35,468489,309759,0.3749501396090982,0
2023-07-28 11:08:55,629.1,901928,2,626.35,468614,309536,0.3749501396090982,0
2023-07-28 11:08:55,629.1,901928,2,626.35,468638,310538,0.3749501396090982,0
2023-07-28 11:09:00,629.05,902407,30,626.35,467729,310922,0.36697247706421293,0
2023-07-28 11:09:00,629.2,902526,17,626.35,468556,310764,0.3909054646988505,0
2023-07-28 11:09:01,629.2,902543,3,626.35,468453,310884,0.3909054646988505,0
2023-07-28 11:09:02,629.2,902546,3,626.35,468450,310892,0.3909054646988505,0
2023-07-28 11:09:03,629.2,902569,4,626.35,468464,310789,0.3909054646988505,0
2023-07-28 11:09:05,629.2,902576,1,626.35,468460,310786,0.3909054646988505,0
2023-07-28 11:09:05,629.2,902577,1,626.35,468527,311202,0.3909054646988505,0
2023-07-28 11:09:05,629.4,902577,100,626.35,468527,311202,0.42281611487833703,0
2023-07-28 11:09:05,629.2,902577,176,626.35,468527,311202,0.3909054646988505,0
2023-07-28 11:09:08,629.2,902864,1,626.35,469461,310276,0.3909054646988505,0
2023-07-28 11:09:08,629.4,902864,6,626.35,469461,310276,0.42281611487833703,0
2023-07-28 11:09:08,629.4,902864,3,626.35,469461,310276,0.42281611487833703,0
2023-07-28 11:09:08,629.4,902864,10,626.35,469461,310276,0.42281611487833703,0
2023-07-28 11:09:11,629.2,902982,17,626.35,470189,314437,0.3909054646988505,0
2023-07-28 11:09:11,629.4,902982,26,626.35,470189,314437,0.42281611487833703,0
2023-07-28 11:09:14,629.2,903025,7,626.35,470207,314034,0.3909054646988505,0
2023-07-28 11:09:17,629.2,903032,1,626.35,468892,314732,0.3909054646988505,0
2023-07-28 11:09:17,629.4,903032,20,626.35,468892,314732,0.42281611487833703,0
2023-07-28 11:09:17,629.4,903032,3,626.35,468892,314732,0.42281611487833703,0
2023-07-28 11:09:17,629.4,903032,85,626.35,468892,314732,0.42281611487833703,0
2023-07-28 11:09:24,629.4,903141,85,626.35,469010,314670,0.42281611487833703,0
2023-07-28 11:09:24,629.2,903141,3,626.35,469010,314670,0.3909054646988505,0
2023-07-28 11:09:25,629.2,903184,7,626.35,468919,314051,0.3909054646988505,0
2023-07-28 11:09:25,629.4,903184,15,626.35,468919,314051,0.42281611487833703,0
2023-07-28 11:09:25,629.4,903184,10,626.35,468919,314051,0.42281611487833703,0
2023-07-28 11:09:25,629.4,903184,1,626.35,468919,314051,0.42281611487833703,0
2023-07-28 11:09:32,629.2,903217,4,626.35,469178,314006,0.3909054646988505,0
2023-07-28 11:09:32,629.4,903217,2,626.35,469178,314006,0.42281611487833703,0
2023-07-28 11:09:37,629.2,903323,16,626.35,467837,314165,0.3909054646988505,0
2023-07-28 11:09:37,629.2,903339,16,626.35,468507,315003,0.3909054646988505,0
2023-07-28 11:09:37,629.35,903339,1,626.35,468507,315003,0.41483845233346994,0
2023-07-28 11:09:37,629.3,903339,1,626.35,468507,315003,0.4068607897885847,0
2023-07-28 11:09:45,629.3,903345,1,626.35,468548,315010,0.4068607897885847,0
2023-07-28 11:09:45,629.2,903345,1,626.35,468548,315010,0.3909054646988505,0
2023-07-28 11:09:45,629.2,903345,3,626.35,468548,315010,0.3909054646988505,0
2023-07-28 11:09:49,629.2,903840,6,626.36,469130,314614,0.3909054646988505,0
2023-07-28 11:09:49,629.3,903840,52,626.36,469130,314614,0.4068607897885847,0
2023-07-28 11:09:49,629.35,903840,10,626.36,469130,314614,0.41483845233346994,0
2023-07-28 11:09:51,629.05,904000,8,626.36,468999,314563,0.36697247706421293,0
2023-07-28 11:09:51,629.3,904000,2,626.36,468999,314563,0.4068607897885847,0
2023-07-28 11:09:51,629.05,904000,3,626.36,468999,314563,0.36697247706421293,0
2023-07-28 11:09:51,629.3,904000,2,626.36,468999,314563,0.4068607897885847,0
2023-07-28 11:09:57,629.3,904053,2,626.36,468595,314632,0.4068607897885847,0
2023-07-28 11:09:57,629.3,904053,16,626.36,468595,314632,0.4068607897885847,0
2023-07-28 11:09:57,629.3,904053,12,626.36,468595,314632,0.4068607897885847,0
2023-07-28 11:09:58,629.3,904089,5,626.36,468987,313505,0.4068607897885847,0
2023-07-28 11:09:58,629.3,904089,2,626.36,468987,313505,0.4068607897885847,0
2023-07-28 11:09:58,629.4,904089,2,626.36,468987,313505,0.42281611487833703,0
2023-07-28 11:10:05,629.3,904098,2,626.36,469014,313625,0.4068607897885847,0
2023-07-28 11:10:05,629.4,904098,5,626.36,469014,313625,0.42281611487833703,0
2023-07-28 11:10:05,629.1,904098,18,626.36,469014,313625,0.3749501396090982,0
2023-07-28 11:10:05,629.3,904098,21,626.36,469014,313625,0.4068607897885847,0
2023-07-28 11:10:09,629.3,904927,21,626.36,468614,313991,0.4068607897885847,0
2023-07-28 11:10:09,629.05,904927,12,626.36,468614,313991,0.36697247706421293,0
2023-07-28 11:10:09,629.3,904927,4,626.36,468614,313991,0.4068607897885847,0
2023-07-28 11:10:13,629.3,905055,1,626.36,468491,314291,0.4068607897885847,0
2023-07-28 11:10:15,629.3,905075,1,626.36,468772,314762,0.4068607897885847,0
2023-07-28 11:10:15,629.1,905075,3,626.36,468772,314762,0.3749501396090982,0
2023-07-28 11:10:15,629.3,905075,4,626.36,468772,314762,0.4068607897885847,0
2023-07-28 11:10:23,629.3,905143,25,626.36,469911,314316,0.4068607897885847,0
2023-07-28 11:10:23,629.35,905143,10,626.36,469911,314316,0.41483845233346994,0
2023-07-28 11:10:23,629.3,905143,2,626.36,469911,314316,0.4068607897885847,0
2023-07-28 11:10:25,629.3,905166,1,626.36,469610,314180,0.4068607897885847,0
2023-07-28 11:10:29,629.1,905171,1,626.36,469650,314154,0.3749501396090982,0
2023-07-28 11:10:29,629.3,905171,5,626.36,469650,314154,0.4068607897885847,0
2023-07-28 11:10:35,629.1,905177,1,626.36,467710,314530,0.3749501396090982,0
2023-07-28 11:10:37,629.1,905178,1,626.36,467432,314319,0.3749501396090982,0
2023-07-28 11:10:37,629.1,905178,5,626.36,467432,314319,0.3749501396090982,0
2023-07-28 11:10:37,629.3,905178,25,626.36,467432,314319,0.4068607897885847,0
2023-07-28 11:10:45,629.3,905213,25,626.36,467466,314394,0.4068607897885847,0
2023-07-28 11:10:45,629.1,905213,6,626.36,467466,314394,0.3749501396090982,0
2023-07-28 11:10:49,629.3,905250,24,626.36,467450,314057,0.4068607897885847,0
2023-07-28 11:10:49,629.1,905250,5,626.36,467450,314057,0.3749501396090982,0
2023-07-28 11:10:50,629.1,905255,1,626.36,467365,314054,0.3749501396090982,0
2023-07-28 11:10:50,629.3,905255,28,626.36,467365,314054,0.4068607897885847,0
2023-07-28 11:10:55,629.1,905284,4,626.36,467220,314100,0.3749501396090982,0
2023-07-28 11:10:55,629.3,905284,5,626.36,467220,314100,0.4068607897885847,0
2023-07-28 11:10:55,629.3,905284,3,626.36,467220,314100,0.4068607897885847,0
2023-07-28 11:11:01,629.1,905296,1,626.36,467341,314045,0.3749501396090982,0
2023-07-28 11:11:01,629.3,905296,2,626.36,467341,314045,0.4068607897885847,0
2023-07-28 11:11:01,629.3,905296,1,626.36,467341,314045,0.4068607897885847,0
2023-07-28 11:11:01,629.25,905296,50,626.36,467341,314045,0.3988831272437176,0
2023-07-28 11:11:06,629.1,905352,8,626.36,468699,314103,0.3749501396090982,0
2023-07-28 11:11:06,629.1,905360,2,626.36,468876,314103,0.3749501396090982,0
2023-07-28 11:11:06,629.1,905360,1,626.36,468876,314103,0.3749501396090982,0
2023-07-28 11:11:06,629.3,905360,2,626.36,468876,314103,0.4068607897885847,0
2023-07-28 11:11:13,629.1,905367,1,626.36,469176,314121,0.3749501396090982,0
2023-07-28 11:11:13,629.05,905367,11,626.36,469176,314121,0.36697247706421293,0
2023-07-28 11:11:13,629.25,905367,25,626.36,469176,314121,0.3988831272437176,0
2023-07-28 11:11:13,629.25,905367,10,626.36,469176,314121,0.3988831272437176,0
2023-07-28 11:11:18,629.25,905433,2,626.36,468604,313970,0.3988831272437176,0
2023-07-28 11:11:18,629.25,905433,1,626.36,468604,313970,0.3988831272437176,0
2023-07-28 11:11:18,629.25,905433,10,626.36,468604,313970,0.3988831272437176,0
2023-07-28 11:11:22,629.05,905455,1,626.36,468311,315274,0.36697247706421293,0
2023-07-28 11:11:22,629.05,905455,1,626.36,468311,315274,0.36697247706421293,0
2023-07-28 11:11:22,629.25,905455,10,626.36,468311,315274,0.3988831272437176,0
2023-07-28 11:11:22,629.25,905455,10,626.36,468311,315274,0.3988831272437176,0
2023-07-28 11:11:22,629.25,905455,1,626.36,468311,315274,0.3988831272437176,0
2023-07-28 11:11:22,629.25,905455,1,626.36,468311,315274,0.3988831272437176,0
2023-07-28 11:11:22,629.25,905455,4,626.36,468311,315274,0.3988831272437176,0
2023-07-28 11:11:26,629.25,905474,4,626.36,468155,315565,0.3988831272437176,0
2023-07-28 11:11:26,629.05,905474,2,626.36,468155,315565,0.36697247706421293,0
2023-07-28 11:11:26,629.2,905474,2,626.36,468155,315565,0.3909054646988505,0
2023-07-28 11:11:26,629.2,905474,6,626.36,468155,315565,0.3909054646988505,0
2023-07-28 11:11:31,629.1,905485,1,626.36,468256,315557,0.3749501396090982,0
2023-07-28 11:11:31,629.25,905485,1,626.36,468256,315557,0.3988831272437176,0
2023-07-28 11:11:31,629.3,905485,2,626.36,468256,315557,0.4068607897885847,0
2023-07-28 11:11:34,629.2,905672,25,626.36,469950,314994,0.3909054646988505,0
2023-07-28 11:11:36,629.2,905701,25,626.36,469870,315148,0.3909054646988505,0
2023-07-28 11:11:44,629.25,905707,1,626.36,469088,315235,0.3988831272437176,0
2023-07-28 11:11:44,629.3,905708,10,626.36,467114,314741,0.4068607897885847,0
2023-07-28 11:11:44,629.3,905708,4,626.36,467114,314741,0.4068607897885847,0
2023-07-28 11:11:44,629.3,905708,10,626.36,467114,314741,0.4068607897885847,0
2023-07-28 11:11:44,629.25,905708,3,626.36,467114,314741,0.3988831272437176,0
2023-07-28 11:11:44,629.3,905708,1,626.36,467114,314741,0.4068607897885847,0
2023-07-28 11:11:53,629.25,905736,1,626.36,467346,315471,0.3988831272437176,0
2023-07-28 11:11:53,629.3,905736,10,626.36,467346,315471,0.4068607897885847,0
2023-07-28 11:11:53,629.3,905736,1,626.36,467346,315471,0.4068607897885847,0
2023-07-28 11:12:00,629.3,905750,2,626.36,467398,315558,0.4068607897885847,0
2023-07-28 11:12:00,629.25,905750,1,626.36,467398,315558,0.3988831272437176,0
2023-07-28 11:12:01,629.25,905752,1,626.36,468326,314995,0.3988831272437176,0
2023-07-28 11:12:01,629.3,905752,10,626.36,468326,314995,0.4068607897885847,0
2023-07-28 11:12:08,629.3,905764,2,626.36,468205,314196,0.4068607897885847,0
2023-07-28 11:12:08,629.25,905764,1,626.36,468205,314196,0.3988831272437176,0
2023-07-28 11:12:09,629.25,905766,1,626.36,468223,314236,0.3988831272437176,0
2023-07-28 11:12:09,629.3,905766,25,626.36,468223,314236,0.4068607897885847,0
2023-07-28 11:12:15,629.3,905799,25,626.36,467783,314407,0.4068607897885847,0
2023-07-28 11:12:15,629.25,905799,5,626.36,467783,314407,0.3988831272437176,0
2023-07-28 11:12:17,629.25,905804,1,626.36,467758,314377,0.3988831272437176,0
2023-07-28 11:12:17,629.3,905804,3,626.36,467758,314377,0.4068607897885847,0
2023-07-28 11:12:23,629.3,905808,3,626.36,468074,314150,0.4068607897885847,0
2023-07-28 11:12:23,629.3,905808,3,626.36,468074,314150,0.4068607897885847,0
2023-07-28 11:12:30,629.25,905818,5,626.36,468075,314114,0.3988831272437176,0
2023-07-28 11:12:30,629.25,905818,2,626.36,468075,314114,0.3988831272437176,0
2023-07-28 11:12:30,629.25,905820,2,626.36,467939,314396,0.3988831272437176,0
2023-07-28 11:12:30,629.1,905820,3,626.36,467939,314396,0.3749501396090982,0
2023-07-28 11:12:30,629.25,905820,1,626.36,467939,314396,0.3988831272437176,0
2023-07-28 11:12:37,629.2,906969,81,626.37,467700,314716,0.3909054646988505,0
2023-07-28 11:12:37,629.25,906969,1,626.37,467700,314716,0.3988831272437176,0
2023-07-28 11:12:37,629.2,906969,1,626.37,467700,314716,0.3909054646988505,0
2023-07-28 11:12:43,629.05,907225,10,626.37,467461,314134,0.36697247706421293,0
2023-07-28 11:12:43,629.0,907225,25,626.37,467461,314134,0.35899481451934584,0
2023-07-28 11:12:43,629.1,907225,9,626.37,467461,314134,0.3749501396090982,0
2023-07-28 11:12:43,629.1,907225,37,626.37,467461,314134,0.3749501396090982,0
2023-07-28 11:12:48,629.1,907310,12,626.37,468137,314280,0.3749501396090982,0
2023-07-28 11:12:48,629.2,907310,1,626.37,468137,314280,0.3909054646988505,0
2023-07-28 11:12:48,629.1,907310,25,626.37,468137,314280,0.3749501396090982,0
2023-07-28 11:12:52,629.1,907348,6,626.37,468679,314186,0.3749501396090982,0
2023-07-28 11:12:52,629.3,907348,5,626.37,468679,314186,0.4068607897885847,0
2023-07-28 11:12:53,629.3,907387,5,626.37,469148,314295,0.4068607897885847,0
2023-07-28 11:12:57,629.1,907393,1,626.37,468881,314961,0.3749501396090982,0
2023-07-28 11:13:01,629.1,907394,1,626.37,468766,315424,0.3749501396090982,0
2023-07-28 11:13:01,629.3,907394,1,626.37,468766,315424,0.4068607897885847,0
2023-07-28 11:13:01,629.05,907394,24,626.37,468766,315424,0.36697247706421293,0
2023-07-28 11:13:09,629.05,907520,12,626.37,469040,315742,0.36697247706421293,0
2023-07-28 11:13:10,629.05,907540,2,626.37,469101,315753,0.36697247706421293,0
2023-07-28 11:13:10,629.3,907540,5,626.37,469101,315753,0.4068607897885847,0
2023-07-28 11:13:16,629.1,907548,1,626.37,468468,315748,0.3749501396090982,0
2023-07-28 11:13:19,629.1,907549,1,626.37,468027,315274,0.3749501396090982,0
2023-07-28 11:13:19,629.2,907549,22,626.37,468027,315274,0.3909054646988505,0
2023-07-28 11:13:19,629.2,907549,10,626.37,468027,315274,0.3909054646988505,0
2023-07-28 11:13:27,629.2,908357,116,626.37,468493,314108,0.3909054646988505,0
2023-07-28 11:13:27,629.3,908357,1,626.37,468493,314108,0.4068607897885847,0
2023-07-28 11:13:27,629.25,908357,5,626.37,468493,314108,0.3988831272437176,0
2023-07-28 11:13:32,629.15,908576,9,626.37,467220,314063,0.38292780215396527,0
2023-07-28 11:13:32,629.3,908576,1,626.37,467220,314063,0.4068607897885847,0
2023-07-28 11:13:32,629.3,908576,8,626.37,467220,314063,0.4068607897885847,0
2023-07-28 11:13:37,629.3,908624,8,626.37,467245,314499,0.4068607897885847,0
2023-07-28 11:13:37,629.2,908624,24,626.37,467245,314499,0.3909054646988505,0
2023-07-28 11:13:37,629.4,908624,50,626.37,467245,314499,0.42281611487833703,0
2023-07-28 11:13:37,629.4,908624,10,626.37,467245,314499,0.42281611487833703,0
2023-07-28 11:13:41,629.4,908768,10,626.37,466418,313745,0.42281611487833703,0
2023-07-28 11:13:41,629.4,908768,50,626.37,466418,313745,0.42281611487833703,0
2023-07-28 11:13:45,629.15,909139,18,626.37,467147,314005,0.38292780215396527,0
2023-07-28 11:13:45,628.9,909139,7,626.37,467147,314005,0.3430394894295935,0
2023-07-28 11:13:45,629.2,909139,2,626.37,467147,314005,0.3909054646988505,0
2023-07-28 11:13:50,629.2,909737,47,626.37,466344,314895,0.3909054646988505,0
