2023-07-28 10:49:26,800.85,333980,3,801.4,136184,265385,0.0374742364624406,0
2023-07-28 10:49:26,800.85,333980,3,801.4,136184,265385,0.0374742364624406,0
2023-07-28 10:49:30,800.85,333988,3,801.4,136339,265765,0.0374742364624406,0
2023-07-28 10:49:30,800.85,333988,5,801.4,136339,265765,0.0374742364624406,0
2023-07-28 10:49:30,800.85,333988,31,801.4,136339,265765,0.0374742364624406,0
2023-07-28 10:49:35,800.9,334124,43,801.4,136351,266509,0.04371994253950694,0
2023-07-28 10:49:35,800.95,334124,6,801.4,136351,266509,0.04996564861658747,0
2023-07-28 10:49:35,801.0,334124,16,801.4,136351,266509,0.0562113546936538,0
2023-07-28 10:49:35,801.0,334124,4,801.4,136351,266509,0.0562113546936538,0
2023-07-28 10:49:39,800.85,334333,3,801.4,136485,265275,0.0374742364624406,0
2023-07-28 10:49:39,801.0,334333,1,801.4,136485,265275,0.0562113546936538,0
2023-07-28 10:49:39,800.85,334333,4,801.4,136485,265275,0.0374742364624406,0
2023-07-28 10:49:46,800.85,334343,4,801.4,136545,265879,0.0374742364624406,0
2023-07-28 10:49:46,800.85,334343,2,801.4,136545,265879,0.0374742364624406,0
2023-07-28 10:49:46,801.0,334343,4,801.4,136545,265879,0.0562113546936538,0
2023-07-28 10:49:49,801.0,334352,4,801.4,136835,264612,0.0562113546936538,0
2023-07-28 10:49:49,800.85,334352,6,801.4,136835,264612,0.0374742364624406,0
2023-07-28 10:49:53,800.85,334358,6,801.4,136551,265384,0.0374742364624406,0
2023-07-28 10:49:53,800.85,334358,5,801.4,136551,265384,0.0374742364624406,0
2023-07-28 10:49:53,801.0,334358,7,801.4,136551,265384,0.0562113546936538,0
2023-07-28 10:49:59,801.0,334370,7,801.4,136570,265680,0.0562113546936538,0
2023-07-28 10:49:59,800.85,334370,2,801.4,136570,265680,0.0374742364624406,0
2023-07-28 10:49:59,800.85,334370,10,801.4,136570,265680,0.0374742364624406,0
2023-07-28 10:49:59,800.85,334370,5,801.4,136570,265680,0.0374742364624406,0
2023-07-28 10:50:03,800.85,334397,5,801.4,136560,264536,0.0374742364624406,0
2023-07-28 10:50:03,801.0,334397,60,801.4,136560,264536,0.0562113546936538,0
2023-07-28 10:50:09,800.85,334462,5,801.4,136983,264641,0.0374742364624406,0
2023-07-28 10:50:09,800.85,334462,3,801.4,136983,264641,0.0374742364624406,0
2023-07-28 10:50:13,800.85,334510,5,801.4,136614,266376,0.0374742364624406,0
2023-07-28 10:50:13,800.85,334510,5,801.4,136614,266376,0.0374742364624406,0
2023-07-28 10:50:15,800.85,334515,5,801.4,136930,266094,0.0374742364624406,0
2023-07-28 10:50:15,801.0,334515,1,801.4,136930,266094,0.0562113546936538,0
2023-07-28 10:50:15,801.0,334515,7,801.4,136930,266094,0.0562113546936538,0
2023-07-28 10:50:15,801.0,334515,1,801.4,136930,266094,0.0562113546936538,0
2023-07-28 10:50:22,801.0,334533,2,801.4,136982,265767,0.0562113546936538,0
2023-07-28 10:50:22,800.85,334533,5,801.4,136982,265767,0.0374742364624406,0
2023-07-28 10:50:22,801.0,334533,5,801.4,136982,265767,0.0562113546936538,0
2023-07-28 10:50:22,800.85,334533,16,801.4,136982,265767,0.0374742364624406,0
2023-07-28 10:50:25,801.0,334574,2,801.4,136904,265752,0.0562113546936538,0
2023-07-28 10:50:25,800.85,334574,63,801.4,136904,265752,0.0374742364624406,0
2023-07-28 10:50:25,800.85,334574,7,801.4,136904,265752,0.0374742364624406,0
2023-07-28 10:50:25,801.0,334574,5,801.4,136904,265752,0.0562113546936538,0
2023-07-28 10:50:29,801.0,334680,5,801.4,136987,265944,0.0562113546936538,0
2023-07-28 10:50:29,801.0,334680,2,801.4,136987,265944,0.0562113546936538,0
2023-07-28 10:50:29,800.85,334680,5,801.4,136987,265944,0.0374742364624406,0
2023-07-28 10:50:33,800.85,334687,5,801.4,137008,265568,0.0374742364624406,0
2023-07-28 10:50:33,800.95,334687,6,801.4,137008,265568,0.04996564861658747,0
2023-07-28 10:50:33,800.85,334687,4,801.4,137008,265568,0.0374742364624406,0
2023-07-28 10:50:38,800.85,334702,4,801.4,137005,267045,0.0374742364624406,0
2023-07-28 10:50:38,800.85,334702,5,801.4,137005,267045,0.0374742364624406,0
2023-07-28 10:50:38,800.85,334702,5,801.4,137005,267045,0.0374742364624406,0
2023-07-28 10:50:43,800.85,334712,5,801.4,136612,267307,0.0374742364624406,0
2023-07-28 10:50:43,800.95,334712,3,801.4,136612,267307,0.04996564861658747,0
2023-07-28 10:50:50,800.95,334715,3,801.4,136597,265520,0.04996564861658747,0
2023-07-28 10:50:50,800.85,334715,5,801.4,136597,265520,0.0374742364624406,0
2023-07-28 10:50:54,800.85,334725,5,801.4,136502,265604,0.0374742364624406,0
2023-07-28 10:50:54,800.85,334725,5,801.4,136505,266127,0.0374742364624406,0
2023-07-28 10:50:54,800.85,334725,5,801.4,136505,266127,0.0374742364624406,0
2023-07-28 10:50:54,800.95,334725,3,801.4,136505,266127,0.04996564861658747,0
2023-07-28 10:50:54,800.85,334725,11,801.4,136505,266127,0.0374742364624406,0
2023-07-28 10:51:03,800.85,334749,5,801.4,136497,267953,0.0374742364624406,0
2023-07-28 10:51:03,800.85,334749,36,801.4,136497,267953,0.0374742364624406,0
2023-07-28 10:51:03,800.95,334749,1,801.4,136497,267953,0.04996564861658747,0
2023-07-28 10:51:08,800.85,334903,61,801.4,136417,266123,0.0374742364624406,0
2023-07-28 10:51:08,800.85,334903,5,801.4,136417,266123,0.0374742364624406,0
2023-07-28 10:51:09,800.85,334908,5,801.4,136454,265991,0.0374742364624406,0
2023-07-28 10:51:09,800.85,334908,5,801.4,136454,265991,0.0374742364624406,0
2023-07-28 10:51:09,800.95,334908,6,801.4,136454,265991,0.04996564861658747,0
2023-07-28 10:51:09,800.95,334908,15,801.4,136454,265991,0.04996564861658747,0
2023-07-28 10:51:09,800.95,334908,2,801.4,136454,265991,0.04996564861658747,0
2023-07-28 10:51:17,800.95,334949,2,801.4,136528,267779,0.04996564861658747,0
2023-07-28 10:51:17,800.85,334949,12,801.4,136528,267779,0.0374742364624406,0
2023-07-28 10:51:17,800.85,334949,5,801.4,136528,267779,0.0374742364624406,0
2023-07-28 10:51:17,800.95,334949,3,801.4,136528,267779,0.04996564861658747,0
2023-07-28 10:51:22,800.95,334969,3,801.4,136809,268157,0.04996564861658747,0
2023-07-28 10:51:22,800.85,334969,5,801.4,136809,268157,0.0374742364624406,0
2023-07-28 10:51:22,800.95,334969,12,801.4,136809,268157,0.04996564861658747,0
2023-07-28 10:51:27,800.9,334987,1,801.4,136897,268154,0.04371994253950694,0
2023-07-28 10:51:27,800.85,334987,1,801.4,136897,268154,0.0374742364624406,0
2023-07-28 10:51:27,800.85,334987,4,801.4,136897,268154,0.0374742364624406,0
2023-07-28 10:51:30,800.9,335072,10,801.4,137020,268058,0.04371994253950694,0
2023-07-28 10:51:30,800.85,335072,5,801.4,137020,268058,0.0374742364624406,0
2023-07-28 10:51:30,800.85,335072,1,801.4,137020,268058,0.0374742364624406,0
2023-07-28 10:51:36,800.85,335096,3,801.4,137021,266181,0.0374742364624406,0
2023-07-28 10:51:36,800.85,335096,3,801.4,137021,266181,0.0374742364624406,0
2023-07-28 10:51:36,800.9,335096,4,801.4,137021,266181,0.04371994253950694,0
2023-07-28 10:51:38,800.9,335100,4,801.4,137469,267254,0.04371994253950694,0
2023-07-28 10:51:38,800.85,335100,5,801.4,137469,267254,0.0374742364624406,0
2023-07-28 10:51:45,800.85,335110,5,801.4,137474,267657,0.0374742364624406,0
2023-07-28 10:51:45,800.85,335110,26,801.4,137474,267657,0.0374742364624406,0
2023-07-28 10:51:45,800.85,335110,15,801.4,137474,267657,0.0374742364624406,0
2023-07-28 10:51:48,800.85,335245,15,801.4,137380,267390,0.0374742364624406,0
2023-07-28 10:51:48,800.85,335245,5,801.4,137380,267390,0.0374742364624406,0
2023-07-28 10:51:48,800.9,335245,1,801.4,137380,267390,0.04371994253950694,0
2023-07-28 10:51:48,800.85,335245,5,801.4,137380,267390,0.0374742364624406,0
2023-07-28 10:51:54,800.85,335276,4,801.4,137403,266302,0.0374742364624406,0
2023-07-28 10:51:54,800.85,335276,50,801.4,137403,266302,0.0374742364624406,0
2023-07-28 10:51:54,800.9,335276,8,801.4,137403,266302,0.04371994253950694,0
2023-07-28 10:51:55,800.9,335336,8,801.4,137371,266346,0.04371994253950694,0
2023-07-28 10:51:55,800.85,335336,18,801.4,137371,267304,0.0374742364624406,0
2023-07-28 10:51:55,800.85,335336,5,801.4,137371,267304,0.0374742364624406,0
2023-07-28 10:51:55,800.85,335336,57,801.4,137371,267304,0.0374742364624406,0
2023-07-28 10:51:55,800.9,335336,2,801.4,137371,267304,0.04371994253950694,0
2023-07-28 10:51:55,800.85,335336,86,801.4,137371,267304,0.0374742364624406,0
2023-07-28 10:52:11,801.0,335634,65,801.4,137640,266286,0.0562113546936538,0
2023-07-28 10:52:11,800.85,335634,5,801.4,137640,266286,0.0374742364624406,0
2023-07-28 10:52:11,800.85,335634,5,801.4,137640,266286,0.0374742364624406,0
2023-07-28 10:52:15,800.9,336061,2,801.39,136985,266476,0.04371994253950694,0
2023-07-28 10:52:16,800.9,336063,2,801.39,137087,266104,0.04371994253950694,0
2023-07-28 10:52:16,800.85,336063,5,801.39,137087,266104,0.0374742364624406,0
2023-07-28 10:52:16,800.85,336063,86,801.39,137087,266104,0.0374742364624406,0
2023-07-28 10:52:16,800.85,336063,5,801.39,137087,266104,0.0374742364624406,0
2023-07-28 10:52:16,800.9,336063,3,801.39,137087,266104,0.04371994253950694,0
2023-07-28 10:52:25,800.9,336356,3,801.39,137009,267441,0.04371994253950694,0
2023-07-28 10:52:25,800.85,336356,5,801.39,137009,267441,0.0374742364624406,0
2023-07-28 10:52:31,800.9,336434,32,801.39,137035,265869,0.04371994253950694,0
2023-07-28 10:52:31,800.85,336434,5,801.39,137035,265869,0.0374742364624406,0
2023-07-28 10:52:33,800.85,336439,5,801.39,137036,266674,0.0374742364624406,0
2023-07-28 10:52:33,800.85,336439,13,801.39,137036,266674,0.0374742364624406,0
2023-07-28 10:52:33,800.85,336439,4,801.39,137036,266674,0.0374742364624406,0
2023-07-28 10:52:39,800.85,336457,126,801.39,137012,266057,0.0374742364624406,0
2023-07-28 10:52:39,801.0,336457,5,801.39,137012,266057,0.0562113546936538,0
2023-07-28 10:52:39,800.9,336457,5,801.39,137012,266057,0.04371994253950694,0
2023-07-28 10:52:45,800.9,336847,3,801.39,136907,266637,0.04371994253950694,0
2023-07-28 10:52:45,801.0,336847,25,801.39,136907,266637,0.0562113546936538,0
2023-07-28 10:52:45,800.95,336847,1,801.39,136907,266637,0.04996564861658747,0
2023-07-28 10:52:45,800.9,336847,2,801.39,136907,266637,0.04371994253950694,0
2023-07-28 10:52:53,800.85,336963,6,801.39,136848,265942,0.0374742364624406,0
2023-07-28 10:52:53,800.95,336963,10,801.39,136848,265942,0.04996564861658747,0
2023-07-28 10:52:58,800.9,336976,3,801.39,136931,266067,0.04371994253950694,0
2023-07-28 10:52:58,800.85,336976,2,801.39,136931,266067,0.0374742364624406,0
2023-07-28 10:53:00,800.8,336978,90,801.39,137000,267579,0.031228530385360068,0
2023-07-28 10:53:00,800.9,336978,30,801.39,137000,267579,0.04371994253950694,0
2023-07-28 10:53:00,800.7,336978,1,801.39,137000,267579,0.018737118231227402,0
2023-07-28 10:53:04,800.7,337359,1,801.39,136232,266225,0.018737118231227402,0
2023-07-28 10:53:04,800.8,337359,22,801.39,136232,266225,0.031228530385360068,0
2023-07-28 10:53:08,800.8,337386,22,801.39,137456,265698,0.031228530385360068,0
2023-07-28 10:53:08,800.8,337386,5,801.39,137456,265698,0.031228530385360068,0
2023-07-28 10:53:08,800.8,337386,5,801.39,137456,265698,0.031228530385360068,0
2023-07-28 10:53:15,800.8,337396,5,801.39,137906,266655,0.031228530385360068,0
2023-07-28 10:53:15,800.9,337396,48,801.39,137906,266655,0.04371994253950694,0
2023-07-28 10:53:18,800.9,337446,48,801.39,137855,265980,0.04371994253950694,0
2023-07-28 10:53:18,800.85,337446,5,801.39,137855,265980,0.0374742364624406,0
2023-07-28 10:53:24,800.8,337490,5,801.39,137893,266023,0.031228530385360068,0
2023-07-28 10:53:24,800.8,337490,5,801.39,137893,266023,0.031228530385360068,0
2023-07-28 10:53:28,800.85,337530,11,801.39,137922,266561,0.0374742364624406,0
2023-07-28 10:53:28,800.85,337530,2,801.39,137922,266561,0.0374742364624406,0
2023-07-28 10:53:28,800.85,337530,3,801.39,137922,266561,0.0374742364624406,0
2023-07-28 10:53:30,800.85,337535,3,801.39,137922,266534,0.0374742364624406,0
2023-07-28 10:53:30,800.8,337535,5,801.39,137922,266534,0.031228530385360068,0
2023-07-28 10:53:30,800.85,337535,17,801.39,137922,266534,0.0374742364624406,0
2023-07-28 10:53:30,800.8,337535,2,801.39,137922,266534,0.031228530385360068,0
2023-07-28 10:53:35,800.8,337587,2,801.39,138257,266507,0.031228530385360068,0
2023-07-28 10:53:35,800.85,337587,2,801.39,138257,266507,0.0374742364624406,0
2023-07-28 10:53:35,800.85,337587,5,801.39,138257,266507,0.0374742364624406,0
2023-07-28 10:53:40,800.8,337594,5,801.39,137932,266516,0.031228530385360068,0
2023-07-28 10:53:40,800.85,337594,7,801.39,137932,266516,0.0374742364624406,0
2023-07-28 10:53:40,800.8,337594,5,801.39,137932,266516,0.031228530385360068,0
2023-07-28 10:53:40,801.0,337594,476,801.39,137932,266516,0.0562113546936538,0
2023-07-28 10:53:40,800.85,337594,1,801.39,137932,266516,0.0374742364624406,0
2023-07-28 10:53:46,800.85,339179,1,801.39,137825,265760,0.0374742364624406,0
2023-07-28 10:53:46,801.0,339179,3,801.39,137825,265760,0.0562113546936538,0
2023-07-28 10:53:51,800.95,339191,9,801.39,139524,265990,0.04996564861658747,0
2023-07-28 10:53:51,801.0,339191,147,801.39,139524,265990,0.0562113546936538,0
2023-07-28 10:53:51,800.85,339191,1,801.39,139524,265990,0.0374742364624406,0
2023-07-28 10:53:53,800.85,339348,1,801.39,139599,265742,0.0374742364624406,0
2023-07-28 10:53:53,800.8,339348,36,801.39,139599,265742,0.031228530385360068,0
2023-07-28 10:53:53,800.8,339348,5,801.39,139599,265742,0.031228530385360068,0
2023-07-28 10:54:00,800.85,339398,6,801.39,139361,266099,0.0374742364624406,0
2023-07-28 10:54:00,800.8,339398,5,801.39,139361,266099,0.031228530385360068,0
2023-07-28 10:54:03,800.8,339409,5,801.39,139359,266030,0.031228530385360068,0
2023-07-28 10:54:03,800.85,339409,16,801.39,139359,266030,0.0374742364624406,0
2023-07-28 10:54:03,800.8,339409,5,801.39,139359,266030,0.031228530385360068,0
2023-07-28 10:54:09,800.8,339434,5,801.39,139187,266298,0.031228530385360068,0
2023-07-28 10:54:09,800.8,339434,5,801.39,139187,266298,0.031228530385360068,0
2023-07-28 10:54:14,800.85,339449,10,801.39,139192,266373,0.0374742364624406,0
2023-07-28 10:54:14,800.95,339449,75,801.39,139192,266373,0.04996564861658747,0
2023-07-28 10:54:14,800.8,339449,13,801.39,139192,266373,0.031228530385360068,0
2023-07-28 10:54:14,800.8,339449,5,801.39,139192,266373,0.031228530385360068,0
2023-07-28 10:54:18,800.8,339687,5,801.39,139171,266476,0.031228530385360068,0
2023-07-28 10:54:18,801.0,339687,12,801.39,139171,266476,0.0562113546936538,0
2023-07-28 10:54:18,800.8,339687,5,801.39,139171,266476,0.031228530385360068,0
2023-07-28 10:54:22,800.8,339704,25,801.39,139231,266518,0.031228530385360068,0
2023-07-28 10:54:22,800.8,339704,5,801.39,139231,266518,0.031228530385360068,0
2023-07-28 10:54:27,800.8,339739,5,801.39,139134,266557,0.031228530385360068,0
2023-07-28 10:54:27,801.0,339739,100,801.39,139134,266557,0.0562113546936538,0
2023-07-28 10:54:29,801.0,339839,100,801.39,139495,266459,0.0562113546936538,0
2023-07-28 10:54:29,801.0,339839,20,801.39,139495,266459,0.0562113546936538,0
2023-07-28 10:54:29,801.0,339839,5,801.39,139495,266459,0.0562113546936538,0
2023-07-28 10:54:29,800.8,339839,5,801.39,139495,266459,0.031228530385360068,0
2023-07-28 10:54:33,800.8,339869,5,801.39,139495,266434,0.031228530385360068,0
2023-07-28 10:54:33,801.0,339869,48,801.39,139495,266434,0.0562113546936538,0
2023-07-28 10:54:39,800.8,339922,5,801.39,139473,266418,0.031228530385360068,0
2023-07-28 10:54:39,800.8,339922,4,801.39,139473,266418,0.031228530385360068,0
2023-07-28 10:54:43,800.8,339931,5,801.39,139464,266418,0.031228530385360068,0
2023-07-28 10:54:43,800.8,339931,22,801.39,139464,266418,0.031228530385360068,0
2023-07-28 10:54:43,800.8,339931,5,801.39,139464,266418,0.031228530385360068,0
2023-07-28 10:54:45,800.8,339958,5,801.39,139504,266418,0.031228530385360068,0
2023-07-28 10:54:45,801.0,339958,1,801.39,139504,266418,0.0562113546936538,0
2023-07-28 10:54:45,801.0,339958,1,801.39,139504,266418,0.0562113546936538,0
2023-07-28 10:54:45,801.0,339958,40,801.39,139504,266418,0.0562113546936538,0
2023-07-28 10:54:51,801.0,340002,40,801.39,139460,266066,0.0562113546936538,0
2023-07-28 10:54:51,800.8,340002,5,801.39,139460,266066,0.031228530385360068,0
2023-07-28 10:54:51,800.8,340002,26,801.39,139460,266066,0.031228530385360068,0
2023-07-28 10:54:54,800.8,340038,26,801.39,139448,266246,0.031228530385360068,0
2023-07-28 10:54:54,800.8,340038,26,801.39,139482,266010,0.031228530385360068,0
2023-07-28 10:54:54,800.8,340038,4,801.39,139482,266010,0.031228530385360068,0
2023-07-28 10:54:54,800.8,340038,5,801.39,139482,266010,0.031228530385360068,0
2023-07-28 10:54:54,800.95,340038,25,801.39,139482,266010,0.04996564861658747,0
2023-07-28 10:55:03,800.8,340077,12,801.39,139510,265985,0.031228530385360068,0
2023-07-28 10:55:03,801.0,340077,4,801.39,139510,265985,0.0562113546936538,0
2023-07-28 10:55:03,801.0,340077,127,801.39,139510,265985,0.0562113546936538,0
2023-07-28 10:55:12,801.0,340687,127,801.39,139717,266599,0.0562113546936538,0
2023-07-28 10:55:12,800.8,340687,5,801.39,139717,266599,0.031228530385360068,0
2023-07-28 10:55:12,801.0,340687,2,801.39,139717,266599,0.0562113546936538,0
2023-07-28 10:55:16,801.0,340694,2,801.39,139880,266589,0.0562113546936538,0
2023-07-28 10:55:16,801.0,340694,30,801.39,139880,266589,0.0562113546936538,0
2023-07-28 10:55:16,800.8,340694,6,801.39,139880,266589,0.031228530385360068,0
2023-07-28 10:55:16,800.8,340694,5,801.39,139880,266589,0.031228530385360068,0
2023-07-28 10:55:21,800.8,340735,5,801.39,139264,266581,0.031228530385360068,0
2023-07-28 10:55:21,800.95,340735,2,801.39,139264,266581,0.04996564861658747,0
2023-07-28 10:55:21,800.8,340735,74,801.39,139264,266581,0.031228530385360068,0
2023-07-28 10:55:21,800.8,340735,1,801.39,139264,266581,0.031228530385360068,0
2023-07-28 10:55:26,800.9,341322,1,801.39,138844,266907,0.04371994253950694,0
2023-07-28 10:55:26,800.65,341322,64,801.39,138844,266907,0.012491412154146867,0
2023-07-28 10:55:26,800.8,341322,5,801.39,138844,266907,0.031228530385360068,0
2023-07-28 10:55:30,800.8,341405,5,801.39,139069,266910,0.031228530385360068,0
2023-07-28 10:55:30,800.8,341405,5,801.39,139069,266910,0.031228530385360068,0
2023-07-28 10:55:33,800.8,341410,5,801.39,139205,266942,0.031228530385360068,0
2023-07-28 10:55:33,800.8,341410,5,801.39,139205,266942,0.031228530385360068,0
2023-07-28 10:55:33,800.9,341410,6,801.39,139205,266942,0.04371994253950694,0
2023-07-28 10:55:40,800.9,341421,6,801.39,139201,267600,0.04371994253950694,0
2023-07-28 10:55:40,800.8,341421,5,801.39,139201,267600,0.031228530385360068,0
2023-07-28 10:55:43,800.8,341426,5,801.39,139462,267599,0.031228530385360068,0
2023-07-28 10:55:43,800.9,341426,5,801.39,139462,267599,0.04371994253950694,0
2023-07-28 10:55:46,800.9,341456,5,801.39,139618,267182,0.04371994253950694,0
2023-07-28 10:55:46,800.85,341456,1,801.39,139618,267182,0.0374742364624406,0
2023-07-28 10:55:46,800.8,341456,4,801.39,139618,267182,0.031228530385360068,0
2023-07-28 10:55:46,800.85,341456,2,801.39,139618,267182,0.0374742364624406,0
2023-07-28 10:55:46,800.5,341456,56,801.39,139618,267182,-0.006245706077066333,0
2023-07-28 10:55:46,800.8,341456,45,801.39,139618,267182,0.031228530385360068,0
2023-07-28 10:55:53,800.8,342266,45,801.39,138719,267760,0.031228530385360068,0
2023-07-28 10:55:53,800.8,342266,45,801.39,138788,267662,0.031228530385360068,0
2023-07-28 10:55:53,800.5,342266,1,801.39,138788,267662,-0.006245706077066333,0
2023-07-28 10:56:00,800.5,342272,1,801.39,138881,267792,-0.006245706077066333,0
2023-07-28 10:56:00,800.5,342272,5,801.39,138881,267792,-0.006245706077066333,0
2023-07-28 10:56:00,800.5,342272,5,801.39,138881,267792,-0.006245706077066333,0
2023-07-28 10:56:06,800.5,342282,5,801.39,138804,267770,-0.006245706077066333,0
2023-07-28 10:56:06,800.5,342282,9,801.39,138804,267770,-0.006245706077066333,0
2023-07-28 10:56:06,800.75,342282,5,801.39,138804,267770,0.024982824308293735,0
2023-07-28 10:56:06,800.5,342282,14,801.39,138804,267770,-0.006245706077066333,0
2023-07-28 10:56:10,800.5,342343,14,801.39,138879,267814,-0.006245706077066333,0
2023-07-28 10:56:10,800.45,342343,53,801.39,138879,267814,-0.012491412154132665,0
2023-07-28 10:56:10,800.45,342343,5,801.39,138879,267814,-0.012491412154132665,0
2023-07-28 10:56:10,800.75,342343,20,801.39,138879,267814,0.024982824308293735,0
2023-07-28 10:56:14,800.75,342668,20,801.38,138502,267789,0.024982824308293735,0
2023-07-28 10:56:14,800.45,342668,5,801.38,138502,267789,-0.012491412154132665,0
2023-07-28 10:56:18,800.45,342673,5,801.38,138539,267770,-0.012491412154132665,0
2023-07-28 10:56:18,800.45,342673,5,801.38,138539,267770,-0.012491412154132665,0
2023-07-28 10:56:24,800.7,342683,4,801.38,138606,267749,0.018737118231227402,0
2023-07-28 10:56:24,800.7,342683,3,801.38,138606,267749,0.018737118231227402,0
2023-07-28 10:56:24,800.7,342683,10,801.38,138606,267749,0.018737118231227402,0
2023-07-28 10:56:26,800.7,342703,10,801.38,138546,267641,0.018737118231227402,0
2023-07-28 10:56:26,800.45,342703,1,801.38,138546,267641,-0.012491412154132665,0
2023-07-28 10:56:33,800.5,342726,5,801.38,139091,267629,-0.006245706077066333,0
2023-07-28 10:56:33,800.5,342726,5,801.38,139091,267629,-0.006245706077066333,0
2023-07-28 10:56:33,800.5,342731,5,801.38,139147,267629,-0.006245706077066333,0
2023-07-28 10:56:33,800.7,342731,1,801.38,139147,267629,0.018737118231227402,0
2023-07-28 10:56:33,800.5,342731,1,801.38,139147,267629,-0.006245706077066333,0
2023-07-28 10:56:42,800.5,342738,5,801.38,139195,267639,-0.006245706077066333,0
2023-07-28 10:56:42,800.5,342738,22,801.38,139195,267639,-0.006245706077066333,0
2023-07-28 10:56:42,800.5,342738,1,801.38,139195,267639,-0.006245706077066333,0
2023-07-28 10:56:46,800.5,342919,33,801.38,139080,267598,-0.006245706077066333,0
2023-07-28 10:56:46,800.5,342919,33,801.38,139080,267598,-0.006245706077066333,0
2023-07-28 10:56:46,800.7,342919,5,801.38,139080,267598,0.018737118231227402,0
2023-07-28 10:56:50,800.5,342940,1,801.38,138905,267588,-0.006245706077066333,0
2023-07-28 10:56:50,800.5,342940,5,801.38,138905,267588,-0.006245706077066333,0
2023-07-28 10:56:50,800.7,342940,1,801.38,138905,267588,0.018737118231227402,0
2023-07-28 10:56:50,800.5,342940,5,801.38,138905,267588,-0.006245706077066333,0
2023-07-28 10:56:53,800.5,343000,5,801.38,138925,267676,-0.006245706077066333,0
2023-07-28 10:56:53,800.5,343000,1,801.38,138925,267676,-0.006245706077066333,0
2023-07-28 10:56:55,800.5,343001,1,801.38,138954,267678,-0.006245706077066333,0
2023-07-28 10:56:55,800.5,343001,1,801.38,138954,267678,-0.006245706077066333,0
2023-07-28 10:57:02,800.5,343027,20,801.38,139059,267696,-0.006245706077066333,0
2023-07-28 10:57:02,800.7,343027,12,801.38,139059,267696,0.018737118231227402,0
2023-07-28 10:57:02,800.5,343027,5,801.38,139059,267696,-0.006245706077066333,0
2023-07-28 10:57:02,800.7,343027,8,801.38,139059,267696,0.018737118231227402,0
2023-07-28 10:57:02,800.5,343027,2,801.38,139059,267696,-0.006245706077066333,0
2023-07-28 10:57:06,800.7,343151,3,801.38,138845,267632,0.018737118231227402,0
2023-07-28 10:57:06,800.7,343151,36,801.38,138845,267632,0.018737118231227402,0
2023-07-28 10:57:06,800.7,343151,18,801.38,138845,267632,0.018737118231227402,0
2023-07-28 10:57:10,800.5,343234,1,801.38,138987,267750,-0.006245706077066333,0
2023-07-28 10:57:10,800.5,343234,1,801.38,138987,267750,-0.006245706077066333,0
2023-07-28 10:57:10,800.7,343234,8,801.38,138987,267750,0.018737118231227402,0
2023-07-28 10:57:10,800.5,343234,17,801.38,138987,267750,-0.006245706077066333,0
2023-07-28 10:57:14,800.5,343295,20,801.38,139155,267733,-0.006245706077066333,0
2023-07-28 10:57:14,800.5,343295,1,801.38,139155,267733,-0.006245706077066333,0
2023-07-28 10:57:14,800.5,343295,12,801.38,139155,267733,-0.006245706077066333,0
2023-07-28 10:57:14,800.65,343295,10,801.38,139155,267733,0.012491412154146867,0
2023-07-28 10:57:17,800.65,343318,10,801.38,138963,267702,0.012491412154146867,0
2023-07-28 10:57:17,800.5,343318,1,801.38,138963,267702,-0.006245706077066333,0
2023-07-28 10:57:17,800.5,343318,5,801.38,138963,267702,-0.006245706077066333,0
2023-07-28 10:57:17,800.5,343318,5,801.38,138963,267702,-0.006245706077066333,0
2023-07-28 10:57:17,800.65,343318,5,801.38,138963,267702,0.012491412154146867,0
2023-07-28 10:57:17,800.5,343318,1,801.38,138963,267702,-0.006245706077066333,0
2023-07-28 10:57:17,800.5,343318,14,801.38,138963,267702,-0.006245706077066333,0
2023-07-28 10:57:27,800.5,343409,14,801.38,139169,267655,-0.006245706077066333,0
2023-07-28 10:57:27,800.5,343409,1,801.38,139169,267655,-0.006245706077066333,0
2023-07-28 10:57:31,800.65,343413,1,801.38,138907,267652,0.012491412154146867,0
2023-07-28 10:57:31,800.65,343413,1,801.38,138907,267652,0.012491412154146867,0
2023-07-28 10:57:31,800.5,343413,5,801.38,138907,267652,-0.006245706077066333,0
2023-07-28 10:57:31,800.5,343413,4,801.38,138907,267652,-0.006245706077066333,0
2023-07-28 10:57:31,800.5,343413,2,801.38,138907,267652,-0.006245706077066333,0
2023-07-28 10:57:36,800.5,343454,5,801.38,138960,267651,-0.006245706077066333,0
2023-07-28 10:57:36,800.5,343454,5,801.38,138960,267651,-0.006245706077066333,0
2023-07-28 10:57:36,800.5,343454,13,801.38,138960,267651,-0.006245706077066333,0
2023-07-28 10:57:36,800.65,343454,2,801.38,138960,267651,0.012491412154146867,0
2023-07-28 10:57:40,800.5,343470,1,801.38,138909,267661,-0.006245706077066333,0
2023-07-28 10:57:40,800.5,343470,5,801.38,138909,267661,-0.006245706077066333,0
2023-07-28 10:57:43,800.5,343475,5,801.38,138913,267908,-0.006245706077066333,0
2023-07-28 10:57:43,800.5,343475,1,801.38,138913,267908,-0.006245706077066333,0
2023-07-28 10:57:43,800.65,343475,1,801.38,138913,267908,0.012491412154146867,0
2023-07-28 10:57:43,800.65,343475,1,801.38,138913,267908,0.012491412154146867,0
2023-07-28 10:57:48,800.65,343523,2,801.38,138989,267910,0.012491412154146867,0
2023-07-28 10:57:48,800.65,343523,8,801.38,138989,267910,0.012491412154146867,0
2023-07-28 10:57:52,800.65,343552,9,801.38,138908,268003,0.012491412154146867,0
2023-07-28 10:57:52,800.5,343552,69,801.38,138908,268003,-0.006245706077066333,0
2023-07-28 10:57:52,800.45,343552,5,801.38,138908,268003,-0.012491412154132665,0
2023-07-28 10:57:57,800.35,344066,3,801.38,138408,268394,-0.02498282430827953,0
2023-07-28 10:57:57,800.5,344066,20,801.38,138408,268394,-0.006245706077066333,0
2023-07-28 10:57:57,800.35,344066,1,801.38,138408,268394,-0.02498282430827953,0
2023-07-28 10:57:57,800.35,344066,1,801.38,138408,268394,-0.02498282430827953,0
2023-07-28 10:58:00,800.35,344088,1,801.38,138365,268331,-0.02498282430827953,0
2023-07-28 10:58:00,800.35,344088,2,801.38,138365,268331,-0.02498282430827953,0
2023-07-28 10:58:00,800.35,344088,5,801.38,138365,268331,-0.02498282430827953,0
2023-07-28 10:58:00,800.35,344088,10,801.38,138365,268331,-0.02498282430827953,0
2023-07-28 10:58:06,800.5,344124,12,801.38,138908,268376,-0.006245706077066333,0
2023-07-28 10:58:06,800.5,344124,426,801.38,138908,268376,-0.006245706077066333,0
2023-07-28 10:58:06,800.35,344124,41,801.38,138908,268376,-0.02498282430827953,0
2023-07-28 10:58:06,800.5,344124,25,801.38,138908,268376,-0.006245706077066333,0
2023-07-28 10:58:06,800.35,344124,5,801.38,138908,268376,-0.02498282430827953,0
2023-07-28 10:58:10,800.35,344713,92,801.38,138798,267907,-0.02498282430827953,0
2023-07-28 10:58:10,800.35,344713,1,801.38,138798,267907,-0.02498282430827953,0
2023-07-28 10:58:10,800.5,344713,4,801.38,138798,267907,-0.006245706077066333,0
2023-07-28 10:58:10,800.45,344713,1,801.38,138798,267907,-0.012491412154132665,0
2023-07-28 10:58:13,800.35,344738,5,801.38,138435,267891,-0.02498282430827953,0
2023-07-28 10:58:13,800.35,344738,1,801.38,138435,267891,-0.02498282430827953,0
2023-07-28 10:58:13,800.5,344738,7,801.38,138435,267891,-0.006245706077066333,0
2023-07-28 10:58:13,800.35,344738,1,801.38,138435,267891,-0.02498282430827953,0
2023-07-28 10:58:13,800.35,344738,5,801.38,138435,267891,-0.02498282430827953,0
2023-07-28 10:58:21,800.35,344845,19,801.38,137865,269150,-0.02498282430827953,0
2023-07-28 10:58:21,800.1,344845,5,801.38,137865,269150,-0.0562113546936396,0
2023-07-28 10:58:21,800.35,344845,1,801.38,137865,269150,-0.02498282430827953,0
2023-07-28 10:58:26,800.35,345526,1,801.38,137595,269777,-0.02498282430827953,0
2023-07-28 10:58:26,800.1,345526,5,801.38,137595,269777,-0.0562113546936396,0
2023-07-28 10:58:26,800.1,345526,1,801.38,137595,269777,-0.0562113546936396,0
2023-07-28 10:58:30,800.1,345537,1,801.38,138545,270006,-0.0562113546936396,0
2023-07-28 10:58:30,800.35,345537,1,801.38,138545,270006,-0.02498282430827953,0
2023-07-28 10:58:30,800.1,345537,5,801.38,138545,270006,-0.0562113546936396,0
2023-07-28 10:58:30,800.1,345537,2,801.38,138545,270006,-0.0562113546936396,0
2023-07-28 10:58:35,800.1,345599,2,801.38,139264,270013,-0.0562113546936396,0
2023-07-28 10:58:35,800.35,345599,15,801.38,139264,270013,-0.02498282430827953,0
2023-07-28 10:58:35,800.35,345599,270,801.38,139264,270013,-0.02498282430827953,0
2023-07-28 10:58:35,800.35,345599,1,801.38,139264,270013,-0.02498282430827953,0
2023-07-28 10:58:39,800.1,345916,1,801.38,139927,269616,-0.0562113546936396,0
2023-07-28 10:58:39,800.35,345916,28,801.38,139927,269616,-0.02498282430827953,0
2023-07-28 10:58:39,800.35,345916,1,801.38,139927,269616,-0.02498282430827953,0
2023-07-28 10:58:39,800.1,345916,3,801.38,139927,269616,-0.0562113546936396,0
2023-07-28 10:58:43,800.1,345975,3,801.38,140079,269510,-0.0562113546936396,0
2023-07-28 10:58:43,800.35,345975,42,801.38,140079,269510,-0.02498282430827953,0
2023-07-28 10:58:45,800.35,346076,42,801.38,140005,269447,-0.02498282430827953,0
2023-07-28 10:58:45,800.15,346076,1,801.38,140005,269447,-0.049965648616573266,0
2023-07-28 10:58:45,800.15,346076,5,801.38,140005,269447,-0.049965648616573266,0
2023-07-28 10:58:51,800.15,346082,5,801.38,140190,269527,-0.049965648616573266,0
2023-07-28 10:58:51,800.35,346082,1,801.38,140190,269527,-0.02498282430827953,0
2023-07-28 10:58:51,800.15,346082,1,801.38,140190,269527,-0.049965648616573266,0
2023-07-28 10:58:57,800.15,346095,5,801.38,140308,269596,-0.049965648616573266,0
2023-07-28 10:58:57,800.35,346095,1,801.38,140308,269596,-0.02498282430827953,0
2023-07-28 10:58:57,800.35,346095,24,801.38,140308,269596,-0.02498282430827953,0
2023-07-28 10:58:57,800.35,346095,11,801.38,140308,269596,-0.02498282430827953,0
2023-07-28 10:58:57,800.15,346095,1,801.38,140308,269596,-0.049965648616573266,0
2023-07-28 10:59:00,800.15,346139,1,801.38,140159,269835,-0.049965648616573266,0
2023-07-28 10:59:00,800.25,346139,8,801.38,140159,269835,-0.0374742364624264,0
2023-07-28 10:59:00,800.15,346139,5,801.38,140159,269835,-0.049965648616573266,0
2023-07-28 10:59:05,800.15,346186,2,801.37,144557,269840,-0.049965648616573266,0
2023-07-28 10:59:05,800.15,346186,4,801.37,144557,269840,-0.049965648616573266,0
2023-07-28 10:59:05,800.25,346186,4,801.37,144557,269840,-0.0374742364624264,0
2023-07-28 10:59:09,800.25,346195,4,801.37,144553,269876,-0.0374742364624264,0
2023-07-28 10:59:09,800.15,346195,1,801.37,144553,269876,-0.049965648616573266,0
2023-07-28 10:59:09,800.25,346195,2,801.37,144553,269876,-0.0374742364624264,0
2023-07-28 10:59:09,800.25,346195,5,801.37,144553,269876,-0.0374742364624264,0
2023-07-28 10:59:09,800.15,346195,5,801.37,144553,269876,-0.049965648616573266,0
2023-07-28 10:59:13,800.15,346209,5,801.37,144563,269959,-0.049965648616573266,0
2023-07-28 10:59:13,800.15,346209,2,801.37,144563,269959,-0.049965648616573266,0
2023-07-28 10:59:13,800.15,346209,1,801.37,144563,269959,-0.049965648616573266,0
2023-07-28 10:59:13,800.25,346209,1,801.37,144563,269959,-0.0374742364624264,0
2023-07-28 10:59:17,800.25,346216,1,801.37,144460,269807,-0.0374742364624264,0
2023-07-28 10:59:17,800.25,346216,1,801.37,144460,269807,-0.0374742364624264,0
2023-07-28 10:59:17,800.15,346216,9,801.37,144460,269807,-0.049965648616573266,0
2023-07-28 10:59:17,800.15,346216,55,801.37,144460,269807,-0.049965648616573266,0
2023-07-28 10:59:23,800.15,346340,5,801.37,144325,269702,-0.049965648616573266,0
2023-07-28 10:59:23,800.15,346340,5,801.37,144325,269702,-0.049965648616573266,0
2023-07-28 10:59:23,800.15,346340,1,801.37,144325,269702,-0.049965648616573266,0
2023-07-28 10:59:28,800.25,346350,4,801.37,144319,269714,-0.0374742364624264,0
2023-07-28 10:59:28,800.15,346350,8,801.37,144319,269714,-0.049965648616573266,0
2023-07-28 10:59:28,800.25,346350,1,801.37,144319,269714,-0.0374742364624264,0
2023-07-28 10:59:28,800.15,346350,2,801.37,144319,269714,-0.049965648616573266,0
2023-07-28 10:59:30,800.15,346364,2,801.37,144430,269710,-0.049965648616573266,0
2023-07-28 10:59:30,800.15,346364,5,801.37,144430,269710,-0.049965648616573266,0
2023-07-28 10:59:30,800.15,346364,5,801.37,144430,269710,-0.049965648616573266,0
2023-07-28 10:59:30,800.15,346364,2,801.37,144430,269710,-0.049965648616573266,0
2023-07-28 10:59:35,800.15,346376,2,801.37,144427,269694,-0.049965648616573266,0
2023-07-28 10:59:35,800.1,346376,23,801.37,144427,269694,-0.0562113546936396,0
2023-07-28 10:59:35,800.15,346376,1,801.37,144427,269694,-0.049965648616573266,0
2023-07-28 10:59:35,800.25,346376,1,801.37,144427,269694,-0.0374742364624264,0
2023-07-28 10:59:40,800.25,346418,1,801.37,144531,269492,-0.0374742364624264,0
2023-07-28 10:59:40,800.15,346418,6,801.37,144531,269492,-0.049965648616573266,0
2023-07-28 10:59:40,800.15,346418,5,801.37,144531,269492,-0.049965648616573266,0
2023-07-28 10:59:45,800.15,346435,1,801.37,144689,269368,-0.049965648616573266,0
2023-07-28 10:59:45,800.25,346435,10,801.37,144689,269368,-0.0374742364624264,0
2023-07-28 10:59:45,800.25,346435,10,801.37,144689,269368,-0.0374742364624264,0
2023-07-28 10:59:45,800.15,346435,25,801.37,144689,269368,-0.049965648616573266,0
2023-07-28 10:59:45,800.15,346435,1,801.37,144689,269368,-0.049965648616573266,0
2023-07-28 10:59:51,800.15,346486,5,801.37,144486,268788,-0.049965648616573266,0
2023-07-28 10:59:51,800.15,346486,1,801.37,144486,268788,-0.049965648616573266,0
2023-07-28 10:59:55,800.15,346492,1,801.37,144680,268788,-0.049965648616573266,0
2023-07-28 10:59:55,800.15,346492,3,801.37,144680,268788,-0.049965648616573266,0
2023-07-28 10:59:58,800.15,346499,5,801.37,144711,268788,-0.049965648616573266,0
2023-07-28 10:59:58,800.15,346499,1,801.37,144711,268788,-0.049965648616573266,0
2023-07-28 10:59:58,800.25,346499,1,801.37,144711,268788,-0.0374742364624264,0
2023-07-28 11:00:03,800.25,346511,1,801.37,144728,268787,-0.0374742364624264,0
2023-07-28 11:00:03,800.15,346511,2,801.37,144728,268787,-0.049965648616573266,0
2023-07-28 11:00:03,800.25,346511,1,801.37,144728,268787,-0.0374742364624264,0
2023-07-28 11:00:03,800.25,346511,10,801.37,144728,268787,-0.0374742364624264,0
2023-07-28 11:00:09,800.25,346535,10,801.37,144833,268842,-0.0374742364624264,0
2023-07-28 11:00:09,800.2,346535,1,801.37,144833,268842,-0.04371994253949273,0
2023-07-28 11:00:09,800.15,346535,3,801.37,144833,268842,-0.049965648616573266,0
2023-07-28 11:00:13,800.15,346551,5,801.37,144893,268840,-0.049965648616573266,0
2023-07-28 11:00:13,800.25,346551,2,801.37,144893,268840,-0.0374742364624264,0
2023-07-28 11:00:13,800.25,346551,1,801.37,144893,268840,-0.0374742364624264,0
2023-07-28 11:00:16,800.25,346647,1,801.37,144809,268541,-0.0374742364624264,0
2023-07-28 11:00:16,800.2,346647,1,801.37,144809,268541,-0.04371994253949273,0
2023-07-28 11:00:16,800.15,346647,1,801.37,144809,268541,-0.049965648616573266,0
2023-07-28 11:00:16,800.15,346647,2,801.37,144809,268541,-0.049965648616573266,0
2023-07-28 11:00:16,800.25,346647,9,801.37,144809,268541,-0.0374742364624264,0
2023-07-28 11:00:21,800.25,346681,9,801.37,145071,268721,-0.0374742364624264,0
2023-07-28 11:00:21,800.15,346681,5,801.37,145071,268721,-0.049965648616573266,0
2023-07-28 11:00:21,800.15,346681,1,801.37,145071,268721,-0.049965648616573266,0
2023-07-28 11:00:25,800.15,346687,1,801.37,145083,268869,-0.049965648616573266,0
2023-07-28 11:00:25,800.15,346687,5,801.37,145083,268869,-0.049965648616573266,0
2023-07-28 11:00:30,800.15,346713,1,801.37,145222,268913,-0.049965648616573266,0
2023-07-28 11:00:30,800.15,346713,2,801.37,145222,268913,-0.049965648616573266,0
2023-07-28 11:00:35,800.15,346760,32,801.37,145450,268907,-0.049965648616573266,0
2023-07-28 11:00:35,800.15,346760,2,801.37,145450,268907,-0.049965648616573266,0
2023-07-28 11:00:35,800.25,346760,16,801.37,145450,268907,-0.0374742364624264,0
2023-07-28 11:00:36,800.25,346787,2,801.37,145433,268903,-0.0374742364624264,0
2023-07-28 11:00:36,800.15,346787,1,801.37,145433,268903,-0.049965648616573266,0
2023-07-28 11:00:36,800.15,346787,4,801.37,145433,268903,-0.049965648616573266,0
2023-07-28 11:00:43,800.15,346823,5,801.37,145449,269095,-0.049965648616573266,0
2023-07-28 11:00:43,800.15,346823,1,801.37,145449,269095,-0.049965648616573266,0
2023-07-28 11:00:48,800.25,346833,2,801.37,145571,269099,-0.0374742364624264,0
2023-07-28 11:00:48,800.15,346833,1,801.37,145571,269099,-0.049965648616573266,0
2023-07-28 11:00:48,800.25,346833,4,801.37,145571,269099,-0.0374742364624264,0
2023-07-28 11:00:51,800.25,346868,4,801.37,145460,269117,-0.0374742364624264,0
2023-07-28 11:00:51,800.15,346868,2,801.37,145460,269117,-0.049965648616573266,0
2023-07-28 11:00:51,800.15,346868,2,801.37,145460,269117,-0.049965648616573266,0
2023-07-28 11:00:51,800.15,346868,1,801.37,145460,269117,-0.049965648616573266,0
2023-07-28 11:00:55,800.15,346879,1,801.37,145608,269128,-0.049965648616573266,0
2023-07-28 11:01:00,800.15,346880,1,801.37,145525,269119,-0.049965648616573266,0
2023-07-28 11:01:00,800.15,346880,3,801.37,145525,269119,-0.049965648616573266,0
2023-07-28 11:01:00,800.15,346880,14,801.37,145525,269119,-0.049965648616573266,0
2023-07-28 11:01:00,800.25,346880,5,801.37,145525,269119,-0.0374742364624264,0
2023-07-28 11:01:00,800.15,346880,5,801.37,145525,269119,-0.049965648616573266,0
2023-07-28 11:01:05,800.15,346921,2,801.37,145526,269071,-0.049965648616573266,0
2023-07-28 11:01:05,800.15,346921,5,801.37,145526,269071,-0.049965648616573266,0
2023-07-28 11:01:05,800.15,346921,8,801.37,145526,269071,-0.049965648616573266,0
2023-07-28 11:01:05,800.15,346921,21,801.37,145526,269071,-0.049965648616573266,0
2023-07-28 11:01:05,800.15,346921,1,801.37,145526,269071,-0.049965648616573266,0
2023-07-28 11:01:05,800.2,346921,3,801.37,145526,269071,-0.04371994253949273,0
2023-07-28 11:01:05,800.15,346921,5,801.37,145526,269071,-0.049965648616573266,0
2023-07-28 11:01:13,800.15,347003,5,801.37,145522,269233,-0.049965648616573266,0
2023-07-28 11:01:13,800.15,347003,1,801.37,145522,269233,-0.049965648616573266,0
2023-07-28 11:01:13,800.2,347003,1,801.37,145522,269233,-0.04371994253949273,0
2023-07-28 11:01:17,800.2,347005,1,801.37,145387,269235,-0.04371994253949273,0
2023-07-28 11:01:17,800.15,347005,1,801.37,145387,269235,-0.049965648616573266,0
2023-07-28 11:01:17,800.15,347005,5,801.37,145387,269235,-0.049965648616573266,0
2023-07-28 11:01:22,800.2,347014,2,801.37,145361,269084,-0.04371994253949273,0
2023-07-28 11:01:22,800.15,347014,5,801.37,145361,269084,-0.049965648616573266,0
2023-07-28 11:01:22,800.15,347014,1,801.37,145361,269084,-0.049965648616573266,0
2023-07-28 11:01:22,800.15,347014,1,801.37,145361,269084,-0.049965648616573266,0
2023-07-28 11:01:25,800.15,347074,1,801.37,145326,269134,-0.049965648616573266,0
2023-07-28 11:01:25,800.15,347074,1,801.37,145326,269134,-0.049965648616573266,0
2023-07-28 11:01:30,800.15,347080,1,801.37,145307,269137,-0.049965648616573266,0
2023-07-28 11:01:30,800.15,347080,6,801.37,145307,269137,-0.049965648616573266,0
2023-07-28 11:01:30,800.2,347080,18,801.37,145307,269137,-0.04371994253949273,0
2023-07-28 11:01:30,800.2,347080,2,801.37,145307,269137,-0.04371994253949273,0
2023-07-28 11:01:33,800.2,347111,2,801.37,145336,269127,-0.04371994253949273,0
2023-07-28 11:01:33,800.15,347111,1,801.37,145336,269127,-0.049965648616573266,0
2023-07-28 11:01:33,800.15,347111,5,801.37,145336,269127,-0.049965648616573266,0
2023-07-28 11:01:33,800.15,347111,15,801.37,145336,269127,-0.049965648616573266,0
2023-07-28 11:01:39,800.15,347261,5,801.37,145438,269533,-0.049965648616573266,0
2023-07-28 11:01:39,800.15,347261,11,801.37,145438,269533,-0.049965648616573266,0
2023-07-28 11:01:39,800.15,347261,1,801.37,145438,269533,-0.049965648616573266,0
2023-07-28 11:01:40,800.15,347312,5,801.37,145200,269531,-0.049965648616573266,0
2023-07-28 11:01:40,800.15,347312,1,801.37,145200,269531,-0.049965648616573266,0
2023-07-28 11:01:45,800.15,347395,1,801.37,145180,269531,-0.049965648616573266,0
2023-07-28 11:01:45,800.15,347395,1,801.37,145180,269531,-0.049965648616573266,0
2023-07-28 11:01:45,800.15,347395,1,801.37,145180,269531,-0.049965648616573266,0
2023-07-28 11:01:50,800.15,347401,1,801.37,145205,269489,-0.049965648616573266,0
2023-07-28 11:01:50,800.15,347401,3,801.37,145205,269489,-0.049965648616573266,0
2023-07-28 11:01:55,800.15,347408,1,801.37,145260,269489,-0.049965648616573266,0
2023-07-28 11:01:55,800.15,347408,26,801.37,145260,269489,-0.049965648616573266,0
2023-07-28 11:01:55,800.1,347408,6,801.37,145260,269489,-0.0562113546936396,0
2023-07-28 11:01:55,800.1,347408,54,801.37,145260,269489,-0.0562113546936396,0
2023-07-28 11:01:58,800.15,347551,1,801.37,145255,269531,-0.049965648616573266,0
2023-07-28 11:01:58,800.15,347551,5,801.37,145255,269531,-0.049965648616573266,0
2023-07-28 11:02:03,800.15,347557,5,801.37,145284,268794,-0.049965648616573266,0
2023-07-28 11:02:03,800.15,347557,2,801.37,145284,268794,-0.049965648616573266,0
2023-07-28 11:02:03,800.15,347557,5,801.37,145284,268794,-0.049965648616573266,0
2023-07-28 11:02:03,800.2,347557,1,801.37,145284,268794,-0.04371994253949273,0
2023-07-28 11:02:08,800.2,347565,1,801.37,145280,268923,-0.04371994253949273,0
2023-07-28 11:02:08,800.15,347565,1,801.37,145280,268923,-0.049965648616573266,0
2023-07-28 11:02:08,800.15,347565,33,801.37,145280,268923,-0.049965648616573266,0
2023-07-28 11:02:13,800.15,347612,33,801.37,145284,268910,-0.049965648616573266,0
2023-07-28 11:02:13,800.15,347612,5,801.37,145284,268910,-0.049965648616573266,0
2023-07-28 11:02:13,800.2,347612,1,801.37,145284,268910,-0.04371994253949273,0
2023-07-28 11:02:13,800.15,347612,1,801.37,145284,268910,-0.049965648616573266,0
2023-07-28 11:02:13,800.2,347612,97,801.37,145284,268910,-0.04371994253949273,0
2023-07-28 11:02:16,800.2,347733,97,801.37,145429,268802,-0.04371994253949273,0
2023-07-28 11:02:16,800.2,347733,30,801.37,145429,268802,-0.04371994253949273,0
2023-07-28 11:02:16,800.15,347733,1,801.37,145429,268802,-0.049965648616573266,0
2023-07-28 11:02:22,800.2,347770,1,801.37,145524,268875,-0.04371994253949273,0
2023-07-28 11:02:22,800.2,347770,1,801.37,145524,268875,-0.04371994253949273,0
2023-07-28 11:02:22,800.15,347770,5,801.37,145524,268875,-0.049965648616573266,0
2023-07-28 11:02:22,800.15,347770,5,801.37,145524,268875,-0.049965648616573266,0
2023-07-28 11:02:22,800.15,347770,2,801.37,145524,268875,-0.049965648616573266,0
2023-07-28 11:02:25,800.15,347782,2,801.37,145535,268879,-0.049965648616573266,0
2023-07-28 11:02:25,800.2,347782,12,801.37,145535,268879,-0.04371994253949273,0
2023-07-28 11:02:25,800.15,347782,4,801.37,145535,268879,-0.049965648616573266,0
2023-07-28 11:02:31,800.15,347854,4,801.37,145541,268828,-0.049965648616573266,0
2023-07-28 11:02:31,800.15,347854,5,801.37,145541,268828,-0.049965648616573266,0
2023-07-28 11:02:31,800.15,347854,5,801.37,145541,268828,-0.049965648616573266,0
2023-07-28 11:02:31,800.15,347854,8,801.37,145541,268828,-0.049965648616573266,0
2023-07-28 11:02:31,800.15,347854,2,801.37,145541,268828,-0.049965648616573266,0
2023-07-28 11:02:35,800.15,347928,2,801.37,145987,268816,-0.049965648616573266,0
2023-07-28 11:02:35,800.3,347928,43,801.37,145987,268816,-0.031228530385360068,0
2023-07-28 11:02:35,800.2,347928,38,801.37,145987,268816,-0.04371994253949273,0
2023-07-28 11:02:35,800.15,347928,1,801.37,145987,268816,-0.049965648616573266,0
2023-07-28 11:02:40,800.15,348664,1,801.37,146135,267847,-0.049965648616573266,0
2023-07-28 11:02:40,800.2,348664,5,801.37,146135,267847,-0.04371994253949273,0
2023-07-28 11:02:40,800.2,348664,5,801.37,146135,267847,-0.04371994253949273,0
2023-07-28 11:02:40,800.2,348664,1,801.37,146135,267847,-0.04371994253949273,0
2023-07-28 11:02:45,800.2,348675,1,801.37,146328,268027,-0.04371994253949273,0
2023-07-28 11:02:45,800.25,348675,60,801.37,146328,268027,-0.0374742364624264,0
2023-07-28 11:02:47,800.25,348735,1,801.37,146271,268048,-0.0374742364624264,0
2023-07-28 11:02:47,800.25,348735,5,801.37,146271,268048,-0.0374742364624264,0
2023-07-28 11:02:47,800.25,348735,5,801.37,146271,268048,-0.0374742364624264,0
2023-07-28 11:02:53,800.25,348746,5,801.37,146247,268106,-0.0374742364624264,0
2023-07-28 11:02:53,800.25,348746,1,801.37,146247,268106,-0.0374742364624264,0
2023-07-28 11:02:55,800.25,348747,1,801.37,145476,268159,-0.0374742364624264,0
2023-07-28 11:02:55,800.35,348747,1,801.37,145476,268159,-0.02498282430827953,0
2023-07-28 11:02:55,800.25,348747,1,801.37,145476,268159,-0.0374742364624264,0
2023-07-28 11:02:55,800.3,348747,1,801.37,145476,268159,-0.031228530385360068,0
2023-07-28 11:03:01,800.3,348750,1,801.37,145566,268116,-0.031228530385360068,0
2023-07-28 11:03:01,800.25,348750,5,801.37,145566,268116,-0.0374742364624264,0
2023-07-28 11:03:01,800.3,348750,1,801.37,145566,268116,-0.031228530385360068,0
2023-07-28 11:03:01,800.25,348750,2,801.37,145566,268116,-0.0374742364624264,0
2023-07-28 11:03:01,800.35,348750,1,801.37,145566,268116,-0.02498282430827953,0
2023-07-28 11:03:07,800.35,348763,1,801.37,145501,268092,-0.02498282430827953,0
2023-07-28 11:03:07,800.25,348763,1,801.37,145501,268092,-0.0374742364624264,0
2023-07-28 11:03:07,800.25,348763,31,801.37,145501,268092,-0.0374742364624264,0
2023-07-28 11:03:07,800.25,348763,5,801.37,145501,268092,-0.0374742364624264,0
2023-07-28 11:03:07,800.25,348763,1,801.37,145501,268092,-0.0374742364624264,0
2023-07-28 11:03:10,800.25,348970,1,801.37,145893,268412,-0.0374742364624264,0
2023-07-28 11:03:10,800.25,348970,1,801.37,145893,268412,-0.0374742364624264,0
2023-07-28 11:03:15,800.25,348977,1,801.37,146291,268336,-0.0374742364624264,0
2023-07-28 11:03:15,800.25,348977,1,801.37,146291,268336,-0.0374742364624264,0
2023-07-28 11:03:18,800.25,348982,1,801.37,146306,268177,-0.0374742364624264,0
2023-07-28 11:03:18,800.25,348982,1,801.37,146306,268177,-0.0374742364624264,0
2023-07-28 11:03:18,800.25,348982,5,801.37,146306,268177,-0.0374742364624264,0
2023-07-28 11:03:23,800.25,348988,5,801.37,146350,268178,-0.0374742364624264,0
2023-07-28 11:03:23,800.25,348988,1,801.37,146350,268178,-0.0374742364624264,0
2023-07-28 11:03:23,800.25,348988,5,801.37,146350,268178,-0.0374742364624264,0
2023-07-28 11:03:27,800.25,348994,5,801.37,146344,268177,-0.0374742364624264,0
2023-07-28 11:03:27,800.25,348994,1,801.37,146344,268177,-0.0374742364624264,0
2023-07-28 11:03:27,800.25,348994,4,801.37,146344,268177,-0.0374742364624264,0
2023-07-28 11:03:27,800.25,348994,21,801.37,146344,268177,-0.0374742364624264,0
2023-07-28 11:03:31,800.25,349186,21,801.36,146286,268337,-0.0374742364624264,0
2023-07-28 11:03:31,800.25,349186,5,801.36,146286,268337,-0.0374742364624264,0
2023-07-28 11:03:31,800.25,349186,14,801.36,146286,268337,-0.0374742364624264,0
2023-07-28 11:03:31,800.25,349186,13,801.36,146286,268337,-0.0374742364624264,0
2023-07-28 11:03:36,800.25,349295,13,801.36,146321,268296,-0.0374742364624264,0
2023-07-28 11:03:36,800.25,349295,5,801.36,146321,268296,-0.0374742364624264,0
2023-07-28 11:03:41,800.25,349329,28,801.36,146475,268337,-0.0374742364624264,0
2023-07-28 11:03:41,800.25,349329,5,801.36,146475,268337,-0.0374742364624264,0
2023-07-28 11:03:41,800.25,349329,2,801.36,146475,268337,-0.0374742364624264,0
2023-07-28 11:03:45,800.25,349418,6,801.36,146330,268337,-0.0374742364624264,0
2023-07-28 11:03:46,800.25,349476,1,801.36,146284,268397,-0.0374742364624264,0
2023-07-28 11:03:46,800.35,349476,1,801.36,146284,268397,-0.02498282430827953,0
2023-07-28 11:03:46,800.25,349476,33,801.36,146284,268397,-0.0374742364624264,0
2023-07-28 11:03:46,800.25,349476,5,801.36,146284,268397,-0.0374742364624264,0
2023-07-28 11:03:54,800.25,349588,5,801.36,146434,268381,-0.0374742364624264,0
2023-07-28 11:03:54,800.35,349588,18,801.36,146434,268381,-0.02498282430827953,0
2023-07-28 11:03:54,800.25,349588,1,801.36,146434,268381,-0.0374742364624264,0
2023-07-28 11:03:54,800.35,349588,2,801.36,146434,268381,-0.02498282430827953,0
2023-07-28 11:03:57,800.35,349628,1,801.36,146487,268598,-0.02498282430827953,0
2023-07-28 11:03:57,800.2,349628,17,801.36,146487,268598,-0.04371994253949273,0
2023-07-28 11:03:57,800.2,349628,15,801.36,146487,268598,-0.04371994253949273,0
2023-07-28 11:03:57,800.2,349628,100,801.36,146487,268598,-0.04371994253949273,0
2023-07-28 11:04:02,800.2,349841,100,801.36,146378,268575,-0.04371994253949273,0
2023-07-28 11:04:02,800.35,349841,9,801.36,146378,268575,-0.02498282430827953,0
2023-07-28 11:04:02,800.35,349841,28,801.36,146378,268575,-0.02498282430827953,0
2023-07-28 11:04:02,800.35,349841,2,801.36,146378,268575,-0.02498282430827953,0
2023-07-28 11:04:02,800.35,349841,16,801.36,146378,268575,-0.02498282430827953,0
2023-07-28 11:04:05,800.35,349930,16,801.36,146782,268129,-0.02498282430827953,0
2023-07-28 11:04:10,800.25,349931,1,801.36,146573,268136,-0.0374742364624264,0
2023-07-28 11:04:10,800.25,349931,5,801.36,146573,268136,-0.0374742364624264,0
2023-07-28 11:04:10,800.25,349931,5,801.36,146573,268136,-0.0374742364624264,0
2023-07-28 11:04:13,800.35,349941,5,801.36,146653,268119,-0.02498282430827953,0
2023-07-28 11:04:13,800.35,349941,2,801.36,146653,268119,-0.02498282430827953,0
2023-07-28 11:04:13,800.35,349941,2,801.36,146653,268119,-0.02498282430827953,0
2023-07-28 11:04:13,800.25,349941,20,801.36,146653,268119,-0.0374742364624264,0
2023-07-28 11:04:13,800.25,349941,5,801.36,146653,268119,-0.0374742364624264,0
2023-07-28 11:04:13,800.25,349941,5,801.36,146653,268119,-0.0374742364624264,0
2023-07-28 11:04:13,800.25,349941,1,801.36,146653,268119,-0.0374742364624264,0
2023-07-28 11:04:13,800.25,349941,10,801.36,146653,268119,-0.0374742364624264,0
2023-07-28 11:04:27,800.35,350024,2,801.36,146484,268352,-0.02498282430827953,0
2023-07-28 11:04:27,800.35,350024,10,801.36,146484,268352,-0.02498282430827953,0
2023-07-28 11:04:27,800.25,350024,1,801.36,146484,268352,-0.0374742364624264,0
2023-07-28 11:04:30,800.3,350036,1,801.36,146494,268388,-0.031228530385360068,0
2023-07-28 11:04:30,800.25,350036,4,801.36,146494,268388,-0.0374742364624264,0
2023-07-28 11:04:30,800.25,350036,5,801.36,146494,268388,-0.0374742364624264,0
2023-07-28 11:04:30,800.3,350036,1,801.36,146494,268388,-0.031228530385360068,0
2023-07-28 11:04:35,800.25,350048,2,801.36,146621,268417,-0.0374742364624264,0
2023-07-28 11:04:35,800.25,350048,2,801.36,146621,268417,-0.0374742364624264,0
2023-07-28 11:04:39,800.25,350082,5,801.36,146690,268464,-0.0374742364624264,0
2023-07-28 11:04:39,800.25,350082,1,801.36,146690,268464,-0.0374742364624264,0
2023-07-28 11:04:39,800.25,350082,5,801.36,146690,268464,-0.0374742364624264,0
2023-07-28 11:04:44,800.3,350117,25,801.36,146619,268466,-0.031228530385360068,0
2023-07-28 11:04:44,800.25,350117,5,801.36,146619,268466,-0.0374742364624264,0
2023-07-28 11:04:48,800.25,350123,5,801.36,146623,268487,-0.0374742364624264,0
2023-07-28 11:04:48,800.25,350123,1,801.36,146623,268487,-0.0374742364624264,0
2023-07-28 11:04:53,800.3,350200,2,801.36,146613,268509,-0.031228530385360068,0
2023-07-28 11:04:53,800.3,350200,11,801.36,146613,268509,-0.031228530385360068,0
2023-07-28 11:04:53,800.25,350200,1,801.36,146613,268509,-0.0374742364624264,0
2023-07-28 11:04:53,800.25,350200,5,801.36,146613,268509,-0.0374742364624264,0
2023-07-28 11:04:57,800.25,350367,5,801.36,146465,268477,-0.0374742364624264,0
2023-07-28 11:04:57,800.3,350367,1,801.36,146465,268477,-0.031228530385360068,0
2023-07-28 11:05:00,800.3,350369,1,801.36,146500,268503,-0.031228530385360068,0
2023-07-28 11:05:00,800.3,350369,11,801.36,146500,268503,-0.031228530385360068,0
2023-07-28 11:05:00,800.25,350369,2,801.36,146500,268503,-0.0374742364624264,0
2023-07-28 11:05:06,800.25,350481,5,801.36,146524,268456,-0.0374742364624264,0
2023-07-28 11:05:06,800.25,350481,20,801.36,146524,268456,-0.0374742364624264,0
2023-07-28 11:05:06,800.3,350481,2,801.36,146524,268456,-0.031228530385360068,0
2023-07-28 11:05:06,800.3,350481,1,801.36,146524,268456,-0.031228530385360068,0
2023-07-28 11:05:06,800.25,350481,1,801.36,146524,268456,-0.0374742364624264,0
2023-07-28 11:05:06,800.25,350481,5,801.36,146524,268456,-0.0374742364624264,0
2023-07-28 11:05:06,800.25,350481,5,801.36,146524,268456,-0.0374742364624264,0
2023-07-28 11:05:06,800.25,350481,1,801.36,146524,268456,-0.0374742364624264,0
2023-07-28 11:05:06,800.3,350481,3,801.36,146524,268456,-0.031228530385360068,0
2023-07-28 11:05:18,800.3,350635,30,801.36,146522,268461,-0.031228530385360068,0
2023-07-28 11:05:18,800.25,350635,6,801.36,146522,268461,-0.0374742364624264,0
2023-07-28 11:05:18,800.25,350635,1,801.36,146522,268461,-0.0374742364624264,0
2023-07-28 11:05:18,800.25,350635,2,801.36,146522,268461,-0.0374742364624264,0
2023-07-28 11:05:20,800.25,350777,2,801.36,146449,268455,-0.0374742364624264,0
2023-07-28 11:05:20,800.25,350777,5,801.36,146449,268455,-0.0374742364624264,0
2023-07-28 11:05:20,800.3,350777,1,801.36,146449,268455,-0.031228530385360068,0
2023-07-28 11:05:20,800.25,350777,1,801.36,146449,268455,-0.0374742364624264,0
2023-07-28 11:05:25,800.25,350789,1,801.36,146405,268493,-0.0374742364624264,0
2023-07-28 11:05:25,800.25,350789,2,801.36,146405,268493,-0.0374742364624264,0
2023-07-28 11:05:31,800.25,350861,22,801.36,146334,268488,-0.0374742364624264,0
2023-07-28 11:05:31,800.35,350861,10,801.36,146334,268488,-0.02498282430827953,0
2023-07-28 11:05:31,800.25,350861,14,801.36,146334,268488,-0.0374742364624264,0
2023-07-28 11:05:31,800.25,350861,5,801.36,146334,268488,-0.0374742364624264,0
2023-07-28 11:05:35,800.25,350997,2,801.36,146222,268534,-0.0374742364624264,0
2023-07-28 11:05:35,800.3,350997,6,801.36,146235,268573,-0.031228530385360068,0
2023-07-28 11:05:35,800.25,350997,1,801.36,146235,268573,-0.0374742364624264,0
2023-07-28 11:05:35,800.25,350997,5,801.36,146235,268573,-0.0374742364624264,0
2023-07-28 11:05:35,800.25,350997,5,801.36,146235,268573,-0.0374742364624264,0
2023-07-28 11:05:43,800.25,351108,5,801.36,146224,268502,-0.0374742364624264,0
2023-07-28 11:05:43,800.25,351108,1,801.36,146224,268502,-0.0374742364624264,0
2023-07-28 11:05:43,800.3,351108,1,801.36,146224,268502,-0.031228530385360068,0
2023-07-28 11:05:43,800.3,351108,1,801.36,146224,268502,-0.031228530385360068,0
2023-07-28 11:05:47,800.3,351111,1,801.36,146239,268533,-0.031228530385360068,0
2023-07-28 11:05:47,800.35,351111,21,801.36,146239,268533,-0.02498282430827953,0
2023-07-28 11:05:50,800.35,351162,21,801.36,146308,268495,-0.02498282430827953,0
2023-07-28 11:05:50,800.25,351162,5,801.36,146308,268495,-0.0374742364624264,0
2023-07-28 11:05:50,800.25,351162,5,801.36,146308,268495,-0.0374742364624264,0
2023-07-28 11:05:50,800.25,351162,1,801.36,146308,268495,-0.0374742364624264,0
2023-07-28 11:05:50,800.3,351162,3,801.36,146308,268495,-0.031228530385360068,0
2023-07-28 11:05:56,800.35,351177,7,801.36,146681,268556,-0.02498282430827953,0
2023-07-28 11:05:56,800.3,351177,1,801.36,146681,268556,-0.031228530385360068,0
2023-07-28 11:05:56,800.25,351177,5,801.36,146681,268556,-0.0374742364624264,0
2023-07-28 11:05:56,800.45,351177,32,801.36,146681,268556,-0.012491412154132665,0
2023-07-28 11:06:01,800.45,351336,1,801.36,146634,268184,-0.012491412154132665,0
2023-07-28 11:06:01,800.25,351336,39,801.36,146634,268184,-0.0374742364624264,0
2023-07-28 11:06:01,800.25,351336,2,801.36,146634,268184,-0.0374742364624264,0
2023-07-28 11:06:05,800.25,351382,2,801.36,146828,268176,-0.0374742364624264,0
2023-07-28 11:06:05,800.45,351382,5,801.36,146828,268176,-0.012491412154132665,0
2023-07-28 11:06:05,800.45,351382,8,801.36,146828,268176,-0.012491412154132665,0
2023-07-28 11:06:10,800.25,351408,1,801.36,146741,268426,-0.0374742364624264,0
2023-07-28 11:06:10,800.45,351408,9,801.36,146741,268426,-0.012491412154132665,0
2023-07-28 11:06:10,800.25,351408,1,801.36,146741,268426,-0.0374742364624264,0
2023-07-28 11:06:13,800.25,351427,1,801.36,146737,268429,-0.0374742364624264,0
2023-07-28 11:06:13,800.25,351427,1,801.36,146737,268429,-0.0374742364624264,0
2023-07-28 11:06:13,800.25,351427,5,801.36,146737,268429,-0.0374742364624264,0
2023-07-28 11:06:18,800.25,351433,5,801.36,146713,268505,-0.0374742364624264,0
2023-07-28 11:06:18,800.25,351433,1,801.36,146713,268505,-0.0374742364624264,0
2023-07-28 11:06:18,800.25,351433,5,801.36,146713,268505,-0.0374742364624264,0
2023-07-28 11:06:18,800.45,351433,98,801.36,146713,268505,-0.012491412154132665,0
2023-07-28 11:06:18,800.25,351433,4,801.36,146713,268505,-0.0374742364624264,0
2023-07-28 11:06:23,800.25,351594,4,801.36,146722,268388,-0.0374742364624264,0
2023-07-28 11:06:23,800.25,351594,1,801.36,146722,268388,-0.0374742364624264,0
2023-07-28 11:06:23,800.25,351594,2,801.36,146722,268388,-0.0374742364624264,0
2023-07-28 11:06:23,800.45,351594,1,801.36,146722,268388,-0.012491412154132665,0
2023-07-28 11:06:27,800.45,351601,1,801.36,146739,268550,-0.012491412154132665,0
2023-07-28 11:06:27,800.25,351601,1,801.36,146739,268550,-0.0374742364624264,0
2023-07-28 11:06:27,800.45,351601,2,801.36,146739,268550,-0.012491412154132665,0
2023-07-28 11:06:32,800.45,351605,1,801.36,147036,268398,-0.012491412154132665,0
2023-07-28 11:06:32,800.25,351605,5,801.36,147036,268398,-0.0374742364624264,0
2023-07-28 11:06:32,800.25,351605,4,801.36,147036,268398,-0.0374742364624264,0
2023-07-28 11:06:32,800.25,351605,2,801.36,147036,268398,-0.0374742364624264,0
2023-07-28 11:06:36,800.25,351647,5,801.36,147248,268656,-0.0374742364624264,0
2023-07-28 11:06:36,800.25,351647,1,801.36,147248,268656,-0.0374742364624264,0
2023-07-28 11:06:40,800.25,351648,1,801.36,147177,268656,-0.0374742364624264,0
2023-07-28 11:06:40,800.45,351648,2,801.36,147177,268656,-0.012491412154132665,0
2023-07-28 11:06:40,800.25,351648,5,801.36,147177,268656,-0.0374742364624264,0
2023-07-28 11:06:40,800.25,351648,1,801.36,147177,268656,-0.0374742364624264,0
2023-07-28 11:06:40,800.25,351648,1,801.36,147177,268656,-0.0374742364624264,0
2023-07-28 11:06:45,800.25,351666,1,801.36,147196,268694,-0.0374742364624264,0
2023-07-28 11:06:50,800.25,351667,1,801.36,147234,268726,-0.0374742364624264,0
2023-07-28 11:06:50,800.25,351667,5,801.36,147234,268726,-0.0374742364624264,0
2023-07-28 11:06:50,800.25,351667,5,801.36,147234,268726,-0.0374742364624264,0
2023-07-28 11:06:54,800.25,351677,5,801.36,147232,268767,-0.0374742364624264,0
2023-07-28 11:06:54,800.25,351677,1,801.36,147232,268767,-0.0374742364624264,0
2023-07-28 11:06:54,800.25,351677,4,801.36,147232,268767,-0.0374742364624264,0
2023-07-28 11:06:54,800.4,351677,20,801.36,147232,268767,-0.0187371182312132,0
2023-07-28 11:06:58,800.4,352939,20,801.35,146536,268616,-0.0187371182312132,0
2023-07-28 11:06:58,800.4,352939,1,801.35,146536,268616,-0.0187371182312132,0
2023-07-28 11:06:58,800.3,352939,1,801.35,146536,268616,-0.031228530385360068,0
2023-07-28 11:06:58,800.4,352939,1,801.35,146536,268616,-0.0187371182312132,0
2023-07-28 11:06:58,800.3,352939,1,801.35,146536,268616,-0.031228530385360068,0
2023-07-28 11:07:03,800.3,352948,5,801.35,146414,268735,-0.031228530385360068,0
2023-07-28 11:07:03,800.3,352948,5,801.35,146414,268735,-0.031228530385360068,0
2023-07-28 11:07:03,800.3,352948,2,801.35,146414,268735,-0.031228530385360068,0
2023-07-28 11:07:06,800.3,352955,2,801.35,146440,268863,-0.031228530385360068,0
2023-07-28 11:07:06,800.3,352955,1,801.35,146440,268863,-0.031228530385360068,0
2023-07-28 11:07:06,800.3,352955,10,801.35,146440,268863,-0.031228530385360068,0
2023-07-28 11:07:06,800.4,352955,2,801.35,146440,268863,-0.0187371182312132,0
2023-07-28 11:07:11,800.4,352968,2,801.35,146352,268903,-0.0187371182312132,0
2023-07-28 11:07:11,800.3,352968,5,801.35,146352,268903,-0.031228530385360068,0
2023-07-28 11:07:11,800.3,352968,5,801.35,146352,268903,-0.031228530385360068,0
2023-07-28 11:07:11,800.3,352968,1,801.35,146352,268903,-0.031228530385360068,0
2023-07-28 11:07:15,800.3,352979,1,801.35,146383,269022,-0.031228530385360068,0
2023-07-28 11:07:15,800.3,352979,5,801.35,146383,269022,-0.031228530385360068,0
2023-07-28 11:07:21,800.3,353146,20,801.35,146315,269074,-0.031228530385360068,0
2023-07-28 11:07:21,800.25,353146,4,801.35,146315,269074,-0.0374742364624264,0
2023-07-28 11:07:21,800.25,353146,51,801.35,146315,269074,-0.0374742364624264,0
2023-07-28 11:07:24,800.25,353202,1,801.35,146514,269074,-0.0374742364624264,0
2023-07-28 11:07:24,800.25,353202,22,801.35,146514,269074,-0.0374742364624264,0
2023-07-28 11:07:24,800.35,353202,1,801.35,146514,269074,-0.02498282430827953,0
2023-07-28 11:07:29,800.25,353290,6,801.35,146407,269073,-0.0374742364624264,0
2023-07-28 11:07:29,800.25,353290,1,801.35,146407,269073,-0.0374742364624264,0
2023-07-28 11:07:30,800.25,353296,1,801.35,146390,269068,-0.0374742364624264,0
2023-07-28 11:07:30,800.25,353296,5,801.35,146390,269068,-0.0374742364624264,0
2023-07-28 11:07:30,800.3,353296,1,801.35,146390,269068,-0.031228530385360068,0
2023-07-28 11:07:35,800.3,353306,1,801.35,146389,269182,-0.031228530385360068,0
2023-07-28 11:07:35,800.25,353306,5,801.35,146389,269182,-0.0374742364624264,0
2023-07-28 11:07:35,800.25,353306,1,801.35,146389,269182,-0.0374742364624264,0
2023-07-28 11:07:40,800.25,353312,1,801.35,146512,269180,-0.0374742364624264,0
2023-07-28 11:07:40,800.25,353312,5,801.35,146512,269180,-0.0374742364624264,0
2023-07-28 11:07:40,800.3,353312,12,801.35,146512,269180,-0.031228530385360068,0
2023-07-28 11:07:40,800.25,353312,1,801.35,146512,269180,-0.0374742364624264,0
2023-07-28 11:07:45,800.25,353330,1,801.35,146407,269168,-0.0374742364624264,0
2023-07-28 11:07:45,800.3,353330,4,801.35,146407,269168,-0.031228530385360068,0
2023-07-28 11:07:45,800.3,353330,34,801.35,146407,269168,-0.031228530385360068,0
2023-07-28 11:07:45,800.3,353330,6,801.35,146407,269168,-0.031228530385360068,0
2023-07-28 11:07:45,800.3,353330,28,801.35,146407,269168,-0.031228530385360068,0
2023-07-28 11:07:45,800.3,353330,1,801.35,146407,269168,-0.031228530385360068,0
2023-07-28 11:07:50,800.3,353509,1,801.35,146232,269011,-0.031228530385360068,0
2023-07-28 11:07:50,800.3,353509,6,801.35,146232,269011,-0.031228530385360068,0
2023-07-28 11:07:50,800.3,353509,6,801.35,146232,269011,-0.031228530385360068,0
2023-07-28 11:07:50,800.3,353509,17,801.35,146232,269011,-0.031228530385360068,0
2023-07-28 11:07:50,800.3,353509,5,801.35,146232,269011,-0.031228530385360068,0
2023-07-28 11:07:55,800.3,353544,1,801.35,146419,269203,-0.031228530385360068,0
2023-07-28 11:07:55,800.35,353544,6,801.35,146419,269203,-0.02498282430827953,0
2023-07-28 11:07:55,800.35,353544,1,801.35,146419,269203,-0.02498282430827953,0
2023-07-28 11:07:55,800.35,353544,1,801.35,146419,269203,-0.02498282430827953,0
2023-07-28 11:07:59,800.35,353572,15,801.35,146290,269180,-0.02498282430827953,0
2023-07-28 11:07:59,800.35,353572,1,801.35,146290,269180,-0.02498282430827953,0
2023-07-28 11:07:59,800.3,353572,6,801.35,146290,269180,-0.031228530385360068,0
2023-07-28 11:07:59,800.25,353572,13,801.35,146290,269180,-0.0374742364624264,0
2023-07-28 11:08:03,800.25,353628,5,801.35,146397,269126,-0.0374742364624264,0
2023-07-28 11:08:03,800.25,353628,5,801.35,146397,269126,-0.0374742364624264,0
2023-07-28 11:08:03,800.35,353628,1,801.35,146397,269126,-0.02498282430827953,0
2023-07-28 11:08:07,800.35,353636,1,801.35,146365,267125,-0.02498282430827953,0
2023-07-28 11:08:07,800.35,353636,2,801.35,146365,267125,-0.02498282430827953,0
2023-07-28 11:08:07,800.25,353636,1,801.35,146365,267125,-0.0374742364624264,0
2023-07-28 11:08:07,800.35,353636,17,801.35,146365,267125,-0.02498282430827953,0
2023-07-28 11:08:07,800.35,353636,1,801.35,146365,267125,-0.02498282430827953,0
2023-07-28 11:08:13,800.25,353676,5,801.35,146381,267152,-0.0374742364624264,0
2023-07-28 11:08:13,800.25,353676,6,801.35,146381,267152,-0.0374742364624264,0
2023-07-28 11:08:13,800.25,353676,2,801.35,146381,267152,-0.0374742364624264,0
2023-07-28 11:08:13,800.35,353676,5,801.35,146381,267152,-0.02498282430827953,0
2023-07-28 11:08:17,800.35,353716,5,801.35,146447,267176,-0.02498282430827953,0
2023-07-28 11:08:17,800.35,353716,2,801.35,146447,267176,-0.02498282430827953,0
2023-07-28 11:08:17,800.25,353716,68,801.35,146447,267176,-0.0374742364624264,0
2023-07-28 11:08:17,800.25,353716,1,801.35,146447,267176,-0.0374742364624264,0
2023-07-28 11:08:20,800.35,353819,2,801.35,146618,267067,-0.02498282430827953,0
2023-07-28 11:08:20,800.35,353819,5,801.35,146618,267067,-0.02498282430827953,0
2023-07-28 11:08:20,800.35,353819,5,801.35,146618,267067,-0.02498282430827953,0
2023-07-28 11:08:20,800.35,353819,6,801.35,146618,267067,-0.02498282430827953,0
2023-07-28 11:08:20,800.35,353819,1,801.35,146618,267067,-0.02498282430827953,0
2023-07-28 11:08:25,800.35,353991,1,801.35,146718,266802,-0.02498282430827953,0
2023-07-28 11:08:25,800.4,353991,12,801.35,146718,266802,-0.0187371182312132,0
2023-07-28 11:08:25,800.4,353991,1,801.35,146718,266802,-0.0187371182312132,0
2023-07-28 11:08:25,800.35,353991,1,801.35,146718,266802,-0.02498282430827953,0
2023-07-28 11:08:30,800.35,354005,1,801.35,146671,266873,-0.02498282430827953,0
2023-07-28 11:08:30,800.35,354005,5,801.35,146671,266873,-0.02498282430827953,0
2023-07-28 11:08:30,800.35,354005,5,801.35,146671,266873,-0.02498282430827953,0
2023-07-28 11:08:30,800.4,354005,5,801.35,146671,266873,-0.0187371182312132,0
2023-07-28 11:08:35,800.35,354178,2,801.35,146455,266710,-0.02498282430827953,0
2023-07-28 11:08:35,800.35,354178,13,801.35,146455,266710,-0.02498282430827953,0
2023-07-28 11:08:40,800.35,354192,1,801.35,146463,266719,-0.02498282430827953,0
2023-07-28 11:08:40,800.35,354192,5,801.35,146463,266719,-0.02498282430827953,0
2023-07-28 11:08:40,800.35,354192,5,801.35,146463,266719,-0.02498282430827953,0
2023-07-28 11:08:40,800.4,354192,2,801.35,146463,266719,-0.0187371182312132,0
2023-07-28 11:08:40,800.35,354192,5,801.35,146463,266719,-0.02498282430827953,0
2023-07-28 11:08:44,800.4,354353,4,801.35,146409,266670,-0.0187371182312132,0
2023-07-28 11:08:44,800.35,354353,1,801.35,146409,266670,-0.02498282430827953,0
2023-07-28 11:08:45,800.4,354354,1,801.35,146385,266681,-0.0187371182312132,0
2023-07-28 11:08:45,800.35,354354,1,801.35,146385,266681,-0.02498282430827953,0
2023-07-28 11:08:45,800.35,354354,5,801.35,146385,266681,-0.02498282430827953,0
2023-07-28 11:08:53,800.4,354367,3,801.35,146331,266823,-0.0187371182312132,0
2023-07-28 11:08:53,800.35,354367,5,801.35,146331,266823,-0.02498282430827953,0
2023-07-28 11:08:53,800.35,354367,49,801.35,146331,266823,-0.02498282430827953,0
2023-07-28 11:08:53,800.35,354367,4,801.35,146331,266823,-0.02498282430827953,0
2023-07-28 11:08:55,800.35,354454,4,801.35,146450,266823,-0.02498282430827953,0
2023-07-28 11:08:55,800.35,354454,5,801.35,146450,266823,-0.02498282430827953,0
2023-07-28 11:08:55,800.35,354454,1,801.35,146450,266823,-0.02498282430827953,0
2023-07-28 11:09:00,800.35,354465,1,801.35,146496,266420,-0.02498282430827953,0
2023-07-28 11:09:00,800.35,354465,1,801.35,146496,266420,-0.02498282430827953,0
2023-07-28 11:09:00,800.35,354465,5,801.35,146496,266420,-0.02498282430827953,0
2023-07-28 11:09:00,800.4,354465,2,801.35,146496,266420,-0.0187371182312132,0
2023-07-28 11:09:00,800.35,354465,2,801.35,146496,266420,-0.02498282430827953,0
2023-07-28 11:09:00,800.4,354465,47,801.35,146496,266420,-0.0187371182312132,0
2023-07-28 11:09:09,800.35,354609,5,801.35,146479,266678,-0.02498282430827953,0
2023-07-28 11:09:09,800.35,354609,1,801.35,146479,266678,-0.02498282430827953,0
2023-07-28 11:09:09,800.35,354609,1,801.35,146479,266678,-0.02498282430827953,0
2023-07-28 11:09:13,800.35,354615,1,801.35,146538,266673,-0.02498282430827953,0
2023-07-28 11:09:13,800.35,354615,1,801.35,146538,266673,-0.02498282430827953,0
2023-07-28 11:09:18,800.35,354621,5,801.35,146590,266720,-0.02498282430827953,0
2023-07-28 11:09:18,800.35,354621,91,801.35,146590,266720,-0.02498282430827953,0
2023-07-28 11:09:18,800.25,354621,12,801.35,146590,266720,-0.0374742364624264,0
2023-07-28 11:09:18,800.25,354621,55,801.35,146590,266720,-0.0374742364624264,0
2023-07-28 11:09:22,800.25,355436,55,801.35,146135,266844,-0.0374742364624264,0
2023-07-28 11:09:22,800.25,355436,1,801.35,146135,266844,-0.0374742364624264,0
2023-07-28 11:09:22,800.1,355436,99,801.35,146135,266844,-0.0562113546936396,0
2023-07-28 11:09:25,800.1,357135,99,801.34,144670,266996,-0.0562113546936396,0
2023-07-28 11:09:25,800.05,357135,5,801.34,144670,266996,-0.062457060770720135,0
2023-07-28 11:09:25,800.05,357135,48,801.34,144670,266996,-0.062457060770720135,0
2023-07-28 11:09:30,800.05,357220,48,801.34,145579,266813,-0.062457060770720135,0
2023-07-28 11:09:30,800.05,357220,5,801.34,145579,266813,-0.062457060770720135,0
2023-07-28 11:09:34,800.05,357226,1,801.34,145601,266988,-0.062457060770720135,0
2023-07-28 11:09:34,800.05,357226,2,801.34,145601,266988,-0.062457060770720135,0
2023-07-28 11:09:34,800.25,357226,30,801.34,145601,266988,-0.0374742364624264,0
2023-07-28 11:09:34,800.05,357226,52,801.34,145601,266988,-0.062457060770720135,0
2023-07-28 11:09:36,800.05,357315,52,801.34,145598,266975,-0.062457060770720135,0
2023-07-28 11:09:36,800.05,357315,5,801.34,145598,266975,-0.062457060770720135,0
2023-07-28 11:09:36,800.05,357315,1,801.34,145598,266975,-0.062457060770720135,0
2023-07-28 11:09:42,800.05,357467,56,801.34,145605,267154,-0.062457060770720135,0
2023-07-28 11:09:42,800.05,357467,5,801.34,145605,267154,-0.062457060770720135,0
2023-07-28 11:09:42,800.05,357467,5,801.34,145605,267154,-0.062457060770720135,0
2023-07-28 11:09:42,800.05,357467,1,801.34,145605,267154,-0.062457060770720135,0
2023-07-28 11:09:46,800.05,357508,30,801.34,145523,267154,-0.062457060770720135,0
2023-07-28 11:09:46,800.05,357508,5,801.34,145523,267154,-0.062457060770720135,0
2023-07-28 11:09:46,800.05,357508,1,801.34,145523,267154,-0.062457060770720135,0
2023-07-28 11:09:46,800.1,357508,5,801.34,145523,267154,-0.0562113546936396,0
2023-07-28 11:09:46,800.1,357508,5,801.34,145523,267154,-0.0562113546936396,0
2023-07-28 11:09:54,800.1,357524,5,801.34,145717,267101,-0.0562113546936396,0
2023-07-28 11:09:54,800.1,357524,1,801.34,145717,267101,-0.0562113546936396,0
2023-07-28 11:09:54,800.4,357524,44,801.34,145717,267101,-0.0187371182312132,0
2023-07-28 11:09:56,800.4,358025,44,801.34,145581,266348,-0.0187371182312132,0
2023-07-28 11:09:56,800.1,358025,1,801.34,145581,266348,-0.0562113546936396,0
2023-07-28 11:10:02,800.1,358046,7,801.34,145767,266694,-0.0562113546936396,0
2023-07-28 11:10:02,800.1,358046,5,801.34,145767,266694,-0.0562113546936396,0
2023-07-28 11:10:02,800.1,358046,5,801.34,145767,266694,-0.0562113546936396,0
2023-07-28 11:10:02,800.1,358046,12,801.34,145767,266694,-0.0562113546936396,0
2023-07-28 11:10:02,800.05,358046,4,801.34,145767,266694,-0.062457060770720135,0
2023-07-28 11:10:05,800.25,358122,3,801.34,145175,266743,-0.0374742364624264,0
2023-07-28 11:10:05,800.25,358122,1,801.34,145175,266743,-0.0374742364624264,0
2023-07-28 11:10:05,800.25,358122,23,801.34,145175,266743,-0.0374742364624264,0
2023-07-28 11:10:05,800.25,358122,2,801.34,145175,266743,-0.0374742364624264,0
2023-07-28 11:10:12,800.05,358164,3,801.34,145225,266533,-0.062457060770720135,0
2023-07-28 11:10:12,800.05,358164,3,801.34,145225,266533,-0.062457060770720135,0
2023-07-28 11:10:12,800.05,358164,5,801.34,145225,266533,-0.062457060770720135,0
2023-07-28 11:10:12,800.05,358164,10,801.34,145225,266533,-0.062457060770720135,0
2023-07-28 11:10:12,800.05,358164,1,801.34,145225,266533,-0.062457060770720135,0
2023-07-28 11:10:16,800.2,358203,1,801.34,145238,266993,-0.04371994253949273,0
2023-07-28 11:10:16,800.2,358203,1,801.34,145238,266993,-0.04371994253949273,0
2023-07-28 11:10:16,800.2,358203,5,801.34,145238,266993,-0.04371994253949273,0
2023-07-28 11:10:21,800.05,358214,5,801.34,145264,266928,-0.062457060770720135,0
2023-07-28 11:10:21,800.05,358214,5,801.34,145264,266928,-0.062457060770720135,0
2023-07-28 11:10:21,800.05,358214,5,801.34,145264,266928,-0.062457060770720135,0
2023-07-28 11:10:25,800.05,358220,1,801.34,145281,266955,-0.062457060770720135,0
2023-07-28 11:10:25,800.2,358220,1,801.34,145281,266955,-0.04371994253949273,0
2023-07-28 11:10:25,800.2,358220,8,801.34,145281,266955,-0.04371994253949273,0
2023-07-28 11:10:27,800.2,358239,8,801.34,145294,266966,-0.04371994253949273,0
2023-07-28 11:10:27,800.15,358239,1,801.34,145294,266966,-0.049965648616573266,0
2023-07-28 11:10:27,800.05,358239,1,801.34,145294,266966,-0.062457060770720135,0
2023-07-28 11:10:27,800.2,358239,7,801.34,145294,266966,-0.04371994253949273,0
2023-07-28 11:10:27,800.05,358239,5,801.34,145294,266966,-0.062457060770720135,0
2023-07-28 11:10:33,800.2,358257,1,801.34,145289,266956,-0.04371994253949273,0
2023-07-28 11:10:33,800.05,358257,2,801.34,145289,266956,-0.062457060770720135,0
2023-07-28 11:10:33,800.05,358257,43,801.34,145289,266956,-0.062457060770720135,0
2023-07-28 11:10:33,800.05,358257,73,801.34,145289,266956,-0.062457060770720135,0
2023-07-28 11:10:37,800.2,358413,10,801.34,145307,266879,-0.04371994253949273,0
2023-07-28 11:10:37,800.15,358413,5,801.34,145307,266879,-0.049965648616573266,0
2023-07-28 11:10:37,800.05,358413,1,801.34,145307,266879,-0.062457060770720135,0
2023-07-28 11:10:37,800.4,358413,2,801.34,145307,266879,-0.0187371182312132,0
2023-07-28 11:10:42,800.5,358531,2,801.34,143847,266358,-0.006245706077066333,0
2023-07-28 11:10:42,800.05,358531,5,801.34,143847,266358,-0.062457060770720135,0
2023-07-28 11:10:42,800.1,358531,1,801.34,143847,266358,-0.0562113546936396,0
2023-07-28 11:10:45,800.1,358537,1,801.34,143826,266296,-0.0562113546936396,0
2023-07-28 11:10:45,800.1,358537,5,801.34,143826,266296,-0.0562113546936396,0
2023-07-28 11:10:45,800.5,358537,1,801.34,143826,266296,-0.006245706077066333,0
2023-07-28 11:10:45,800.1,358537,1,801.34,143826,266296,-0.0562113546936396,0
2023-07-28 11:10:50,800.1,358544,1,801.34,143814,266320,-0.0562113546936396,0
2023-07-28 11:10:50,800.5,358544,1,801.34,143814,266320,-0.006245706077066333,0
2023-07-28 11:10:50,800.1,358544,6,801.34,143814,266320,-0.0562113546936396,0
2023-07-28 11:10:50,800.1,358544,2,801.34,143814,266320,-0.0562113546936396,0
2023-07-28 11:10:54,800.1,358553,2,801.34,143931,266308,-0.0562113546936396,0
2023-07-28 11:10:54,800.1,358553,5,801.34,143931,266308,-0.0562113546936396,0
2023-07-28 11:10:54,800.25,358553,55,801.34,143931,266308,-0.0374742364624264,0
2023-07-28 11:10:54,800.05,358553,34,801.34,143931,266308,-0.062457060770720135,0
2023-07-28 11:10:54,800.25,358553,4,801.34,143931,266308,-0.0374742364624264,0
2023-07-28 11:11:03,800.25,358756,2,801.33,144186,266934,-0.0374742364624264,0
2023-07-28 11:11:04,800.25,358758,2,801.33,144203,267011,-0.0374742364624264,0
2023-07-28 11:11:04,800.15,358758,5,801.33,144203,267011,-0.049965648616573266,0
2023-07-28 11:11:04,800.2,358758,7,801.33,144203,267011,-0.04371994253949273,0
2023-07-28 11:11:04,800.15,358758,10,801.33,144203,267011,-0.049965648616573266,0
2023-07-28 11:11:11,800.15,358780,10,801.33,144272,267017,-0.049965648616573266,0
2023-07-28 11:11:11,800.15,358780,5,801.33,144272,267017,-0.049965648616573266,0
2023-07-28 11:11:11,800.15,358780,5,801.33,144272,267017,-0.049965648616573266,0
2023-07-28 11:11:15,800.15,358790,5,801.33,144384,267240,-0.049965648616573266,0
2023-07-28 11:11:15,800.2,358790,6,801.33,144384,267240,-0.04371994253949273,0
2023-07-28 11:11:19,800.2,358796,1,801.33,144381,267214,-0.04371994253949273,0
2023-07-28 11:11:19,800.15,358796,5,801.33,144381,267214,-0.049965648616573266,0
2023-07-28 11:11:19,800.15,358796,5,801.33,144381,267214,-0.049965648616573266,0
2023-07-28 11:11:19,800.15,358796,5,801.33,144381,267214,-0.049965648616573266,0
2023-07-28 11:11:24,800.2,358820,3,801.33,144395,267230,-0.04371994253949273,0
2023-07-28 11:11:24,800.2,358820,4,801.33,144395,267230,-0.04371994253949273,0
2023-07-28 11:11:24,800.25,358820,40,801.33,144395,267230,-0.0374742364624264,0
2023-07-28 11:11:27,800.25,358950,40,801.33,144384,266963,-0.0374742364624264,0
2023-07-28 11:11:27,800.2,358950,1,801.33,144384,266963,-0.04371994253949273,0
2023-07-28 11:11:27,800.15,358950,5,801.33,144384,266963,-0.049965648616573266,0
2023-07-28 11:11:33,800.15,358961,5,801.33,144396,266975,-0.049965648616573266,0
2023-07-28 11:11:37,800.2,359006,45,801.33,144296,266956,-0.04371994253949273,0
2023-07-28 11:11:37,800.2,359006,45,801.33,144308,267008,-0.04371994253949273,0
2023-07-28 11:11:37,800.2,359006,14,801.33,144308,267008,-0.04371994253949273,0
2023-07-28 11:11:37,800.15,359006,5,801.33,144308,267008,-0.049965648616573266,0
2023-07-28 11:11:37,800.15,359006,22,801.33,144308,267008,-0.049965648616573266,0
2023-07-28 11:11:37,800.2,359006,3,801.33,144308,267008,-0.04371994253949273,0
2023-07-28 11:11:44,800.2,359082,3,801.33,144275,266928,-0.04371994253949273,0
2023-07-28 11:11:44,800.2,359082,5,801.33,144275,266928,-0.04371994253949273,0
2023-07-28 11:11:44,800.2,359082,4,801.33,144275,266928,-0.04371994253949273,0
2023-07-28 11:11:46,800.2,359091,4,801.33,144282,266975,-0.04371994253949273,0
2023-07-28 11:11:46,800.15,359091,2,801.33,144282,266975,-0.049965648616573266,0
2023-07-28 11:11:53,800.15,359101,5,801.33,144308,266992,-0.049965648616573266,0
2023-07-28 11:11:53,800.2,359101,1,801.33,144308,266992,-0.04371994253949273,0
2023-07-28 11:11:53,800.2,359101,1,801.33,144308,266992,-0.04371994253949273,0
2023-07-28 11:11:57,800.2,359103,1,801.33,144318,267069,-0.04371994253949273,0
2023-07-28 11:11:57,800.15,359103,32,801.33,144318,267069,-0.049965648616573266,0
2023-07-28 11:11:57,800.15,359103,5,801.33,144318,267069,-0.049965648616573266,0
2023-07-28 11:12:00,800.15,359140,5,801.33,144340,267066,-0.049965648616573266,0
2023-07-28 11:12:00,800.15,359140,4,801.33,144340,267066,-0.049965648616573266,0
2023-07-28 11:12:03,800.15,359145,4,801.33,144399,267081,-0.049965648616573266,0
2023-07-28 11:12:03,800.1,359145,5,801.33,144399,267081,-0.0562113546936396,0
2023-07-28 11:12:03,800.15,359145,4,801.33,144399,267081,-0.049965648616573266,0
2023-07-28 11:12:10,800.2,359647,2,801.33,143902,267292,-0.04371994253949273,0
2023-07-28 11:12:10,800.15,359647,5,801.33,143902,267292,-0.049965648616573266,0
2023-07-28 11:12:10,800.15,359647,4,801.33,143902,267292,-0.049965648616573266,0
2023-07-28 11:12:14,800.15,359656,4,801.33,143974,267292,-0.049965648616573266,0
2023-07-28 11:12:14,800.2,359656,5,801.33,143974,267292,-0.04371994253949273,0
2023-07-28 11:12:18,800.15,359666,5,801.33,143941,267316,-0.049965648616573266,0
2023-07-28 11:12:18,800.2,359666,13,801.33,143941,267316,-0.04371994253949273,0
2023-07-28 11:12:22,800.2,359797,37,801.33,143347,267179,-0.04371994253949273,0
2023-07-28 11:12:22,800.2,359797,5,801.33,143347,267179,-0.04371994253949273,0
2023-07-28 11:12:22,800.05,359797,84,801.33,143347,267179,-0.062457060770720135,0
2023-07-28 11:12:22,800.2,359797,11,801.33,143347,267179,-0.04371994253949273,0
2023-07-28 11:12:27,800.25,359926,1,801.33,143210,267057,-0.0374742364624264,0
2023-07-28 11:12:27,800.05,359926,78,801.33,143210,267057,-0.062457060770720135,0
2023-07-28 11:12:27,800.05,359926,5,801.33,143210,267057,-0.062457060770720135,0
2023-07-28 11:12:32,800.05,360050,1,801.33,142756,267185,-0.062457060770720135,0
2023-07-28 11:12:32,800.05,360050,5,801.33,142756,267185,-0.062457060770720135,0
2023-07-28 11:12:32,800.05,360050,5,801.33,142756,267185,-0.062457060770720135,0
2023-07-28 11:12:36,800.05,360060,5,801.33,142745,267176,-0.062457060770720135,0
2023-07-28 11:12:36,800.05,360060,56,801.33,142745,267176,-0.062457060770720135,0
2023-07-28 11:12:38,800.05,360122,56,801.33,142597,267237,-0.062457060770720135,0
2023-07-28 11:12:38,800.05,360122,5,801.33,142597,267237,-0.062457060770720135,0
2023-07-28 11:12:38,800.15,360122,6,801.33,142597,267237,-0.049965648616573266,0
2023-07-28 11:12:38,800.05,360122,60,801.33,142597,267237,-0.062457060770720135,0
2023-07-28 11:12:38,800.05,360122,5,801.33,142597,267237,-0.062457060770720135,0
2023-07-28 11:12:45,800.05,360198,5,801.33,142601,267144,-0.062457060770720135,0
2023-07-28 11:12:45,800.15,360198,3,801.33,142601,267144,-0.049965648616573266,0
2023-07-28 11:12:45,800.05,360198,34,801.33,142601,267144,-0.062457060770720135,0
2023-07-28 11:12:48,800.05,360237,34,801.33,142531,267139,-0.062457060770720135,0
2023-07-28 11:12:48,800.05,360237,21,801.33,142531,267139,-0.062457060770720135,0
2023-07-28 11:12:48,800.05,360237,5,801.33,142531,267139,-0.062457060770720135,0
2023-07-28 11:12:54,800.05,360627,5,801.33,142191,267305,-0.062457060770720135,0
2023-07-28 11:12:54,800.15,360627,1,801.33,142191,267305,-0.049965648616573266,0
2023-07-28 11:12:54,800.05,360627,34,801.33,142191,267305,-0.062457060770720135,0
2023-07-28 11:12:58,800.05,360663,34,801.33,142150,267349,-0.062457060770720135,0
2023-07-28 11:12:58,799.0,360663,5,801.33,142150,267349,-0.19361688838922672,0
2023-07-28 11:12:58,799.6,360663,73,801.33,142150,267349,-0.11866841546435973,0
2023-07-28 11:13:01,799.6,377654,73,801.26,129891,265535,-0.11866841546435973,0
2023-07-28 11:13:01,799.65,377654,5,801.26,129891,265535,-0.1124227093872934,0
2023-07-28 11:13:01,799.65,377654,10,801.26,129891,265535,-0.1124227093872934,0
2023-07-28 11:13:04,799.65,377695,10,801.26,130037,268157,-0.1124227093872934,0
2023-07-28 11:13:04,799.4,377695,1,801.26,130037,268157,-0.14365123977265346,0
2023-07-28 11:13:04,799.4,377695,1,801.26,130037,268157,-0.14365123977265346,0
2023-07-28 11:13:10,799.4,377697,25,801.26,129743,266920,-0.14365123977265346,0
2023-07-28 11:13:10,799.35,377697,1,801.26,129743,266920,-0.1498969458497198,0
2023-07-28 11:13:10,799.0,377697,5,801.26,129743,266920,-0.19361688838922672,0
2023-07-28 11:13:10,799.4,377697,2,801.26,129743,266920,-0.14365123977265346,0
2023-07-28 11:13:10,799.4,377697,1,801.26,129743,266920,-0.14365123977265346,0
2023-07-28 11:13:16,799.0,378406,22,801.26,129585,267672,-0.19361688838922672,0
2023-07-28 11:13:16,799.0,378406,22,801.26,129585,267672,-0.19361688838922672,0
2023-07-28 11:13:16,799.4,378406,2,801.26,129585,267672,-0.14365123977265346,0
2023-07-28 11:13:16,799.0,378406,2,801.26,129585,267672,-0.19361688838922672,0
2023-07-28 11:13:16,799.4,378406,3,801.26,129585,267672,-0.14365123977265346,0
2023-07-28 11:13:20,799.4,378413,3,801.26,129593,268195,-0.14365123977265346,0
2023-07-28 11:13:20,799.0,378413,5,801.26,129593,268195,-0.19361688838922672,0
2023-07-28 11:13:20,799.0,378413,5,801.26,129593,268195,-0.19361688838922672,0
2023-07-28 11:13:24,799.0,378423,5,801.26,129590,266684,-0.19361688838922672,0
2023-07-28 11:13:24,799.4,378423,8,801.26,129590,266684,-0.14365123977265346,0
2023-07-28 11:13:24,799.5,378423,35,801.26,129590,266684,-0.1311598276185066,0
2023-07-28 11:13:24,799.4,378423,54,801.26,129590,266684,-0.14365123977265346,0
2023-07-28 11:13:24,799.4,378423,19,801.26,129590,266684,-0.14365123977265346,0
2023-07-28 11:13:28,799.4,378811,19,801.26,130514,265861,-0.14365123977265346,0
2023-07-28 11:13:28,799.45,378811,5,801.26,130514,265861,-0.13740553369557293,0
2023-07-28 11:13:28,799.5,378811,11,801.26,130514,265861,-0.1311598276185066,0
2023-07-28 11:13:28,799.4,378811,3,801.26,130514,265861,-0.14365123977265346,0
2023-07-28 11:13:33,799.4,378832,3,801.26,131667,265851,-0.14365123977265346,0
2023-07-28 11:13:33,799.9,378832,2,801.26,131667,265851,-0.08119417900193333,0
2023-07-28 11:13:33,799.9,378832,1,801.26,131667,265851,-0.08119417900193333,0
2023-07-28 11:13:37,799.9,378835,1,801.26,130252,266249,-0.08119417900193333,0
2023-07-28 11:13:37,799.85,378835,1,801.26,130252,266249,-0.08743988507899966,0
2023-07-28 11:13:37,799.45,378835,2,801.26,130252,266249,-0.13740553369557293,0
2023-07-28 11:13:42,799.45,378838,2,801.26,131253,266343,-0.13740553369557293,0
2023-07-28 11:13:42,799.4,378838,5,801.26,131253,266343,-0.14365123977265346,0
2023-07-28 11:13:42,799.65,378838,1,801.26,131253,266343,-0.1124227093872934,0
2023-07-28 11:13:44,799.65,378847,1,801.26,132174,266283,-0.1124227093872934,0
2023-07-28 11:13:44,799.45,378847,5,801.26,132174,266283,-0.13740553369557293,0
2023-07-28 11:13:51,799.45,378852,5,801.26,131950,266290,-0.13740553369557293,0
2023-07-28 11:13:51,799.45,378852,6,801.26,131950,266290,-0.13740553369557293,0
2023-07-28 11:13:51,799.85,378852,1,801.26,131950,266290,-0.08743988507899966,0
2023-07-28 11:13:55,799.85,378859,3,801.26,132713,266084,-0.08743988507899966,0
2023-07-28 11:13:55,799.8,378859,1,801.26,132713,266084,-0.0936855911560802,0
2023-07-28 11:13:55,799.45,378859,10,801.26,132713,266084,-0.13740553369557293,0
2023-07-28 11:14:00,799.45,378907,30,801.26,133547,266063,-0.13740553369557293,0
2023-07-28 11:14:00,799.45,378907,5,801.26,133547,266063,-0.13740553369557293,0
2023-07-28 11:14:00,799.8,378907,5,801.26,133547,266063,-0.0936855911560802,0
2023-07-28 11:14:00,799.5,378907,5,801.26,133547,266063,-0.1311598276185066,0
2023-07-28 11:14:03,799.5,378922,5,801.26,133811,266273,-0.1311598276185066,0
2023-07-28 11:14:03,799.8,378922,1,801.26,133811,266273,-0.0936855911560802,0
2023-07-28 11:14:03,799.75,378922,1,801.26,133811,266273,-0.09993129723314653,0
2023-07-28 11:14:03,799.75,378922,1,801.26,133811,266273,-0.09993129723314653,0
2023-07-28 11:14:09,799.5,378928,3,801.26,132438,266279,-0.1311598276185066,0
2023-07-28 11:14:09,799.5,378928,5,801.26,132438,266279,-0.1311598276185066,0
2023-07-28 11:14:09,799.95,378928,24,801.26,132438,266279,-0.0749484729248528,0
2023-07-28 11:14:09,799.5,378928,48,801.26,132438,266279,-0.1311598276185066,0
2023-07-28 11:14:13,799.5,379113,5,801.26,132737,266275,-0.1311598276185066,0
2023-07-28 11:14:13,799.85,379113,1,801.26,132737,266275,-0.08743988507899966,0
2023-07-28 11:14:13,799.5,379113,9,801.26,132737,266275,-0.1311598276185066,0
2023-07-28 11:14:13,799.85,379113,5,801.26,132737,266275,-0.08743988507899966,0
2023-07-28 11:14:18,799.85,379205,10,801.26,131952,267014,-0.08743988507899966,0
2023-07-28 11:14:18,799.85,379205,10,801.26,133132,265993,-0.08743988507899966,0
2023-07-28 11:14:18,799.5,379205,5,801.26,133132,265993,-0.1311598276185066,0
2023-07-28 11:14:18,799.5,379205,5,801.26,133132,265993,-0.1311598276185066,0
2023-07-28 11:14:18,799.85,379205,1,801.26,133132,265993,-0.08743988507899966,0
2023-07-28 11:14:26,799.85,379219,3,801.26,132011,266019,-0.08743988507899966,0
2023-07-28 11:14:26,799.85,379219,5,801.26,132011,266019,-0.08743988507899966,0
2023-07-28 11:14:26,799.5,379219,1,801.26,132011,266019,-0.1311598276185066,0
2023-07-28 11:14:31,799.85,379235,10,801.26,132035,266055,-0.08743988507899966,0
2023-07-28 11:14:31,799.5,379235,5,801.26,132035,266055,-0.1311598276185066,0
2023-07-28 11:14:34,799.85,379249,7,801.26,132269,266104,-0.08743988507899966,0
2023-07-28 11:14:35,799.5,379256,7,801.26,132742,266023,-0.1311598276185066,0
2023-07-28 11:14:35,799.5,379256,5,801.26,132742,266023,-0.1311598276185066,0
2023-07-28 11:14:43,799.85,379288,14,801.26,134349,266018,-0.08743988507899966,0
2023-07-28 11:14:43,799.5,379288,10,801.26,134349,266018,-0.1311598276185066,0
2023-07-28 11:14:43,799.85,379288,3,801.26,134349,266018,-0.08743988507899966,0
2023-07-28 11:14:47,799.85,379303,3,801.26,132345,266044,-0.08743988507899966,0
2023-07-28 11:14:47,799.85,379303,21,801.26,132345,266044,-0.08743988507899966,0
2023-07-28 11:14:50,799.85,379353,21,801.26,131794,265951,-0.08743988507899966,0
2023-07-28 11:14:50,799.8,379353,4,801.26,131794,265951,-0.0936855911560802,0
2023-07-28 11:14:50,799.85,379353,5,801.26,131794,265951,-0.08743988507899966,0
2023-07-28 11:14:50,799.5,379353,26,801.26,131794,265951,-0.1311598276185066,0
2023-07-28 11:14:55,799.5,379401,26,801.26,131834,265964,-0.1311598276185066,0
2023-07-28 11:14:55,799.5,379401,1,801.26,131834,265964,-0.1311598276185066,0
2023-07-28 11:14:55,799.85,379401,13,801.26,131834,265964,-0.08743988507899966,0
2023-07-28 11:14:59,799.85,379444,13,801.26,131882,265913,-0.08743988507899966,0
2023-07-28 11:14:59,799.5,379444,5,801.26,131882,265913,-0.1311598276185066,0
2023-07-28 11:14:59,799.5,379444,5,801.26,131882,265913,-0.1311598276185066,0
2023-07-28 11:15:03,799.5,379455,5,801.26,131961,265923,-0.1311598276185066,0
2023-07-28 11:15:03,799.85,379455,11,801.26,131961,265923,-0.08743988507899966,0
2023-07-28 11:15:03,799.85,379455,2,801.26,131961,265923,-0.08743988507899966,0
2023-07-28 11:15:08,799.85,379487,2,801.25,131511,265855,-0.08743988507899966,0
2023-07-28 11:15:08,799.85,379487,5,801.25,131511,265855,-0.08743988507899966,0
2023-07-28 11:15:08,799.8,379487,4,801.25,131511,265855,-0.0936855911560802,0
2023-07-28 11:15:13,799.5,379506,5,801.25,133176,265871,-0.1311598276185066,0
2023-07-28 11:15:13,799.5,379506,5,801.25,133176,265871,-0.1311598276185066,0
2023-07-28 11:15:13,799.9,379506,5,801.25,133176,265871,-0.08119417900193333,0
2023-07-28 11:15:13,799.95,379506,2,801.25,133176,265871,-0.0749484729248528,0
2023-07-28 11:15:16,799.5,379583,19,801.25,133028,265801,-0.1311598276185066,0
2023-07-28 11:15:16,799.5,379583,5,801.25,133028,265801,-0.1311598276185066,0
2023-07-28 11:15:16,799.5,379583,11,801.25,133028,265801,-0.1311598276185066,0
2023-07-28 11:15:20,799.5,379641,11,801.25,131480,265945,-0.1311598276185066,0
2023-07-28 11:15:20,799.45,379641,21,801.25,131480,265945,-0.13740553369557293,0
2023-07-28 11:15:26,799.8,379967,1,801.25,131612,265958,-0.0936855911560802,0
2023-07-28 11:15:26,800.05,379967,9,801.25,131612,265958,-0.062457060770720135,0
2023-07-28 11:15:28,800.05,380503,9,801.25,131583,265592,-0.062457060770720135,0
2023-07-28 11:15:28,799.8,380503,1,801.25,131583,265592,-0.0936855911560802,0
2023-07-28 11:15:33,799.8,380527,1,801.25,132104,265645,-0.0936855911560802,0
2023-07-28 11:15:33,799.55,380527,5,801.25,132104,265645,-0.12491412154144027,0
2023-07-28 11:15:39,799.55,380532,5,801.25,131924,265595,-0.12491412154144027,0
2023-07-28 11:15:39,799.8,380532,1,801.25,131924,265595,-0.0936855911560802,0
2023-07-28 11:15:39,799.8,380532,5,801.25,131924,265595,-0.0936855911560802,0
2023-07-28 11:15:39,799.8,380532,1,801.25,131924,265595,-0.0936855911560802,0
2023-07-28 11:15:43,799.55,380544,5,801.25,131964,265535,-0.12491412154144027,0
2023-07-28 11:15:43,799.55,380544,3,801.25,131964,265535,-0.12491412154144027,0
2023-07-28 11:15:45,799.55,380549,3,801.25,133252,265574,-0.12491412154144027,0
2023-07-28 11:15:45,799.55,380549,3,801.25,133630,265574,-0.12491412154144027,0
2023-07-28 11:15:45,799.55,380549,5,801.25,133630,265574,-0.12491412154144027,0
2023-07-28 11:15:54,799.55,380559,5,801.25,133469,265581,-0.12491412154144027,0
2023-07-28 11:15:54,799.6,380559,1,801.25,133469,265581,-0.11866841546435973,0
2023-07-28 11:16:00,799.6,380570,2,801.25,134200,265571,-0.11866841546435973,0
2023-07-28 11:16:00,799.6,380570,5,801.25,134200,265571,-0.11866841546435973,0
2023-07-28 11:16:03,799.6,380580,5,801.25,134745,265595,-0.11866841546435973,0
2023-07-28 11:16:03,799.6,380580,10,801.25,134745,265595,-0.11866841546435973,0
2023-07-28 11:16:07,799.6,380590,10,801.25,134851,265696,-0.11866841546435973,0
2023-07-28 11:16:07,799.6,380590,5,801.25,134851,265696,-0.11866841546435973,0
2023-07-28 11:16:07,799.6,380590,5,801.25,134851,265696,-0.11866841546435973,0
2023-07-28 11:16:13,799.6,380630,5,801.25,135441,265697,-0.11866841546435973,0
2023-07-28 11:16:13,799.6,380630,2,801.25,135441,265697,-0.11866841546435973,0
2023-07-28 11:16:13,799.6,380630,1,801.25,135441,265697,-0.11866841546435973,0
2023-07-28 11:16:17,799.6,380633,1,801.25,135613,265677,-0.11866841546435973,0
2023-07-28 11:16:17,799.6,380633,30,801.25,135613,265677,-0.11866841546435973,0
2023-07-28 11:16:17,799.6,380633,5,801.25,135613,265677,-0.11866841546435973,0
2023-07-28 11:16:17,799.6,380633,30,801.25,135613,265677,-0.11866841546435973,0
2023-07-28 11:16:22,799.6,380750,30,801.25,135487,265714,-0.11866841546435973,0
2023-07-28 11:16:22,799.6,380750,8,801.25,135487,265714,-0.11866841546435973,0
2023-07-28 11:16:22,799.6,380750,10,801.25,135487,265714,-0.11866841546435973,0
2023-07-28 11:16:25,799.6,380845,10,801.25,133709,265714,-0.11866841546435973,0
2023-07-28 11:16:25,799.8,380845,1,801.25,133709,265714,-0.0936855911560802,0
2023-07-28 11:16:25,799.75,380845,1,801.25,133709,265714,-0.09993129723314653,0
2023-07-28 11:16:31,799.6,380872,15,801.25,134429,265779,-0.11866841546435973,0
2023-07-28 11:16:31,799.6,380872,4,801.25,134429,265779,-0.11866841546435973,0
2023-07-28 11:16:31,799.6,380872,5,801.25,134429,265779,-0.11866841546435973,0
2023-07-28 11:16:31,799.6,380872,7,801.25,134429,265779,-0.11866841546435973,0
2023-07-28 11:16:35,799.6,380919,7,801.25,135168,265669,-0.11866841546435973,0
2023-07-28 11:16:35,799.75,380919,1,801.25,135168,265669,-0.09993129723314653,0
2023-07-28 11:16:39,799.75,380925,1,801.25,133280,266227,-0.09993129723314653,0
2023-07-28 11:16:39,799.75,380925,10,801.25,133280,266227,-0.09993129723314653,0
2023-07-28 11:16:43,799.6,380940,1,801.25,133320,265566,-0.11866841546435973,0
2023-07-28 11:16:47,799.6,381040,5,801.25,133649,265577,-0.11866841546435973,0
2023-07-28 11:16:47,799.75,381040,1,801.25,133649,265577,-0.09993129723314653,0
2023-07-28 11:16:47,799.6,381040,32,801.25,133649,265577,-0.11866841546435973,0
2023-07-28 11:16:51,799.6,381078,32,801.25,133240,265536,-0.11866841546435973,0
2023-07-28 11:16:51,799.6,381078,6,801.25,133240,265536,-0.11866841546435973,0
2023-07-28 11:16:51,799.6,381078,184,801.25,133240,265536,-0.11866841546435973,0
2023-07-28 11:16:54,799.75,381333,1,801.25,134155,265503,-0.09993129723314653,0
2023-07-28 11:16:54,799.75,381333,39,801.25,134155,265503,-0.09993129723314653,0
2023-07-28 11:16:54,799.75,381333,1,801.25,134155,265503,-0.09993129723314653,0
2023-07-28 11:16:54,799.6,381333,2,801.25,134155,265503,-0.11866841546435973,0
2023-07-28 11:16:54,799.75,381333,3,801.25,134155,265503,-0.09993129723314653,0
2023-07-28 11:16:54,799.75,381333,1,801.25,134155,265503,-0.09993129723314653,0
2023-07-28 11:17:09,799.6,381699,5,801.25,133017,265507,-0.11866841546435973,0
2023-07-28 11:17:09,799.75,381699,3,801.25,133017,265507,-0.09993129723314653,0
2023-07-28 11:17:09,799.75,381699,4,801.25,133017,265507,-0.09993129723314653,0
2023-07-28 11:17:13,799.55,381776,10,801.25,133355,265491,-0.12491412154144027,0
2023-07-28 11:17:13,799.55,381776,5,801.25,133355,265491,-0.12491412154144027,0
2023-07-28 11:17:15,799.55,381791,5,801.25,133852,265491,-0.12491412154144027,0
2023-07-28 11:17:15,799.55,381791,5,801.25,133852,265491,-0.12491412154144027,0
2023-07-28 11:17:23,799.55,381796,5,801.25,133565,265492,-0.12491412154144027,0
2023-07-28 11:17:23,799.55,381796,2,801.25,133565,265492,-0.12491412154144027,0
2023-07-28 11:17:23,799.75,381796,12,801.25,133565,265492,-0.09993129723314653,0
2023-07-28 11:17:25,799.75,381815,12,801.25,134662,265496,-0.09993129723314653,0
2023-07-28 11:17:25,799.75,381815,2,801.25,134662,265496,-0.09993129723314653,0
2023-07-28 11:17:25,799.75,381815,1,801.25,134662,265496,-0.09993129723314653,0
2023-07-28 11:17:25,799.55,381815,1,801.25,134662,265496,-0.12491412154144027,0
2023-07-28 11:17:31,799.55,381819,1,801.25,134981,265494,-0.12491412154144027,0
2023-07-28 11:17:31,799.55,381819,5,801.25,134981,265494,-0.12491412154144027,0
2023-07-28 11:17:31,799.75,381819,1,801.25,134981,265494,-0.09993129723314653,0
2023-07-28 11:17:31,799.75,381819,1,801.25,134981,265494,-0.09993129723314653,0
2023-07-28 11:17:37,799.75,381831,1,801.25,134812,265490,-0.09993129723314653,0
2023-07-28 11:17:37,799.75,381831,1,801.25,134812,265490,-0.09993129723314653,0
2023-07-28 11:17:41,799.75,381842,1,801.25,135016,265462,-0.09993129723314653,0
2023-07-28 11:17:41,799.55,381842,4,801.25,135016,265462,-0.12491412154144027,0
2023-07-28 11:17:41,799.7,381842,1,801.25,135016,265462,-0.10617700331021286,0
2023-07-28 11:17:41,799.55,381842,5,801.25,135016,265462,-0.12491412154144027,0
2023-07-28 11:17:41,799.55,381842,4,801.25,135016,265462,-0.12491412154144027,0
2023-07-28 11:17:46,799.55,381907,5,801.24,134936,265465,-0.12491412154144027,0
2023-07-28 11:17:46,799.75,381907,1,801.24,134936,265465,-0.09993129723314653,0
2023-07-28 11:17:50,799.75,381909,1,801.24,134576,265464,-0.09993129723314653,0
2023-07-28 11:17:50,799.55,381909,5,801.24,134576,265464,-0.12491412154144027,0
2023-07-28 11:17:53,799.55,381919,5,801.24,133950,265449,-0.12491412154144027,0
2023-07-28 11:17:53,799.75,381919,3,801.24,133950,265449,-0.09993129723314653,0
2023-07-28 11:17:57,799.75,381922,3,801.24,133568,265460,-0.09993129723314653,0
2023-07-28 11:17:57,799.75,381922,5,801.24,133568,265460,-0.09993129723314653,0
2023-07-28 11:18:03,799.55,381943,10,801.24,134714,265477,-0.12491412154144027,0
2023-07-28 11:18:03,799.55,381943,5,801.24,134714,265477,-0.12491412154144027,0
2023-07-28 11:18:07,799.55,382512,1,801.24,132598,265196,-0.12491412154144027,0
2023-07-28 11:18:07,799.75,382512,21,801.24,132598,265196,-0.09993129723314653,0
2023-07-28 11:18:07,799.55,382512,10,801.24,132598,265196,-0.12491412154144027,0
2023-07-28 11:18:07,799.7,382512,5,801.24,132598,265196,-0.10617700331021286,0
2023-07-28 11:18:07,799.7,382512,1,801.24,132598,265196,-0.10617700331021286,0
2023-07-28 11:18:07,799.55,382512,26,801.24,132598,265196,-0.12491412154144027,0
2023-07-28 11:18:13,799.55,382851,26,801.24,133026,265194,-0.12491412154144027,0
2023-07-28 11:18:13,799.7,382851,1,801.24,133026,265194,-0.10617700331021286,0
2023-07-28 11:18:13,799.7,382851,1,801.24,133026,265194,-0.10617700331021286,0
2023-07-28 11:18:13,799.65,382851,1,801.24,133026,265194,-0.1124227093872934,0
2023-07-28 11:18:19,799.65,382854,1,801.24,132708,265180,-0.1124227093872934,0
2023-07-28 11:18:19,799.55,382854,1,801.24,132708,265180,-0.12491412154144027,0
2023-07-28 11:18:19,799.5,382854,69,801.24,132708,265180,-0.1311598276185066,0
2023-07-28 11:18:23,799.5,383883,69,801.24,131860,265208,-0.1311598276185066,0
2023-07-28 11:18:23,799.45,383883,10,801.24,131860,265208,-0.13740553369557293,0
2023-07-28 11:18:23,799.45,383883,5,801.24,131860,265208,-0.13740553369557293,0
2023-07-28 11:18:27,799.45,383916,5,801.24,132757,265264,-0.13740553369557293,0
2023-07-28 11:18:27,799.65,383916,9,801.24,132757,265264,-0.1124227093872934,0
2023-07-28 11:18:27,799.65,383916,1,801.24,132757,265264,-0.1124227093872934,0
2023-07-28 11:18:33,799.5,384025,3,801.24,132272,265330,-0.1311598276185066,0
2023-07-28 11:18:33,799.65,384025,1,801.24,132272,265330,-0.1124227093872934,0
2023-07-28 11:18:33,799.65,384025,4,801.24,132272,265330,-0.1124227093872934,0
2023-07-28 11:18:33,799.65,384025,6,801.24,132272,265330,-0.1124227093872934,0
2023-07-28 11:18:35,799.65,384046,6,801.24,131900,265323,-0.1124227093872934,0
2023-07-28 11:18:35,799.45,384046,79,801.24,131900,265323,-0.13740553369557293,0
2023-07-28 11:18:35,799.6,384046,3,801.24,131900,265323,-0.11866841546435973,0
2023-07-28 11:18:35,799.45,384046,1,801.24,131900,265323,-0.13740553369557293,0
2023-07-28 11:18:35,799.6,384046,10,801.24,131900,265323,-0.11866841546435973,0
2023-07-28 11:18:42,799.6,384198,1,801.23,131908,265518,-0.11866841546435973,0
