2023-07-28 10:49:27,278.6,1104721,4,277.42,785801,1354323,0.5231823922064028,0
2023-07-28 10:49:27,278.6,1104721,18,277.42,785801,1354323,0.5231823922064028,0
2023-07-28 10:49:27,278.6,1104721,100,277.42,785801,1354323,0.5231823922064028,0
2023-07-28 10:49:32,278.6,1104840,1,277.42,785726,1352226,0.5231823922064028,0
2023-07-28 10:49:32,278.6,1104840,7,277.42,786085,1354207,0.5231823922064028,0
2023-07-28 10:49:36,278.6,1104940,7,277.42,786097,1354117,0.5231823922064028,0
2023-07-28 10:49:36,278.55,1104940,8,277.42,786097,1354117,0.505141620061351,0
2023-07-28 10:49:36,278.6,1104940,100,277.42,786097,1354117,0.5231823922064028,0
2023-07-28 10:49:44,278.6,1105073,10,277.42,786077,1353649,0.5231823922064028,0
2023-07-28 10:49:44,278.6,1105073,5,277.42,786077,1353649,0.5231823922064028,0
2023-07-28 10:49:46,278.6,1105088,5,277.42,786610,1353395,0.5231823922064028,0
2023-07-28 10:49:46,278.6,1105088,10,277.42,786610,1353395,0.5231823922064028,0
2023-07-28 10:49:46,278.55,1105088,8,277.42,786610,1353395,0.505141620061351,0
2023-07-28 10:49:52,278.55,1105108,8,277.42,786415,1354300,0.505141620061351,0
2023-07-28 10:49:52,278.6,1105108,35,277.42,786415,1354300,0.5231823922064028,0
2023-07-28 10:49:52,278.45,1105108,224,277.42,786415,1354300,0.46906007577124714,0
2023-07-28 10:49:52,278.55,1105108,25,277.42,786415,1354300,0.505141620061351,0
2023-07-28 10:49:56,278.55,1108883,25,277.42,786406,1350937,0.505141620061351,0
2023-07-28 10:49:56,278.6,1108883,3,277.42,786406,1350937,0.5231823922064028,0
2023-07-28 10:49:56,278.6,1108883,1,277.42,786406,1350937,0.5231823922064028,0
2023-07-28 10:50:01,278.6,1108887,1,277.42,786163,1350997,0.5231823922064028,0
2023-07-28 10:50:01,278.6,1108887,1,277.42,786393,1351624,0.5231823922064028,0
2023-07-28 10:50:01,278.6,1108887,3,277.42,786393,1351624,0.5231823922064028,0
2023-07-28 10:50:01,278.6,1108887,2,277.42,786393,1351624,0.5231823922064028,0
2023-07-28 10:50:01,278.6,1108887,2,277.42,786393,1351624,0.5231823922064028,0
2023-07-28 10:50:01,278.55,1108887,18,277.42,786393,1351624,0.505141620061351,0
2023-07-28 10:50:01,278.6,1108887,2,277.42,786393,1351624,0.5231823922064028,0
2023-07-28 10:50:09,278.6,1109079,2,277.42,786253,1350895,0.5231823922064028,0
2023-07-28 10:50:09,278.6,1109079,10,277.42,786253,1350895,0.5231823922064028,0
2023-07-28 10:50:09,278.45,1109079,3,277.42,786253,1350895,0.46906007577124714,0
2023-07-28 10:50:09,278.55,1109079,9,277.42,786253,1350895,0.505141620061351,0
2023-07-28 10:50:09,278.55,1109079,71,277.42,786253,1350895,0.505141620061351,0
2023-07-28 10:50:13,278.55,1113257,9,277.42,785749,1351648,0.505141620061351,0
2023-07-28 10:50:13,278.55,1113257,11,277.42,785749,1351648,0.505141620061351,0
2023-07-28 10:50:13,278.55,1113257,11,277.42,785749,1351648,0.505141620061351,0
2023-07-28 10:50:13,278.55,1113257,11,277.42,785749,1351648,0.505141620061351,0
2023-07-28 10:50:13,278.55,1113257,11,277.42,785749,1351648,0.505141620061351,0
2023-07-28 10:50:13,278.55,1113257,4,277.42,785749,1351648,0.505141620061351,0
2023-07-28 10:50:22,278.55,1113431,4,277.42,786045,1351813,0.505141620061351,0
2023-07-28 10:50:22,278.55,1113431,4,277.42,786045,1351813,0.505141620061351,0
2023-07-28 10:50:22,278.55,1113431,1,277.42,786045,1351813,0.505141620061351,0
2023-07-28 10:50:22,278.55,1113431,74,277.42,786045,1351813,0.505141620061351,0
2023-07-28 10:50:22,278.55,1113431,74,277.42,786045,1351813,0.505141620061351,0
2023-07-28 10:50:22,278.55,1113431,30,277.42,786045,1351813,0.505141620061351,0
2023-07-28 10:50:22,278.55,1113431,12,277.42,786045,1351813,0.505141620061351,0
2023-07-28 10:50:26,278.55,1113583,12,277.42,786749,1355310,0.505141620061351,0
2023-07-28 10:50:26,278.45,1113583,1,277.42,786749,1355310,0.46906007577124714,0
2023-07-28 10:50:26,278.45,1113583,50,277.42,786749,1355310,0.46906007577124714,0
2023-07-28 10:50:31,278.45,1113634,50,277.42,786941,1354184,0.46906007577124714,0
2023-07-28 10:50:31,278.45,1113634,50,277.42,786373,1354836,0.46906007577124714,0
2023-07-28 10:50:31,278.5,1113634,18,277.42,786373,1354836,0.48710084791629904,0
2023-07-28 10:50:31,278.5,1113634,4,277.42,786373,1354836,0.48710084791629904,0
2023-07-28 10:50:41,278.5,1113663,4,277.42,786424,1354372,0.48710084791629904,0
2023-07-28 10:50:41,278.5,1113663,1,277.42,786424,1354372,0.48710084791629904,0
2023-07-28 10:50:41,278.5,1113663,4,277.42,786424,1354372,0.48710084791629904,0
2023-07-28 10:50:43,278.5,1113881,4,277.42,787195,1354372,0.48710084791629904,0
2023-07-28 10:50:43,278.45,1113881,27,277.42,787195,1354372,0.46906007577124714,0
2023-07-28 10:50:43,278.55,1113881,1,277.42,787195,1354372,0.505141620061351,0
2023-07-28 10:50:43,278.55,1113881,15,277.42,787195,1354372,0.505141620061351,0
2023-07-28 10:50:51,278.55,1113924,15,277.42,787592,1354039,0.505141620061351,0
2023-07-28 10:50:51,278.55,1113924,2,277.42,787592,1354039,0.505141620061351,0
2023-07-28 10:50:51,278.55,1113924,20,277.42,787592,1354039,0.505141620061351,0
2023-07-28 10:50:51,278.55,1113924,30,277.42,787592,1354039,0.505141620061351,0
2023-07-28 10:50:54,278.55,1113976,30,277.42,787586,1356048,0.505141620061351,0
2023-07-28 10:50:54,278.55,1113976,4,277.42,787586,1356048,0.505141620061351,0
2023-07-28 10:50:54,278.5,1113976,957,277.42,787586,1356048,0.48710084791629904,0
2023-07-28 10:50:54,278.55,1113976,2,277.42,787586,1356048,0.505141620061351,0
2023-07-28 10:51:00,278.55,1116048,2,277.43,786233,1354242,0.505141620061351,0
2023-07-28 10:51:00,278.5,1116048,61,277.43,786233,1354242,0.48710084791629904,0
2023-07-28 10:51:05,278.5,1116280,15,277.43,787486,1356941,0.48710084791629904,0
2023-07-28 10:51:05,278.45,1116280,14,277.43,787486,1356941,0.46906007577124714,0
2023-07-28 10:51:05,278.5,1116280,86,277.43,787486,1356941,0.48710084791629904,0
2023-07-28 10:51:08,278.5,1116491,86,277.43,786874,1358102,0.48710084791629904,0
2023-07-28 10:51:08,278.5,1116491,86,277.43,787380,1357995,0.48710084791629904,0
2023-07-28 10:51:08,278.5,1116491,3,277.43,787380,1357995,0.48710084791629904,0
2023-07-28 10:51:08,278.5,1116491,158,277.43,787380,1357995,0.48710084791629904,0
2023-07-28 10:51:18,278.5,1116652,158,277.43,787139,1358090,0.48710084791629904,0
2023-07-28 10:51:18,278.5,1116652,222,277.43,787139,1358090,0.48710084791629904,0
2023-07-28 10:51:18,278.5,1116652,5,277.43,787139,1358090,0.48710084791629904,0
2023-07-28 10:51:23,278.45,1116879,15,277.43,787328,1357865,0.46906007577124714,0
2023-07-28 10:51:23,278.45,1116879,37,277.43,787328,1357865,0.46906007577124714,0
2023-07-28 10:51:23,278.5,1116879,20,277.43,787328,1357865,0.48710084791629904,0
2023-07-28 10:51:26,278.5,1116951,20,277.43,786708,1357949,0.48710084791629904,0
2023-07-28 10:51:26,278.5,1116951,1,277.43,786708,1357949,0.48710084791629904,0
2023-07-28 10:51:26,278.45,1116951,52,277.43,786708,1357949,0.46906007577124714,0
2023-07-28 10:51:32,278.45,1118267,52,277.43,782345,1358181,0.46906007577124714,0
2023-07-28 10:51:32,278.45,1118267,1,277.43,782345,1358181,0.46906007577124714,0
2023-07-28 10:51:32,278.4,1118267,3,277.43,782345,1358181,0.45101930362619524,0
2023-07-28 10:51:32,278.4,1118267,2,277.43,782345,1358181,0.45101930362619524,0
2023-07-28 10:51:41,278.4,1118382,2,277.43,781294,1361697,0.45101930362619524,0
2023-07-28 10:51:41,278.45,1118382,83,277.43,781294,1361697,0.46906007577124714,0
2023-07-28 10:51:41,278.5,1118382,3,277.43,781294,1361697,0.48710084791629904,0
2023-07-28 10:51:41,278.5,1118382,160,277.43,781294,1361697,0.48710084791629904,0
2023-07-28 10:51:50,278.5,1118653,1,277.43,782014,1361546,0.48710084791629904,0
2023-07-28 10:51:50,278.5,1118653,10,277.43,782014,1361546,0.48710084791629904,0
2023-07-28 10:51:50,278.45,1118653,28,277.43,782014,1361546,0.46906007577124714,0
2023-07-28 10:51:55,278.5,1118694,3,277.43,782449,1361291,0.48710084791629904,0
2023-07-28 10:51:55,278.5,1118694,3,277.43,782331,1361491,0.48710084791629904,0
2023-07-28 10:51:55,278.5,1118694,4,277.43,782331,1361491,0.48710084791629904,0
2023-07-28 10:52:04,278.5,1118708,4,277.43,782871,1363366,0.48710084791629904,0
2023-07-28 10:52:04,278.5,1118708,111,277.43,782871,1363366,0.48710084791629904,0
2023-07-28 10:52:04,278.45,1118708,30,277.43,782871,1363366,0.46906007577124714,0
2023-07-28 10:52:04,278.45,1118708,4,277.43,782871,1363366,0.46906007577124714,0
2023-07-28 10:52:08,278.45,1118985,1,277.43,780687,1371041,0.46906007577124714,0
2023-07-28 10:52:08,278.45,1118985,1,277.43,779937,1369725,0.46906007577124714,0
2023-07-28 10:52:08,278.45,1118985,1,277.43,780116,1370024,0.46906007577124714,0
2023-07-28 10:52:08,278.45,1118985,30,277.43,780116,1370024,0.46906007577124714,0
2023-07-28 10:52:08,278.45,1118985,10,277.43,780116,1370024,0.46906007577124714,0
2023-07-28 10:52:19,278.45,1119120,10,277.43,780137,1368252,0.46906007577124714,0
2023-07-28 10:52:19,278.4,1119120,1,277.43,780137,1368252,0.45101930362619524,0
2023-07-28 10:52:19,278.45,1119120,2,277.43,780137,1368252,0.46906007577124714,0
2023-07-28 10:52:22,278.45,1119123,2,277.43,781010,1369840,0.46906007577124714,0
2023-07-28 10:52:22,278.45,1119123,242,277.43,781010,1369840,0.46906007577124714,0
2023-07-28 10:52:22,278.4,1119123,5,277.43,781010,1369840,0.45101930362619524,0
2023-07-28 10:52:28,278.45,1119535,7,277.43,781360,1370055,0.46906007577124714,0
2023-07-28 10:52:28,278.45,1119535,50,277.43,781360,1370055,0.46906007577124714,0
2023-07-28 10:52:31,278.45,1119585,50,277.43,781676,1370400,0.46906007577124714,0
2023-07-28 10:52:31,278.4,1119585,100,277.43,781676,1370400,0.45101930362619524,0
2023-07-28 10:52:31,278.45,1119585,5,277.43,781676,1370400,0.46906007577124714,0
2023-07-28 10:52:35,278.45,1119690,5,277.43,781610,1370395,0.46906007577124714,0
2023-07-28 10:52:35,278.4,1119690,42,277.43,781610,1370395,0.45101930362619524,0
2023-07-28 10:52:35,278.4,1119690,1,277.43,781610,1370395,0.45101930362619524,0
2023-07-28 10:52:35,278.45,1119690,20,277.43,781610,1370395,0.46906007577124714,0
2023-07-28 10:52:41,278.45,1119867,56,277.43,781169,1370470,0.46906007577124714,0
2023-07-28 10:52:41,278.45,1119867,3,277.43,781169,1370470,0.46906007577124714,0
2023-07-28 10:52:41,278.45,1119867,1,277.43,781169,1370470,0.46906007577124714,0
2023-07-28 10:52:46,278.45,1120886,1,277.43,785037,1370581,0.46906007577124714,0
2023-07-28 10:52:46,278.45,1120886,2,277.43,785037,1370581,0.46906007577124714,0
2023-07-28 10:52:46,278.45,1120886,3,277.43,785037,1370581,0.46906007577124714,0
2023-07-28 10:52:46,278.4,1120886,5,277.43,785037,1370581,0.45101930362619524,0
2023-07-28 10:52:48,278.4,1121131,5,277.43,784659,1369922,0.45101930362619524,0
2023-07-28 10:52:48,278.4,1121131,21,277.43,784659,1369922,0.45101930362619524,0
2023-07-28 10:52:48,278.45,1121131,10,277.43,784659,1369922,0.46906007577124714,0
2023-07-28 10:52:52,278.45,1121364,10,277.43,785689,1370285,0.46906007577124714,0
2023-07-28 10:52:52,278.4,1121364,16,277.43,785689,1370285,0.45101930362619524,0
2023-07-28 10:52:57,278.4,1121543,16,277.43,785716,1370613,0.45101930362619524,0
2023-07-28 10:52:57,278.45,1121543,744,277.43,785716,1370613,0.46906007577124714,0
2023-07-28 10:52:57,278.4,1121543,47,277.43,785716,1370613,0.45101930362619524,0
2023-07-28 10:53:01,278.4,1123209,47,277.43,784235,1369678,0.45101930362619524,0
2023-07-28 10:53:01,278.4,1123209,100,277.43,784235,1369678,0.45101930362619524,0
2023-07-28 10:53:01,278.45,1123209,10,277.43,784235,1369678,0.46906007577124714,0
2023-07-28 10:53:07,278.45,1123464,10,277.43,784601,1370270,0.46906007577124714,0
2023-07-28 10:53:07,278.45,1123464,5,277.43,784601,1370270,0.46906007577124714,0
2023-07-28 10:53:13,278.4,1123472,10,277.43,784735,1370266,0.45101930362619524,0
2023-07-28 10:53:13,278.4,1123472,5,277.43,784735,1370266,0.45101930362619524,0
2023-07-28 10:53:13,278.45,1123472,160,277.43,784735,1370266,0.46906007577124714,0
2023-07-28 10:53:13,278.4,1123472,5,277.43,784735,1370266,0.45101930362619524,0
2023-07-28 10:53:16,278.4,1123665,5,277.43,784816,1370083,0.45101930362619524,0
2023-07-28 10:53:16,278.4,1123665,5,277.43,785363,1370202,0.45101930362619524,0
2023-07-28 10:53:16,278.45,1123665,10,277.43,785363,1370202,0.46906007577124714,0
2023-07-28 10:53:16,278.45,1123665,10,277.43,785363,1370202,0.46906007577124714,0
2023-07-28 10:53:16,278.45,1123665,160,277.43,785363,1370202,0.46906007577124714,0
2023-07-28 10:53:16,278.45,1123665,160,277.43,785363,1370202,0.46906007577124714,0
2023-07-28 10:53:16,278.45,1123665,10,277.43,785363,1370202,0.46906007577124714,0
2023-07-28 10:53:24,278.45,1123845,10,277.43,785186,1370997,0.46906007577124714,0
2023-07-28 10:53:24,278.45,1123845,10,277.43,785186,1370997,0.46906007577124714,0
2023-07-28 10:53:24,278.4,1123845,67,277.43,785186,1370997,0.45101930362619524,0
2023-07-28 10:53:29,278.25,1125724,10,277.43,770474,1372545,0.39689698719106004,0
2023-07-28 10:53:29,278.25,1125724,31,277.43,770474,1372545,0.39689698719106004,0
2023-07-28 10:53:29,278.2,1125724,3,277.43,770474,1372545,0.3788562150460081,0
2023-07-28 10:53:29,278.2,1125724,5,277.43,770474,1372545,0.3788562150460081,0
2023-07-28 10:53:33,278.2,1126603,5,277.44,771739,1371117,0.3788562150460081,0
2023-07-28 10:53:33,278.2,1126603,3,277.44,771739,1371117,0.3788562150460081,0
2023-07-28 10:53:33,278.2,1126603,1,277.44,771739,1371117,0.3788562150460081,0
2023-07-28 10:53:33,278.2,1126603,1,277.44,771739,1371117,0.3788562150460081,0
2023-07-28 10:53:41,278.2,1126801,1,277.44,772145,1372053,0.3788562150460081,0
2023-07-28 10:53:41,278.2,1126801,10,277.44,771829,1372055,0.3788562150460081,0
2023-07-28 10:53:41,278.2,1126801,2,277.44,771829,1372055,0.3788562150460081,0
2023-07-28 10:53:41,278.15,1126801,15,277.44,771829,1372055,0.3608154429009562,0
2023-07-28 10:53:52,278.15,1126843,15,277.44,772895,1371816,0.3608154429009562,0
2023-07-28 10:53:52,278.25,1126843,52,277.44,772895,1371816,0.39689698719106004,0
2023-07-28 10:53:53,278.25,1127455,52,277.44,772346,1371387,0.39689698719106004,0
2023-07-28 10:53:53,278.2,1127455,2,277.44,772346,1371387,0.3788562150460081,0
2023-07-28 10:53:53,278.15,1127455,50,277.44,772346,1371387,0.3608154429009562,0
2023-07-28 10:53:59,278.15,1127507,50,277.44,773252,1372588,0.3608154429009562,0
2023-07-28 10:53:59,278.15,1127507,15,277.44,773252,1372588,0.3608154429009562,0
2023-07-28 10:53:59,278.2,1127507,5,277.44,773252,1372588,0.3788562150460081,0
2023-07-28 10:54:05,278.2,1127527,5,277.44,773251,1372787,0.3788562150460081,0
2023-07-28 10:54:05,278.15,1127527,36,277.44,773251,1372787,0.3608154429009562,0
2023-07-28 10:54:05,278.2,1127527,100,277.44,773251,1372787,0.3788562150460081,0
2023-07-28 10:54:05,278.2,1127527,1,277.44,773251,1372787,0.3788562150460081,0
2023-07-28 10:54:09,278.2,1127664,1,277.44,772592,1372928,0.3788562150460081,0
2023-07-28 10:54:09,278.2,1127664,25,277.44,772592,1372928,0.3788562150460081,0
2023-07-28 10:54:13,278.2,1127689,25,277.44,773566,1372259,0.3788562150460081,0
2023-07-28 10:54:13,278.2,1127689,36,277.44,773566,1372259,0.3788562150460081,0
2023-07-28 10:54:17,278.2,1127792,36,277.44,773560,1371675,0.3788562150460081,0
2023-07-28 10:54:17,278.2,1127792,31,277.44,773560,1371675,0.3788562150460081,0
2023-07-28 10:54:24,278.2,1128565,21,277.44,774546,1370887,0.3788562150460081,0
2023-07-28 10:54:24,278.2,1128565,5,277.44,774546,1370887,0.3788562150460081,0
2023-07-28 10:54:24,278.2,1128565,1,277.44,774546,1370887,0.3788562150460081,0
2023-07-28 10:54:28,278.25,1128621,24,277.44,774835,1369857,0.39689698719106004,0
2023-07-28 10:54:28,278.25,1128621,54,277.44,774835,1369857,0.39689698719106004,0
2023-07-28 10:54:31,278.25,1128971,54,277.44,775691,1370557,0.39689698719106004,0
2023-07-28 10:54:31,278.3,1128971,100,277.44,775691,1370557,0.41493775933611193,0
2023-07-28 10:54:31,278.3,1128971,1,277.44,775691,1370557,0.41493775933611193,0
2023-07-28 10:54:36,278.3,1129082,10,277.44,780851,1370556,0.41493775933611193,0
2023-07-28 10:54:36,278.3,1129082,60,277.44,780851,1370556,0.41493775933611193,0
2023-07-28 10:54:40,278.25,1129147,2,277.44,779253,1371399,0.39689698719106004,0
2023-07-28 10:54:40,278.2,1129147,1,277.44,779253,1371399,0.3788562150460081,0
2023-07-28 10:54:44,278.3,1129148,9,277.44,779600,1371379,0.41493775933611193,0
2023-07-28 10:54:44,278.3,1129148,17,277.44,779600,1371379,0.41493775933611193,0
2023-07-28 10:54:48,278.3,1129182,17,277.44,778304,1371670,0.41493775933611193,0
2023-07-28 10:54:48,278.25,1129182,2,277.44,778304,1371670,0.39689698719106004,0
2023-07-28 10:54:51,278.25,1129184,2,277.44,778821,1372317,0.39689698719106004,0
2023-07-28 10:54:51,278.25,1129184,2,277.44,778821,1372317,0.39689698719106004,0
2023-07-28 10:54:51,278.25,1129184,4,277.44,778821,1372317,0.39689698719106004,0
2023-07-28 10:54:54,278.25,1129286,4,277.44,779635,1371967,0.39689698719106004,0
2023-07-28 10:54:54,278.15,1129286,40,277.44,779635,1371967,0.3608154429009562,0
2023-07-28 10:54:54,278.25,1129286,71,277.44,779635,1371967,0.39689698719106004,0
2023-07-28 10:54:54,278.15,1129286,27,277.44,779635,1371967,0.3608154429009562,0
2023-07-28 10:55:00,278.15,1129475,27,277.44,779231,1372353,0.3608154429009562,0
2023-07-28 10:55:00,278.15,1129475,12,277.44,779231,1372353,0.3608154429009562,0
2023-07-28 10:55:00,278.25,1129475,35,277.44,779231,1372353,0.39689698719106004,0
2023-07-28 10:55:00,278.15,1129475,1,277.44,779231,1372353,0.3608154429009562,0
2023-07-28 10:55:04,278.15,1129687,1,277.44,778872,1372446,0.3608154429009562,0
2023-07-28 10:55:04,278.25,1129687,204,277.44,778872,1372446,0.39689698719106004,0
2023-07-28 10:55:04,278.25,1129687,2,277.44,778872,1372446,0.39689698719106004,0
2023-07-28 10:55:08,278.25,1129939,2,277.44,778492,1374184,0.39689698719106004,0
2023-07-28 10:55:08,278.15,1129939,300,277.44,778492,1374184,0.3608154429009562,0
2023-07-28 10:55:08,278.25,1129939,1,277.44,778492,1374184,0.39689698719106004,0
2023-07-28 10:55:08,278.15,1129939,500,277.44,778492,1374184,0.3608154429009562,0
2023-07-28 10:55:12,278.25,1130750,40,277.44,777740,1372595,0.39689698719106004,0
2023-07-28 10:55:12,278.15,1130750,100,277.44,777740,1372595,0.3608154429009562,0
2023-07-28 10:55:12,278.25,1130750,5,277.44,777740,1372595,0.39689698719106004,0
2023-07-28 10:55:15,278.25,1130897,3,277.44,777738,1373615,0.39689698719106004,0
2023-07-28 10:55:15,278.05,1130897,20,277.44,777738,1373615,0.3247338986108729,0
2023-07-28 10:55:15,278.15,1130897,2,277.44,777738,1373615,0.3608154429009562,0
2023-07-28 10:55:15,278.15,1130897,78,277.44,777738,1373615,0.3608154429009562,0
2023-07-28 10:55:22,278.15,1136099,78,277.44,769751,1378863,0.3608154429009562,0
2023-07-28 10:55:22,278.15,1136099,78,277.44,769751,1378863,0.3608154429009562,0
2023-07-28 10:55:22,278.1,1136099,29,277.44,769751,1378863,0.34277467075592477,0
2023-07-28 10:55:25,278.1,1136228,29,277.44,770777,1378601,0.34277467075592477,0
2023-07-28 10:55:25,278.1,1136228,22,277.44,770777,1378601,0.34277467075592477,0
2023-07-28 10:55:25,278.15,1136228,1,277.44,770777,1378601,0.3608154429009562,0
2023-07-28 10:55:25,278.15,1136228,1,277.44,770777,1378601,0.3608154429009562,0
2023-07-28 10:55:32,278.15,1136751,10,277.44,771621,1381182,0.3608154429009562,0
2023-07-28 10:55:32,278.15,1136751,35,277.44,771621,1381182,0.3608154429009562,0
2023-07-28 10:55:36,278.15,1136786,35,277.44,770455,1380159,0.3608154429009562,0
2023-07-28 10:55:36,278.2,1136786,86,277.44,770455,1380159,0.3788562150460081,0
2023-07-28 10:55:36,278.2,1136786,1,277.44,770455,1380159,0.3788562150460081,0
2023-07-28 10:55:41,278.2,1137787,1,277.44,771382,1378958,0.3788562150460081,0
2023-07-28 10:55:41,278.15,1137787,50,277.44,771382,1378958,0.3608154429009562,0
2023-07-28 10:55:41,278.15,1137787,10,277.44,771382,1378958,0.3608154429009562,0
2023-07-28 10:55:45,278.15,1137847,10,277.44,774766,1381813,0.3608154429009562,0
2023-07-28 10:55:45,278.1,1137847,10,277.44,774766,1381813,0.34277467075592477,0
2023-07-28 10:55:45,278.1,1137847,18,277.44,774766,1381813,0.34277467075592477,0
2023-07-28 10:55:45,278.1,1137847,3,277.44,774766,1381813,0.34277467075592477,0
2023-07-28 10:55:45,278.15,1137847,18,277.44,774766,1381813,0.3608154429009562,0
2023-07-28 10:55:50,278.15,1137928,18,277.44,774999,1380384,0.3608154429009562,0
2023-07-28 10:55:50,278.1,1137928,20,277.44,774999,1380384,0.34277467075592477,0
2023-07-28 10:55:50,278.1,1137928,19,277.44,774999,1380384,0.34277467075592477,0
2023-07-28 10:55:54,278.1,1137967,19,277.44,775037,1381447,0.34277467075592477,0
2023-07-28 10:55:54,278.15,1137967,8,277.44,775037,1381447,0.3608154429009562,0
2023-07-28 10:55:57,278.15,1137977,8,277.44,775075,1380949,0.3608154429009562,0
2023-07-28 10:55:57,278.15,1137977,8,277.44,775610,1380112,0.3608154429009562,0
2023-07-28 10:55:57,278.15,1137977,97,277.44,775610,1380112,0.3608154429009562,0
2023-07-28 10:56:07,278.15,1138077,97,277.44,775968,1380650,0.3608154429009562,0
2023-07-28 10:56:07,278.15,1138077,17,277.44,775968,1380650,0.3608154429009562,0
2023-07-28 10:56:10,278.15,1138127,17,277.44,776252,1380438,0.3608154429009562,0
2023-07-28 10:56:10,278.15,1138127,29,277.44,776252,1380438,0.3608154429009562,0
2023-07-28 10:56:14,278.1,1138162,4,277.44,776272,1379598,0.34277467075592477,0
2023-07-28 10:56:14,278.1,1138162,81,277.44,776272,1379598,0.34277467075592477,0
2023-07-28 10:56:14,278.1,1138162,57,277.44,776272,1379598,0.34277467075592477,0
2023-07-28 10:56:14,278.1,1138162,79,277.44,776272,1379598,0.34277467075592477,0
2023-07-28 10:56:20,278.1,1140613,79,277.44,777357,1379677,0.34277467075592477,0
2023-07-28 10:56:20,278.05,1140613,100,277.44,777357,1379677,0.3247338986108729,0
2023-07-28 10:56:20,278.05,1140613,100,277.44,777357,1379677,0.3247338986108729,0
2023-07-28 10:56:20,278.05,1140613,100,277.44,777357,1379677,0.3247338986108729,0
2023-07-28 10:56:20,278.05,1140613,100,277.44,777357,1379677,0.3247338986108729,0
2023-07-28 10:56:20,278.05,1140613,100,277.44,777357,1379677,0.3247338986108729,0
2023-07-28 10:56:20,278.05,1140613,100,277.44,777357,1379677,0.3247338986108729,0
2023-07-28 10:56:25,278.1,1140764,1,277.44,772999,1383293,0.34277467075592477,0
2023-07-28 10:56:25,278.1,1140764,1,277.44,772999,1383293,0.34277467075592477,0
2023-07-28 10:56:25,278.1,1140764,1,277.44,772999,1383293,0.34277467075592477,0
2023-07-28 10:56:25,278.1,1140764,1,277.44,772999,1383293,0.34277467075592477,0
2023-07-28 10:56:25,278.05,1140764,50,277.44,772999,1383293,0.3247338986108729,0
2023-07-28 10:56:28,278.05,1141065,50,277.44,771785,1370191,0.3247338986108729,0
2023-07-28 10:56:28,278.05,1141065,3,277.44,771785,1370191,0.3247338986108729,0
2023-07-28 10:56:28,278.05,1141065,2,277.44,771785,1370191,0.3247338986108729,0
2023-07-28 10:56:28,278.05,1141065,36,277.44,771785,1370191,0.3247338986108729,0
2023-07-28 10:56:34,278.05,1141106,36,277.44,772460,1380307,0.3247338986108729,0
2023-07-28 10:56:39,278.05,1141131,25,277.44,772699,1379585,0.3247338986108729,0
2023-07-28 10:56:39,278.0,1141131,24,277.44,772699,1379585,0.306693126465821,0
2023-07-28 10:56:39,278.0,1141131,356,277.44,772699,1379585,0.306693126465821,0
2023-07-28 10:56:39,277.95,1141131,17,277.44,772699,1379585,0.2886523543207691,0
2023-07-28 10:56:39,278.0,1141131,1,277.44,772699,1379585,0.306693126465821,0
2023-07-28 10:56:43,278.0,1150045,3447,277.45,767626,1380398,0.306693126465821,0
2023-07-28 10:56:43,277.95,1150045,60,277.45,767626,1380398,0.2886523543207691,0
2023-07-28 10:56:44,278.0,1151105,160,277.45,771923,1375834,0.306693126465821,0
2023-07-28 10:56:44,277.95,1151105,3,277.45,771923,1375834,0.2886523543207691,0
2023-07-28 10:56:44,277.9,1151105,1,277.45,771923,1375834,0.2706115821757171,0
2023-07-28 10:56:44,277.95,1151105,25,277.45,771923,1375834,0.2886523543207691,0
2023-07-28 10:56:44,277.9,1151105,22,277.45,771923,1375834,0.2706115821757171,0
2023-07-28 10:56:51,277.95,1151932,1,277.45,767797,1378474,0.2886523543207691,0
2023-07-28 10:56:51,277.95,1151932,1,277.45,767797,1378474,0.2886523543207691,0
2023-07-28 10:56:51,277.95,1151932,76,277.45,767797,1378474,0.2886523543207691,0
2023-07-28 10:56:54,277.95,1152382,76,277.45,771814,1377004,0.2886523543207691,0
2023-07-28 10:56:54,277.95,1152382,11,277.45,771814,1377004,0.2886523543207691,0
2023-07-28 10:56:54,278.0,1152382,100,277.45,771814,1377004,0.306693126465821,0
2023-07-28 10:56:54,278.0,1152382,1,277.45,771814,1377004,0.306693126465821,0
2023-07-28 10:56:58,278.0,1153026,1,277.45,771496,1374456,0.306693126465821,0
2023-07-28 10:56:58,278.0,1153026,100,277.45,771496,1374456,0.306693126465821,0
2023-07-28 10:57:01,278.0,1153126,100,277.45,773157,1376579,0.306693126465821,0
2023-07-28 10:57:01,277.95,1153126,9,277.45,773157,1376579,0.2886523543207691,0
2023-07-28 10:57:01,278.0,1153126,1,277.45,773157,1376579,0.306693126465821,0
2023-07-28 10:57:01,277.95,1153126,1,277.45,773157,1376579,0.2886523543207691,0
2023-07-28 10:57:07,278.1,1153234,2,277.45,774602,1376823,0.34277467075592477,0
2023-07-28 10:57:07,278.0,1153234,41,277.45,774602,1376823,0.306693126465821,0
2023-07-28 10:57:11,278.0,1153282,1,277.45,770917,1376291,0.306693126465821,0
2023-07-28 10:57:11,278.0,1153282,1,277.45,770917,1376291,0.306693126465821,0
2023-07-28 10:57:11,278.0,1153282,1,277.45,770917,1376291,0.306693126465821,0
2023-07-28 10:57:14,278.0,1153284,1,277.45,770443,1377194,0.306693126465821,0
2023-07-28 10:57:14,277.95,1153284,300,277.45,770443,1377194,0.2886523543207691,0
2023-07-28 10:57:16,277.95,1153584,300,277.45,769617,1378354,0.2886523543207691,0
2023-07-28 10:57:16,278.0,1153584,200,277.45,769617,1378354,0.306693126465821,0
2023-07-28 10:57:16,278.0,1153584,25,277.45,769617,1378354,0.306693126465821,0
2023-07-28 10:57:16,278.0,1153584,1,277.45,769617,1378354,0.306693126465821,0
2023-07-28 10:57:24,278.0,1153830,20,277.45,769138,1378403,0.306693126465821,0
2023-07-28 10:57:24,278.0,1153830,35,277.45,769138,1378403,0.306693126465821,0
2023-07-28 10:57:24,277.95,1153830,100,277.45,769138,1378403,0.2886523543207691,0
2023-07-28 10:57:25,277.95,1153965,100,277.45,767420,1378677,0.2886523543207691,0
2023-07-28 10:57:25,277.95,1153965,20,277.45,767420,1378677,0.2886523543207691,0
2023-07-28 10:57:25,278.0,1153965,1,277.45,767420,1378677,0.306693126465821,0
2023-07-28 10:57:25,278.0,1153965,14,277.45,767420,1378677,0.306693126465821,0
2023-07-28 10:57:32,278.0,1154036,14,277.45,767670,1379167,0.306693126465821,0
2023-07-28 10:57:32,278.0,1154036,70,277.45,767670,1379167,0.306693126465821,0
2023-07-28 10:57:36,278.0,1154206,70,277.45,767666,1378996,0.306693126465821,0
2023-07-28 10:57:36,277.95,1154206,1,277.45,767666,1378996,0.2886523543207691,0
2023-07-28 10:57:40,277.95,1154207,1,277.45,767587,1378439,0.2886523543207691,0
2023-07-28 10:57:40,278.0,1154207,70,277.45,767587,1378439,0.306693126465821,0
2023-07-28 10:57:44,278.0,1154277,70,277.45,767387,1378659,0.306693126465821,0
2023-07-28 10:57:44,277.95,1154277,47,277.45,767387,1378659,0.2886523543207691,0
2023-07-28 10:57:44,277.95,1154277,95,277.45,767387,1378659,0.2886523543207691,0
2023-07-28 10:57:44,277.95,1154277,5,277.45,767387,1378659,0.2886523543207691,0
2023-07-28 10:57:49,277.95,1155066,3,277.45,767488,1380256,0.2886523543207691,0
2023-07-28 10:57:49,277.9,1155066,9,277.45,767488,1380256,0.2706115821757171,0
2023-07-28 10:57:54,277.95,1155166,10,277.45,765129,1384743,0.2886523543207691,0
2023-07-28 10:57:54,277.9,1155166,643,277.45,765129,1384743,0.2706115821757171,0
2023-07-28 10:57:54,277.8,1155166,15,277.45,765129,1384743,0.23453003788563384,0
2023-07-28 10:57:58,277.8,1156414,15,277.45,765455,1383706,0.23453003788563384,0
2023-07-28 10:57:58,277.9,1156414,1,277.45,765455,1383706,0.2706115821757171,0
2023-07-28 10:57:58,277.9,1156414,7,277.45,765455,1383706,0.2706115821757171,0
2023-07-28 10:57:58,277.9,1156414,50,277.45,765455,1383706,0.2706115821757171,0
2023-07-28 10:58:02,277.9,1156580,100,277.45,765287,1383319,0.2706115821757171,0
2023-07-28 10:58:02,277.9,1156580,1,277.45,765287,1383319,0.2706115821757171,0
2023-07-28 10:58:02,277.9,1156580,1,277.45,765287,1383319,0.2706115821757171,0
2023-07-28 10:58:07,277.9,1156621,39,277.45,765309,1383199,0.2706115821757171,0
2023-07-28 10:58:07,277.9,1156621,100,277.45,765309,1383199,0.2706115821757171,0
2023-07-28 10:58:07,277.9,1156621,2,277.45,765309,1383199,0.2706115821757171,0
2023-07-28 10:58:10,277.9,1156723,2,277.45,765701,1383170,0.2706115821757171,0
2023-07-28 10:58:10,277.9,1156723,1,277.45,765701,1383170,0.2706115821757171,0
2023-07-28 10:58:10,277.9,1156723,1,277.45,765701,1383170,0.2706115821757171,0
2023-07-28 10:58:14,277.9,1156824,1,277.45,765862,1385025,0.2706115821757171,0
2023-07-28 10:58:14,277.9,1156824,4,277.45,765862,1385025,0.2706115821757171,0
2023-07-28 10:58:14,277.8,1156824,125,277.45,765862,1385025,0.23453003788563384,0
2023-07-28 10:58:14,277.8,1156824,10,277.45,765862,1385025,0.23453003788563384,0
2023-07-28 10:58:18,277.8,1156963,10,277.45,764599,1383940,0.23453003788563384,0
2023-07-28 10:58:18,277.8,1156963,100,277.45,764599,1383940,0.23453003788563384,0
2023-07-28 10:58:18,277.9,1156963,1,277.45,764599,1383940,0.2706115821757171,0
2023-07-28 10:58:18,277.9,1156963,4,277.45,764599,1383940,0.2706115821757171,0
2023-07-28 10:58:18,277.9,1156963,1,277.45,764599,1383940,0.2706115821757171,0
2023-07-28 10:58:23,277.9,1157071,20,277.45,764424,1384846,0.2706115821757171,0
2023-07-28 10:58:23,277.9,1157071,25,277.45,764424,1384846,0.2706115821757171,0
2023-07-28 10:58:23,277.75,1157071,135,277.45,764424,1384846,0.21648926574058192,0
2023-07-28 10:58:23,277.9,1157071,131,277.45,764424,1384846,0.2706115821757171,0
2023-07-28 10:58:23,277.9,1157071,10,277.45,764424,1384846,0.2706115821757171,0
2023-07-28 10:58:27,277.9,1158553,10,277.45,762892,1381214,0.2706115821757171,0
2023-07-28 10:58:27,277.8,1158553,13,277.45,762892,1381214,0.23453003788563384,0
2023-07-28 10:58:27,277.75,1158553,1,277.45,762892,1381214,0.21648926574058192,0
2023-07-28 10:58:27,277.85,1158553,1,277.45,762892,1381214,0.25257081003068577,0
2023-07-28 10:58:32,277.9,1159049,353,277.45,770898,1381267,0.2706115821757171,0
2023-07-28 10:58:32,277.9,1159049,5,277.45,770898,1381267,0.2706115821757171,0
2023-07-28 10:58:32,277.9,1159049,1,277.45,770898,1381267,0.2706115821757171,0
2023-07-28 10:58:35,277.9,1159555,1,277.45,772666,1380434,0.2706115821757171,0
2023-07-28 10:58:35,277.8,1159555,20,277.45,772666,1380434,0.23453003788563384,0
2023-07-28 10:58:35,277.9,1159555,3,277.45,772666,1380434,0.2706115821757171,0
2023-07-28 10:58:39,277.9,1159578,3,277.45,766966,1381123,0.2706115821757171,0
2023-07-28 10:58:39,277.9,1159578,2,277.45,766966,1381123,0.2706115821757171,0
2023-07-28 10:58:39,277.85,1159578,3,277.45,766966,1381123,0.25257081003068577,0
2023-07-28 10:58:44,277.85,1159593,3,277.45,770416,1382066,0.25257081003068577,0
2023-07-28 10:58:44,277.85,1159593,1,277.45,770416,1382066,0.25257081003068577,0
2023-07-28 10:58:44,277.8,1159593,1,277.45,770416,1382066,0.23453003788563384,0
2023-07-28 10:58:44,277.85,1159593,1,277.45,770416,1382066,0.25257081003068577,0
2023-07-28 10:58:50,277.8,1159626,21,277.45,769433,1381802,0.23453003788563384,0
2023-07-28 10:58:50,277.85,1159626,7,277.45,769433,1381802,0.25257081003068577,0
2023-07-28 10:58:50,277.85,1159626,2,277.45,769433,1381802,0.25257081003068577,0
2023-07-28 10:58:50,277.85,1159626,8,277.45,769433,1381802,0.25257081003068577,0
2023-07-28 10:58:54,277.85,1159646,3,277.45,770425,1381855,0.25257081003068577,0
2023-07-28 10:58:54,277.75,1159646,1,277.45,770425,1381855,0.21648926574058192,0
2023-07-28 10:58:54,277.9,1159646,50,277.45,770425,1381855,0.2706115821757171,0
2023-07-28 10:58:58,277.75,1160217,20,277.45,769595,1381922,0.21648926574058192,0
2023-07-28 10:58:58,277.75,1160217,20,277.45,769731,1382244,0.21648926574058192,0
2023-07-28 10:58:58,277.9,1160217,1,277.45,769731,1382244,0.2706115821757171,0
2023-07-28 10:59:04,277.9,1160226,1,277.45,769873,1381998,0.2706115821757171,0
2023-07-28 10:59:04,277.75,1160226,2,277.45,769873,1381998,0.21648926574058192,0
2023-07-28 10:59:11,277.9,1160373,32,277.45,770081,1381972,0.2706115821757171,0
2023-07-28 10:59:11,277.85,1160373,75,277.45,770081,1381972,0.25257081003068577,0
2023-07-28 10:59:15,277.85,1160499,1,277.45,771705,1383982,0.25257081003068577,0
2023-07-28 10:59:15,277.85,1160499,374,277.45,771705,1383982,0.25257081003068577,0
2023-07-28 10:59:17,277.85,1160873,374,277.45,771577,1385803,0.25257081003068577,0
2023-07-28 10:59:17,277.85,1160873,374,277.45,771577,1385803,0.25257081003068577,0
2023-07-28 10:59:17,277.85,1160873,374,277.45,771577,1385803,0.25257081003068577,0
2023-07-28 10:59:17,277.85,1160873,374,277.45,771577,1385803,0.25257081003068577,0
2023-07-28 10:59:17,277.85,1160873,374,277.45,771577,1385803,0.25257081003068577,0
2023-07-28 10:59:17,277.85,1160873,374,277.45,771577,1385803,0.25257081003068577,0
2023-07-28 10:59:17,277.85,1160873,374,277.45,770979,1386716,0.25257081003068577,0
2023-07-28 10:59:17,277.85,1160873,374,277.45,770979,1386716,0.25257081003068577,0
2023-07-28 10:59:17,277.75,1160873,1,277.45,770979,1386716,0.21648926574058192,0
2023-07-28 10:59:17,277.75,1160873,1,277.45,770979,1386716,0.21648926574058192,0
2023-07-28 10:59:17,277.75,1160873,1,277.45,770979,1386716,0.21648926574058192,0
2023-07-28 10:59:29,277.85,1161059,185,277.45,771033,1386553,0.25257081003068577,0
2023-07-28 10:59:29,277.85,1161059,2,277.45,771033,1386553,0.25257081003068577,0
2023-07-28 10:59:29,277.85,1161059,4,277.45,771033,1386553,0.25257081003068577,0
2023-07-28 10:59:33,277.85,1161165,4,277.45,768331,1387173,0.25257081003068577,0
2023-07-28 10:59:33,277.75,1161165,24,277.45,768331,1387173,0.21648926574058192,0
2023-07-28 10:59:38,277.85,1161316,1,277.45,768264,1386919,0.25257081003068577,0
2023-07-28 10:59:38,277.85,1161316,6,277.45,768264,1386919,0.25257081003068577,0
2023-07-28 10:59:38,277.8,1161316,1,277.45,768264,1386919,0.23453003788563384,0
2023-07-28 10:59:42,277.75,1161482,2,277.45,767945,1387091,0.21648926574058192,0
2023-07-28 10:59:42,277.85,1161482,1,277.45,767612,1387318,0.25257081003068577,0
2023-07-28 10:59:42,277.85,1161482,2,277.45,767612,1387318,0.25257081003068577,0
2023-07-28 10:59:42,277.85,1161482,1,277.45,767612,1387318,0.25257081003068577,0
2023-07-28 10:59:52,277.85,1161587,33,277.45,768220,1387217,0.25257081003068577,0
2023-07-28 10:59:52,277.75,1161587,20,277.45,768220,1387217,0.21648926574058192,0
2023-07-28 10:59:53,277.85,1161607,1,277.45,769146,1387783,0.25257081003068577,0
2023-07-28 10:59:53,277.8,1161607,25,277.45,769146,1387783,0.23453003788563384,0
2023-07-28 10:59:53,277.85,1161607,1,277.45,769146,1387783,0.25257081003068577,0
2023-07-28 10:59:53,277.85,1161607,2,277.45,769146,1387783,0.25257081003068577,0
2023-07-28 10:59:53,277.85,1161607,1,277.45,769146,1387783,0.25257081003068577,0
2023-07-28 11:00:04,277.85,1161832,1,277.45,769502,1386142,0.25257081003068577,0
2023-07-28 11:00:04,277.85,1161832,2,277.45,769502,1386142,0.25257081003068577,0
2023-07-28 11:00:04,277.8,1161832,7,277.45,769502,1386142,0.23453003788563384,0
2023-07-28 11:00:04,277.8,1161832,1,277.45,769502,1386142,0.23453003788563384,0
2023-07-28 11:00:08,277.8,1162956,1,277.45,767757,1385354,0.23453003788563384,0
2023-07-28 11:00:08,277.8,1162956,1,277.45,767757,1385354,0.23453003788563384,0
2023-07-28 11:00:08,277.8,1162956,162,277.45,767757,1385354,0.23453003788563384,0
2023-07-28 11:00:11,277.8,1163119,9,277.45,767591,1385194,0.23453003788563384,0
2023-07-28 11:00:11,277.8,1163119,18,277.45,767591,1385194,0.23453003788563384,0
2023-07-28 11:00:11,277.8,1163119,92,277.45,767591,1385194,0.23453003788563384,0
2023-07-28 11:00:11,277.85,1163119,5,277.45,767591,1385194,0.25257081003068577,0
2023-07-28 11:00:11,277.85,1163119,17,277.45,767591,1385194,0.25257081003068577,0
2023-07-28 11:00:11,277.85,1163119,7,277.45,767591,1385194,0.25257081003068577,0
2023-07-28 11:00:11,277.85,1163119,7,277.45,767591,1385194,0.25257081003068577,0
2023-07-28 11:00:22,277.85,1164573,5,277.45,772815,1382361,0.25257081003068577,0
2023-07-28 11:00:22,277.85,1164573,1,277.45,772815,1382361,0.25257081003068577,0
2023-07-28 11:00:22,277.85,1164573,1,277.45,772815,1382361,0.25257081003068577,0
2023-07-28 11:00:22,277.85,1164573,1,277.45,772815,1382361,0.25257081003068577,0
2023-07-28 11:00:27,277.85,1164582,1,277.45,772881,1382825,0.25257081003068577,0
2023-07-28 11:00:27,277.85,1164582,1,277.45,772881,1382825,0.25257081003068577,0
2023-07-28 11:00:27,277.85,1164582,21,277.45,772881,1382825,0.25257081003068577,0
2023-07-28 11:00:27,277.85,1164582,2,277.45,772881,1382825,0.25257081003068577,0
2023-07-28 11:00:31,277.85,1164628,2,277.45,772471,1381898,0.25257081003068577,0
2023-07-28 11:00:31,277.8,1164628,2,277.45,772471,1381898,0.23453003788563384,0
2023-07-28 11:00:31,277.9,1164628,1,277.45,772471,1381898,0.2706115821757171,0
2023-07-28 11:00:31,277.9,1164628,55,277.45,772471,1381898,0.2706115821757171,0
2023-07-28 11:00:40,277.8,1166488,11,277.45,774501,1382370,0.23453003788563384,0
2023-07-28 11:00:40,277.9,1166488,6,277.45,774501,1382370,0.2706115821757171,0
2023-07-28 11:00:44,277.9,1166497,6,277.45,774646,1382140,0.2706115821757171,0
2023-07-28 11:00:44,277.9,1166497,1,277.45,774646,1382140,0.2706115821757171,0
2023-07-28 11:00:44,277.9,1166497,1,277.45,774646,1382140,0.2706115821757171,0
2023-07-28 11:00:44,277.9,1166497,5,277.45,774646,1382140,0.2706115821757171,0
2023-07-28 11:00:47,277.9,1166615,5,277.45,775139,1381889,0.2706115821757171,0
2023-07-28 11:00:47,277.9,1166615,5,277.45,776499,1381036,0.2706115821757171,0
2023-07-28 11:00:47,277.9,1166615,6,277.45,776499,1381036,0.2706115821757171,0
2023-07-28 11:00:47,277.9,1166615,1,277.45,776499,1381036,0.2706115821757171,0
2023-07-28 11:00:58,277.9,1166652,30,277.45,777152,1380496,0.2706115821757171,0
2023-07-28 11:00:58,277.9,1166652,285,277.45,777152,1380496,0.2706115821757171,0
2023-07-28 11:00:58,277.9,1166652,10,277.45,777152,1380496,0.2706115821757171,0
2023-07-28 11:00:58,277.9,1166652,7,277.45,777152,1380496,0.2706115821757171,0
2023-07-28 11:00:58,277.9,1166652,3,277.45,777152,1380496,0.2706115821757171,0
2023-07-28 11:01:02,278.0,1167296,1,277.45,777948,1381530,0.306693126465821,0
2023-07-28 11:01:02,278.0,1167296,10,277.45,777948,1381530,0.306693126465821,0
2023-07-28 11:01:02,278.0,1167296,10,277.45,777948,1381530,0.306693126465821,0
2023-07-28 11:01:05,278.0,1167375,12,277.45,779299,1381335,0.306693126465821,0
2023-07-28 11:01:05,278.0,1167375,1,277.45,779299,1381335,0.306693126465821,0
2023-07-28 11:01:05,278.0,1167375,20,277.45,779299,1381335,0.306693126465821,0
2023-07-28 11:01:05,278.0,1167375,2,277.45,779299,1381335,0.306693126465821,0
2023-07-28 11:01:09,278.0,1167401,2,277.45,778563,1381479,0.306693126465821,0
2023-07-28 11:01:12,278.0,1167413,12,277.45,782098,1381718,0.306693126465821,0
2023-07-28 11:01:12,278.0,1167413,12,277.45,782459,1381692,0.306693126465821,0
2023-07-28 11:01:12,278.0,1167413,14,277.45,782459,1381692,0.306693126465821,0
2023-07-28 11:01:23,278.0,1167437,10,277.45,780027,1381574,0.306693126465821,0
2023-07-28 11:01:23,278.0,1167437,2,277.45,780027,1381574,0.306693126465821,0
2023-07-28 11:01:27,278.0,1167477,25,277.45,780043,1382037,0.306693126465821,0
2023-07-28 11:01:27,277.95,1167477,10,277.45,780043,1382037,0.2886523543207691,0
2023-07-28 11:01:27,278.0,1167477,11,277.45,780043,1382037,0.306693126465821,0
2023-07-28 11:01:27,278.0,1167477,2,277.45,780043,1382037,0.306693126465821,0
2023-07-28 11:01:31,278.0,1167500,2,277.45,780936,1381675,0.306693126465821,0
2023-07-28 11:01:31,278.0,1167500,2,277.45,781371,1381675,0.306693126465821,0
2023-07-28 11:01:31,277.9,1167500,52,277.45,781371,1381675,0.2706115821757171,0
2023-07-28 11:01:31,277.95,1167500,89,277.45,781371,1381675,0.2886523543207691,0
2023-07-28 11:01:31,277.95,1167500,14,277.45,781371,1381675,0.2886523543207691,0
2023-07-28 11:01:39,277.95,1168403,14,277.46,780208,1383920,0.2886523543207691,0
2023-07-28 11:01:39,277.95,1168403,24,277.46,780208,1383920,0.2886523543207691,0
2023-07-28 11:01:41,277.95,1168427,24,277.46,780460,1384096,0.2886523543207691,0
2023-07-28 11:01:41,277.9,1168427,5,277.46,780460,1384096,0.2706115821757171,0
2023-07-28 11:01:47,277.9,1168582,5,277.46,780556,1384176,0.2706115821757171,0
2023-07-28 11:01:47,277.95,1168582,500,277.46,780556,1384176,0.2886523543207691,0
2023-07-28 11:01:47,277.95,1168582,50,277.46,780556,1384176,0.2886523543207691,0
2023-07-28 11:01:47,277.95,1168582,25,277.46,780556,1384176,0.2886523543207691,0
2023-07-28 11:01:52,277.9,1169158,1,277.46,780301,1384436,0.2706115821757171,0
2023-07-28 11:01:52,277.95,1169158,4,277.46,780301,1384436,0.2886523543207691,0
2023-07-28 11:01:56,277.85,1171318,34,277.46,777479,1384374,0.25257081003068577,0
2023-07-28 11:01:56,277.9,1171318,25,277.46,777479,1384374,0.2706115821757171,0
2023-07-28 11:01:56,277.95,1171318,20,277.46,777479,1384374,0.2886523543207691,0
2023-07-28 11:01:56,277.9,1171318,49,277.46,777479,1384374,0.2706115821757171,0
2023-07-28 11:01:56,277.95,1171318,2,277.46,777479,1384374,0.2886523543207691,0
2023-07-28 11:01:56,277.95,1171318,10,277.46,777479,1384374,0.2886523543207691,0
2023-07-28 11:02:03,277.95,1171424,10,277.46,777376,1384178,0.2886523543207691,0
2023-07-28 11:02:03,277.9,1171424,43,277.46,777376,1384178,0.2706115821757171,0
2023-07-28 11:02:06,277.9,1171524,43,277.46,778412,1384187,0.2706115821757171,0
2023-07-28 11:02:06,278.0,1171524,21,277.46,778414,1384193,0.306693126465821,0
2023-07-28 11:02:06,278.0,1171524,25,277.46,778414,1384193,0.306693126465821,0
2023-07-28 11:02:06,278.0,1171524,31,277.46,778414,1384193,0.306693126465821,0
2023-07-28 11:02:06,278.0,1171524,250,277.46,778414,1384193,0.306693126465821,0
2023-07-28 11:02:18,278.0,1172496,250,277.46,780228,1376763,0.306693126465821,0
2023-07-28 11:02:18,278.0,1172496,12,277.46,780228,1376763,0.306693126465821,0
2023-07-28 11:02:18,278.1,1172496,1,277.46,780228,1376763,0.34277467075592477,0
2023-07-28 11:02:18,278.1,1172496,1,277.46,780228,1376763,0.34277467075592477,0
2023-07-28 11:02:18,278.1,1172496,1,277.46,780228,1376763,0.34277467075592477,0
2023-07-28 11:02:21,278.1,1176528,1,277.46,779120,1373633,0.34277467075592477,0
2023-07-28 11:02:21,278.1,1176528,1,277.46,779120,1373633,0.34277467075592477,0
2023-07-28 11:02:21,278.1,1176528,1,277.46,779120,1373633,0.34277467075592477,0
2023-07-28 11:02:21,278.1,1176528,1,277.46,779120,1373633,0.34277467075592477,0
2023-07-28 11:02:21,278.05,1176528,1,277.46,779120,1373633,0.3247338986108729,0
2023-07-28 11:02:21,278.1,1176528,3,277.46,779120,1373633,0.34277467075592477,0
2023-07-28 11:02:27,278.1,1176534,3,277.46,779372,1373338,0.34277467075592477,0
2023-07-28 11:02:27,278.15,1176534,316,277.46,779372,1373338,0.3608154429009562,0
2023-07-28 11:02:27,278.05,1176534,29,277.46,779372,1373338,0.3247338986108729,0
2023-07-28 11:02:27,278.15,1176534,90,277.46,779372,1373338,0.3608154429009562,0
2023-07-28 11:02:35,278.15,1178713,90,277.46,780498,1372969,0.3608154429009562,0
2023-07-28 11:02:35,278.1,1178713,16,277.46,780498,1372969,0.34277467075592477,0
2023-07-28 11:02:35,278.0,1178713,12,277.46,780498,1372969,0.306693126465821,0
2023-07-28 11:02:35,278.0,1178713,10,277.46,780498,1372969,0.306693126465821,0
2023-07-28 11:02:41,278.0,1178976,1,277.46,777785,1376136,0.306693126465821,0
2023-07-28 11:02:41,278.0,1178976,25,277.46,777785,1376136,0.306693126465821,0
2023-07-28 11:02:41,278.0,1178976,5,277.46,777785,1376136,0.306693126465821,0
2023-07-28 11:02:45,278.0,1179006,5,277.46,776804,1376401,0.306693126465821,0
2023-07-28 11:02:45,278.0,1179006,2000,277.46,776804,1376401,0.306693126465821,0
2023-07-28 11:02:48,278.0,1181163,2000,277.46,780639,1375081,0.306693126465821,0
2023-07-28 11:02:48,278.1,1181163,3,277.46,780639,1375081,0.34277467075592477,0
2023-07-28 11:02:48,278.1,1181163,5,277.46,780639,1375081,0.34277467075592477,0
2023-07-28 11:02:48,278.0,1181163,50,277.46,780639,1375081,0.306693126465821,0
2023-07-28 11:02:53,278.0,1181221,50,277.46,783826,1372941,0.306693126465821,0
2023-07-28 11:02:53,278.15,1181221,117,277.46,783826,1372941,0.3608154429009562,0
2023-07-28 11:03:00,278.15,1181653,117,277.46,783024,1372111,0.3608154429009562,0
2023-07-28 11:03:00,278.1,1181653,45,277.46,783024,1372111,0.34277467075592477,0
2023-07-28 11:03:06,278.1,1181698,45,277.46,784704,1374036,0.34277467075592477,0
2023-07-28 11:03:06,278.1,1181698,1,277.46,784704,1374036,0.34277467075592477,0
2023-07-28 11:03:11,278.1,1181699,1,277.46,784703,1374135,0.34277467075592477,0
2023-07-28 11:03:11,278.05,1181699,479,277.46,784703,1374135,0.3247338986108729,0
2023-07-28 11:03:11,278.05,1181699,6,277.46,784703,1374135,0.3247338986108729,0
2023-07-28 11:03:19,278.05,1186240,1,277.46,781369,1376735,0.3247338986108729,0
2023-07-28 11:03:22,278.05,1186241,1,277.46,780967,1376019,0.3247338986108729,0
2023-07-28 11:03:22,278.05,1186241,1,277.46,781476,1374323,0.3247338986108729,0
2023-07-28 11:03:22,278.05,1186241,24,277.46,781476,1374323,0.3247338986108729,0
2023-07-28 11:03:31,278.05,1186265,24,277.46,783934,1374290,0.3247338986108729,0
2023-07-28 11:03:31,278.15,1186265,72,277.46,783934,1374290,0.3608154429009562,0
2023-07-28 11:03:31,278.2,1186265,169,277.46,783934,1374290,0.3788562150460081,0
2023-07-28 11:03:38,278.2,1188000,169,277.46,786595,1371922,0.3788562150460081,0
2023-07-28 11:03:38,278.1,1188000,71,277.46,786595,1371922,0.34277467075592477,0
2023-07-28 11:03:38,278.1,1188000,54,277.46,786595,1371922,0.34277467075592477,0
2023-07-28 11:03:42,278.1,1189567,1000,277.47,789095,1374231,0.34277467075592477,0
2023-07-28 11:03:42,278.05,1189567,1876,277.47,789095,1374231,0.3247338986108729,0
2023-07-28 11:03:47,278.05,1191572,5,277.47,787125,1373836,0.3247338986108729,0
2023-07-28 11:03:48,278.05,1191575,3,277.47,787124,1374261,0.3247338986108729,0
2023-07-28 11:03:48,278.1,1191575,1,277.47,787124,1374261,0.34277467075592477,0
2023-07-28 11:03:48,278.05,1191575,233,277.47,787124,1374261,0.3247338986108729,0
2023-07-28 11:03:54,278.05,1191809,233,277.47,786563,1373716,0.3247338986108729,0
2023-07-28 11:03:54,278.1,1191809,30,277.47,786563,1373716,0.34277467075592477,0
2023-07-28 11:03:54,278.1,1191809,4,277.47,786563,1373716,0.34277467075592477,0
2023-07-28 11:03:54,278.05,1191809,15,277.47,786563,1373716,0.3247338986108729,0
2023-07-28 11:03:57,278.05,1191858,15,277.47,786933,1374069,0.3247338986108729,0
2023-07-28 11:03:57,278.05,1191858,15,277.47,786989,1373834,0.3247338986108729,0
2023-07-28 11:03:57,278.1,1191858,6,277.47,786989,1373834,0.34277467075592477,0
2023-07-28 11:03:57,278.1,1191858,10,277.47,786989,1373834,0.34277467075592477,0
2023-07-28 11:03:57,278.1,1191858,72,277.47,786989,1373834,0.34277467075592477,0
2023-07-28 11:04:07,278.1,1192994,72,277.47,786087,1372578,0.34277467075592477,0
2023-07-28 11:04:07,278.1,1192994,347,277.47,786087,1372578,0.34277467075592477,0
2023-07-28 11:04:07,278.1,1192994,2,277.47,786087,1372578,0.34277467075592477,0
2023-07-28 11:04:07,278.05,1192994,10,277.47,786087,1372578,0.3247338986108729,0
2023-07-28 11:04:11,278.05,1193694,10,277.47,786650,1374490,0.3247338986108729,0
2023-07-28 11:04:11,278.1,1193694,10,277.47,786650,1374490,0.34277467075592477,0
2023-07-28 11:04:13,278.1,1193704,10,277.47,786629,1374205,0.34277467075592477,0
2023-07-28 11:04:13,278.1,1193704,11,277.47,786629,1374205,0.34277467075592477,0
2023-07-28 11:04:13,278.1,1193704,20,277.47,786629,1374205,0.34277467075592477,0
2023-07-28 11:04:13,278.1,1193704,2,277.47,786629,1374205,0.34277467075592477,0
2023-07-28 11:04:18,278.1,1193737,2,277.47,786363,1374172,0.34277467075592477,0
2023-07-28 11:04:18,278.1,1193737,40,277.47,786363,1374172,0.34277467075592477,0
2023-07-28 11:04:18,278.05,1193737,1,277.47,786363,1374172,0.3247338986108729,0
2023-07-28 11:04:24,278.05,1193778,1,277.47,786377,1374132,0.3247338986108729,0
2023-07-28 11:04:24,278.1,1193778,10,277.47,786377,1374132,0.34277467075592477,0
2023-07-28 11:04:24,278.05,1193778,10,277.47,786377,1374132,0.3247338986108729,0
2023-07-28 11:04:24,278.1,1193778,2,277.47,786377,1374132,0.34277467075592477,0
2023-07-28 11:04:32,278.1,1193800,2,277.47,785994,1374614,0.34277467075592477,0
2023-07-28 11:04:32,278.1,1193800,23,277.47,785994,1374614,0.34277467075592477,0
2023-07-28 11:04:32,278.15,1193800,1,277.47,785994,1374614,0.3608154429009562,0
2023-07-28 11:04:34,278.15,1193936,1,277.47,787040,1373035,0.3608154429009562,0
2023-07-28 11:04:34,278.15,1193936,79,277.47,787040,1373035,0.3608154429009562,0
2023-07-28 11:04:34,278.1,1193936,16,277.47,787040,1373035,0.34277467075592477,0
2023-07-28 11:04:40,278.1,1194351,16,277.47,785962,1372020,0.34277467075592477,0
2023-07-28 11:04:40,278.1,1194351,16,277.47,786802,1374692,0.34277467075592477,0
2023-07-28 11:04:40,278.15,1194351,1,277.47,786802,1374692,0.3608154429009562,0
2023-07-28 11:04:54,278.15,1194457,30,277.47,786791,1374196,0.3608154429009562,0
2023-07-28 11:04:54,278.15,1194457,30,277.47,786972,1374748,0.3608154429009562,0
2023-07-28 11:04:54,278.15,1194457,2,277.47,786972,1374748,0.3608154429009562,0
2023-07-28 11:04:54,278.15,1194457,3,277.47,786972,1374748,0.3608154429009562,0
2023-07-28 11:05:01,278.15,1194560,3,277.47,785380,1374975,0.3608154429009562,0
2023-07-28 11:05:01,278.15,1194560,25,277.47,785380,1374975,0.3608154429009562,0
2023-07-28 11:05:01,278.15,1194560,3,277.47,785380,1374975,0.3608154429009562,0
2023-07-28 11:05:06,278.15,1194659,2,277.47,785367,1375167,0.3608154429009562,0
2023-07-28 11:05:11,278.05,1197181,609,277.47,781533,1377949,0.3247338986108729,0
2023-07-28 11:05:11,278.05,1197181,100,277.47,781533,1377949,0.3247338986108729,0
2023-07-28 11:05:11,278.15,1197181,7,277.47,781533,1377949,0.3608154429009562,0
2023-07-28 11:05:13,278.15,1198101,7,277.47,787807,1373746,0.3608154429009562,0
2023-07-28 11:05:13,278.05,1198101,3,277.47,787807,1373746,0.3247338986108729,0
2023-07-28 11:05:13,278.05,1198101,56,277.47,787807,1373746,0.3247338986108729,0
2023-07-28 11:05:18,278.05,1198892,56,277.47,786528,1375301,0.3247338986108729,0
2023-07-28 11:05:18,278.15,1198892,2,277.47,786528,1375301,0.3608154429009562,0
2023-07-28 11:05:18,278.15,1198892,2,277.47,786528,1375301,0.3608154429009562,0
2023-07-28 11:05:23,278.15,1198897,2,277.47,783969,1376134,0.3608154429009562,0
2023-07-28 11:05:23,278.15,1198897,2,277.47,783969,1376134,0.3608154429009562,0
2023-07-28 11:05:23,278.15,1198897,2,277.47,783969,1376134,0.3608154429009562,0
2023-07-28 11:05:23,278.15,1198897,2,277.47,783969,1376134,0.3608154429009562,0
2023-07-28 11:05:23,278.15,1198897,2,277.47,783969,1376134,0.3608154429009562,0
2023-07-28 11:05:23,278.15,1198897,160,277.47,783969,1376134,0.3608154429009562,0
2023-07-28 11:05:23,278.15,1198897,160,277.47,783969,1376134,0.3608154429009562,0
2023-07-28 11:05:23,278.15,1198897,160,277.47,783969,1376134,0.3608154429009562,0
2023-07-28 11:05:27,278.15,1199077,160,277.47,787838,1376599,0.3608154429009562,0
2023-07-28 11:05:27,278.15,1199077,160,277.47,787645,1377956,0.3608154429009562,0
2023-07-28 11:05:27,278.0,1199077,9,277.47,787645,1377956,0.306693126465821,0
2023-07-28 11:05:27,278.1,1199077,5,277.47,787645,1377956,0.34277467075592477,0
2023-07-28 11:05:27,278.1,1199077,25,277.47,787645,1377956,0.34277467075592477,0
2023-07-28 11:05:27,278.15,1199077,30,277.47,787645,1377956,0.3608154429009562,0
2023-07-28 11:05:27,278.15,1199077,93,277.47,787645,1377956,0.3608154429009562,0
2023-07-28 11:05:36,278.15,1200252,20,277.47,787659,1376994,0.3608154429009562,0
2023-07-28 11:05:41,278.15,1200372,100,277.47,787769,1377880,0.3608154429009562,0
2023-07-28 11:05:41,278.15,1200372,20,277.47,787769,1377880,0.3608154429009562,0
2023-07-28 11:05:41,278.15,1200372,3,277.47,787769,1377880,0.3608154429009562,0
2023-07-28 11:05:42,278.15,1200395,3,277.47,787871,1377946,0.3608154429009562,0
2023-07-28 11:05:42,278.0,1200395,2000,277.47,787871,1377946,0.306693126465821,0
2023-07-28 11:05:49,278.1,1206473,80,277.47,779785,1383055,0.34277467075592477,0
2023-07-28 11:05:49,278.05,1206473,1,277.47,779785,1383055,0.3247338986108729,0
2023-07-28 11:05:54,278.05,1206474,1,277.47,781894,1380737,0.3247338986108729,0
2023-07-28 11:05:54,278.05,1206474,91,277.47,781894,1380737,0.3247338986108729,0
2023-07-28 11:05:54,278.05,1206474,7,277.47,781894,1380737,0.3247338986108729,0
2023-07-28 11:05:58,277.95,1208778,6,277.47,780409,1383661,0.2886523543207691,0
2023-07-28 11:05:58,277.95,1208778,6,277.47,776866,1379289,0.2886523543207691,0
2023-07-28 11:05:58,277.95,1208778,6,277.47,777201,1380471,0.2886523543207691,0
2023-07-28 11:06:11,277.95,1208810,28,277.47,781103,1377542,0.2886523543207691,0
2023-07-28 11:06:11,278.0,1208810,25,277.47,781103,1377542,0.306693126465821,0
2023-07-28 11:06:11,278.0,1208810,1,277.47,781103,1377542,0.306693126465821,0
2023-07-28 11:06:11,278.05,1208810,1,277.47,781103,1377542,0.3247338986108729,0
2023-07-28 11:06:16,278.05,1208837,1,277.47,778976,1377994,0.3247338986108729,0
2023-07-28 11:06:16,278.05,1208837,1,277.47,785162,1377041,0.3247338986108729,0
2023-07-28 11:06:16,277.95,1208837,479,277.47,785162,1377041,0.2886523543207691,0
2023-07-28 11:06:16,278.0,1208837,1,277.47,785162,1377041,0.306693126465821,0
2023-07-28 11:06:16,278.05,1208837,19,277.47,785162,1377041,0.3247338986108729,0
2023-07-28 11:06:16,278.05,1208837,15,277.47,785162,1377041,0.3247338986108729,0
2023-07-28 11:06:24,278.05,1209378,15,277.47,782608,1375662,0.3247338986108729,0
2023-07-28 11:06:24,277.95,1209378,3,277.47,782608,1375662,0.2886523543207691,0
2023-07-28 11:06:24,277.95,1209378,36,277.47,782608,1375662,0.2886523543207691,0
2023-07-28 11:06:27,277.95,1209417,36,277.47,782375,1375868,0.2886523543207691,0
2023-07-28 11:06:33,278.05,1209418,1,277.47,783303,1373575,0.3247338986108729,0
2023-07-28 11:06:33,278.0,1209418,4,277.47,783303,1373575,0.306693126465821,0
2023-07-28 11:06:33,277.95,1209418,4,277.47,783303,1373575,0.2886523543207691,0
2023-07-28 11:06:38,278.0,1209697,40,277.47,782211,1372636,0.306693126465821,0
2023-07-28 11:06:38,278.0,1209697,2,277.47,782211,1372636,0.306693126465821,0
2023-07-28 11:06:40,278.1,1209699,95,277.47,781450,1376248,0.34277467075592477,0
2023-07-28 11:06:40,278.1,1209699,1135,277.47,781450,1376248,0.34277467075592477,0
2023-07-28 11:06:47,278.0,1212429,51,277.48,783762,1373334,0.306693126465821,0
2023-07-28 11:06:47,277.95,1212429,20,277.48,783762,1373334,0.2886523543207691,0
2023-07-28 11:06:49,277.95,1212449,20,277.48,784112,1374480,0.2886523543207691,0
2023-07-28 11:06:49,278.0,1212449,55,277.48,784112,1374480,0.306693126465821,0
2023-07-28 11:06:49,278.0,1212449,1,277.48,784112,1374480,0.306693126465821,0
2023-07-28 11:06:55,278.0,1212505,1,277.48,784229,1374449,0.306693126465821,0
2023-07-28 11:06:55,278.0,1212505,2,277.48,784229,1374449,0.306693126465821,0
2023-07-28 11:06:55,278.0,1212505,1,277.48,784229,1374449,0.306693126465821,0
2023-07-28 11:07:00,278.0,1212659,150,277.48,784229,1374293,0.306693126465821,0
2023-07-28 11:07:00,278.0,1212659,1,277.48,784229,1374293,0.306693126465821,0
2023-07-28 11:07:02,278.0,1212660,3,277.48,784343,1374340,0.306693126465821,0
2023-07-28 11:07:02,278.0,1212660,10,277.48,784343,1374340,0.306693126465821,0
2023-07-28 11:07:02,278.0,1212660,5,277.48,784343,1374340,0.306693126465821,0
2023-07-28 11:07:09,277.95,1213565,865,277.48,783647,1374067,0.2886523543207691,0
2023-07-28 11:07:09,277.95,1213565,865,277.48,783647,1374067,0.2886523543207691,0
2023-07-28 11:07:09,278.0,1213565,5,277.48,783647,1374067,0.306693126465821,0
2023-07-28 11:07:09,278.0,1213565,1,277.48,783647,1374067,0.306693126465821,0
2023-07-28 11:07:09,277.95,1213565,1,277.48,783647,1374067,0.2886523543207691,0
2023-07-28 11:07:13,278.0,1213736,1,277.48,783318,1375914,0.306693126465821,0
2023-07-28 11:07:13,278.0,1213736,1,277.48,783318,1375914,0.306693126465821,0
2023-07-28 11:07:13,278.0,1213736,10,277.48,783318,1375914,0.306693126465821,0
2023-07-28 11:07:13,277.95,1213736,15,277.48,783318,1375914,0.2886523543207691,0
2023-07-28 11:07:17,278.0,1213763,237,277.48,783482,1376554,0.306693126465821,0
2023-07-28 11:07:17,278.0,1213763,1,277.48,783482,1376554,0.306693126465821,0
2023-07-28 11:07:21,278.0,1214371,1,277.48,783383,1377400,0.306693126465821,0
2023-07-28 11:07:21,278.0,1214371,10,277.48,783383,1377400,0.306693126465821,0
2023-07-28 11:07:26,278.0,1214381,10,277.48,783337,1378241,0.306693126465821,0
2023-07-28 11:07:26,277.95,1214381,1,277.48,783337,1378241,0.2886523543207691,0
2023-07-28 11:07:26,278.0,1214381,100,277.48,783337,1378241,0.306693126465821,0
2023-07-28 11:07:29,278.0,1214482,100,277.48,783638,1377711,0.306693126465821,0
2023-07-28 11:07:29,278.0,1214482,25,277.48,783638,1377711,0.306693126465821,0
2023-07-28 11:07:29,278.0,1214482,12,277.48,783638,1377711,0.306693126465821,0
2023-07-28 11:07:33,278.0,1214519,12,277.48,783394,1377785,0.306693126465821,0
2023-07-28 11:07:33,278.0,1214519,35,277.48,783394,1377785,0.306693126465821,0
2023-07-28 11:07:33,277.95,1214519,1,277.48,783394,1377785,0.2886523543207691,0
2023-07-28 11:07:37,277.95,1214555,1,277.48,784959,1377213,0.2886523543207691,0
2023-07-28 11:07:37,277.95,1214555,5,277.48,784959,1377213,0.2886523543207691,0
2023-07-28 11:07:37,277.95,1214555,50,277.48,784959,1377213,0.2886523543207691,0
2023-07-28 11:07:37,277.95,1214555,70,277.48,784959,1377213,0.2886523543207691,0
2023-07-28 11:07:42,277.95,1214680,70,277.48,785001,1378800,0.2886523543207691,0
2023-07-28 11:07:42,278.0,1214680,2,277.48,785001,1378800,0.306693126465821,0
2023-07-28 11:07:42,278.0,1214680,50,277.48,785001,1378800,0.306693126465821,0
2023-07-28 11:07:46,278.0,1214732,50,277.48,785124,1379086,0.306693126465821,0
2023-07-28 11:07:46,278.0,1214732,272,277.48,785124,1379086,0.306693126465821,0
2023-07-28 11:07:51,278.0,1215032,272,277.48,784964,1378786,0.306693126465821,0
2023-07-28 11:07:51,278.0,1215032,20,277.48,784964,1378786,0.306693126465821,0
2023-07-28 11:07:54,278.0,1215052,20,277.48,784929,1378757,0.306693126465821,0
2023-07-28 11:07:54,278.0,1215052,2,277.48,784929,1378757,0.306693126465821,0
2023-07-28 11:07:54,278.0,1215052,2,277.48,784929,1378757,0.306693126465821,0
2023-07-28 11:07:54,277.95,1215052,25,277.48,784929,1378757,0.2886523543207691,0
2023-07-28 11:07:59,277.95,1215081,25,277.48,785107,1378744,0.2886523543207691,0
2023-07-28 11:07:59,277.95,1215081,2,277.48,785107,1378744,0.2886523543207691,0
2023-07-28 11:07:59,277.95,1215081,1044,277.48,785107,1378744,0.2886523543207691,0
2023-07-28 11:08:06,277.95,1223058,154,277.48,774426,1386192,0.2886523543207691,0
2023-07-28 11:08:06,277.95,1223058,8,277.48,774426,1386192,0.2886523543207691,0
2023-07-28 11:08:06,277.95,1223058,1,277.48,774426,1386192,0.2886523543207691,0
2023-07-28 11:08:09,277.95,1223092,1,277.48,775726,1384976,0.2886523543207691,0
2023-07-28 11:08:09,277.95,1223092,1,277.48,775726,1384976,0.2886523543207691,0
2023-07-28 11:08:09,277.95,1223092,2,277.48,775726,1384976,0.2886523543207691,0
2023-07-28 11:08:13,277.95,1223300,10,277.48,776263,1385349,0.2886523543207691,0
2023-07-28 11:08:13,277.9,1223300,1,277.48,776263,1385349,0.2706115821757171,0
2023-07-28 11:08:18,277.9,1223312,1,277.48,773996,1388490,0.2706115821757171,0
2023-07-28 11:08:18,277.9,1223312,41,277.48,773996,1388490,0.2706115821757171,0
2023-07-28 11:08:18,277.9,1223312,1,277.48,773996,1388490,0.2706115821757171,0
2023-07-28 11:08:18,277.9,1223312,350,277.48,773996,1388490,0.2706115821757171,0
2023-07-28 11:08:22,277.9,1223713,350,277.48,773457,1387949,0.2706115821757171,0
2023-07-28 11:08:22,277.9,1223713,200,277.48,773457,1387949,0.2706115821757171,0
2023-07-28 11:08:22,277.9,1223713,200,277.48,773457,1387949,0.2706115821757171,0
2023-07-28 11:08:22,277.9,1223713,1,277.48,773457,1387949,0.2706115821757171,0
2023-07-28 11:08:22,277.9,1223713,1,277.48,773457,1387949,0.2706115821757171,0
2023-07-28 11:08:22,277.9,1223713,30,277.48,773457,1387949,0.2706115821757171,0
2023-07-28 11:08:22,277.9,1223713,30,277.48,773457,1387949,0.2706115821757171,0
2023-07-28 11:08:22,277.9,1223713,30,277.48,773457,1387949,0.2706115821757171,0
2023-07-28 11:08:22,277.9,1223713,1,277.48,773457,1387949,0.2706115821757171,0
2023-07-28 11:08:27,277.9,1223945,1,277.48,773175,1387987,0.2706115821757171,0
2023-07-28 11:08:27,277.9,1223945,100,277.48,773175,1387987,0.2706115821757171,0
2023-07-28 11:08:27,277.85,1223945,687,277.48,773175,1387987,0.25257081003068577,0
2023-07-28 11:08:27,277.9,1223945,100,277.48,773175,1387987,0.2706115821757171,0
2023-07-28 11:08:27,277.9,1223945,10,277.48,773175,1387987,0.2706115821757171,0
2023-07-28 11:08:33,277.9,1225248,100,277.48,772799,1385897,0.2706115821757171,0
2023-07-28 11:08:33,277.9,1225248,100,277.48,772799,1385897,0.2706115821757171,0
2023-07-28 11:08:33,277.8,1225248,5,277.48,772799,1385897,0.23453003788563384,0
2023-07-28 11:08:33,277.85,1225248,25,277.48,772799,1385897,0.25257081003068577,0
2023-07-28 11:08:33,277.9,1225248,1,277.48,772799,1385897,0.2706115821757171,0
2023-07-28 11:08:36,277.9,1225525,1,277.48,779174,1384118,0.2706115821757171,0
2023-07-28 11:08:36,277.9,1225525,4,277.48,779174,1384118,0.2706115821757171,0
2023-07-28 11:08:36,277.9,1225525,12,277.48,779174,1384118,0.2706115821757171,0
2023-07-28 11:08:36,277.9,1225525,6,277.48,779174,1384118,0.2706115821757171,0
2023-07-28 11:08:36,277.9,1225525,50,277.48,779174,1384118,0.2706115821757171,0
2023-07-28 11:08:40,277.9,1225597,50,277.48,779099,1384152,0.2706115821757171,0
2023-07-28 11:08:40,277.9,1225597,3,277.48,779099,1384152,0.2706115821757171,0
2023-07-28 11:08:44,277.9,1225600,3,277.48,779399,1384708,0.2706115821757171,0
2023-07-28 11:08:44,277.9,1225600,30,277.48,779399,1384708,0.2706115821757171,0
2023-07-28 11:08:44,277.85,1225600,6,277.48,779399,1384708,0.25257081003068577,0
2023-07-28 11:08:48,277.85,1225636,6,277.48,779653,1384040,0.25257081003068577,0
2023-07-28 11:08:48,277.9,1225636,3,277.48,779653,1384040,0.2706115821757171,0
2023-07-28 11:08:48,277.9,1225636,3,277.48,779653,1384040,0.2706115821757171,0
2023-07-28 11:08:48,277.9,1225636,3,277.48,779653,1384040,0.2706115821757171,0
2023-07-28 11:08:53,277.9,1225645,3,277.48,779969,1383549,0.2706115821757171,0
2023-07-28 11:08:53,277.9,1225645,7,277.48,779969,1383549,0.2706115821757171,0
2023-07-28 11:08:58,277.9,1225656,4,277.48,779723,1383638,0.2706115821757171,0
2023-07-28 11:08:58,277.85,1225656,300,277.48,779723,1383638,0.25257081003068577,0
2023-07-28 11:08:58,277.9,1225656,2,277.48,779723,1383638,0.2706115821757171,0
2023-07-28 11:08:58,277.9,1225656,3,277.48,779723,1383638,0.2706115821757171,0
2023-07-28 11:08:58,277.9,1225656,5,277.48,779723,1383638,0.2706115821757171,0
2023-07-28 11:09:01,277.9,1226280,5,277.48,778925,1384390,0.2706115821757171,0
2023-07-28 11:09:01,277.9,1226280,1,277.48,778925,1384390,0.2706115821757171,0
2023-07-28 11:09:06,277.9,1226286,1,277.48,778946,1384409,0.2706115821757171,0
2023-07-28 11:09:09,277.9,1226315,6,277.48,778939,1383563,0.2706115821757171,0
2023-07-28 11:09:09,278.0,1226315,2,277.48,778939,1383563,0.306693126465821,0
2023-07-28 11:09:09,278.0,1226315,3,277.48,778939,1383563,0.306693126465821,0
2023-07-28 11:09:15,278.0,1226323,1,277.48,779334,1383360,0.306693126465821,0
2023-07-28 11:09:19,277.85,1226523,127,277.48,778628,1383993,0.25257081003068577,0
2023-07-28 11:09:23,278.0,1226524,1,277.48,778728,1383594,0.306693126465821,0
2023-07-28 11:09:23,278.0,1226524,1,277.48,778728,1383594,0.306693126465821,0
2023-07-28 11:09:25,278.0,1226525,1,277.48,779337,1383362,0.306693126465821,0
2023-07-28 11:09:25,278.0,1226525,2,277.48,779337,1383362,0.306693126465821,0
2023-07-28 11:09:28,278.0,1226527,2,277.48,779337,1383500,0.306693126465821,0
2023-07-28 11:09:28,278.0,1226527,2,277.48,780347,1383444,0.306693126465821,0
2023-07-28 11:09:28,277.85,1226527,5,277.48,780347,1383444,0.25257081003068577,0
2023-07-28 11:09:39,278.0,1226548,1,277.48,781579,1384328,0.306693126465821,0
2023-07-28 11:09:43,278.0,1226573,25,277.48,781636,1384251,0.306693126465821,0
2023-07-28 11:09:43,278.0,1226573,150,277.48,781636,1384251,0.306693126465821,0
2023-07-28 11:09:43,278.0,1226573,1,277.48,781636,1384251,0.306693126465821,0
2023-07-28 11:09:47,278.0,1226845,17,277.48,781777,1383775,0.306693126465821,0
2023-07-28 11:09:47,278.0,1226845,2,277.48,781777,1383775,0.306693126465821,0
2023-07-28 11:09:48,278.0,1226864,2,277.48,781483,1384734,0.306693126465821,0
2023-07-28 11:09:48,278.0,1226864,2,277.48,781597,1384743,0.306693126465821,0
2023-07-28 11:09:48,277.85,1226864,500,277.48,781597,1384743,0.25257081003068577,0
2023-07-28 11:09:58,277.85,1227364,500,277.48,781001,1383999,0.25257081003068577,0
2023-07-28 11:09:58,277.9,1227364,1,277.48,781001,1383999,0.2706115821757171,0
2023-07-28 11:10:03,277.9,1227370,1,277.48,780025,1384304,0.2706115821757171,0
2023-07-28 11:10:03,277.9,1227370,1,277.48,780424,1384201,0.2706115821757171,0
2023-07-28 11:10:03,277.9,1227370,1,277.48,780146,1384279,0.2706115821757171,0
2023-07-28 11:10:03,277.9,1227370,4,277.48,780146,1384279,0.2706115821757171,0
2023-07-28 11:10:03,277.9,1227370,5,277.48,780146,1384279,0.2706115821757171,0
2023-07-28 11:10:03,277.9,1227370,2,277.48,780146,1384279,0.2706115821757171,0
2023-07-28 11:10:16,277.9,1227407,2,277.48,780797,1384079,0.2706115821757171,0
2023-07-28 11:10:16,277.9,1227407,1,277.48,780797,1384079,0.2706115821757171,0
2023-07-28 11:10:16,277.9,1227407,4,277.48,780797,1384079,0.2706115821757171,0
2023-07-28 11:10:22,277.9,1227477,4,277.48,780498,1384057,0.2706115821757171,0
2023-07-28 11:10:22,277.9,1227477,7,277.48,780498,1384057,0.2706115821757171,0
2023-07-28 11:10:22,277.9,1227477,95,277.48,780498,1384057,0.2706115821757171,0
2023-07-28 11:10:22,277.9,1227477,50,277.48,780498,1384057,0.2706115821757171,0
2023-07-28 11:10:22,277.85,1227477,4,277.48,780498,1384057,0.25257081003068577,0
2023-07-28 11:10:29,277.85,1227638,4,277.48,781476,1383413,0.25257081003068577,0
2023-07-28 11:10:29,277.9,1227638,100,277.48,781476,1383413,0.2706115821757171,0
2023-07-28 11:10:29,277.9,1227638,1,277.48,781476,1383413,0.2706115821757171,0
2023-07-28 11:10:35,277.9,1227768,1,277.48,781656,1383548,0.2706115821757171,0
2023-07-28 11:10:35,277.85,1227768,75,277.48,781656,1383548,0.25257081003068577,0
2023-07-28 11:10:35,277.9,1227768,100,277.48,781656,1383548,0.2706115821757171,0
2023-07-28 11:10:37,277.9,1227943,100,277.48,781163,1382873,0.2706115821757171,0
2023-07-28 11:10:37,277.9,1227943,2,277.48,781163,1382873,0.2706115821757171,0
2023-07-28 11:10:40,277.9,1227945,2,277.48,781423,1384080,0.2706115821757171,0
2023-07-28 11:10:40,277.85,1227945,10,277.48,781423,1384080,0.25257081003068577,0
2023-07-28 11:10:40,277.9,1227945,162,277.48,781423,1384080,0.2706115821757171,0
2023-07-28 11:10:40,277.9,1227945,1,277.48,781423,1384080,0.2706115821757171,0
2023-07-28 11:10:46,277.9,1228123,1,277.48,781613,1384314,0.2706115821757171,0
2023-07-28 11:10:46,277.9,1228123,10,277.48,781613,1384314,0.2706115821757171,0
2023-07-28 11:10:46,277.9,1228123,5,277.48,781613,1384314,0.2706115821757171,0
2023-07-28 11:10:46,277.9,1228123,1,277.48,781613,1384314,0.2706115821757171,0
2023-07-28 11:10:46,277.9,1228123,25,277.48,781613,1384314,0.2706115821757171,0
2023-07-28 11:10:52,277.9,1228164,25,277.48,781588,1384273,0.2706115821757171,0
2023-07-28 11:10:52,277.9,1228164,4,277.48,781588,1384273,0.2706115821757171,0
2023-07-28 11:10:55,277.9,1228168,4,277.48,781640,1384269,0.2706115821757171,0
2023-07-28 11:10:55,277.9,1228168,1,277.48,781640,1384269,0.2706115821757171,0
2023-07-28 11:10:55,277.9,1228168,7,277.48,781640,1384269,0.2706115821757171,0
2023-07-28 11:10:55,277.85,1228168,100,277.48,781640,1384269,0.25257081003068577,0
2023-07-28 11:10:55,277.9,1228168,36,277.48,781640,1384269,0.2706115821757171,0
2023-07-28 11:10:55,277.95,1228168,1,277.48,781640,1384269,0.2886523543207691,0
2023-07-28 11:10:55,278.0,1228168,38,277.48,781640,1384269,0.306693126465821,0
2023-07-28 11:10:55,278.0,1228168,100,277.48,781640,1384269,0.306693126465821,0
2023-07-28 11:11:04,278.0,1228791,1,277.48,782819,1382830,0.306693126465821,0
2023-07-28 11:11:04,278.0,1228791,1,277.48,782819,1382830,0.306693126465821,0
2023-07-28 11:11:07,278.0,1228792,1,277.48,783787,1382883,0.306693126465821,0
2023-07-28 11:11:13,278.0,1228795,3,277.48,783396,1383130,0.306693126465821,0
2023-07-28 11:11:13,278.0,1228795,2,277.48,783396,1383130,0.306693126465821,0
2023-07-28 11:11:13,278.0,1228795,3,277.48,783396,1383130,0.306693126465821,0
2023-07-28 11:11:13,278.0,1228795,3,277.48,783396,1383130,0.306693126465821,0
2023-07-28 11:11:13,278.0,1228795,3,277.48,783396,1383130,0.306693126465821,0
2023-07-28 11:11:13,278.0,1228795,20,277.48,783396,1383130,0.306693126465821,0
2023-07-28 11:11:13,278.0,1228795,4,277.48,783396,1383130,0.306693126465821,0
2023-07-28 11:11:13,278.0,1228795,8,277.48,783396,1383130,0.306693126465821,0
2023-07-28 11:11:13,278.0,1228795,8,277.48,783396,1383130,0.306693126465821,0
2023-07-28 11:11:13,277.9,1228795,4,277.48,783396,1383130,0.2706115821757171,0
2023-07-28 11:11:13,277.9,1228795,4,277.48,783396,1383130,0.2706115821757171,0
2023-07-28 11:11:13,277.9,1228795,4,277.48,783396,1383130,0.2706115821757171,0
2023-07-28 11:11:24,277.9,1228856,4,277.48,783938,1382726,0.2706115821757171,0
2023-07-28 11:11:24,277.9,1228856,4,277.48,783938,1382726,0.2706115821757171,0
2023-07-28 11:11:24,277.9,1228856,6,277.48,783938,1382726,0.2706115821757171,0
2023-07-28 11:11:24,277.9,1228856,6,277.48,783938,1382726,0.2706115821757171,0
2023-07-28 11:11:24,278.0,1228856,3,277.48,783938,1382726,0.306693126465821,0
2023-07-28 11:11:24,278.0,1228856,3,277.48,783938,1382726,0.306693126465821,0
2023-07-28 11:11:28,278.0,1229166,3,277.48,784078,1382528,0.306693126465821,0
2023-07-28 11:11:28,278.0,1229166,3,277.48,784078,1382538,0.306693126465821,0
2023-07-28 11:11:28,278.0,1229166,1,277.48,784078,1382538,0.306693126465821,0
2023-07-28 11:11:36,278.0,1229167,1,277.48,783958,1383175,0.306693126465821,0
2023-07-28 11:11:36,278.0,1229167,27,277.48,783677,1383814,0.306693126465821,0
2023-07-28 11:11:36,277.9,1229167,5,277.48,783677,1383814,0.2706115821757171,0
2023-07-28 11:11:36,278.0,1229167,2,277.48,783677,1383814,0.306693126465821,0
2023-07-28 11:11:45,278.0,1229519,2,277.48,784061,1383122,0.306693126465821,0
2023-07-28 11:11:45,277.9,1229519,2,277.48,784061,1383122,0.2706115821757171,0
2023-07-28 11:11:45,278.0,1229519,5,277.48,784061,1383122,0.306693126465821,0
2023-07-28 11:11:48,278.0,1229526,5,277.48,784624,1382916,0.306693126465821,0
2023-07-28 11:11:54,278.0,1229528,2,277.48,784599,1382325,0.306693126465821,0
2023-07-28 11:11:54,277.9,1229528,20,277.48,784599,1382325,0.2706115821757171,0
2023-07-28 11:11:56,277.9,1229548,20,277.48,784693,1382776,0.2706115821757171,0
2023-07-28 11:11:56,277.9,1229548,20,277.48,784184,1382420,0.2706115821757171,0
2023-07-28 11:11:56,278.0,1229548,100,277.48,784184,1382420,0.306693126465821,0
2023-07-28 11:11:56,277.9,1229548,5,277.48,784184,1382420,0.2706115821757171,0
2023-07-28 11:12:04,277.9,1229653,5,277.48,784199,1383007,0.2706115821757171,0
2023-07-28 11:12:04,278.0,1229653,90,277.48,784199,1383007,0.306693126465821,0
2023-07-28 11:12:08,278.0,1230153,90,277.48,784867,1380928,0.306693126465821,0
2023-07-28 11:12:08,278.0,1230153,136,277.48,784867,1380928,0.306693126465821,0
2023-07-28 11:12:13,278.0,1230289,136,277.48,784416,1381929,0.306693126465821,0
2023-07-28 11:12:13,278.0,1230289,5,277.48,784416,1381929,0.306693126465821,0
2023-07-28 11:12:13,277.95,1230289,10,277.48,784416,1381929,0.2886523543207691,0
2023-07-28 11:12:19,277.9,1230315,40,277.48,784429,1382162,0.2706115821757171,0
2023-07-28 11:12:20,277.9,1230915,40,277.48,784512,1382165,0.2706115821757171,0
2023-07-28 11:12:20,278.0,1230915,5,277.48,784512,1382165,0.306693126465821,0
2023-07-28 11:12:20,278.0,1230915,815,277.48,784512,1382165,0.306693126465821,0
2023-07-28 11:12:20,278.0,1230915,10,277.48,784512,1382165,0.306693126465821,0
2023-07-28 11:12:28,278.0,1231933,2,277.48,784443,1381428,0.306693126465821,0
2023-07-28 11:12:28,277.9,1231933,90,277.48,784443,1381428,0.2706115821757171,0
2023-07-28 11:12:28,277.95,1231933,162,277.48,784443,1381428,0.2886523543207691,0
2023-07-28 11:12:32,277.95,1232295,497,277.48,783886,1382604,0.2886523543207691,0
2023-07-28 11:12:32,277.85,1232295,2000,277.48,783886,1382604,0.25257081003068577,0
2023-07-28 11:12:32,277.85,1232295,719,277.48,783886,1382604,0.25257081003068577,0
2023-07-28 11:12:37,277.9,1242332,2,277.49,773219,1382154,0.2706115821757171,0
2023-07-28 11:12:37,277.9,1242332,4,277.49,773219,1382154,0.2706115821757171,0
2023-07-28 11:12:42,277.9,1242336,4,277.49,775033,1384229,0.2706115821757171,0
2023-07-28 11:12:42,277.9,1242336,1,277.49,775033,1384229,0.2706115821757171,0
2023-07-28 11:12:42,277.9,1242336,2,277.49,775033,1384229,0.2706115821757171,0
2023-07-28 11:12:42,277.9,1242336,18,277.49,775033,1384229,0.2706115821757171,0
2023-07-28 11:12:42,277.9,1242336,4,277.49,775033,1384229,0.2706115821757171,0
2023-07-28 11:12:47,277.9,1243020,4,277.49,780504,1381439,0.2706115821757171,0
2023-07-28 11:12:47,277.9,1243020,20,277.49,780504,1381439,0.2706115821757171,0
2023-07-28 11:12:47,277.85,1243020,311,277.49,780504,1381439,0.25257081003068577,0
2023-07-28 11:12:51,277.85,1243552,311,277.49,780117,1381200,0.25257081003068577,0
2023-07-28 11:12:51,277.9,1243552,1,277.49,780117,1381200,0.2706115821757171,0
2023-07-28 11:12:51,277.85,1243552,4,277.49,780117,1381200,0.25257081003068577,0
2023-07-28 11:12:51,277.9,1243552,1,277.49,780117,1381200,0.2706115821757171,0
2023-07-28 11:12:51,277.9,1243552,2,277.49,780117,1381200,0.2706115821757171,0
2023-07-28 11:12:54,277.9,1245062,2,277.49,777160,1384251,0.2706115821757171,0
2023-07-28 11:12:54,277.9,1245062,3,277.49,777160,1384251,0.2706115821757171,0
2023-07-28 11:12:54,277.95,1245062,4,277.49,777160,1384251,0.2886523543207691,0
2023-07-28 11:12:59,277.9,1245127,6,277.49,778071,1383935,0.2706115821757171,0
2023-07-28 11:12:59,277.9,1245127,1,277.49,778071,1383935,0.2706115821757171,0
2023-07-28 11:12:59,277.9,1245127,30,277.49,778071,1383935,0.2706115821757171,0
2023-07-28 11:13:04,277.95,1245208,44,277.49,777685,1384506,0.2886523543207691,0
2023-07-28 11:13:04,277.95,1245208,4,277.49,777685,1384506,0.2886523543207691,0
2023-07-28 11:13:04,277.9,1245208,2,277.49,777685,1384506,0.2706115821757171,0
2023-07-28 11:13:04,277.9,1245208,1,277.49,777685,1384506,0.2706115821757171,0
2023-07-28 11:13:07,277.9,1245215,1,277.49,778038,1385379,0.2706115821757171,0
2023-07-28 11:13:07,277.9,1245215,1,277.49,778038,1385379,0.2706115821757171,0
2023-07-28 11:13:07,277.9,1245215,10,277.49,778038,1385379,0.2706115821757171,0
2023-07-28 11:13:07,277.9,1245215,15,277.49,778038,1385379,0.2706115821757171,0
2023-07-28 11:13:07,277.9,1245215,1,277.49,778038,1385379,0.2706115821757171,0
2023-07-28 11:13:12,277.9,1245242,1,277.49,778251,1384933,0.2706115821757171,0
2023-07-28 11:13:12,277.85,1245242,4,277.49,778251,1384933,0.25257081003068577,0
2023-07-28 11:13:16,277.85,1245252,11,277.49,778322,1384668,0.25257081003068577,0
2023-07-28 11:13:16,277.85,1245252,1,277.49,778322,1384668,0.25257081003068577,0
2023-07-28 11:13:16,277.9,1245252,5,277.49,778322,1384668,0.2706115821757171,0
2023-07-28 11:13:16,277.9,1245252,3,277.49,778322,1384668,0.2706115821757171,0
2023-07-28 11:13:16,277.85,1245252,7,277.49,778322,1384668,0.25257081003068577,0
2023-07-28 11:13:22,277.85,1245292,7,277.49,778001,1385046,0.25257081003068577,0
2023-07-28 11:13:22,277.9,1245292,5,277.49,778001,1385046,0.2706115821757171,0
2023-07-28 11:13:22,277.9,1245292,52,277.49,778001,1385046,0.2706115821757171,0
2023-07-28 11:13:22,277.9,1245292,62,277.49,778001,1385046,0.2706115821757171,0
2023-07-28 11:13:22,277.9,1245292,10,277.49,778001,1385046,0.2706115821757171,0
2023-07-28 11:13:25,277.9,1245424,10,277.49,778210,1382785,0.2706115821757171,0
2023-07-28 11:13:25,277.9,1245424,10,277.49,778210,1382785,0.2706115821757171,0
2023-07-28 11:13:31,277.9,1245469,5,277.49,777944,1384519,0.2706115821757171,0
2023-07-28 11:13:31,277.95,1245469,23,277.49,777944,1384519,0.2886523543207691,0
2023-07-28 11:13:31,277.95,1245469,3,277.49,777944,1384519,0.2886523543207691,0
2023-07-28 11:13:31,277.95,1245469,422,277.49,777944,1384519,0.2886523543207691,0
2023-07-28 11:13:34,277.95,1246026,422,277.49,778461,1382559,0.2886523543207691,0
2023-07-28 11:13:34,277.95,1246026,10,277.49,778461,1382559,0.2886523543207691,0
2023-07-28 11:13:34,277.9,1246026,20,277.49,778461,1382559,0.2706115821757171,0
2023-07-28 11:13:34,277.95,1246026,8,277.49,778461,1382559,0.2886523543207691,0
2023-07-28 11:13:38,277.95,1246126,8,277.49,776421,1386131,0.2886523543207691,0
2023-07-28 11:13:38,277.95,1246126,2,277.49,776421,1386131,0.2886523543207691,0
2023-07-28 11:13:43,277.95,1246183,5,277.49,776111,1386415,0.2886523543207691,0
2023-07-28 11:13:43,277.9,1246183,38,277.49,776111,1386415,0.2706115821757171,0
2023-07-28 11:13:43,277.9,1246183,50,277.49,776111,1386415,0.2706115821757171,0
2023-07-28 11:13:47,277.9,1248032,50,277.49,776716,1384454,0.2706115821757171,0
2023-07-28 11:13:47,277.85,1248032,3,277.49,776716,1384454,0.25257081003068577,0
2023-07-28 11:13:47,277.9,1248032,106,277.49,776716,1384454,0.2706115821757171,0
2023-07-28 11:13:47,277.95,1248032,6,277.49,776716,1384454,0.2886523543207691,0
2023-07-28 11:13:53,277.95,1248617,6,277.49,777129,1383472,0.2886523543207691,0
2023-07-28 11:13:53,277.95,1248617,2,277.49,777129,1383472,0.2886523543207691,0
2023-07-28 11:13:53,277.95,1248617,2,277.49,777129,1383472,0.2886523543207691,0
2023-07-28 11:13:57,277.95,1248621,2,277.49,777140,1383758,0.2886523543207691,0
2023-07-28 11:13:57,277.95,1248621,126,277.49,777140,1383758,0.2886523543207691,0
2023-07-28 11:13:57,278.0,1248621,1,277.49,777140,1383758,0.306693126465821,0
2023-07-28 11:14:01,278.0,1248870,1,277.49,779326,1376330,0.306693126465821,0
2023-07-28 11:14:01,278.0,1248870,199,277.49,779326,1376330,0.306693126465821,0
2023-07-28 11:14:01,278.0,1248870,7,277.49,779326,1376330,0.306693126465821,0
2023-07-28 11:14:01,278.0,1248870,1,277.49,779326,1376330,0.306693126465821,0
2023-07-28 11:14:01,277.95,1248870,1,277.49,779326,1376330,0.2886523543207691,0
2023-07-28 11:14:01,277.95,1248870,1,277.49,779326,1376330,0.2886523543207691,0
2023-07-28 11:14:10,277.95,1249192,50,277.49,779272,1382486,0.2886523543207691,0
2023-07-28 11:14:10,277.95,1249192,7,277.49,779272,1382486,0.2886523543207691,0
2023-07-28 11:14:10,277.95,1249192,4,277.49,779272,1382486,0.2886523543207691,0
2023-07-28 11:14:15,277.95,1249246,32,277.49,779723,1381793,0.2886523543207691,0
2023-07-28 11:14:15,277.95,1249246,20,277.49,779723,1381793,0.2886523543207691,0
2023-07-28 11:14:15,277.95,1249246,1,277.49,779723,1381793,0.2886523543207691,0
2023-07-28 11:14:15,277.9,1249246,50,277.49,779723,1381793,0.2706115821757171,0
2023-07-28 11:14:15,277.95,1249246,5,277.49,779723,1381793,0.2886523543207691,0
2023-07-28 11:14:19,277.95,1249495,5,277.49,779673,1381374,0.2886523543207691,0
2023-07-28 11:14:19,278.0,1249495,17,277.49,779673,1381374,0.306693126465821,0
2023-07-28 11:14:19,278.0,1249495,1,277.49,779673,1381374,0.306693126465821,0
2023-07-28 11:14:23,278.0,1249563,3,277.49,781946,1379928,0.306693126465821,0
2023-07-28 11:14:23,278.0,1249563,3,277.49,781946,1379928,0.306693126465821,0
2023-07-28 11:14:23,278.0,1249563,3,277.49,781946,1379928,0.306693126465821,0
2023-07-28 11:14:23,278.0,1249563,3,277.49,781946,1379928,0.306693126465821,0
2023-07-28 11:14:23,278.0,1249563,3,277.49,781946,1379928,0.306693126465821,0
2023-07-28 11:14:23,278.0,1249563,10,277.49,781946,1379928,0.306693126465821,0
2023-07-28 11:14:23,278.0,1249563,10,277.49,781946,1379928,0.306693126465821,0
2023-07-28 11:14:23,278.0,1249563,8,277.49,781946,1379928,0.306693126465821,0
2023-07-28 11:14:23,278.0,1249563,1,277.49,781946,1379928,0.306693126465821,0
2023-07-28 11:14:23,278.0,1249563,49,277.49,781946,1379928,0.306693126465821,0
2023-07-28 11:14:31,278.0,1249706,6,277.49,781836,1379615,0.306693126465821,0
2023-07-28 11:14:31,278.0,1249706,311,277.49,781836,1379615,0.306693126465821,0
2023-07-28 11:14:31,278.0,1249706,2,277.49,781836,1379615,0.306693126465821,0
2023-07-28 11:14:34,278.0,1250019,2,277.49,782105,1379403,0.306693126465821,0
2023-07-28 11:14:34,278.0,1250019,159,277.49,782105,1379403,0.306693126465821,0
2023-07-28 11:14:34,277.9,1250019,5,277.49,782105,1379403,0.2706115821757171,0
2023-07-28 11:14:34,278.0,1250019,4,277.49,782105,1379403,0.306693126465821,0
2023-07-28 11:14:34,278.0,1250019,12,277.49,782105,1379403,0.306693126465821,0
2023-07-28 11:14:39,278.0,1250249,12,277.49,781378,1379703,0.306693126465821,0
2023-07-28 11:14:39,278.0,1250249,20,277.49,781378,1379703,0.306693126465821,0
2023-07-28 11:14:44,278.0,1250270,1,277.49,781430,1380527,0.306693126465821,0
2023-07-28 11:14:44,278.0,1250270,1,277.49,781560,1380723,0.306693126465821,0
2023-07-28 11:14:44,278.0,1250270,1,277.49,781031,1380723,0.306693126465821,0
2023-07-28 11:14:44,277.9,1250270,10,277.49,781031,1380723,0.2706115821757171,0
2023-07-28 11:14:44,278.0,1250270,12,277.49,781031,1380723,0.306693126465821,0
2023-07-28 11:14:44,277.9,1250270,1,277.49,781031,1380723,0.2706115821757171,0
2023-07-28 11:14:57,277.9,1250295,1,277.49,780904,1380572,0.2706115821757171,0
2023-07-28 11:14:57,278.0,1250295,54,277.49,780904,1380572,0.306693126465821,0
2023-07-28 11:14:57,278.0,1250295,50,277.49,780904,1380572,0.306693126465821,0
2023-07-28 11:14:57,278.0,1250295,15,277.49,780904,1380572,0.306693126465821,0
2023-07-28 11:15:01,278.0,1250505,80,277.49,781335,1379944,0.306693126465821,0
2023-07-28 11:15:01,278.0,1250505,5,277.49,781335,1379944,0.306693126465821,0
2023-07-28 11:15:01,278.0,1250505,5,277.49,781335,1379944,0.306693126465821,0
2023-07-28 11:15:04,278.0,1250523,5,277.49,781411,1379908,0.306693126465821,0
2023-07-28 11:15:04,278.0,1250523,2,277.49,781411,1379908,0.306693126465821,0
2023-07-28 11:15:04,278.0,1250523,2,277.49,781411,1379908,0.306693126465821,0
2023-07-28 11:15:04,278.0,1250523,1,277.49,781411,1379908,0.306693126465821,0
2023-07-28 11:15:10,278.0,1250728,1,277.49,781298,1379954,0.306693126465821,0
2023-07-28 11:15:10,278.0,1250728,3,277.49,781298,1379954,0.306693126465821,0
2023-07-28 11:15:10,277.95,1250728,4,277.49,781298,1379954,0.2886523543207691,0
2023-07-28 11:15:14,277.95,1250805,20,277.49,780894,1380812,0.2886523543207691,0
2023-07-28 11:15:14,277.95,1250805,1,277.49,780894,1380812,0.2886523543207691,0
2023-07-28 11:15:15,277.95,1250806,1,277.49,781135,1380069,0.2886523543207691,0
2023-07-28 11:15:15,278.0,1250806,1,277.49,781135,1380069,0.306693126465821,0
2023-07-28 11:15:15,278.0,1250806,4,277.49,781135,1380069,0.306693126465821,0
2023-07-28 11:15:21,278.0,1250911,4,277.49,781076,1384446,0.306693126465821,0
2023-07-28 11:15:21,278.0,1250911,2,277.49,781076,1384446,0.306693126465821,0
2023-07-28 11:15:21,278.0,1250911,20,277.49,781076,1384446,0.306693126465821,0
2023-07-28 11:15:27,278.0,1250953,15,277.49,781079,1384394,0.306693126465821,0
2023-07-28 11:15:27,277.95,1250953,1,277.49,781079,1384394,0.2886523543207691,0
2023-07-28 11:15:31,277.95,1250970,1,277.49,781299,1385474,0.2886523543207691,0
2023-07-28 11:15:31,277.95,1250970,1,277.49,781299,1385474,0.2886523543207691,0
2023-07-28 11:15:31,277.9,1250970,10,277.49,781299,1385474,0.2706115821757171,0
2023-07-28 11:15:36,277.9,1251008,2,277.49,781444,1385443,0.2706115821757171,0
2023-07-28 11:15:36,277.95,1251008,10,277.49,781444,1385443,0.2886523543207691,0
2023-07-28 11:15:36,277.95,1251008,2,277.49,781444,1385443,0.2886523543207691,0
2023-07-28 11:15:39,277.95,1251023,2,277.49,781440,1385845,0.2886523543207691,0
2023-07-28 11:15:39,277.95,1251023,1,277.49,781440,1385845,0.2886523543207691,0
2023-07-28 11:15:39,277.95,1251023,5,277.49,781440,1385845,0.2886523543207691,0
2023-07-28 11:15:44,277.95,1251029,5,277.49,781643,1386275,0.2886523543207691,0
2023-07-28 11:15:44,277.95,1251029,20,277.49,781643,1386275,0.2886523543207691,0
2023-07-28 11:15:48,277.95,1251049,72,277.49,781746,1385770,0.2886523543207691,0
2023-07-28 11:15:48,277.95,1251049,50,277.49,781746,1385770,0.2886523543207691,0
2023-07-28 11:15:48,277.95,1251049,20,277.49,781746,1385770,0.2886523543207691,0
2023-07-28 11:15:48,277.9,1251049,150,277.49,781746,1385770,0.2706115821757171,0
2023-07-28 11:15:48,277.9,1251049,25,277.49,781746,1385770,0.2706115821757171,0
2023-07-28 11:15:48,277.95,1251049,50,277.49,781746,1385770,0.2886523543207691,0
2023-07-28 11:15:48,277.95,1251049,1,277.49,781746,1385770,0.2886523543207691,0
2023-07-28 11:16:01,277.95,1251577,1,277.49,782704,1387108,0.2886523543207691,0
2023-07-28 11:16:01,277.95,1251577,2,277.49,782704,1387108,0.2886523543207691,0
2023-07-28 11:16:04,277.95,1251679,100,277.49,782735,1386313,0.2886523543207691,0
2023-07-28 11:16:04,277.95,1251679,5,277.49,782735,1386313,0.2886523543207691,0
2023-07-28 11:16:04,277.95,1251679,10,277.49,782735,1386313,0.2886523543207691,0
2023-07-28 11:16:04,277.95,1251679,1,277.49,782735,1386313,0.2886523543207691,0
2023-07-28 11:16:11,277.9,1251696,1,277.49,781650,1387988,0.2706115821757171,0
2023-07-28 11:16:11,277.9,1251696,322,277.49,781650,1387988,0.2706115821757171,0
2023-07-28 11:16:14,277.9,1252495,322,277.49,780777,1386912,0.2706115821757171,0
2023-07-28 11:16:14,277.9,1252495,10,277.49,780777,1386912,0.2706115821757171,0
2023-07-28 11:16:14,277.9,1252495,2,277.49,780777,1386912,0.2706115821757171,0
2023-07-28 11:16:19,277.9,1252507,2,277.49,780499,1386829,0.2706115821757171,0
2023-07-28 11:16:19,277.9,1252507,154,277.49,780499,1386829,0.2706115821757171,0
2023-07-28 11:16:21,277.9,1252661,154,277.49,780848,1386673,0.2706115821757171,0
2023-07-28 11:16:21,277.85,1252661,17,277.49,780848,1386673,0.25257081003068577,0
2023-07-28 11:16:28,277.95,1252720,19,277.49,781517,1385560,0.2886523543207691,0
2023-07-28 11:16:28,277.95,1252720,15,277.49,781517,1385560,0.2886523543207691,0
2023-07-28 11:16:29,277.95,1252735,15,277.49,781735,1385419,0.2886523543207691,0
2023-07-28 11:16:29,277.95,1252735,1,277.49,781735,1385419,0.2886523543207691,0
2023-07-28 11:16:36,277.95,1252751,15,277.49,782017,1385765,0.2886523543207691,0
2023-07-28 11:16:36,277.9,1252751,7,277.49,782017,1385765,0.2706115821757171,0
2023-07-28 11:16:36,277.9,1252751,54,277.49,782017,1385765,0.2706115821757171,0
2023-07-28 11:16:36,277.85,1252751,63,277.49,782017,1385765,0.25257081003068577,0
2023-07-28 11:16:36,277.9,1252751,238,277.49,782017,1385765,0.2706115821757171,0
2023-07-28 11:16:41,277.9,1253161,47,277.49,781647,1384194,0.2706115821757171,0
2023-07-28 11:16:41,277.95,1253161,100,277.49,781647,1384194,0.2886523543207691,0
2023-07-28 11:16:41,277.95,1253161,25,277.49,781647,1384194,0.2886523543207691,0
2023-07-28 11:16:44,277.95,1253424,33,277.49,782431,1384756,0.2886523543207691,0
2023-07-28 11:16:44,277.95,1253424,1,277.49,782431,1384756,0.2886523543207691,0
2023-07-28 11:16:44,277.95,1253424,4,277.49,782431,1384756,0.2886523543207691,0
2023-07-28 11:16:46,277.95,1253429,4,277.49,782421,1384379,0.2886523543207691,0
2023-07-28 11:16:46,277.95,1253429,4,277.49,782389,1386905,0.2886523543207691,0
2023-07-28 11:16:46,277.95,1253429,4,277.49,782085,1387005,0.2886523543207691,0
2023-07-28 11:16:46,277.9,1253429,5,277.49,782085,1387005,0.2706115821757171,0
2023-07-28 11:16:46,277.95,1253429,1,277.49,782085,1387005,0.2886523543207691,0
2023-07-28 11:16:46,277.95,1253429,3,277.49,782085,1387005,0.2886523543207691,0
2023-07-28 11:16:46,277.85,1253429,50,277.49,782085,1387005,0.25257081003068577,0
2023-07-28 11:17:01,277.9,1255781,10,277.49,778780,1387675,0.2706115821757171,0
2023-07-28 11:17:01,277.9,1255781,9,277.49,778780,1387675,0.2706115821757171,0
2023-07-28 11:17:01,277.8,1255781,1,277.49,778780,1387675,0.23453003788563384,0
2023-07-28 11:17:04,277.8,1255801,1,277.49,777953,1388526,0.23453003788563384,0
2023-07-28 11:17:04,277.9,1255801,2,277.49,777953,1388526,0.2706115821757171,0
2023-07-28 11:17:04,277.9,1255801,6,277.49,777953,1388526,0.2706115821757171,0
2023-07-28 11:17:09,277.9,1255909,6,277.49,777687,1388823,0.2706115821757171,0
2023-07-28 11:17:09,277.9,1255909,6,277.49,782644,1387806,0.2706115821757171,0
2023-07-28 11:17:09,277.9,1255909,6,277.49,782644,1387806,0.2706115821757171,0
2023-07-28 11:17:09,277.8,1255909,4169,277.49,782644,1387806,0.23453003788563384,0
2023-07-28 11:17:09,277.9,1255909,16,277.49,782644,1387806,0.2706115821757171,0
2023-07-28 11:17:19,277.9,1260931,16,277.49,778110,1382820,0.2706115821757171,0
2023-07-28 11:17:19,277.9,1260931,16,277.49,778110,1382820,0.2706115821757171,0
2023-07-28 11:17:19,277.9,1260931,16,277.49,778110,1382820,0.2706115821757171,0
2023-07-28 11:17:19,277.9,1260931,5,277.49,778110,1382820,0.2706115821757171,0
2023-07-28 11:17:19,277.9,1260931,5,277.49,778110,1382820,0.2706115821757171,0
2023-07-28 11:17:19,277.9,1260931,5,277.49,778110,1382820,0.2706115821757171,0
2023-07-28 11:17:19,277.9,1260931,5,277.49,778110,1382820,0.2706115821757171,0
2023-07-28 11:17:19,277.9,1260931,5,277.49,778110,1382820,0.2706115821757171,0
2023-07-28 11:17:19,277.9,1260931,5,277.49,778110,1382820,0.2706115821757171,0
2023-07-28 11:17:19,277.9,1260931,5,277.49,778110,1382820,0.2706115821757171,0
2023-07-28 11:17:25,277.9,1261436,5,277.49,776889,1385612,0.2706115821757171,0
2023-07-28 11:17:25,277.85,1261436,3,277.49,776889,1385612,0.25257081003068577,0
2023-07-28 11:17:25,277.8,1261436,815,277.49,776889,1385612,0.23453003788563384,0
2023-07-28 11:17:25,277.8,1261436,481,277.49,776889,1385612,0.23453003788563384,0
2023-07-28 11:17:33,277.8,1262754,481,277.49,775453,1387891,0.23453003788563384,0
2023-07-28 11:17:38,277.75,1265757,2,277.49,766646,1390683,0.21648926574058192,0
2023-07-28 11:17:38,277.75,1265757,11,277.49,766646,1390683,0.21648926574058192,0
2023-07-28 11:17:38,277.6,1265757,236,277.49,766646,1390683,0.1623669493054467,0
2023-07-28 11:17:43,277.7,1267999,2,277.49,768011,1388909,0.19844849359553002,0
2023-07-28 11:17:43,277.7,1267999,1,277.49,768011,1388909,0.19844849359553002,0
2023-07-28 11:17:43,277.7,1267999,1,277.49,768011,1388909,0.19844849359553002,0
2023-07-28 11:17:43,277.7,1267999,27,277.49,768011,1388909,0.19844849359553002,0
2023-07-28 11:17:45,277.7,1268122,27,277.49,772130,1390771,0.19844849359553002,0
2023-07-28 11:17:45,277.75,1268122,1,277.49,772130,1390771,0.21648926574058192,0
2023-07-28 11:17:45,277.75,1268122,3,277.49,772130,1390771,0.21648926574058192,0
2023-07-28 11:17:45,277.7,1268122,100,277.49,772130,1390771,0.19844849359553002,0
2023-07-28 11:17:45,277.75,1268122,1,277.49,772130,1390771,0.21648926574058192,0
2023-07-28 11:17:51,277.7,1268381,119,277.49,770314,1391408,0.19844849359553002,0
2023-07-28 11:17:51,277.7,1268381,1,277.49,770314,1391408,0.19844849359553002,0
2023-07-28 11:17:51,277.7,1268381,4,277.49,770314,1391408,0.19844849359553002,0
2023-07-28 11:17:54,277.7,1268388,4,277.49,770043,1390859,0.19844849359553002,0
2023-07-28 11:17:54,277.7,1268388,2,277.49,770043,1390859,0.19844849359553002,0
2023-07-28 11:17:54,277.7,1268388,3,277.49,770043,1390859,0.19844849359553002,0
2023-07-28 11:17:59,277.7,1268395,3,277.49,771131,1390403,0.19844849359553002,0
2023-07-28 11:18:03,277.7,1269186,2,277.49,772622,1387243,0.19844849359553002,0
2023-07-28 11:18:03,277.7,1269186,239,277.49,772622,1387243,0.19844849359553002,0
2023-07-28 11:18:03,277.7,1269186,116,277.49,772622,1387243,0.19844849359553002,0
2023-07-28 11:18:03,277.75,1269186,100,277.49,772622,1387243,0.21648926574058192,0
2023-07-28 11:18:06,277.6,1271527,3,277.49,772461,1391035,0.1623669493054467,0
2023-07-28 11:18:06,277.7,1271527,5,277.49,772461,1391035,0.19844849359553002,0
2023-07-28 11:18:08,277.7,1271762,1,277.49,770748,1391783,0.19844849359553002,0
2023-07-28 11:18:08,277.65,1271762,5,277.49,770748,1391783,0.1804077214504781,0
2023-07-28 11:18:08,277.65,1271762,300,277.49,770748,1391783,0.1804077214504781,0
2023-07-28 11:18:08,277.75,1271762,1,277.49,770748,1391783,0.21648926574058192,0
2023-07-28 11:18:16,277.75,1272194,1,277.49,771723,1391335,0.21648926574058192,0
2023-07-28 11:18:16,277.75,1272194,1,277.49,771723,1391335,0.21648926574058192,0
2023-07-28 11:18:16,277.75,1272194,25,277.49,771723,1391335,0.21648926574058192,0
2023-07-28 11:18:16,277.75,1272194,255,277.49,771723,1391335,0.21648926574058192,0
2023-07-28 11:18:16,277.65,1272194,2,277.49,771723,1391335,0.1804077214504781,0
2023-07-28 11:18:25,277.65,1272477,2,277.49,771332,1391044,0.1804077214504781,0
2023-07-28 11:18:25,277.7,1272477,100,277.49,771332,1391044,0.19844849359553002,0
2023-07-28 11:18:25,277.7,1272477,30,277.49,771332,1391044,0.19844849359553002,0
2023-07-28 11:18:29,277.7,1272612,5,277.49,771612,1390710,0.19844849359553002,0
2023-07-28 11:18:29,277.7,1272612,450,277.49,771612,1390710,0.19844849359553002,0
2023-07-28 11:18:29,277.7,1272612,5,277.49,771612,1390710,0.19844849359553002,0
2023-07-28 11:18:29,277.65,1272612,1,277.49,771612,1390710,0.1804077214504781,0
2023-07-28 11:18:34,277.65,1273069,1,277.49,772357,1391455,0.1804077214504781,0
2023-07-28 11:18:34,277.7,1273069,1,277.49,772357,1391455,0.19844849359553002,0
2023-07-28 11:18:34,277.7,1273069,3,277.49,772357,1391455,0.19844849359553002,0
2023-07-28 11:18:34,277.65,1273069,1,277.49,772357,1391455,0.1804077214504781,0
2023-07-28 11:18:38,277.65,1273103,1,277.49,772150,1392346,0.1804077214504781,0
2023-07-28 11:18:38,277.7,1273103,5,277.49,772150,1392346,0.19844849359553002,0
2023-07-28 11:18:38,277.7,1273103,35,277.49,772150,1392346,0.19844849359553002,0
2023-07-28 11:18:43,277.7,1273666,18,277.49,771786,1390811,0.19844849359553002,0
2023-07-28 11:18:43,277.6,1273666,31,277.49,771786,1390811,0.1623669493054467,0
2023-07-28 11:18:43,277.7,1273666,2,277.49,771786,1390811,0.19844849359553002,0
2023-07-28 11:18:49,277.7,1273779,24,277.49,771056,1390972,0.19844849359553002,0
2023-07-28 11:18:49,277.7,1273779,24,277.49,770136,1390680,0.19844849359553002,0
2023-07-28 11:18:49,277.65,1273779,2,277.49,770136,1390680,0.1804077214504781,0
2023-07-28 11:18:49,277.6,1273779,57,277.49,770136,1390680,0.1623669493054467,0
2023-07-28 11:18:56,277.6,1273846,22,277.49,772047,1389971,0.1623669493054467,0
2023-07-28 11:18:56,277.7,1273846,5,277.49,772047,1389971,0.19844849359553002,0
2023-07-28 11:19:02,277.55,1278198,322,277.49,766629,1387926,0.14432617716039478,0
2023-07-28 11:19:02,277.55,1278198,1678,277.49,766629,1387926,0.14432617716039478,0
2023-07-28 11:19:02,277.6,1278198,200,277.49,766629,1387926,0.1623669493054467,0
2023-07-28 11:19:02,277.6,1278198,1,277.49,766629,1387926,0.1623669493054467,0
2023-07-28 11:19:02,277.6,1278198,9,277.49,766629,1387926,0.1623669493054467,0
2023-07-28 11:19:05,277.6,1280487,9,277.49,769204,1388714,0.1623669493054467,0
2023-07-28 11:19:05,277.6,1280487,1453,277.49,769204,1388714,0.1623669493054467,0
2023-07-28 11:19:05,277.6,1280487,35,277.49,769204,1388714,0.1623669493054467,0
2023-07-28 11:19:10,277.6,1282022,35,277.49,770426,1387307,0.1623669493054467,0
2023-07-28 11:19:10,277.6,1282022,15,277.49,770426,1387307,0.1623669493054467,0
2023-07-28 11:19:10,277.6,1282022,1,277.49,770426,1387307,0.1623669493054467,0
2023-07-28 11:19:10,277.5,1282022,101,277.49,770426,1387307,0.12628540501534288,0
2023-07-28 11:19:15,277.5,1286911,101,277.49,760222,1388808,0.12628540501534288,0
2023-07-28 11:19:15,277.5,1286911,1,277.49,760222,1388808,0.12628540501534288,0
2023-07-28 11:19:15,277.5,1286911,5,277.49,760222,1388808,0.12628540501534288,0
2023-07-28 11:19:20,277.5,1287017,100,277.49,767598,1387418,0.12628540501534288,0
2023-07-28 11:19:20,277.5,1287017,100,277.49,767598,1387418,0.12628540501534288,0
2023-07-28 11:19:20,277.5,1287017,40,277.49,767598,1387418,0.12628540501534288,0
2023-07-28 11:19:20,277.45,1287017,35,277.49,767598,1387418,0.10824463287029096,0
2023-07-28 11:19:24,277.45,1287297,35,277.49,767427,1388503,0.10824463287029096,0
2023-07-28 11:19:24,277.5,1287297,3,277.49,767427,1388503,0.12628540501534288,0
2023-07-28 11:19:29,277.45,1287586,227,277.49,767164,1388135,0.10824463287029096,0
2023-07-28 11:19:29,277.45,1287586,170,277.49,767164,1388135,0.10824463287029096,0
2023-07-28 11:19:29,277.45,1287586,20,277.49,767164,1388135,0.10824463287029096,0
2023-07-28 11:19:32,277.45,1287843,20,277.49,766942,1387850,0.10824463287029096,0
2023-07-28 11:19:32,277.5,1287843,3,277.49,766942,1387850,0.12628540501534288,0
2023-07-28 11:19:32,277.5,1287843,100,277.49,766942,1387850,0.12628540501534288,0
2023-07-28 11:19:32,277.5,1287843,1,277.49,766942,1387850,0.12628540501534288,0
2023-07-28 11:19:38,277.5,1290063,1,277.49,766639,1388128,0.12628540501534288,0
2023-07-28 11:19:38,277.5,1290063,1,277.49,766639,1388128,0.12628540501534288,0
2023-07-28 11:19:38,277.5,1290063,50,277.49,766639,1388128,0.12628540501534288,0
2023-07-28 11:19:41,277.5,1290113,50,277.49,766915,1387752,0.12628540501534288,0
2023-07-28 11:19:41,277.4,1290113,376,277.49,766915,1387752,0.09020386072523905,0
2023-07-28 11:19:43,277.4,1293113,376,277.49,765633,1386134,0.09020386072523905,0
2023-07-28 11:19:43,277.5,1293113,8,277.49,765633,1386134,0.12628540501534288,0
2023-07-28 11:19:48,277.5,1293121,8,277.49,767334,1387089,0.12628540501534288,0
2023-07-28 11:19:48,277.5,1293121,20,277.49,767334,1387089,0.12628540501534288,0
2023-07-28 11:19:48,277.5,1293121,1,277.49,767334,1387089,0.12628540501534288,0
2023-07-28 11:19:48,277.5,1293121,25,277.49,767334,1387089,0.12628540501534288,0
2023-07-28 11:19:48,277.45,1293121,96,277.49,767334,1387089,0.10824463287029096,0
2023-07-28 11:19:53,277.45,1293317,96,277.49,765604,1388078,0.10824463287029096,0
2023-07-28 11:19:53,277.5,1293317,5,277.49,765604,1388078,0.12628540501534288,0
2023-07-28 11:19:53,277.5,1293317,4,277.49,765604,1388078,0.12628540501534288,0
2023-07-28 11:19:53,277.5,1293317,11,277.49,765604,1388078,0.12628540501534288,0
2023-07-28 11:19:57,277.5,1295584,11,277.49,769594,1384426,0.12628540501534288,0
2023-07-28 11:20:02,277.5,1295589,75,277.49,769444,1383898,0.12628540501534288,0
2023-07-28 11:20:02,277.55,1295589,3,277.49,769444,1383898,0.14432617716039478,0
2023-07-28 11:20:02,277.55,1295589,15,277.49,769444,1383898,0.14432617716039478,0
2023-07-28 11:20:06,277.55,1295686,15,277.49,767516,1384408,0.14432617716039478,0
2023-07-28 11:20:06,277.55,1295686,1,277.49,767516,1384408,0.14432617716039478,0
2023-07-28 11:20:06,277.55,1295686,50,277.49,767516,1384408,0.14432617716039478,0
2023-07-28 11:20:12,277.6,1295749,10,277.49,767704,1385243,0.1623669493054467,0
2023-07-28 11:20:12,277.6,1295749,187,277.49,767704,1385243,0.1623669493054467,0
2023-07-28 11:20:15,277.6,1295949,187,277.49,768801,1385270,0.1623669493054467,0
2023-07-28 11:20:15,277.65,1295949,5,277.49,768801,1385270,0.1804077214504781,0
2023-07-28 11:20:15,277.6,1295949,9,277.49,768801,1385270,0.1623669493054467,0
2023-07-28 11:20:20,277.6,1295963,9,277.49,769921,1385711,0.1623669493054467,0
2023-07-28 11:20:20,277.6,1295963,101,277.49,769921,1385711,0.1623669493054467,0
2023-07-28 11:20:24,277.6,1296231,17,277.49,769391,1384276,0.1623669493054467,0
2023-07-28 11:20:24,277.6,1296231,17,277.49,769391,1384276,0.1623669493054467,0
2023-07-28 11:20:24,277.7,1296231,6,277.49,769391,1384276,0.19844849359553002,0
