2023-07-28 10:49:24,399.9,1002037,1,400.8,597917,719035,-0.01250156269533976,0
2023-07-28 10:49:24,399.85,1002037,1,400.8,597917,719035,-0.025003125390665307,0
2023-07-28 10:49:33,399.85,1002889,3,400.8,597840,718531,-0.025003125390665307,0
2023-07-28 10:49:33,399.85,1002889,2,400.8,597840,718531,-0.025003125390665307,0
2023-07-28 10:49:37,399.8,1003697,289,400.8,597196,718585,-0.037504688086005065,0
2023-07-28 10:49:40,399.85,1003698,1,400.8,597200,717794,-0.025003125390665307,0
2023-07-28 10:49:40,399.85,1003698,1,400.8,597200,717794,-0.025003125390665307,0
2023-07-28 10:49:40,399.85,1003698,5,400.8,597200,717794,-0.025003125390665307,0
2023-07-28 10:49:40,399.85,1003698,2,400.8,597200,717794,-0.025003125390665307,0
2023-07-28 10:49:43,399.85,1003706,2,400.8,597202,717286,-0.025003125390665307,0
2023-07-28 10:49:43,399.85,1003706,3,400.8,597202,717286,-0.025003125390665307,0
2023-07-28 10:49:43,399.85,1003706,5,400.8,597202,717286,-0.025003125390665307,0
2023-07-28 10:49:43,399.85,1003706,67,400.8,597202,717286,-0.025003125390665307,0
2023-07-28 10:49:49,399.85,1004032,100,400.8,598591,706002,-0.025003125390665307,0
2023-07-28 10:49:49,399.85,1004032,50,400.8,598591,706002,-0.025003125390665307,0
2023-07-28 10:49:49,399.8,1004032,179,400.8,598591,706002,-0.037504688086005065,0
2023-07-28 10:49:49,399.85,1004032,290,400.8,598591,706002,-0.025003125390665307,0
2023-07-28 10:49:52,399.85,1004913,290,400.79,598374,705663,-0.025003125390665307,0
2023-07-28 10:49:52,399.85,1004913,70,400.79,598374,705663,-0.025003125390665307,0
2023-07-28 10:49:57,399.85,1005043,60,400.79,598680,706915,-0.025003125390665307,0
2023-07-28 10:49:57,399.85,1005043,1,400.79,598680,706915,-0.025003125390665307,0
2023-07-28 10:49:57,399.9,1005043,2,400.79,598680,706915,-0.01250156269533976,0
2023-07-28 10:49:57,399.9,1005043,100,400.79,598680,706915,-0.01250156269533976,0
2023-07-28 10:50:01,399.9,1007270,100,400.79,600046,715169,-0.01250156269533976,0
2023-07-28 10:50:01,399.9,1007270,1,400.79,600046,715169,-0.01250156269533976,0
2023-07-28 10:50:06,399.9,1007908,604,400.79,601130,715053,-0.01250156269533976,0
2023-07-28 10:50:06,399.9,1007908,95,400.79,601130,715053,-0.01250156269533976,0
2023-07-28 10:50:06,399.85,1007908,1,400.79,601130,715053,-0.025003125390665307,0
2023-07-28 10:50:06,399.85,1007908,190,400.79,601130,715053,-0.025003125390665307,0
2023-07-28 10:50:06,399.9,1007908,9,400.79,601130,715053,-0.01250156269533976,0
2023-07-28 10:50:10,399.9,1008213,9,400.79,600970,714916,-0.01250156269533976,0
2023-07-28 10:50:10,399.85,1008213,2,400.79,600970,714916,-0.025003125390665307,0
2023-07-28 10:50:10,399.9,1008213,60,400.79,600970,714916,-0.01250156269533976,0
2023-07-28 10:50:10,399.9,1008213,1,400.79,600970,714916,-0.01250156269533976,0
2023-07-28 10:50:10,399.9,1008213,100,400.79,600970,714916,-0.01250156269533976,0
2023-07-28 10:50:14,399.9,1008497,100,400.79,600924,714688,-0.01250156269533976,0
2023-07-28 10:50:14,399.9,1008497,80,400.79,600924,714688,-0.01250156269533976,0
2023-07-28 10:50:14,399.9,1008497,1,400.79,600924,714688,-0.01250156269533976,0
2023-07-28 10:50:14,399.9,1008497,190,400.79,600924,714688,-0.01250156269533976,0
2023-07-28 10:50:14,399.9,1008497,1,400.79,600924,714688,-0.01250156269533976,0
2023-07-28 10:50:19,399.85,1008772,3,400.79,601206,714247,-0.025003125390665307,0
2023-07-28 10:50:19,399.9,1008772,15,400.79,601206,714247,-0.01250156269533976,0
2023-07-28 10:50:19,399.9,1008772,15,400.79,601206,714247,-0.01250156269533976,0
2023-07-28 10:50:19,399.9,1008772,25,400.79,601206,714247,-0.01250156269533976,0
2023-07-28 10:50:19,399.9,1008772,1,400.79,601206,714247,-0.01250156269533976,0
2023-07-28 10:50:23,399.85,1008814,1,400.79,601459,714256,-0.025003125390665307,0
2023-07-28 10:50:23,399.85,1008814,1,400.79,601459,714256,-0.025003125390665307,0
2023-07-28 10:50:23,399.85,1008814,1,400.79,601459,714256,-0.025003125390665307,0
2023-07-28 10:50:23,399.85,1008814,1,400.79,601459,714256,-0.025003125390665307,0
2023-07-28 10:50:23,399.9,1008814,75,400.79,601459,714256,-0.01250156269533976,0
2023-07-28 10:50:27,399.9,1008911,20,400.79,601275,713813,-0.01250156269533976,0
2023-07-28 10:50:27,399.95,1008911,1,400.79,601275,713813,0.0,0
2023-07-28 10:50:27,399.9,1008911,20,400.79,601275,713813,-0.01250156269533976,0
2023-07-28 10:50:27,400.0,1008911,22,400.79,601275,713813,0.01250156269533976,0
2023-07-28 10:50:27,400.0,1008911,1,400.79,601275,713813,0.01250156269533976,0
2023-07-28 10:50:27,400.0,1008911,500,400.79,601275,713813,0.01250156269533976,0
2023-07-28 10:50:32,400.05,1015767,1,400.79,598962,703058,0.02500312539067952,0
2023-07-28 10:50:32,400.05,1015767,1,400.79,598962,703058,0.02500312539067952,0
2023-07-28 10:50:32,400.0,1015767,10,400.79,598962,703058,0.01250156269533976,0
2023-07-28 10:50:37,400.1,1015782,3,400.79,599221,708893,0.03750468808601928,0
2023-07-28 10:50:37,400.0,1015782,1,400.79,599221,708893,0.01250156269533976,0
2023-07-28 10:50:37,400.0,1015782,20,400.79,599221,708893,0.01250156269533976,0
2023-07-28 10:50:37,399.95,1015782,100,400.79,599221,708893,0.0,0
2023-07-28 10:50:37,400.0,1015782,88,400.79,599221,708893,0.01250156269533976,0
2023-07-28 10:50:41,400.0,1016501,88,400.78,597068,711849,0.01250156269533976,0
2023-07-28 10:50:41,400.0,1016501,30,400.78,597068,711849,0.01250156269533976,0
2023-07-28 10:50:41,400.0,1016501,1,400.78,597068,711849,0.01250156269533976,0
2023-07-28 10:50:41,400.0,1016501,50,400.78,597068,711849,0.01250156269533976,0
2023-07-28 10:50:47,399.9,1016583,3,400.78,597048,712489,-0.01250156269533976,0
2023-07-28 10:50:47,400.0,1016583,1,400.78,597048,712489,0.01250156269533976,0
2023-07-28 10:50:47,399.9,1016583,33,400.78,597048,712489,-0.01250156269533976,0
2023-07-28 10:50:47,400.0,1016583,50,400.78,597048,712489,0.01250156269533976,0
2023-07-28 10:50:47,400.0,1016583,200,400.78,597048,712489,0.01250156269533976,0
2023-07-28 10:50:47,399.9,1016583,1,400.78,597048,712489,-0.01250156269533976,0
2023-07-28 10:50:47,399.9,1016583,90,400.78,597048,712489,-0.01250156269533976,0
2023-07-28 10:50:47,400.0,1016583,38,400.78,597048,712489,0.01250156269533976,0
2023-07-28 10:50:47,400.0,1016583,5,400.78,597048,712489,0.01250156269533976,0
2023-07-28 10:50:55,400.0,1018453,1,400.78,597896,713527,0.01250156269533976,0
2023-07-28 10:50:55,400.0,1018453,1,400.78,597896,713527,0.01250156269533976,0
2023-07-28 10:50:55,399.95,1018453,5,400.78,597896,713527,0.0,0
2023-07-28 10:50:59,399.95,1018461,5,400.78,598528,713748,0.0,0
2023-07-28 10:50:59,399.95,1018461,1,400.78,598528,713748,0.0,0
2023-07-28 10:50:59,399.9,1018461,1,400.78,598528,713748,-0.01250156269533976,0
2023-07-28 10:50:59,399.95,1018461,5,400.78,598528,713748,0.0,0
2023-07-28 10:51:05,399.95,1018475,5,400.78,598867,714273,0.0,0
2023-07-28 10:51:05,399.95,1018475,5,400.78,598867,714273,0.0,0
2023-07-28 10:51:05,399.95,1018475,2,400.78,598867,714273,0.0,0
2023-07-28 10:51:05,399.9,1018475,23,400.78,598867,714273,-0.01250156269533976,0
2023-07-28 10:51:05,399.95,1018475,1,400.78,598867,714273,0.0,0
2023-07-28 10:51:09,399.95,1018570,1,400.78,598880,714220,0.0,0
2023-07-28 10:51:09,399.9,1018570,4,400.78,598880,714220,-0.01250156269533976,0
2023-07-28 10:51:09,399.95,1018570,300,400.78,598880,714220,0.0,0
2023-07-28 10:51:09,399.95,1018570,198,400.78,598880,714220,0.0,0
2023-07-28 10:51:09,399.95,1018570,919,400.78,598880,714220,0.0,0
2023-07-28 10:51:15,400.0,1020048,2,400.78,599014,713122,0.01250156269533976,0
2023-07-28 10:51:15,399.9,1020048,1,400.78,599014,713122,-0.01250156269533976,0
2023-07-28 10:51:15,400.0,1020048,1,400.78,599014,713122,0.01250156269533976,0
2023-07-28 10:51:15,400.0,1020048,1,400.78,599014,713122,0.01250156269533976,0
2023-07-28 10:51:15,400.05,1020048,10,400.78,599014,713122,0.02500312539067952,0
2023-07-28 10:51:20,400.05,1023096,2,400.78,600845,712299,0.02500312539067952,0
2023-07-28 10:51:20,400.1,1023096,105,400.78,600845,712299,0.03750468808601928,0
2023-07-28 10:51:20,400.1,1023096,1,400.78,600845,712299,0.03750468808601928,0
2023-07-28 10:51:20,400.1,1023096,10,400.78,600845,712299,0.03750468808601928,0
2023-07-28 10:51:20,400.0,1023096,50,400.78,600845,712299,0.01250156269533976,0
2023-07-28 10:51:24,400.0,1024186,50,400.78,600201,701413,0.01250156269533976,0
2023-07-28 10:51:24,400.0,1024186,10,400.78,600201,701413,0.01250156269533976,0
2023-07-28 10:51:24,400.0,1024186,10,400.78,600201,701413,0.01250156269533976,0
2023-07-28 10:51:24,400.0,1024186,1,400.78,600201,701413,0.01250156269533976,0
2023-07-28 10:51:24,400.0,1024186,1,400.78,600201,701413,0.01250156269533976,0
2023-07-28 10:51:28,400.0,1024234,1,400.78,600254,701409,0.01250156269533976,0
2023-07-28 10:51:28,400.0,1024234,3,400.78,600254,701409,0.01250156269533976,0
2023-07-28 10:51:28,400.0,1024234,385,400.78,600254,701409,0.01250156269533976,0
2023-07-28 10:51:31,400.0,1024863,1,400.78,600921,711251,0.01250156269533976,0
2023-07-28 10:51:31,400.0,1024863,50,400.78,600921,711251,0.01250156269533976,0
2023-07-28 10:51:31,400.0,1024863,75,400.78,600921,711251,0.01250156269533976,0
2023-07-28 10:51:31,400.05,1024863,1,400.78,600921,711251,0.02500312539067952,0
2023-07-28 10:51:31,400.1,1024863,25,400.78,600921,711251,0.03750468808601928,0
2023-07-28 10:51:31,400.05,1024863,1,400.78,600921,711251,0.02500312539067952,0
2023-07-28 10:51:31,400.1,1024863,1,400.78,600921,711251,0.03750468808601928,0
2023-07-28 10:51:42,400.1,1025233,214,400.78,601947,714545,0.03750468808601928,0
2023-07-28 10:51:42,400.1,1025233,10,400.78,601947,714545,0.03750468808601928,0
2023-07-28 10:51:42,400.1,1025233,1,400.78,601947,714545,0.03750468808601928,0
2023-07-28 10:51:46,400.1,1025246,1,400.78,602268,715980,0.03750468808601928,0
2023-07-28 10:51:46,400.05,1025246,1,400.78,602268,715980,0.02500312539067952,0
2023-07-28 10:51:46,400.1,1025246,4,400.78,602268,715980,0.03750468808601928,0
2023-07-28 10:51:49,400.1,1025377,5,400.78,604584,702383,0.03750468808601928,0
2023-07-28 10:51:49,400.05,1025377,14,400.78,604584,702383,0.02500312539067952,0
2023-07-28 10:51:49,400.1,1025377,1,400.78,604584,702383,0.03750468808601928,0
2023-07-28 10:51:49,400.05,1025377,5,400.78,604584,702383,0.02500312539067952,0
2023-07-28 10:51:49,400.05,1025377,1,400.78,604584,702383,0.02500312539067952,0
2023-07-28 10:51:49,400.1,1025377,5,400.78,604584,702383,0.03750468808601928,0
2023-07-28 10:51:49,400.1,1025377,7,400.78,604584,702383,0.03750468808601928,0
2023-07-28 10:51:49,400.1,1025377,7,400.78,604584,702383,0.03750468808601928,0
2023-07-28 10:51:59,400.15,1026356,91,400.78,604715,702736,0.050006250781344824,0
2023-07-28 10:51:59,400.05,1026356,1,400.78,604715,702736,0.02500312539067952,0
2023-07-28 10:51:59,400.15,1026356,1,400.78,604715,702736,0.050006250781344824,0
2023-07-28 10:51:59,400.15,1026356,11,400.78,604715,702736,0.050006250781344824,0
2023-07-28 10:52:04,400.05,1026380,1,400.78,605130,702563,0.02500312539067952,0
2023-07-28 10:52:04,400.15,1026380,150,400.78,605130,702563,0.050006250781344824,0
2023-07-28 10:52:04,400.05,1026380,100,400.78,605130,702563,0.02500312539067952,0
2023-07-28 10:52:04,400.0,1026380,1,400.78,605130,702563,0.01250156269533976,0
2023-07-28 10:52:07,400.0,1026667,1,400.78,604203,712801,0.01250156269533976,0
2023-07-28 10:52:07,400.1,1026667,10,400.78,604203,712801,0.03750468808601928,0
2023-07-28 10:52:07,400.1,1026667,242,400.78,604203,712801,0.03750468808601928,0
2023-07-28 10:52:07,400.15,1026667,1,400.78,604203,712801,0.050006250781344824,0
2023-07-28 10:52:07,400.1,1026667,21,400.78,604203,712801,0.03750468808601928,0
2023-07-28 10:52:12,400.1,1028320,2,400.78,607197,713412,0.03750468808601928,0
2023-07-28 10:52:12,400.1,1028320,9,400.78,607197,713412,0.03750468808601928,0
2023-07-28 10:52:12,400.1,1028320,2,400.78,607197,713412,0.03750468808601928,0
2023-07-28 10:52:12,400.0,1028320,20,400.78,607197,713412,0.01250156269533976,0
2023-07-28 10:52:12,400.0,1028320,1,400.78,607197,713412,0.01250156269533976,0
2023-07-28 10:52:16,400.0,1028433,1,400.78,607590,711937,0.01250156269533976,0
2023-07-28 10:52:16,400.0,1028433,1539,400.78,607590,711937,0.01250156269533976,0
2023-07-28 10:52:16,400.1,1028433,5,400.78,607590,711937,0.03750468808601928,0
2023-07-28 10:52:16,400.0,1028433,2371,400.78,607590,711937,0.01250156269533976,0
2023-07-28 10:52:16,400.0,1028433,1500,400.78,607590,711937,0.01250156269533976,0
2023-07-28 10:52:21,400.0,1044172,1,400.76,602505,715596,0.01250156269533976,0
2023-07-28 10:52:21,400.05,1044172,1,400.76,602505,715596,0.02500312539067952,0
2023-07-28 10:52:21,399.8,1044172,10,400.76,602505,715596,-0.037504688086005065,0
2023-07-28 10:52:21,399.9,1044172,1,400.76,602505,715596,-0.01250156269533976,0
2023-07-28 10:52:24,399.9,1058371,1,400.75,599215,718005,-0.01250156269533976,0
2023-07-28 10:52:24,399.9,1058371,4,400.75,599215,718005,-0.01250156269533976,0
2023-07-28 10:52:24,399.9,1058371,3,400.75,599215,718005,-0.01250156269533976,0
2023-07-28 10:52:28,399.9,1058406,3,400.75,599204,719558,-0.01250156269533976,0
2023-07-28 10:52:28,399.8,1058406,108,400.75,599204,719558,-0.037504688086005065,0
2023-07-28 10:52:28,399.8,1058406,28,400.75,599204,719558,-0.037504688086005065,0
2023-07-28 10:52:32,399.8,1058759,28,400.75,601163,720024,-0.037504688086005065,0
2023-07-28 10:52:32,399.85,1058759,1,400.75,601163,720024,-0.025003125390665307,0
2023-07-28 10:52:32,399.85,1058759,4,400.75,601163,720024,-0.025003125390665307,0
2023-07-28 10:52:32,399.95,1058759,1,400.75,601163,720024,0.0,0
2023-07-28 10:52:32,399.85,1058759,12,400.75,601163,720024,-0.025003125390665307,0
2023-07-28 10:52:36,399.95,1058777,3,400.75,601748,720311,0.0,0
2023-07-28 10:52:36,399.9,1058777,1,400.75,601748,720311,-0.01250156269533976,0
2023-07-28 10:52:36,399.9,1058777,1,400.75,601748,720311,-0.01250156269533976,0
2023-07-28 10:52:41,399.9,1058807,25,400.75,601193,720304,-0.01250156269533976,0
2023-07-28 10:52:41,399.85,1058807,750,400.75,601193,720304,-0.025003125390665307,0
2023-07-28 10:52:41,399.9,1058807,20,400.75,601193,720304,-0.01250156269533976,0
2023-07-28 10:52:41,399.85,1058807,1,400.75,601193,720304,-0.025003125390665307,0
2023-07-28 10:52:41,399.85,1058807,1500,400.75,601193,720304,-0.025003125390665307,0
2023-07-28 10:52:41,399.9,1058807,8,400.75,601193,720304,-0.01250156269533976,0
2023-07-28 10:52:41,399.85,1058807,13,400.75,601193,720304,-0.025003125390665307,0
2023-07-28 10:52:41,399.85,1058807,6,400.75,601193,720304,-0.025003125390665307,0
2023-07-28 10:52:41,399.9,1058807,1,400.75,601193,720304,-0.01250156269533976,0
2023-07-28 10:52:41,399.9,1058807,1,400.75,601193,720304,-0.01250156269533976,0
2023-07-28 10:52:55,399.9,1062860,1,400.75,600573,719489,-0.01250156269533976,0
2023-07-28 10:52:55,399.9,1062860,1,400.75,600573,719489,-0.01250156269533976,0
2023-07-28 10:52:55,399.9,1062860,5,400.75,600573,719489,-0.01250156269533976,0
2023-07-28 10:52:59,399.85,1062918,1,400.75,600108,719982,-0.025003125390665307,0
2023-07-28 10:52:59,399.85,1062918,1,400.75,600108,719982,-0.025003125390665307,0
2023-07-28 10:52:59,399.9,1062918,20,400.75,600108,719982,-0.01250156269533976,0
2023-07-28 10:53:04,399.9,1062949,10,400.75,600040,718345,-0.01250156269533976,0
2023-07-28 10:53:04,399.85,1062949,1,400.75,600040,718345,-0.025003125390665307,0
2023-07-28 10:53:04,399.9,1062949,30,400.75,600040,718345,-0.01250156269533976,0
2023-07-28 10:53:04,399.85,1062949,477,400.75,600040,718345,-0.025003125390665307,0
2023-07-28 10:53:04,399.85,1062949,1,400.75,600040,718345,-0.025003125390665307,0
2023-07-28 10:53:09,399.9,1063459,1,400.75,599589,717578,-0.01250156269533976,0
2023-07-28 10:53:09,399.9,1063459,15,400.75,599589,717578,-0.01250156269533976,0
2023-07-28 10:53:09,399.9,1063459,1,400.75,599589,717578,-0.01250156269533976,0
2023-07-28 10:53:11,399.9,1063475,1,400.75,600355,716090,-0.01250156269533976,0
2023-07-28 10:53:11,399.9,1063475,20,400.75,600355,716090,-0.01250156269533976,0
2023-07-28 10:53:11,399.85,1063475,1,400.75,600355,716090,-0.025003125390665307,0
2023-07-28 10:53:17,399.9,1063497,1,400.75,600232,716069,-0.01250156269533976,0
2023-07-28 10:53:17,399.9,1063497,1,400.75,600232,716069,-0.01250156269533976,0
2023-07-28 10:53:17,399.9,1063497,50,400.75,600232,716069,-0.01250156269533976,0
2023-07-28 10:53:17,399.9,1063497,50,400.75,600232,716069,-0.01250156269533976,0
2023-07-28 10:53:21,399.9,1065546,1,400.75,602380,705622,-0.01250156269533976,0
2023-07-28 10:53:21,400.0,1065546,200,400.75,602380,705622,0.01250156269533976,0
2023-07-28 10:53:21,400.0,1065546,200,400.75,602380,705622,0.01250156269533976,0
2023-07-28 10:53:21,400.0,1065546,1,400.75,602380,705622,0.01250156269533976,0
2023-07-28 10:53:21,400.0,1065546,1,400.75,602380,705622,0.01250156269533976,0
2023-07-28 10:53:21,400.0,1065546,50,400.75,602380,705622,0.01250156269533976,0
2023-07-28 10:53:21,399.9,1065546,1,400.75,602380,705622,-0.01250156269533976,0
2023-07-28 10:53:25,399.9,1065801,1,400.75,602384,705368,-0.01250156269533976,0
2023-07-28 10:53:25,400.0,1065801,1,400.75,602384,705368,0.01250156269533976,0
2023-07-28 10:53:25,399.9,1065801,1,400.75,602384,705368,-0.01250156269533976,0
2023-07-28 10:53:25,400.0,1065801,50,400.75,602384,705368,0.01250156269533976,0
2023-07-28 10:53:29,400.0,1065978,50,400.75,601854,699748,0.01250156269533976,0
2023-07-28 10:53:29,400.0,1065978,2,400.75,601854,699748,0.01250156269533976,0
2023-07-28 10:53:29,400.0,1065978,25,400.75,601854,699748,0.01250156269533976,0
2023-07-28 10:53:29,400.0,1065978,1,400.75,601854,699748,0.01250156269533976,0
2023-07-28 10:53:29,399.9,1065978,1,400.75,601854,699748,-0.01250156269533976,0
2023-07-28 10:53:34,400.0,1067609,1,400.75,603565,699635,0.01250156269533976,0
2023-07-28 10:53:34,400.1,1067609,1,400.75,603565,699635,0.03750468808601928,0
2023-07-28 10:53:38,400.0,1067611,1,400.75,595468,709548,0.01250156269533976,0
2023-07-28 10:53:38,400.0,1067611,10,400.75,595468,709548,0.01250156269533976,0
2023-07-28 10:53:38,400.1,1067611,1,400.75,595468,709548,0.03750468808601928,0
2023-07-28 10:53:43,400.0,1067672,50,400.75,604072,711717,0.01250156269533976,0
2023-07-28 10:53:43,400.1,1067672,50,400.75,604072,711717,0.03750468808601928,0
2023-07-28 10:53:43,400.1,1067672,80,400.75,604072,711717,0.03750468808601928,0
2023-07-28 10:53:48,400.0,1068305,1,400.75,605162,711791,0.01250156269533976,0
2023-07-28 10:53:48,400.0,1068305,1,400.75,605162,711791,0.01250156269533976,0
2023-07-28 10:53:48,400.0,1068305,12,400.75,605162,711791,0.01250156269533976,0
2023-07-28 10:53:48,400.0,1068305,5,400.75,605162,711791,0.01250156269533976,0
2023-07-28 10:53:48,400.0,1068305,1,400.75,605162,711791,0.01250156269533976,0
2023-07-28 10:53:48,400.1,1068305,5,400.75,605162,711791,0.03750468808601928,0
2023-07-28 10:53:52,400.1,1068334,5,400.75,605183,701899,0.03750468808601928,0
2023-07-28 10:53:52,400.1,1068334,1,400.75,605183,701899,0.03750468808601928,0
2023-07-28 10:53:52,400.1,1068334,1,400.75,605183,701899,0.03750468808601928,0
2023-07-28 10:53:58,400.1,1068337,1,400.75,605330,702470,0.03750468808601928,0
2023-07-28 10:53:58,400.0,1068337,100,400.75,605330,702470,0.01250156269533976,0
2023-07-28 10:53:58,400.0,1068337,50,400.75,605330,702470,0.01250156269533976,0
2023-07-28 10:53:58,400.05,1068337,1,400.75,605330,702470,0.02500312539067952,0
2023-07-28 10:53:58,400.1,1068337,1,400.75,605330,702470,0.03750468808601928,0
2023-07-28 10:54:02,400.0,1068519,1,400.75,605343,702454,0.01250156269533976,0
2023-07-28 10:54:02,400.0,1068519,500,400.75,605343,702454,0.01250156269533976,0
2023-07-28 10:54:02,400.1,1068519,1,400.75,605343,702454,0.03750468808601928,0
2023-07-28 10:54:02,400.1,1068519,1,400.75,605343,702454,0.03750468808601928,0
2023-07-28 10:54:07,400.1,1069122,1,400.75,604364,703886,0.03750468808601928,0
2023-07-28 10:54:07,400.1,1069122,129,400.75,604364,703886,0.03750468808601928,0
2023-07-28 10:54:07,400.0,1069122,1,400.75,604364,703886,0.01250156269533976,0
2023-07-28 10:54:07,400.1,1069122,1,400.75,604364,703886,0.03750468808601928,0
2023-07-28 10:54:11,400.1,1069258,5,400.74,604422,704646,0.03750468808601928,0
2023-07-28 10:54:11,400.1,1069258,1,400.74,604422,704646,0.03750468808601928,0
2023-07-28 10:54:11,400.0,1069258,1,400.74,604422,704646,0.01250156269533976,0
2023-07-28 10:54:11,400.1,1069258,1,400.74,604422,704646,0.03750468808601928,0
2023-07-28 10:54:15,400.1,1069265,1,400.74,610134,701431,0.03750468808601928,0
2023-07-28 10:54:15,400.0,1069265,1,400.74,610134,701431,0.01250156269533976,0
2023-07-28 10:54:15,400.1,1069265,1,400.74,610134,701431,0.03750468808601928,0
2023-07-28 10:54:15,400.1,1069265,2,400.74,610134,701431,0.03750468808601928,0
2023-07-28 10:54:15,400.1,1069265,1,400.74,610134,701431,0.03750468808601928,0
2023-07-28 10:54:19,400.1,1069320,1,400.74,610726,704596,0.03750468808601928,0
2023-07-28 10:54:24,400.05,1069321,1,400.74,610704,712343,0.02500312539067952,0
2023-07-28 10:54:24,400.1,1069321,11,400.74,610704,712343,0.03750468808601928,0
2023-07-28 10:54:24,400.05,1069321,1,400.74,610704,712343,0.02500312539067952,0
2023-07-28 10:54:28,400.1,1069335,1,400.74,611282,712571,0.03750468808601928,0
2023-07-28 10:54:28,400.1,1069335,14,400.74,611282,712571,0.03750468808601928,0
2023-07-28 10:54:28,400.1,1069335,100,400.74,611282,712571,0.03750468808601928,0
2023-07-28 10:54:28,400.05,1069335,97,400.74,611282,712571,0.02500312539067952,0
2023-07-28 10:54:31,400.05,1069566,97,400.74,610308,713784,0.02500312539067952,0
2023-07-28 10:54:31,400.1,1069566,1,400.74,610308,713784,0.03750468808601928,0
2023-07-28 10:54:31,400.05,1069566,449,400.74,610308,713784,0.02500312539067952,0
2023-07-28 10:54:31,400.1,1069566,2,400.74,610308,713784,0.03750468808601928,0
2023-07-28 10:54:36,400.0,1070070,1,400.74,609283,713636,0.01250156269533976,0
2023-07-28 10:54:36,400.1,1070070,4,400.74,609283,713636,0.03750468808601928,0
2023-07-28 10:54:41,400.0,1070076,1,400.74,610431,717668,0.01250156269533976,0
2023-07-28 10:54:41,400.1,1070076,100,400.74,610431,717668,0.03750468808601928,0
2023-07-28 10:54:41,400.1,1070076,3,400.74,610431,717668,0.03750468808601928,0
2023-07-28 10:54:41,400.1,1070076,100,400.74,610431,717668,0.03750468808601928,0
2023-07-28 10:54:45,400.05,1070525,1,400.74,610806,719782,0.02500312539067952,0
2023-07-28 10:54:45,400.05,1070525,1,400.74,610806,719782,0.02500312539067952,0
2023-07-28 10:54:45,400.1,1070525,5,400.74,610806,719782,0.03750468808601928,0
2023-07-28 10:54:45,400.1,1070525,1,400.74,610806,719782,0.03750468808601928,0
2023-07-28 10:54:47,400.1,1070834,1,400.74,611077,720423,0.03750468808601928,0
2023-07-28 10:54:47,400.1,1070834,1,400.74,611077,720423,0.03750468808601928,0
2023-07-28 10:54:47,400.1,1070834,2,400.74,611077,720423,0.03750468808601928,0
2023-07-28 10:54:51,400.1,1070837,2,400.74,611202,720420,0.03750468808601928,0
2023-07-28 10:54:51,400.05,1070837,1,400.74,611202,720420,0.02500312539067952,0
2023-07-28 10:54:51,400.1,1070837,5,400.74,611202,720420,0.03750468808601928,0
2023-07-28 10:54:51,400.1,1070837,7,400.74,611202,720420,0.03750468808601928,0
2023-07-28 10:54:57,400.1,1071861,7,400.74,611323,721076,0.03750468808601928,0
2023-07-28 10:54:57,400.1,1071861,1,400.74,611323,721076,0.03750468808601928,0
2023-07-28 10:54:57,400.1,1071861,2,400.74,611323,721076,0.03750468808601928,0
2023-07-28 10:55:01,400.1,1071866,1,400.74,611812,722985,0.03750468808601928,0
2023-07-28 10:55:01,400.1,1071866,10,400.74,611812,722985,0.03750468808601928,0
2023-07-28 10:55:05,400.1,1071899,8,400.74,611365,724693,0.03750468808601928,0
2023-07-28 10:55:05,400.1,1071899,409,400.74,611365,724693,0.03750468808601928,0
2023-07-28 10:55:05,400.05,1071899,1,400.74,611365,724693,0.02500312539067952,0
2023-07-28 10:55:05,400.1,1071899,8,400.74,611365,724693,0.03750468808601928,0
2023-07-28 10:55:05,400.05,1071899,1,400.74,611365,724693,0.02500312539067952,0
2023-07-28 10:55:09,400.1,1073074,4,400.74,612022,724442,0.03750468808601928,0
2023-07-28 10:55:09,400.1,1073074,10,400.74,612022,724442,0.03750468808601928,0
2023-07-28 10:55:09,400.1,1073074,100,400.74,612022,724442,0.03750468808601928,0
2023-07-28 10:55:09,400.1,1073074,1,400.74,612022,724442,0.03750468808601928,0
2023-07-28 10:55:13,400.1,1073289,1,400.74,615151,725009,0.03750468808601928,0
2023-07-28 10:55:13,400.1,1073289,1,400.74,614796,727402,0.03750468808601928,0
2023-07-28 10:55:13,400.1,1073289,6,400.74,614796,727402,0.03750468808601928,0
2023-07-28 10:55:13,400.1,1073289,2,400.74,614796,727402,0.03750468808601928,0
2023-07-28 10:55:13,400.05,1073289,1,400.74,614796,727402,0.02500312539067952,0
2023-07-28 10:55:20,400.05,1073305,20,400.74,614046,729340,0.02500312539067952,0
2023-07-28 10:55:20,400.1,1073305,21,400.74,614046,729340,0.03750468808601928,0
2023-07-28 10:55:20,400.1,1073305,1,400.74,614046,729340,0.03750468808601928,0
2023-07-28 10:55:20,400.1,1073305,121,400.74,614046,729340,0.03750468808601928,0
2023-07-28 10:55:27,400.1,1073474,121,400.74,614605,729192,0.03750468808601928,0
2023-07-28 10:55:27,400.05,1073474,200,400.74,614605,729192,0.02500312539067952,0
2023-07-28 10:55:32,400.05,1073674,20,400.74,606984,726292,0.02500312539067952,0
2023-07-28 10:55:32,400.05,1073674,5,400.74,606984,726292,0.02500312539067952,0
2023-07-28 10:55:32,400.1,1073674,1,400.74,606984,726292,0.03750468808601928,0
2023-07-28 10:55:35,400.1,1073702,1,400.74,609035,729480,0.03750468808601928,0
2023-07-28 10:55:35,400.1,1073702,5,400.74,609035,729480,0.03750468808601928,0
2023-07-28 10:55:42,400.05,1073823,100,400.74,609189,728371,0.02500312539067952,0
2023-07-28 10:55:42,400.1,1073823,8,400.74,609189,728371,0.03750468808601928,0
2023-07-28 10:55:42,400.1,1073823,200,400.74,609189,728371,0.03750468808601928,0
2023-07-28 10:55:45,400.1,1074031,2,400.74,609970,728104,0.03750468808601928,0
2023-07-28 10:55:45,400.0,1074031,1,400.74,609970,728104,0.01250156269533976,0
2023-07-28 10:55:45,400.0,1074031,40,400.74,609970,728104,0.01250156269533976,0
2023-07-28 10:55:45,400.0,1074031,1,400.74,609970,728104,0.01250156269533976,0
2023-07-28 10:55:51,400.1,1074104,23,400.74,611002,729620,0.03750468808601928,0
2023-07-28 10:55:51,400.1,1074104,23,400.74,611002,729620,0.03750468808601928,0
2023-07-28 10:55:51,400.05,1074104,199,400.74,611002,729620,0.02500312539067952,0
2023-07-28 10:55:51,399.95,1074104,2,400.74,611002,729620,0.0,0
2023-07-28 10:55:51,400.0,1074104,10,400.74,611002,729620,0.01250156269533976,0
2023-07-28 10:55:54,399.9,1095618,1,400.73,602589,733094,-0.01250156269533976,0
2023-07-28 10:55:54,399.95,1095618,5,400.73,602589,733094,0.0,0
2023-07-28 10:55:54,399.95,1095618,5,400.73,602589,733094,0.0,0
2023-07-28 10:55:54,399.9,1095618,2,400.73,602589,733094,-0.01250156269533976,0
2023-07-28 10:56:00,400.0,1095642,1,400.73,604086,730097,0.01250156269533976,0
2023-07-28 10:56:00,399.95,1095642,1,400.73,604086,730097,0.0,0
2023-07-28 10:56:00,400.0,1095642,9,400.73,604086,730097,0.01250156269533976,0
2023-07-28 10:56:03,400.0,1095652,9,400.73,603718,729202,0.01250156269533976,0
2023-07-28 10:56:03,400.0,1095652,3,400.73,603718,729202,0.01250156269533976,0
2023-07-28 10:56:03,400.0,1095652,10,400.73,603718,729202,0.01250156269533976,0
2023-07-28 10:56:03,400.0,1095652,4,400.73,603718,729202,0.01250156269533976,0
2023-07-28 10:56:08,400.0,1095680,5,400.73,603332,730744,0.01250156269533976,0
2023-07-28 10:56:08,400.0,1095680,5,400.73,603332,730744,0.01250156269533976,0
2023-07-28 10:56:08,399.9,1095680,1,400.73,603332,730744,-0.01250156269533976,0
2023-07-28 10:56:08,399.85,1095680,97,400.73,603332,730744,-0.025003125390665307,0
2023-07-28 10:56:08,399.9,1095680,1,400.73,603332,730744,-0.01250156269533976,0
2023-07-28 10:56:12,399.9,1095807,1,400.73,603511,718645,-0.01250156269533976,0
2023-07-28 10:56:12,399.85,1095807,1,400.73,603511,718645,-0.025003125390665307,0
2023-07-28 10:56:12,399.9,1095807,64,400.73,603511,718645,-0.01250156269533976,0
2023-07-28 10:56:12,400.0,1095807,1,400.73,603511,718645,0.01250156269533976,0
2023-07-28 10:56:15,400.0,1096172,1,400.73,603672,729517,0.01250156269533976,0
2023-07-28 10:56:15,400.0,1096172,1,400.73,603672,729517,0.01250156269533976,0
2023-07-28 10:56:15,400.0,1096172,5,400.73,603672,729517,0.01250156269533976,0
2023-07-28 10:56:15,399.95,1096172,350,400.73,603672,729517,0.0,0
2023-07-28 10:56:15,399.9,1096172,25,400.73,603672,729517,-0.01250156269533976,0
2023-07-28 10:56:15,399.9,1096172,25,400.73,603672,729517,-0.01250156269533976,0
2023-07-28 10:56:15,399.9,1096172,25,400.73,603672,729517,-0.01250156269533976,0
2023-07-28 10:56:15,399.9,1096172,1,400.73,603672,729517,-0.01250156269533976,0
2023-07-28 10:56:15,399.95,1096172,1,400.73,603672,729517,0.0,0
2023-07-28 10:56:15,399.95,1096172,1,400.73,603672,729517,0.0,0
2023-07-28 10:56:15,399.9,1096172,1,400.73,603672,729517,-0.01250156269533976,0
2023-07-28 10:56:26,399.95,1096726,1,400.73,603139,732781,0.0,0
2023-07-28 10:56:26,399.95,1096726,26,400.73,603139,732781,0.0,0
2023-07-28 10:56:26,399.9,1096726,1,400.73,603139,732781,-0.01250156269533976,0
2023-07-28 10:56:26,399.95,1096726,1,400.73,603139,732781,0.0,0
2023-07-28 10:56:29,399.95,1096857,1,400.73,603471,732042,0.0,0
2023-07-28 10:56:29,399.9,1096857,58,400.73,603471,732042,-0.01250156269533976,0
2023-07-28 10:56:29,399.85,1096857,2500,400.73,603471,732042,-0.025003125390665307,0
2023-07-28 10:56:29,399.9,1096857,1,400.73,603471,732042,-0.01250156269533976,0
2023-07-28 10:56:33,399.9,1102206,1,400.72,601923,737968,-0.01250156269533976,0
2023-07-28 10:56:33,399.85,1102206,2500,400.72,601923,737968,-0.025003125390665307,0
2023-07-28 10:56:33,399.85,1102206,3,400.72,601923,737968,-0.025003125390665307,0
2023-07-28 10:56:33,399.9,1102206,50,400.72,601923,737968,-0.01250156269533976,0
2023-07-28 10:56:33,399.9,1102206,1,400.72,601923,737968,-0.01250156269533976,0
2023-07-28 10:56:39,399.7,1120444,6,400.71,592614,731338,-0.06250781347668459,0
2023-07-28 10:56:39,399.7,1120444,6,400.71,592614,731338,-0.06250781347668459,0
2023-07-28 10:56:39,399.7,1120444,25,400.71,592614,731338,-0.06250781347668459,0
2023-07-28 10:56:39,399.7,1120444,1,400.71,592614,731338,-0.06250781347668459,0
2023-07-28 10:56:43,399.65,1120560,1,400.71,600496,735401,-0.07500937617202434,0
2023-07-28 10:56:43,399.7,1120560,2,400.71,600496,735401,-0.06250781347668459,0
2023-07-28 10:56:43,399.7,1120560,64,400.71,600496,735401,-0.06250781347668459,0
2023-07-28 10:56:46,399.7,1120734,1,400.71,600440,734446,-0.06250781347668459,0
2023-07-28 10:56:46,399.65,1120734,1,400.71,600440,734446,-0.07500937617202434,0
2023-07-28 10:56:51,399.65,1121214,1,400.71,599262,731400,-0.07500937617202434,0
2023-07-28 10:56:51,399.65,1121214,50,400.71,599262,731400,-0.07500937617202434,0
2023-07-28 10:56:54,399.65,1121264,50,400.71,601885,737483,-0.07500937617202434,0
2023-07-28 10:56:54,399.6,1121264,150,400.71,601885,737483,-0.0875109388673499,0
2023-07-28 10:56:54,399.65,1121264,30,400.71,601885,737483,-0.07500937617202434,0
2023-07-28 10:56:54,399.6,1121264,1,400.71,601885,737483,-0.0875109388673499,0
2023-07-28 10:56:58,399.6,1121465,1,400.71,602839,723256,-0.0875109388673499,0
2023-07-28 10:56:58,399.7,1121465,54,400.71,602839,723256,-0.06250781347668459,0
2023-07-28 10:56:58,399.65,1121465,2,400.71,602839,723256,-0.07500937617202434,0
2023-07-28 10:57:04,399.7,1121569,1,400.71,603810,728273,-0.06250781347668459,0
2023-07-28 10:57:04,399.7,1121569,2,400.71,603810,728273,-0.06250781347668459,0
2023-07-28 10:57:04,399.85,1121569,1,400.71,603810,728273,-0.025003125390665307,0
2023-07-28 10:57:04,399.85,1121569,5,400.71,603810,728273,-0.025003125390665307,0
2023-07-28 10:57:06,399.85,1121741,5,400.71,604737,732417,-0.025003125390665307,0
2023-07-28 10:57:06,399.7,1121741,50,400.71,604737,732417,-0.06250781347668459,0
2023-07-28 10:57:06,399.8,1121741,1,400.71,604737,732417,-0.037504688086005065,0
2023-07-28 10:57:12,399.8,1121798,1,400.71,604556,723180,-0.037504688086005065,0
2023-07-28 10:57:12,399.85,1121798,230,400.71,604556,723180,-0.025003125390665307,0
2023-07-28 10:57:12,399.7,1121798,1,400.71,604556,723180,-0.06250781347668459,0
2023-07-28 10:57:12,399.9,1121798,54,400.71,604556,723180,-0.01250156269533976,0
2023-07-28 10:57:15,399.9,1123385,54,400.71,606930,730625,-0.01250156269533976,0
2023-07-28 10:57:15,399.7,1123385,50,400.71,606930,730625,-0.06250781347668459,0
2023-07-28 10:57:15,399.65,1123385,1,400.71,606930,730625,-0.07500937617202434,0
2023-07-28 10:57:15,399.65,1123385,24,400.71,606930,730625,-0.07500937617202434,0
2023-07-28 10:57:15,399.85,1123385,1,400.71,606930,730625,-0.025003125390665307,0
2023-07-28 10:57:20,399.85,1126588,1,400.7,606866,724526,-0.025003125390665307,0
2023-07-28 10:57:20,399.85,1126588,5,400.7,606866,724526,-0.025003125390665307,0
2023-07-28 10:57:22,399.85,1126597,5,400.7,600003,722851,-0.025003125390665307,0
2023-07-28 10:57:22,399.85,1126597,1,400.7,600003,722851,-0.025003125390665307,0
2023-07-28 10:57:22,399.85,1126597,20,400.7,600003,722851,-0.025003125390665307,0
2023-07-28 10:57:22,399.7,1126597,1,400.7,600003,722851,-0.06250781347668459,0
2023-07-28 10:57:28,399.7,1126621,1,400.7,606612,726012,-0.06250781347668459,0
2023-07-28 10:57:28,399.85,1126621,30,400.7,606612,726012,-0.025003125390665307,0
2023-07-28 10:57:28,399.85,1126621,125,400.7,606612,726012,-0.025003125390665307,0
2023-07-28 10:57:28,399.7,1126621,1,400.7,606612,726012,-0.06250781347668459,0
2023-07-28 10:57:28,399.85,1126621,125,400.7,606612,726012,-0.025003125390665307,0
2023-07-28 10:57:33,399.85,1127331,125,400.7,617218,724412,-0.025003125390665307,0
2023-07-28 10:57:33,399.85,1127331,100,400.7,617218,724412,-0.025003125390665307,0
2023-07-28 10:57:33,399.7,1127331,66,400.7,617218,724412,-0.06250781347668459,0
2023-07-28 10:57:33,399.7,1127331,2,400.7,617218,724412,-0.06250781347668459,0
2023-07-28 10:57:33,399.85,1127331,1,400.7,617218,724412,-0.025003125390665307,0
2023-07-28 10:57:37,399.85,1127942,1,400.7,617368,725275,-0.025003125390665307,0
2023-07-28 10:57:37,399.85,1127942,1,400.7,617368,725275,-0.025003125390665307,0
2023-07-28 10:57:37,399.85,1127942,20,400.7,617368,725275,-0.025003125390665307,0
2023-07-28 10:57:37,399.85,1127942,2,400.7,617368,725275,-0.025003125390665307,0
2023-07-28 10:57:37,399.85,1127942,5,400.7,617368,725275,-0.025003125390665307,0
2023-07-28 10:57:42,399.75,1127990,5,400.7,607421,734129,-0.050006250781344824,0
2023-07-28 10:57:42,399.75,1127990,1,400.7,607421,734129,-0.050006250781344824,0
2023-07-28 10:57:42,399.9,1127990,79,400.7,607421,734129,-0.01250156269533976,0
2023-07-28 10:57:42,399.85,1127990,2,400.7,607421,734129,-0.025003125390665307,0
2023-07-28 10:57:42,399.75,1127990,1,400.7,607421,734129,-0.050006250781344824,0
2023-07-28 10:57:46,399.85,1128915,10,400.7,607194,735277,-0.025003125390665307,0
2023-07-28 10:57:46,399.85,1128915,10,400.7,607194,735277,-0.025003125390665307,0
2023-07-28 10:57:46,399.85,1128915,5,400.7,607194,735277,-0.025003125390665307,0
2023-07-28 10:57:47,399.85,1128921,5,400.7,607748,733573,-0.025003125390665307,0
2023-07-28 10:57:47,399.85,1128921,1,400.7,607748,733573,-0.025003125390665307,0
2023-07-28 10:57:47,399.85,1128921,1,400.7,607748,733573,-0.025003125390665307,0
2023-07-28 10:57:47,399.85,1128921,33,400.7,607748,733573,-0.025003125390665307,0
2023-07-28 10:57:47,399.85,1128921,10,400.7,607748,733573,-0.025003125390665307,0
2023-07-28 10:57:47,399.85,1128921,1,400.7,607748,733573,-0.025003125390665307,0
2023-07-28 10:57:59,399.7,1129364,1,400.7,609223,724384,-0.06250781347668459,0
2023-07-28 10:57:59,399.85,1129364,1,400.7,609223,724384,-0.025003125390665307,0
2023-07-28 10:57:59,399.85,1129364,5,400.7,609223,724384,-0.025003125390665307,0
2023-07-28 10:58:03,399.7,1129376,5,400.7,609256,727495,-0.06250781347668459,0
2023-07-28 10:58:03,399.7,1129376,1,400.7,609256,727495,-0.06250781347668459,0
2023-07-28 10:58:03,399.85,1129376,1,400.7,609256,727495,-0.025003125390665307,0
2023-07-28 10:58:03,399.85,1129376,5,400.7,609256,727495,-0.025003125390665307,0
2023-07-28 10:58:06,399.7,1129383,100,400.7,609264,726069,-0.06250781347668459,0
2023-07-28 10:58:06,399.85,1129383,8,400.7,609264,726069,-0.025003125390665307,0
2023-07-28 10:58:06,399.85,1129383,21,400.7,609264,726069,-0.025003125390665307,0
2023-07-28 10:58:11,399.85,1129539,10,400.7,608327,730778,-0.025003125390665307,0
2023-07-28 10:58:11,399.8,1129539,2,400.7,608327,730778,-0.037504688086005065,0
2023-07-28 10:58:11,399.85,1129539,20,400.7,608327,730778,-0.025003125390665307,0
2023-07-28 10:58:11,399.8,1129539,1,400.7,608327,730778,-0.037504688086005065,0
2023-07-28 10:58:13,399.8,1129562,1,400.7,608435,739053,-0.037504688086005065,0
2023-07-28 10:58:13,399.85,1129562,1,400.7,608435,739053,-0.025003125390665307,0
2023-07-28 10:58:18,399.7,1129588,21,400.7,606682,739427,-0.06250781347668459,0
2023-07-28 10:58:18,399.85,1129588,1,400.7,606682,739427,-0.025003125390665307,0
2023-07-28 10:58:18,399.7,1129588,31,400.7,606682,739427,-0.06250781347668459,0
2023-07-28 10:58:18,399.7,1129588,10,400.7,606682,739427,-0.06250781347668459,0
2023-07-28 10:58:23,399.75,1129876,5,400.7,605874,738675,-0.050006250781344824,0
2023-07-28 10:58:23,399.75,1129876,63,400.7,605874,738675,-0.050006250781344824,0
2023-07-28 10:58:23,399.75,1129876,1,400.7,605874,738675,-0.050006250781344824,0
2023-07-28 10:58:23,399.65,1129876,1,400.7,605874,738675,-0.07500937617202434,0
2023-07-28 10:58:28,399.75,1130005,27,400.7,605849,738745,-0.050006250781344824,0
2023-07-28 10:58:28,399.75,1130005,27,400.7,605849,738745,-0.050006250781344824,0
2023-07-28 10:58:28,399.65,1130005,1,400.7,605849,738745,-0.07500937617202434,0
2023-07-28 10:58:28,399.75,1130005,1,400.7,605849,738745,-0.050006250781344824,0
2023-07-28 10:58:28,399.75,1130005,1,400.7,605849,738745,-0.050006250781344824,0
2023-07-28 10:58:32,399.75,1130010,1,400.7,606353,738774,-0.050006250781344824,0
2023-07-28 10:58:32,399.75,1130010,1,400.7,606353,738774,-0.050006250781344824,0
2023-07-28 10:58:32,399.75,1130010,8,400.7,606353,738774,-0.050006250781344824,0
2023-07-28 10:58:37,399.7,1130371,350,400.7,605828,737574,-0.06250781347668459,0
2023-07-28 10:58:37,399.7,1130371,350,400.7,605828,737574,-0.06250781347668459,0
2023-07-28 10:58:37,399.7,1130371,5,400.7,605828,737574,-0.06250781347668459,0
2023-07-28 10:58:41,399.7,1130377,1,400.7,607533,738975,-0.06250781347668459,0
2023-07-28 10:58:41,399.75,1130377,5,400.7,607533,738975,-0.050006250781344824,0
2023-07-28 10:58:41,399.7,1130377,1,400.7,607533,738975,-0.06250781347668459,0
2023-07-28 10:58:45,399.7,1130383,1,400.7,607066,737470,-0.06250781347668459,0
2023-07-28 10:58:45,399.7,1130383,5,400.7,607066,737470,-0.06250781347668459,0
2023-07-28 10:58:45,399.75,1130383,1,400.7,607066,737470,-0.050006250781344824,0
2023-07-28 10:58:48,399.75,1130439,1,400.7,606774,737479,-0.050006250781344824,0
2023-07-28 10:58:48,399.7,1130439,4,400.7,606774,737479,-0.06250781347668459,0
2023-07-28 10:58:48,399.75,1130439,1,400.7,606774,737479,-0.050006250781344824,0
2023-07-28 10:58:48,399.75,1130439,1,400.7,606774,737479,-0.050006250781344824,0
2023-07-28 10:58:53,399.75,1130451,1,400.7,607101,738469,-0.050006250781344824,0
2023-07-28 10:58:53,399.7,1130451,1,400.7,607101,738469,-0.06250781347668459,0
2023-07-28 10:58:53,399.7,1130451,2,400.7,607101,738469,-0.06250781347668459,0
2023-07-28 10:58:53,399.65,1130451,160,400.7,607101,738469,-0.07500937617202434,0
2023-07-28 10:58:56,399.65,1130704,160,400.7,606780,738198,-0.07500937617202434,0
2023-07-28 10:58:56,399.7,1130704,1,400.7,606780,738198,-0.06250781347668459,0
2023-07-28 10:58:56,399.7,1130704,1,400.7,606780,738198,-0.06250781347668459,0
2023-07-28 10:58:56,399.75,1130704,1,400.7,606780,738198,-0.050006250781344824,0
2023-07-28 10:58:56,399.75,1130704,1,400.7,606780,738198,-0.050006250781344824,0
2023-07-28 10:59:02,399.75,1130708,1,400.7,606918,736762,-0.050006250781344824,0
2023-07-28 10:59:02,399.75,1130708,24,400.7,606918,736762,-0.050006250781344824,0
2023-07-28 10:59:02,399.75,1130708,1,400.7,606918,736762,-0.050006250781344824,0
2023-07-28 10:59:02,399.85,1130708,6,400.7,606918,736762,-0.025003125390665307,0
2023-07-28 10:59:02,399.85,1130708,1,400.7,606918,736762,-0.025003125390665307,0
2023-07-28 10:59:06,399.85,1130780,1,400.7,608011,727817,-0.025003125390665307,0
2023-07-28 10:59:06,399.85,1130780,2,400.7,608011,727817,-0.025003125390665307,0
2023-07-28 10:59:06,399.85,1130780,3,400.7,608011,727817,-0.025003125390665307,0
2023-07-28 10:59:06,399.7,1130780,71,400.7,608011,727817,-0.06250781347668459,0
2023-07-28 10:59:10,399.7,1130885,71,400.7,606967,728099,-0.06250781347668459,0
2023-07-28 10:59:10,399.85,1130885,11,400.7,606967,728099,-0.025003125390665307,0
2023-07-28 10:59:10,399.65,1130885,1,400.7,606967,728099,-0.07500937617202434,0
2023-07-28 10:59:10,399.65,1130885,16,400.7,606967,728099,-0.07500937617202434,0
2023-07-28 10:59:15,399.65,1131017,16,400.7,606556,729426,-0.07500937617202434,0
2023-07-28 10:59:15,399.75,1131017,25,400.7,606556,729426,-0.050006250781344824,0
2023-07-28 10:59:15,399.8,1131017,3,400.7,606556,729426,-0.037504688086005065,0
2023-07-28 10:59:15,399.85,1131017,11,400.7,606556,729426,-0.025003125390665307,0
2023-07-28 10:59:19,399.65,1131108,1,400.7,608471,727975,-0.07500937617202434,0
2023-07-28 10:59:19,399.65,1131108,1,400.7,608471,727975,-0.07500937617202434,0
2023-07-28 10:59:19,399.65,1131108,1,400.7,608471,727975,-0.07500937617202434,0
2023-07-28 10:59:19,399.65,1131108,2,400.7,608471,727975,-0.07500937617202434,0
2023-07-28 10:59:19,399.65,1131108,2,400.7,608471,727975,-0.07500937617202434,0
2023-07-28 10:59:19,399.65,1131108,2,400.7,608471,727975,-0.07500937617202434,0
2023-07-28 10:59:19,399.8,1131108,1,400.7,608471,727975,-0.037504688086005065,0
2023-07-28 10:59:24,399.8,1131143,1,400.7,608769,729778,-0.037504688086005065,0
2023-07-28 10:59:24,399.8,1131143,1,400.7,608769,729778,-0.037504688086005065,0
2023-07-28 10:59:24,399.8,1131143,1,400.7,608769,729778,-0.037504688086005065,0
2023-07-28 10:59:24,399.8,1131143,1,400.7,608769,729778,-0.037504688086005065,0
2023-07-28 10:59:24,399.8,1131143,3,400.7,608769,729778,-0.037504688086005065,0
2023-07-28 10:59:29,399.65,1131147,1,400.7,609126,729767,-0.07500937617202434,0
2023-07-28 10:59:29,399.65,1131147,35,400.7,609126,729767,-0.07500937617202434,0
2023-07-28 10:59:29,399.8,1131147,15,400.7,609126,729767,-0.037504688086005065,0
2023-07-28 10:59:29,399.8,1131147,250,400.7,609126,729767,-0.037504688086005065,0
2023-07-28 10:59:29,399.7,1131147,1,400.7,609126,729767,-0.06250781347668459,0
2023-07-28 10:59:33,399.7,1131729,1,400.7,609831,729011,-0.06250781347668459,0
2023-07-28 10:59:33,399.8,1131729,1,400.7,609831,729011,-0.037504688086005065,0
2023-07-28 10:59:33,399.8,1131729,1,400.7,609831,729011,-0.037504688086005065,0
2023-07-28 10:59:35,399.8,1131731,10,400.7,609883,729049,-0.037504688086005065,0
2023-07-28 10:59:35,399.7,1131731,111,400.7,609883,729049,-0.06250781347668459,0
2023-07-28 10:59:35,399.8,1131731,1,400.7,609883,729049,-0.037504688086005065,0
2023-07-28 10:59:35,399.8,1131731,50,400.7,609883,729049,-0.037504688086005065,0
2023-07-28 10:59:35,399.8,1131731,168,400.7,609883,729049,-0.037504688086005065,0
2023-07-28 10:59:42,399.8,1132357,168,400.7,610323,728198,-0.037504688086005065,0
2023-07-28 10:59:42,399.7,1132357,150,400.7,610323,728198,-0.06250781347668459,0
2023-07-28 10:59:42,399.8,1132357,95,400.7,610323,728198,-0.037504688086005065,0
2023-07-28 10:59:42,399.8,1132357,1,400.7,610323,728198,-0.037504688086005065,0
2023-07-28 10:59:47,399.8,1132604,1,400.7,608188,728595,-0.037504688086005065,0
2023-07-28 10:59:47,399.65,1132604,16,400.7,608188,728595,-0.07500937617202434,0
2023-07-28 10:59:47,399.8,1132604,1,400.7,608188,728595,-0.037504688086005065,0
2023-07-28 10:59:49,399.75,1132637,1,400.7,608214,729248,-0.050006250781344824,0
2023-07-28 10:59:49,399.75,1132637,2,400.7,608214,729248,-0.050006250781344824,0
2023-07-28 10:59:49,399.7,1132637,4,400.7,608214,729248,-0.06250781347668459,0
2023-07-28 10:59:49,399.7,1132637,1,400.7,608214,729248,-0.06250781347668459,0
2023-07-28 10:59:49,399.7,1132637,471,400.7,608214,729248,-0.06250781347668459,0
2023-07-28 10:59:57,399.65,1133289,10,400.7,607575,739946,-0.07500937617202434,0
2023-07-28 10:59:57,399.65,1133289,50,400.7,607575,739946,-0.07500937617202434,0
2023-07-28 10:59:57,399.75,1133289,5,400.7,607575,739946,-0.050006250781344824,0
2023-07-28 10:59:57,399.7,1133289,15,400.7,607575,739946,-0.06250781347668459,0
2023-07-28 10:59:57,399.7,1133289,1,400.7,607575,739946,-0.06250781347668459,0
2023-07-28 11:00:01,399.7,1134200,1,400.7,607748,731950,-0.06250781347668459,0
2023-07-28 11:00:01,399.7,1134200,1,400.7,607748,731950,-0.06250781347668459,0
2023-07-28 11:00:01,399.7,1134200,1,400.7,607748,731950,-0.06250781347668459,0
2023-07-28 11:00:01,399.7,1134200,1,400.7,607748,731950,-0.06250781347668459,0
2023-07-28 11:00:01,399.7,1134200,1,400.7,607748,731950,-0.06250781347668459,0
2023-07-28 11:00:01,399.7,1134200,1,400.7,607748,731950,-0.06250781347668459,0
2023-07-28 11:00:05,399.7,1134253,1,400.7,607493,732322,-0.06250781347668459,0
2023-07-28 11:00:05,399.7,1134253,2,400.7,607493,732322,-0.06250781347668459,0
2023-07-28 11:00:05,399.7,1134253,5,400.7,607493,732322,-0.06250781347668459,0
2023-07-28 11:00:10,399.7,1134271,5,400.7,607777,739702,-0.06250781347668459,0
2023-07-28 11:00:10,399.7,1134271,1,400.7,607777,739702,-0.06250781347668459,0
2023-07-28 11:00:10,399.65,1134271,1,400.7,607777,739702,-0.07500937617202434,0
2023-07-28 11:00:10,399.65,1134271,1,400.7,607777,739702,-0.07500937617202434,0
2023-07-28 11:00:15,399.7,1134502,10,400.7,609191,741086,-0.06250781347668459,0
2023-07-28 11:00:15,399.65,1134502,13,400.7,609191,741086,-0.07500937617202434,0
2023-07-28 11:00:15,399.7,1134502,1,400.7,609191,741086,-0.06250781347668459,0
2023-07-28 11:00:15,399.7,1134502,1,400.7,609191,741086,-0.06250781347668459,0
2023-07-28 11:00:19,399.7,1134573,5,400.7,609608,740300,-0.06250781347668459,0
2023-07-28 11:00:19,399.7,1134573,100,400.7,609608,740300,-0.06250781347668459,0
2023-07-28 11:00:19,399.65,1134573,1,400.7,609608,740300,-0.07500937617202434,0
2023-07-28 11:00:19,399.7,1134573,24,400.7,609608,740300,-0.06250781347668459,0
2023-07-28 11:00:24,399.7,1134819,1,400.7,608882,738509,-0.06250781347668459,0
2023-07-28 11:00:24,399.6,1134819,1,400.7,608882,738509,-0.0875109388673499,0
2023-07-28 11:00:24,399.7,1134819,2,400.7,608882,738509,-0.06250781347668459,0
2023-07-28 11:00:25,399.7,1134823,2,400.7,608739,738532,-0.06250781347668459,0
2023-07-28 11:00:25,399.7,1134823,5,400.7,608739,738532,-0.06250781347668459,0
2023-07-28 11:00:25,399.6,1134823,37,400.7,608739,738532,-0.0875109388673499,0
2023-07-28 11:00:25,399.65,1134823,1,400.7,608739,738532,-0.07500937617202434,0
2023-07-28 11:00:25,399.65,1134823,1,400.7,608739,738532,-0.07500937617202434,0
2023-07-28 11:00:32,399.65,1134873,1,400.7,608729,739030,-0.07500937617202434,0
2023-07-28 11:00:32,399.6,1134873,50,400.7,608729,739030,-0.0875109388673499,0
2023-07-28 11:00:32,399.7,1134873,8,400.7,608729,739030,-0.06250781347668459,0
2023-07-28 11:00:32,399.7,1134873,1,400.7,608729,739030,-0.06250781347668459,0
2023-07-28 11:00:37,399.55,1137314,1,400.69,608076,733436,-0.10001250156268965,0
2023-07-28 11:00:37,399.7,1137314,1,400.69,608076,733436,-0.06250781347668459,0
2023-07-28 11:00:37,399.65,1137314,1,400.69,608076,733436,-0.07500937617202434,0
2023-07-28 11:00:41,399.7,1141493,25,400.69,611211,726879,-0.06250781347668459,0
2023-07-28 11:00:41,399.7,1141493,10,400.69,611211,726879,-0.06250781347668459,0
2023-07-28 11:00:41,399.65,1141493,20,400.69,611211,726879,-0.07500937617202434,0
2023-07-28 11:00:41,399.7,1141493,4,400.69,611211,726879,-0.06250781347668459,0
2023-07-28 11:00:41,399.7,1141493,1,400.69,611211,726879,-0.06250781347668459,0
2023-07-28 11:00:45,399.7,1141622,1,400.69,611220,726439,-0.06250781347668459,0
2023-07-28 11:00:45,399.7,1141622,11,400.69,611220,726439,-0.06250781347668459,0
2023-07-28 11:00:45,399.7,1141622,5,400.69,611220,726439,-0.06250781347668459,0
2023-07-28 11:00:45,399.7,1141622,50,400.69,611220,726439,-0.06250781347668459,0
2023-07-28 11:00:45,399.7,1141622,90,400.69,611220,726439,-0.06250781347668459,0
2023-07-28 11:00:49,399.7,1141843,1,400.69,609130,726039,-0.06250781347668459,0
2023-07-28 11:00:49,399.7,1141843,19,400.69,609130,726039,-0.06250781347668459,0
2023-07-28 11:00:49,399.65,1141843,1,400.69,609130,726039,-0.07500937617202434,0
2023-07-28 11:00:49,399.7,1141843,2,400.69,609130,726039,-0.06250781347668459,0
2023-07-28 11:00:52,399.7,1141899,5,400.69,600992,725845,-0.06250781347668459,0
2023-07-28 11:00:52,399.65,1141899,172,400.69,600992,725845,-0.07500937617202434,0
2023-07-28 11:00:52,399.65,1141899,1,400.69,600992,725845,-0.07500937617202434,0
2023-07-28 11:00:52,399.65,1141899,15,400.69,600992,725845,-0.07500937617202434,0
2023-07-28 11:00:58,399.7,1144100,1,400.69,608708,728957,-0.06250781347668459,0
2023-07-28 11:00:58,399.7,1144100,15,400.69,608708,728957,-0.06250781347668459,0
2023-07-28 11:01:02,399.7,1144116,15,400.69,609038,729088,-0.06250781347668459,0
2023-07-28 11:01:02,399.75,1144116,298,400.69,609038,729088,-0.050006250781344824,0
2023-07-28 11:01:02,399.8,1144116,6,400.69,609038,729088,-0.037504688086005065,0
2023-07-28 11:01:02,399.7,1144116,1,400.69,609038,729088,-0.06250781347668459,0
2023-07-28 11:01:05,399.8,1146743,98,400.68,607275,724631,-0.037504688086005065,0
2023-07-28 11:01:05,399.8,1146743,1,400.68,607275,724631,-0.037504688086005065,0
2023-07-28 11:01:05,399.8,1146743,1,400.68,607275,724631,-0.037504688086005065,0
2023-07-28 11:01:09,399.8,1146845,125,400.68,606428,724655,-0.037504688086005065,0
2023-07-28 11:01:09,399.8,1146845,1,400.68,606428,724655,-0.037504688086005065,0
2023-07-28 11:01:09,399.8,1146845,1,400.68,606428,724655,-0.037504688086005065,0
2023-07-28 11:01:09,399.8,1146845,2,400.68,606428,724655,-0.037504688086005065,0
2023-07-28 11:01:14,399.8,1146983,12,400.68,606542,732640,-0.037504688086005065,0
2023-07-28 11:01:14,399.7,1146983,9,400.68,606542,732640,-0.06250781347668459,0
2023-07-28 11:01:19,399.7,1147006,1,400.68,607075,732630,-0.06250781347668459,0
2023-07-28 11:01:19,399.8,1147006,20,400.68,607075,732630,-0.037504688086005065,0
2023-07-28 11:01:19,399.75,1147006,1,400.68,607075,732630,-0.050006250781344824,0
2023-07-28 11:01:19,399.8,1147006,10,400.68,607075,732630,-0.037504688086005065,0
2023-07-28 11:01:22,399.8,1147039,3,400.68,605187,732212,-0.037504688086005065,0
2023-07-28 11:01:22,399.8,1147039,1,400.68,605187,732212,-0.037504688086005065,0
2023-07-28 11:01:22,399.8,1147039,25,400.68,605187,732212,-0.037504688086005065,0
2023-07-28 11:01:22,399.75,1147039,20,400.68,605187,732212,-0.050006250781344824,0
2023-07-28 11:01:28,399.8,1147090,1,400.68,608378,735748,-0.037504688086005065,0
2023-07-28 11:01:28,399.8,1147090,3,400.68,608378,735748,-0.037504688086005065,0
2023-07-28 11:01:28,399.8,1147090,5,400.68,608378,735748,-0.037504688086005065,0
2023-07-28 11:01:28,399.75,1147090,1,400.68,608378,735748,-0.050006250781344824,0
2023-07-28 11:01:32,399.8,1147100,1,400.68,608036,735360,-0.037504688086005065,0
2023-07-28 11:01:32,399.8,1147100,7,400.68,608036,735360,-0.037504688086005065,0
2023-07-28 11:01:32,399.8,1147100,5,400.68,608036,735360,-0.037504688086005065,0
2023-07-28 11:01:32,399.8,1147100,12,400.68,608036,735360,-0.037504688086005065,0
2023-07-28 11:01:36,399.8,1147143,4,400.68,607235,735328,-0.037504688086005065,0
2023-07-28 11:01:36,399.75,1147143,1,400.68,607235,735328,-0.050006250781344824,0
2023-07-28 11:01:36,399.8,1147143,2,400.68,607235,735328,-0.037504688086005065,0
2023-07-28 11:01:39,399.8,1147161,2,400.68,607319,735646,-0.037504688086005065,0
2023-07-28 11:01:39,399.8,1147161,193,400.68,607319,735646,-0.037504688086005065,0
2023-07-28 11:01:39,399.8,1147161,1,400.68,607319,735646,-0.037504688086005065,0
2023-07-28 11:01:39,399.8,1147161,1,400.68,607319,735646,-0.037504688086005065,0
2023-07-28 11:01:39,399.8,1147161,1,400.68,607319,735646,-0.037504688086005065,0
2023-07-28 11:01:44,399.8,1147358,1,400.68,608037,735527,-0.037504688086005065,0
2023-07-28 11:01:44,399.75,1147358,3,400.68,608037,735527,-0.050006250781344824,0
2023-07-28 11:01:44,399.75,1147358,50,400.68,608037,735527,-0.050006250781344824,0
2023-07-28 11:01:49,399.75,1147584,3,400.68,606686,737248,-0.050006250781344824,0
2023-07-28 11:01:49,399.7,1147584,1,400.68,606686,737248,-0.06250781347668459,0
2023-07-28 11:01:49,399.7,1147584,1,400.68,606686,737248,-0.06250781347668459,0
2023-07-28 11:01:49,399.75,1147584,5,400.68,606686,737248,-0.050006250781344824,0
2023-07-28 11:01:52,399.65,1151047,10,400.68,605101,738309,-0.07500937617202434,0
2023-07-28 11:01:52,399.75,1151047,26,400.68,605101,738309,-0.050006250781344824,0
2023-07-28 11:01:52,399.65,1151047,1,400.68,605101,738309,-0.07500937617202434,0
2023-07-28 11:01:52,399.7,1151047,4,400.68,605101,738309,-0.06250781347668459,0
2023-07-28 11:01:52,399.75,1151047,1,400.68,605101,738309,-0.050006250781344824,0
2023-07-28 11:01:57,399.7,1151095,10,400.68,604981,737934,-0.06250781347668459,0
2023-07-28 11:01:57,399.7,1151095,10,400.68,604981,737934,-0.06250781347668459,0
2023-07-28 11:01:57,399.75,1151095,2,400.68,604981,737934,-0.050006250781344824,0
2023-07-28 11:01:57,399.75,1151095,2,400.68,604981,737934,-0.050006250781344824,0
2023-07-28 11:01:59,399.75,1151100,2,400.68,605581,737175,-0.050006250781344824,0
2023-07-28 11:01:59,399.75,1151100,10,400.68,605581,737175,-0.050006250781344824,0
2023-07-28 11:01:59,399.65,1151100,111,400.68,605581,737175,-0.07500937617202434,0
2023-07-28 11:01:59,399.65,1151100,1,400.68,605581,737175,-0.07500937617202434,0
2023-07-28 11:02:05,399.7,1151241,10,400.68,605374,733107,-0.06250781347668459,0
2023-07-28 11:02:05,399.7,1151241,20,400.68,605374,733107,-0.06250781347668459,0
2023-07-28 11:02:05,399.65,1151241,25,400.68,605374,733107,-0.07500937617202434,0
2023-07-28 11:02:10,399.7,1151289,10,400.68,604965,738673,-0.06250781347668459,0
2023-07-28 11:02:10,399.7,1151289,232,400.68,604965,738673,-0.06250781347668459,0
2023-07-28 11:02:10,399.7,1151289,3,400.68,604965,738673,-0.06250781347668459,0
2023-07-28 11:02:10,399.7,1151289,3,400.68,604965,738673,-0.06250781347668459,0
2023-07-28 11:02:14,399.65,1151633,6,400.68,604905,738455,-0.07500937617202434,0
2023-07-28 11:02:14,399.7,1151633,5,400.68,604905,738455,-0.06250781347668459,0
2023-07-28 11:02:14,399.7,1151633,501,400.68,604905,738455,-0.06250781347668459,0
2023-07-28 11:02:14,399.7,1151633,150,400.68,604905,738455,-0.06250781347668459,0
2023-07-28 11:02:14,399.7,1151633,1,400.68,604905,738455,-0.06250781347668459,0
2023-07-28 11:02:14,399.7,1151633,15,400.68,604905,738455,-0.06250781347668459,0
2023-07-28 11:02:14,399.7,1151633,1,400.68,604905,738455,-0.06250781347668459,0
2023-07-28 11:02:14,399.7,1151633,1,400.68,604905,738455,-0.06250781347668459,0
2023-07-28 11:02:14,399.7,1151633,2,400.68,604905,738455,-0.06250781347668459,0
2023-07-28 11:02:14,399.7,1151633,2,400.68,604905,738455,-0.06250781347668459,0
2023-07-28 11:02:23,399.7,1152335,2,400.68,604749,739245,-0.06250781347668459,0
2023-07-28 11:02:23,399.7,1152335,400,400.68,604749,739245,-0.06250781347668459,0
2023-07-28 11:02:23,399.7,1152335,400,400.68,604749,739245,-0.06250781347668459,0
2023-07-28 11:02:23,399.7,1152335,5,400.68,604749,739245,-0.06250781347668459,0
2023-07-28 11:02:23,399.7,1152335,5,400.68,604749,739245,-0.06250781347668459,0
2023-07-28 11:02:23,399.7,1152335,5,400.68,604749,739245,-0.06250781347668459,0
2023-07-28 11:02:23,399.7,1152335,1,400.68,604749,739245,-0.06250781347668459,0
2023-07-28 11:02:28,399.7,1152867,11,400.68,605753,739922,-0.06250781347668459,0
2023-07-28 11:02:28,399.7,1152867,5,400.68,605753,739922,-0.06250781347668459,0
2023-07-28 11:02:28,399.7,1152867,3,400.68,605753,739922,-0.06250781347668459,0
2023-07-28 11:02:28,399.7,1152867,3,400.68,605753,739922,-0.06250781347668459,0
2023-07-28 11:02:33,399.7,1152892,1,400.68,605782,739174,-0.06250781347668459,0
2023-07-28 11:02:33,399.7,1152892,42,400.68,605782,739174,-0.06250781347668459,0
2023-07-28 11:02:37,399.7,1153076,2,400.68,605682,740224,-0.06250781347668459,0
2023-07-28 11:02:37,399.65,1153076,5,400.68,605682,740224,-0.07500937617202434,0
2023-07-28 11:02:37,399.6,1153076,1,400.68,605682,740224,-0.0875109388673499,0
2023-07-28 11:02:37,399.75,1153076,49,400.68,605682,740224,-0.050006250781344824,0
2023-07-28 11:02:42,399.65,1154094,2,400.68,605050,739984,-0.07500937617202434,0
2023-07-28 11:02:42,399.7,1154094,15,400.68,605050,739984,-0.06250781347668459,0
2023-07-28 11:02:46,399.7,1154110,100,400.68,605287,739864,-0.06250781347668459,0
2023-07-28 11:02:46,399.7,1154110,1,400.68,605287,739864,-0.06250781347668459,0
2023-07-28 11:02:46,399.7,1154110,1,400.68,605287,739864,-0.06250781347668459,0
2023-07-28 11:02:46,399.7,1154110,10,400.68,605287,739864,-0.06250781347668459,0
2023-07-28 11:02:50,399.7,1154225,10,400.68,604986,739399,-0.06250781347668459,0
2023-07-28 11:02:50,399.7,1154225,1,400.68,604986,739399,-0.06250781347668459,0
2023-07-28 11:02:50,399.65,1154225,1,400.68,604986,739399,-0.07500937617202434,0
2023-07-28 11:02:55,399.7,1154255,3,400.68,604826,730356,-0.06250781347668459,0
2023-07-28 11:02:55,399.6,1154255,1,400.68,604826,730356,-0.0875109388673499,0
2023-07-28 11:02:55,399.6,1154255,38,400.68,604826,730356,-0.0875109388673499,0
2023-07-28 11:02:55,399.7,1154255,13,400.68,604826,730356,-0.06250781347668459,0
2023-07-28 11:03:00,399.75,1154419,12,400.68,606351,738882,-0.050006250781344824,0
2023-07-28 11:03:00,399.7,1154419,1,400.68,606351,738882,-0.06250781347668459,0
2023-07-28 11:03:02,399.7,1154420,1,400.68,606231,736426,-0.06250781347668459,0
2023-07-28 11:03:02,399.7,1154420,10,400.68,606231,736426,-0.06250781347668459,0
2023-07-28 11:03:02,399.7,1154420,10,400.68,606231,736426,-0.06250781347668459,0
2023-07-28 11:03:02,399.65,1154420,1,400.68,606231,736426,-0.07500937617202434,0
2023-07-28 11:03:08,399.65,1154442,1,400.68,606209,739932,-0.07500937617202434,0
2023-07-28 11:03:08,399.65,1154442,5,400.68,606209,739932,-0.07500937617202434,0
2023-07-28 11:03:08,399.65,1154442,4,400.68,606209,739932,-0.07500937617202434,0
2023-07-28 11:03:13,399.6,1154483,1,400.68,606621,730693,-0.0875109388673499,0
2023-07-28 11:03:13,399.6,1154483,1,400.68,606621,730693,-0.0875109388673499,0
2023-07-28 11:03:13,399.65,1154483,1,400.68,606621,730693,-0.07500937617202434,0
2023-07-28 11:03:13,399.65,1154483,40,400.68,606621,730693,-0.07500937617202434,0
2023-07-28 11:03:17,399.6,1155008,5,400.68,605871,734623,-0.0875109388673499,0
2023-07-28 11:03:17,399.6,1155008,25,400.68,605871,734623,-0.0875109388673499,0
2023-07-28 11:03:17,399.55,1155008,10,400.68,605871,734623,-0.10001250156268965,0
2023-07-28 11:03:17,399.6,1155008,1,400.68,605871,734623,-0.0875109388673499,0
2023-07-28 11:03:21,399.6,1155298,7,400.68,603736,731369,-0.0875109388673499,0
2023-07-28 11:03:21,399.55,1155298,6,400.68,603736,731369,-0.10001250156268965,0
2023-07-28 11:03:21,399.6,1155298,1,400.68,603736,731369,-0.0875109388673499,0
2023-07-28 11:03:26,399.6,1155366,5,400.68,603696,730995,-0.0875109388673499,0
2023-07-28 11:03:26,399.55,1155366,2,400.68,603696,730995,-0.10001250156268965,0
2023-07-28 11:03:26,399.6,1155366,5,400.68,603696,730995,-0.0875109388673499,0
2023-07-28 11:03:26,399.6,1155366,4,400.68,603696,730995,-0.0875109388673499,0
2023-07-28 11:03:29,399.6,1155398,4,400.68,603399,729855,-0.0875109388673499,0
2023-07-28 11:03:29,399.6,1155398,721,400.68,603399,729855,-0.0875109388673499,0
2023-07-28 11:03:29,399.65,1155398,2,400.68,603399,729855,-0.07500937617202434,0
2023-07-28 11:03:33,399.65,1156121,2,400.68,604112,741287,-0.07500937617202434,0
2023-07-28 11:03:33,399.6,1156121,3,400.68,604112,741287,-0.0875109388673499,0
2023-07-28 11:03:33,399.6,1156121,65,400.68,604112,741287,-0.0875109388673499,0
2023-07-28 11:03:33,399.65,1156121,30,400.68,604112,741287,-0.07500937617202434,0
2023-07-28 11:03:38,399.65,1158719,30,400.67,603461,740387,-0.07500937617202434,0
2023-07-28 11:03:38,399.65,1158719,3,400.67,603461,740387,-0.07500937617202434,0
2023-07-28 11:03:38,399.6,1158719,1,400.67,603461,740387,-0.0875109388673499,0
2023-07-28 11:03:43,399.6,1158723,1,400.67,603520,740884,-0.0875109388673499,0
2023-07-28 11:03:43,399.65,1158723,1,400.67,603520,740884,-0.07500937617202434,0
2023-07-28 11:03:43,399.65,1158723,5,400.67,603520,740884,-0.07500937617202434,0
2023-07-28 11:03:44,399.65,1158729,5,400.67,603652,740664,-0.07500937617202434,0
2023-07-28 11:03:44,399.6,1158729,13,400.67,603652,740664,-0.0875109388673499,0
2023-07-28 11:03:44,399.65,1158729,4,400.67,603652,740664,-0.07500937617202434,0
2023-07-28 11:03:44,399.65,1158729,1,400.67,603652,740664,-0.07500937617202434,0
2023-07-28 11:03:51,399.65,1158793,10,400.67,603931,742423,-0.07500937617202434,0
2023-07-28 11:03:51,399.6,1158793,50,400.67,603931,742423,-0.0875109388673499,0
2023-07-28 11:03:53,399.6,1158860,50,400.67,603892,742414,-0.0875109388673499,0
2023-07-28 11:03:53,399.6,1158860,6,400.67,603892,742414,-0.0875109388673499,0
2023-07-28 11:03:53,399.65,1158860,1,400.67,603892,742414,-0.07500937617202434,0
2023-07-28 11:03:59,399.65,1158882,15,400.67,603384,742480,-0.07500937617202434,0
2023-07-28 11:03:59,399.65,1158882,45,400.67,603384,742480,-0.07500937617202434,0
2023-07-28 11:03:59,399.65,1158882,25,400.67,603384,742480,-0.07500937617202434,0
2023-07-28 11:04:03,399.6,1159015,1,400.67,603336,742007,-0.0875109388673499,0
2023-07-28 11:04:03,399.55,1159015,1,400.67,603336,742007,-0.10001250156268965,0
2023-07-28 11:04:03,399.6,1159015,6,400.67,603336,742007,-0.0875109388673499,0
2023-07-28 11:04:07,399.6,1159030,6,400.67,603773,742019,-0.0875109388673499,0
2023-07-28 11:04:07,399.65,1159030,50,400.67,603773,742019,-0.07500937617202434,0
2023-07-28 11:04:16,399.65,1159154,24,400.67,604238,742985,-0.07500937617202434,0
2023-07-28 11:04:16,399.65,1159154,25,400.67,604238,742985,-0.07500937617202434,0
2023-07-28 11:04:16,399.65,1159154,2,400.67,604238,742985,-0.07500937617202434,0
2023-07-28 11:04:19,399.65,1159192,2,400.67,605114,742957,-0.07500937617202434,0
2023-07-28 11:04:19,399.6,1159192,1,400.67,605114,742957,-0.0875109388673499,0
2023-07-28 11:04:19,399.65,1159192,1,400.67,605114,742957,-0.07500937617202434,0
2023-07-28 11:04:19,399.65,1159192,100,400.67,605114,742957,-0.07500937617202434,0
2023-07-28 11:04:19,399.65,1159192,1,400.67,605114,742957,-0.07500937617202434,0
2023-07-28 11:04:24,399.65,1159300,5,400.67,605044,743003,-0.07500937617202434,0
2023-07-28 11:04:24,399.65,1159300,3,400.67,605044,743003,-0.07500937617202434,0
2023-07-28 11:04:24,399.6,1159300,1,400.67,605044,743003,-0.0875109388673499,0
2023-07-28 11:04:24,399.65,1159300,10,400.67,605044,743003,-0.07500937617202434,0
2023-07-28 11:04:28,399.6,1159314,1,400.67,604238,743021,-0.0875109388673499,0
2023-07-28 11:04:28,399.65,1159314,3,400.67,604238,743021,-0.07500937617202434,0
2023-07-28 11:04:28,399.65,1159314,15,400.67,604238,743021,-0.07500937617202434,0
2023-07-28 11:04:28,399.65,1159314,2,400.67,604238,743021,-0.07500937617202434,0
2023-07-28 11:04:32,399.6,1159402,66,400.67,604265,743184,-0.0875109388673499,0
2023-07-28 11:04:32,399.65,1159402,9,400.67,604265,743184,-0.07500937617202434,0
2023-07-28 11:04:32,399.65,1159402,1,400.67,604265,743184,-0.07500937617202434,0
2023-07-28 11:04:32,399.65,1159402,100,400.67,604265,743184,-0.07500937617202434,0
2023-07-28 11:04:37,399.65,1159528,5,400.67,604006,743880,-0.07500937617202434,0
2023-07-28 11:04:37,399.65,1159528,2,400.67,604006,743880,-0.07500937617202434,0
2023-07-28 11:04:37,399.65,1159528,1,400.67,604006,743880,-0.07500937617202434,0
2023-07-28 11:04:37,399.65,1159528,5,400.67,604006,743880,-0.07500937617202434,0
2023-07-28 11:04:40,399.65,1159536,5,400.67,603822,744092,-0.07500937617202434,0
2023-07-28 11:04:40,399.6,1159536,1,400.67,603822,744092,-0.0875109388673499,0
2023-07-28 11:04:40,399.6,1159536,8,400.67,603822,744092,-0.0875109388673499,0
2023-07-28 11:04:40,399.6,1159536,1,400.67,603822,744092,-0.0875109388673499,0
2023-07-28 11:04:40,399.65,1159536,2,400.67,603822,744092,-0.07500937617202434,0
2023-07-28 11:04:46,399.65,1160797,25,400.67,603028,743684,-0.07500937617202434,0
2023-07-28 11:04:46,399.65,1160797,25,400.67,603028,743684,-0.07500937617202434,0
2023-07-28 11:04:46,399.65,1160797,4,400.67,603028,743684,-0.07500937617202434,0
2023-07-28 11:04:46,399.65,1160797,1,400.67,603028,743684,-0.07500937617202434,0
2023-07-28 11:04:51,399.65,1160903,81,400.67,595634,740065,-0.07500937617202434,0
2023-07-28 11:04:51,399.6,1160903,40,400.67,595634,740065,-0.0875109388673499,0
2023-07-28 11:04:51,399.55,1160903,1,400.67,595634,740065,-0.10001250156268965,0
2023-07-28 11:04:54,399.55,1160952,1,400.67,603340,740345,-0.10001250156268965,0
2023-07-28 11:04:54,399.6,1160952,100,400.67,603340,740345,-0.0875109388673499,0
2023-07-28 11:04:54,399.6,1160952,1,400.67,603340,740345,-0.0875109388673499,0
2023-07-28 11:04:54,399.65,1160952,25,400.67,603340,740345,-0.07500937617202434,0
2023-07-28 11:04:58,399.65,1161078,25,400.67,603240,740288,-0.07500937617202434,0
2023-07-28 11:04:58,399.65,1161078,139,400.67,603240,740288,-0.07500937617202434,0
2023-07-28 11:04:58,399.65,1161078,10,400.67,603240,740288,-0.07500937617202434,0
2023-07-28 11:04:58,399.65,1161078,1,400.67,603240,740288,-0.07500937617202434,0
2023-07-28 11:04:58,399.55,1161078,8,400.67,603240,740288,-0.10001250156268965,0
2023-07-28 11:05:03,399.65,1161239,10,400.67,602984,733412,-0.07500937617202434,0
2023-07-28 11:05:03,399.55,1161239,12,400.67,602984,733412,-0.10001250156268965,0
2023-07-28 11:05:03,399.7,1161239,1,400.67,602984,733412,-0.06250781347668459,0
2023-07-28 11:05:07,399.7,1161827,10,400.67,603354,743785,-0.06250781347668459,0
2023-07-28 11:05:07,399.7,1161827,1,400.67,603354,743785,-0.06250781347668459,0
2023-07-28 11:05:07,399.65,1161827,15,400.67,603354,743785,-0.07500937617202434,0
2023-07-28 11:05:07,399.7,1161827,17,400.67,603354,743785,-0.06250781347668459,0
2023-07-28 11:05:09,399.7,1161864,17,400.67,603467,742404,-0.06250781347668459,0
2023-07-28 11:05:09,399.6,1161864,1,400.67,603467,742404,-0.0875109388673499,0
2023-07-28 11:05:09,399.65,1161864,1,400.67,603467,742404,-0.07500937617202434,0
2023-07-28 11:05:09,399.7,1161864,1,400.67,603467,742404,-0.06250781347668459,0
2023-07-28 11:05:09,399.7,1161864,1,400.67,603467,742404,-0.06250781347668459,0
2023-07-28 11:05:15,399.7,1161869,1,400.67,603576,743454,-0.06250781347668459,0
2023-07-28 11:05:15,399.65,1161869,10,400.67,603576,743454,-0.07500937617202434,0
2023-07-28 11:05:19,399.65,1161879,10,400.67,603780,743454,-0.07500937617202434,0
2023-07-28 11:05:19,399.7,1161879,12,400.67,603780,743454,-0.06250781347668459,0
2023-07-28 11:05:19,399.7,1161879,12,400.67,603780,743454,-0.06250781347668459,0
2023-07-28 11:05:24,399.7,1161894,2,400.67,603418,743542,-0.06250781347668459,0
2023-07-28 11:05:24,399.7,1161894,2,400.67,603418,743542,-0.06250781347668459,0
2023-07-28 11:05:24,399.7,1161894,2,400.67,603418,743542,-0.06250781347668459,0
2023-07-28 11:05:24,399.7,1161894,2,400.67,603418,743542,-0.06250781347668459,0
2023-07-28 11:05:24,399.65,1161894,1,400.67,603418,743542,-0.07500937617202434,0
2023-07-28 11:05:24,399.65,1161894,1,400.67,603418,743542,-0.07500937617202434,0
2023-07-28 11:05:24,399.65,1161894,1,400.67,603418,743542,-0.07500937617202434,0
2023-07-28 11:05:27,399.65,1161897,1,400.67,601868,743529,-0.07500937617202434,0
2023-07-28 11:05:27,399.7,1161897,1,400.67,601868,743529,-0.06250781347668459,0
2023-07-28 11:05:27,399.7,1161897,2,400.67,601868,743529,-0.06250781347668459,0
2023-07-28 11:05:27,399.7,1161897,1,400.67,601868,743529,-0.06250781347668459,0
2023-07-28 11:05:27,399.65,1161897,1000,400.67,601868,743529,-0.07500937617202434,0
2023-07-28 11:05:32,399.5,1164741,17,400.67,600830,736354,-0.11251406425802941,0
2023-07-28 11:05:32,399.55,1164741,10,400.67,600830,736354,-0.10001250156268965,0
2023-07-28 11:05:32,399.55,1164741,1,400.67,600830,736354,-0.10001250156268965,0
2023-07-28 11:05:32,399.55,1164741,50,400.67,600830,736354,-0.10001250156268965,0
2023-07-28 11:05:32,399.5,1164741,7,400.67,600830,736354,-0.11251406425802941,0
2023-07-28 11:05:37,399.55,1164819,5,400.67,601608,733889,-0.10001250156268965,0
2023-07-28 11:05:37,399.6,1164819,1,400.67,601608,733889,-0.0875109388673499,0
2023-07-28 11:05:37,399.5,1164819,1,400.67,601608,733889,-0.11251406425802941,0
2023-07-28 11:05:41,399.5,1165574,1,400.67,600285,733696,-0.11251406425802941,0
2023-07-28 11:05:41,399.5,1165574,1,400.67,600285,733696,-0.11251406425802941,0
2023-07-28 11:05:41,399.55,1165574,10,400.67,600285,733696,-0.10001250156268965,0
2023-07-28 11:05:41,399.5,1165574,100,400.67,600285,733696,-0.11251406425802941,0
2023-07-28 11:05:41,399.55,1165574,40,400.67,600285,733696,-0.10001250156268965,0
2023-07-28 11:05:45,399.5,1165768,20,400.67,594073,736415,-0.11251406425802941,0
2023-07-28 11:05:45,399.6,1165768,1,400.67,594073,736415,-0.0875109388673499,0
2023-07-28 11:05:45,399.5,1165768,8,400.67,594073,736415,-0.11251406425802941,0
2023-07-28 11:05:49,399.5,1165920,8,400.67,602405,735085,-0.11251406425802941,0
2023-07-28 11:05:49,399.5,1165920,1,400.67,602405,735085,-0.11251406425802941,0
2023-07-28 11:05:49,399.6,1165920,4,400.67,602405,735085,-0.0875109388673499,0
2023-07-28 11:05:53,399.6,1165929,4,400.67,602422,735074,-0.0875109388673499,0
2023-07-28 11:05:53,399.5,1165929,1,400.67,602422,735074,-0.11251406425802941,0
2023-07-28 11:05:53,399.6,1165929,1,400.67,602422,735074,-0.0875109388673499,0
2023-07-28 11:05:57,399.6,1165932,1,400.67,602339,735103,-0.0875109388673499,0
2023-07-28 11:05:57,399.6,1165932,6,400.67,602339,735103,-0.0875109388673499,0
2023-07-28 11:05:57,399.5,1165932,5,400.67,602339,735103,-0.11251406425802941,0
2023-07-28 11:06:02,399.5,1165947,5,400.67,602598,734870,-0.11251406425802941,0
2023-07-28 11:06:02,399.6,1165947,1,400.67,602598,734870,-0.0875109388673499,0
2023-07-28 11:06:02,399.6,1165947,1,400.67,602598,734870,-0.0875109388673499,0
2023-07-28 11:06:07,399.6,1165970,1,400.67,601916,738074,-0.0875109388673499,0
2023-07-28 11:06:07,399.5,1165970,1,400.67,601916,738074,-0.11251406425802941,0
2023-07-28 11:06:07,399.55,1165970,2,400.67,601916,738074,-0.10001250156268965,0
2023-07-28 11:06:12,399.5,1165974,1,400.67,602853,745731,-0.11251406425802941,0
2023-07-28 11:06:12,399.55,1165974,1,400.67,602853,745731,-0.10001250156268965,0
2023-07-28 11:06:16,399.55,1165985,5,400.67,604277,746790,-0.10001250156268965,0
2023-07-28 11:06:16,399.5,1165985,3,400.67,604277,746790,-0.11251406425802941,0
2023-07-28 11:06:16,399.5,1165985,7,400.67,604277,746790,-0.11251406425802941,0
2023-07-28 11:06:16,399.5,1165985,21,400.67,604277,746790,-0.11251406425802941,0
2023-07-28 11:06:16,399.5,1165985,1,400.67,604277,746790,-0.11251406425802941,0
2023-07-28 11:06:20,399.5,1167354,1,400.67,602390,746362,-0.11251406425802941,0
2023-07-28 11:06:20,399.5,1167354,5,400.67,602390,746362,-0.11251406425802941,0
2023-07-28 11:06:20,399.5,1167354,50,400.67,602390,746362,-0.11251406425802941,0
2023-07-28 11:06:20,399.5,1167354,32,400.67,602390,746362,-0.11251406425802941,0
2023-07-28 11:06:26,399.55,1168074,200,400.66,602430,746806,-0.10001250156268965,0
2023-07-28 11:06:26,399.5,1168074,23,400.66,602430,746806,-0.11251406425802941,0
2023-07-28 11:06:26,399.4,1168074,1,400.66,602430,746806,-0.13751718964870893,0
2023-07-28 11:06:26,399.45,1168074,5,400.66,602430,746806,-0.12501562695336918,0
2023-07-28 11:06:30,399.4,1168338,16,400.66,602779,747656,-0.13751718964870893,0
2023-07-28 11:06:30,399.4,1168338,16,400.66,602779,747656,-0.13751718964870893,0
2023-07-28 11:06:30,399.4,1168338,50,400.66,602779,747656,-0.13751718964870893,0
2023-07-28 11:06:30,399.4,1168338,1,400.66,602779,747656,-0.13751718964870893,0
2023-07-28 11:06:30,399.4,1168338,18,400.66,602779,747656,-0.13751718964870893,0
2023-07-28 11:06:30,399.4,1168338,5,400.66,602779,747656,-0.13751718964870893,0
2023-07-28 11:06:37,399.4,1168900,5,400.66,602754,738481,-0.13751718964870893,0
2023-07-28 11:06:37,399.4,1168900,50,400.66,602754,738481,-0.13751718964870893,0
2023-07-28 11:06:37,399.4,1168900,1,400.66,602754,738481,-0.13751718964870893,0
2023-07-28 11:06:40,399.4,1168962,10,400.66,603425,738920,-0.13751718964870893,0
2023-07-28 11:06:40,399.4,1168962,4,400.66,603425,738920,-0.13751718964870893,0
2023-07-28 11:06:40,399.35,1168962,2,400.66,603425,738920,-0.15001875234403447,0
2023-07-28 11:06:40,399.4,1168962,1,400.66,603425,738920,-0.13751718964870893,0
2023-07-28 11:06:40,399.4,1168962,1,400.66,603425,738920,-0.13751718964870893,0
2023-07-28 11:06:47,399.35,1169012,1,400.66,603115,738659,-0.15001875234403447,0
2023-07-28 11:06:47,399.4,1169012,2,400.66,603115,738659,-0.13751718964870893,0
2023-07-28 11:06:47,399.35,1169012,1,400.66,603115,738659,-0.15001875234403447,0
2023-07-28 11:06:47,399.35,1169012,1,400.66,603115,738659,-0.15001875234403447,0
2023-07-28 11:06:52,399.35,1169038,1,400.66,602956,738835,-0.15001875234403447,0
2023-07-28 11:06:52,399.5,1169038,1,400.66,602956,738835,-0.11251406425802941,0
2023-07-28 11:06:52,399.35,1169038,1,400.66,602956,738835,-0.15001875234403447,0
2023-07-28 11:06:52,399.5,1169038,1,400.66,602956,738835,-0.11251406425802941,0
2023-07-28 11:06:56,399.5,1169256,1,400.66,602434,739205,-0.11251406425802941,0
2023-07-28 11:06:56,399.35,1169256,10,400.66,602434,739205,-0.15001875234403447,0
2023-07-28 11:06:58,399.35,1169268,10,400.66,602761,739426,-0.15001875234403447,0
2023-07-28 11:06:58,399.5,1169268,6,400.66,602761,739426,-0.11251406425802941,0
2023-07-28 11:06:58,399.5,1169268,1,400.66,602761,739426,-0.11251406425802941,0
2023-07-28 11:06:58,399.35,1169268,1,400.66,602761,739426,-0.15001875234403447,0
2023-07-28 11:07:05,399.35,1169278,1,400.66,602564,739854,-0.15001875234403447,0
2023-07-28 11:07:05,399.5,1169278,9,400.66,602564,739854,-0.11251406425802941,0
2023-07-28 11:07:05,399.4,1169278,2,400.66,602564,739854,-0.13751718964870893,0
2023-07-28 11:07:10,399.4,1169290,1,400.66,602656,739636,-0.13751718964870893,0
2023-07-28 11:07:10,399.35,1169290,1,400.66,602656,739636,-0.15001875234403447,0
2023-07-28 11:07:10,399.4,1169290,1,400.66,602656,739636,-0.13751718964870893,0
2023-07-28 11:07:10,399.4,1169290,1,400.66,602656,739636,-0.13751718964870893,0
2023-07-28 11:07:14,399.35,1169298,5,400.66,602663,750498,-0.15001875234403447,0
2023-07-28 11:07:14,399.35,1169298,5,400.66,602663,750498,-0.15001875234403447,0
2023-07-28 11:07:14,399.3,1169298,373,400.66,602663,750498,-0.16252031503937425,0
2023-07-28 11:07:17,399.3,1169817,373,400.66,601838,750460,-0.16252031503937425,0
2023-07-28 11:07:17,399.4,1169817,10,400.66,601838,750460,-0.13751718964870893,0
2023-07-28 11:07:17,399.35,1169817,1,400.66,601838,750460,-0.15001875234403447,0
2023-07-28 11:07:17,399.35,1169817,50,400.66,601838,750460,-0.15001875234403447,0
2023-07-28 11:07:22,399.35,1169917,50,400.66,601455,750918,-0.15001875234403447,0
2023-07-28 11:07:22,399.35,1169917,17,400.66,601455,750918,-0.15001875234403447,0
2023-07-28 11:07:22,399.3,1169917,1,400.66,601455,750918,-0.16252031503937425,0
2023-07-28 11:07:22,399.35,1169917,93,400.66,601455,750918,-0.15001875234403447,0
2023-07-28 11:07:22,399.35,1169917,20,400.66,601455,750918,-0.15001875234403447,0
2023-07-28 11:07:27,399.35,1170069,20,400.66,601601,750327,-0.15001875234403447,0
2023-07-28 11:07:27,399.35,1170069,10,400.66,601601,750327,-0.15001875234403447,0
2023-07-28 11:07:27,399.3,1170069,3,400.66,601601,750327,-0.16252031503937425,0
2023-07-28 11:07:27,399.3,1170069,1,400.66,601601,750327,-0.16252031503937425,0
2023-07-28 11:07:27,399.35,1170069,1,400.66,601601,750327,-0.15001875234403447,0
2023-07-28 11:07:27,399.35,1170069,35,400.66,601601,750327,-0.15001875234403447,0
2023-07-28 11:07:34,399.35,1170123,35,400.66,602435,753589,-0.15001875234403447,0
2023-07-28 11:07:34,399.4,1170123,15,400.66,602435,753589,-0.13751718964870893,0
2023-07-28 11:07:34,399.35,1170123,100,400.66,602435,753589,-0.15001875234403447,0
2023-07-28 11:07:39,399.35,1171009,1,400.66,601648,743069,-0.15001875234403447,0
2023-07-28 11:07:39,399.35,1171009,1,400.66,601648,743069,-0.15001875234403447,0
2023-07-28 11:07:39,399.35,1171009,10,400.66,601648,743069,-0.15001875234403447,0
2023-07-28 11:07:39,399.35,1171009,1,400.66,601648,743069,-0.15001875234403447,0
2023-07-28 11:07:43,399.3,1171027,5,400.66,601749,743290,-0.16252031503937425,0
2023-07-28 11:07:43,399.35,1171027,100,400.66,601749,743290,-0.15001875234403447,0
2023-07-28 11:07:43,399.35,1171027,2,400.66,601749,743290,-0.15001875234403447,0
2023-07-28 11:07:43,399.35,1171027,25,400.66,601749,743290,-0.15001875234403447,0
2023-07-28 11:07:47,399.35,1171214,25,400.66,601740,749178,-0.15001875234403447,0
2023-07-28 11:07:47,399.35,1171214,2,400.66,601740,749178,-0.15001875234403447,0
2023-07-28 11:07:47,399.35,1171214,25,400.66,601740,749178,-0.15001875234403447,0
2023-07-28 11:07:47,399.35,1171214,2,400.66,601740,749178,-0.15001875234403447,0
2023-07-28 11:07:47,399.4,1171214,2,400.66,601740,749178,-0.13751718964870893,0
2023-07-28 11:07:52,399.35,1171290,40,400.66,601924,753473,-0.15001875234403447,0
2023-07-28 11:07:52,399.4,1171290,10,400.66,601924,753473,-0.13751718964870893,0
2023-07-28 11:07:52,399.35,1171290,44,400.66,601924,753473,-0.15001875234403447,0
2023-07-28 11:07:52,399.6,1171290,14,400.66,601924,753473,-0.0875109388673499,0
2023-07-28 11:07:57,399.6,1174766,22,400.66,605871,737431,-0.0875109388673499,0
2023-07-28 11:07:57,399.6,1174766,22,400.66,605871,737431,-0.0875109388673499,0
2023-07-28 11:07:57,399.55,1174766,1,400.66,605871,737431,-0.10001250156268965,0
2023-07-28 11:07:57,399.45,1174766,34,400.66,605871,737431,-0.12501562695336918,0
2023-07-28 11:07:57,399.55,1174766,5,400.66,605871,737431,-0.10001250156268965,0
2023-07-28 11:08:00,399.55,1174811,5,400.66,605452,737661,-0.10001250156268965,0
2023-07-28 11:08:00,399.55,1174811,13,400.66,605452,737661,-0.10001250156268965,0
2023-07-28 11:08:00,399.55,1174811,1,400.66,605452,737661,-0.10001250156268965,0
2023-07-28 11:08:00,399.5,1174811,30,400.66,605452,737661,-0.11251406425802941,0
2023-07-28 11:08:06,399.5,1174858,1,400.66,604403,737451,-0.11251406425802941,0
2023-07-28 11:08:06,399.55,1174858,44,400.66,604403,737451,-0.10001250156268965,0
2023-07-28 11:08:06,399.55,1174858,1,400.66,604403,737451,-0.10001250156268965,0
2023-07-28 11:08:06,399.65,1174858,41,400.66,604403,737451,-0.07500937617202434,0
2023-07-28 11:08:10,399.6,1175724,1,400.66,606254,747618,-0.0875109388673499,0
2023-07-28 11:08:10,399.65,1175724,20,400.66,606254,747618,-0.07500937617202434,0
2023-07-28 11:08:10,399.55,1175724,16,400.66,606254,747618,-0.10001250156268965,0
2023-07-28 11:08:10,399.55,1175724,1,400.66,606254,747618,-0.10001250156268965,0
2023-07-28 11:08:14,399.55,1176271,1,400.66,605774,736334,-0.10001250156268965,0
2023-07-28 11:08:14,399.55,1176271,20,400.66,605774,736334,-0.10001250156268965,0
2023-07-28 11:08:14,399.7,1176271,5,400.66,605774,736334,-0.06250781347668459,0
2023-07-28 11:08:14,399.7,1176271,1,400.66,605774,736334,-0.06250781347668459,0
2023-07-28 11:08:14,399.55,1176271,1,400.66,605774,736334,-0.10001250156268965,0
2023-07-28 11:08:19,399.65,1176305,2,400.66,606992,746708,-0.07500937617202434,0
2023-07-28 11:08:19,399.65,1176305,2,400.66,606992,746708,-0.07500937617202434,0
2023-07-28 11:08:19,399.65,1176305,1,400.66,606992,746708,-0.07500937617202434,0
2023-07-28 11:08:19,399.65,1176305,1,400.66,606992,746708,-0.07500937617202434,0
2023-07-28 11:08:19,399.65,1176305,3,400.66,606992,746708,-0.07500937617202434,0
2023-07-28 11:08:19,399.65,1176305,3,400.66,606992,746708,-0.07500937617202434,0
2023-07-28 11:08:22,399.65,1176341,3,400.66,605668,737734,-0.07500937617202434,0
2023-07-28 11:08:22,399.65,1176341,3,400.66,605668,737734,-0.07500937617202434,0
2023-07-28 11:08:22,399.65,1176341,3,400.66,605668,737734,-0.07500937617202434,0
2023-07-28 11:08:22,399.5,1176341,12,400.66,605668,737734,-0.11251406425802941,0
2023-07-28 11:08:22,399.5,1176341,12,400.66,605668,737734,-0.11251406425802941,0
2023-07-28 11:08:22,399.5,1176341,12,400.66,605668,737734,-0.11251406425802941,0
2023-07-28 11:08:28,399.65,1176860,483,400.66,605743,739739,-0.07500937617202434,0
2023-07-28 11:08:28,399.65,1176860,483,400.66,605743,739739,-0.07500937617202434,0
2023-07-28 11:08:28,399.7,1176860,1,400.66,605743,739739,-0.06250781347668459,0
2023-07-28 11:08:28,399.7,1176860,10,400.66,605743,739739,-0.06250781347668459,0
2023-07-28 11:08:28,399.7,1176860,25,400.66,605743,739739,-0.06250781347668459,0
2023-07-28 11:08:28,399.65,1176860,7,400.66,605743,739739,-0.07500937617202434,0
2023-07-28 11:08:32,399.65,1176950,7,400.66,598493,734100,-0.07500937617202434,0
2023-07-28 11:08:32,399.55,1176950,15,400.66,598493,734100,-0.10001250156268965,0
2023-07-28 11:08:32,399.55,1176950,10,400.66,598493,734100,-0.10001250156268965,0
2023-07-28 11:08:32,399.65,1176950,2,400.66,598493,734100,-0.07500937617202434,0
2023-07-28 11:08:32,399.55,1176950,1,400.66,598493,734100,-0.10001250156268965,0
2023-07-28 11:08:37,399.55,1177008,1,400.66,606624,736811,-0.10001250156268965,0
2023-07-28 11:08:37,399.65,1177008,1,400.66,606624,736811,-0.07500937617202434,0
2023-07-28 11:08:41,399.5,1177027,18,400.66,605866,736285,-0.11251406425802941,0
2023-07-28 11:08:41,399.5,1177027,1,400.66,605866,736285,-0.11251406425802941,0
2023-07-28 11:08:41,399.65,1177027,1,400.66,605866,736285,-0.07500937617202434,0
2023-07-28 11:08:41,399.65,1177027,5,400.66,605866,736285,-0.07500937617202434,0
2023-07-28 11:08:45,399.65,1177050,5,400.66,607584,736283,-0.07500937617202434,0
2023-07-28 11:08:45,399.65,1177050,1,400.66,607584,736283,-0.07500937617202434,0
2023-07-28 11:08:45,399.65,1177050,6,400.66,607584,736283,-0.07500937617202434,0
2023-07-28 11:08:45,399.65,1177050,10,400.66,607584,736283,-0.07500937617202434,0
2023-07-28 11:08:49,399.5,1177072,5,400.66,607547,737761,-0.11251406425802941,0
2023-07-28 11:08:49,399.65,1177072,1,400.66,607547,737761,-0.07500937617202434,0
2023-07-28 11:08:49,399.55,1177072,1,400.66,607547,737761,-0.10001250156268965,0
2023-07-28 11:08:54,399.65,1177197,18,400.66,606784,737180,-0.07500937617202434,0
2023-07-28 11:08:54,399.65,1177197,18,400.66,606784,737180,-0.07500937617202434,0
2023-07-28 11:08:54,399.65,1177197,5,400.66,606784,737180,-0.07500937617202434,0
2023-07-28 11:08:54,399.65,1177197,20,400.66,606784,737180,-0.07500937617202434,0
2023-07-28 11:08:58,399.65,1177273,20,400.66,606953,737027,-0.07500937617202434,0
2023-07-28 11:08:58,399.65,1177273,2,400.66,606953,737027,-0.07500937617202434,0
2023-07-28 11:09:00,399.65,1177275,2,400.66,606702,747811,-0.07500937617202434,0
2023-07-28 11:09:00,399.65,1177275,1,400.66,606702,747811,-0.07500937617202434,0
2023-07-28 11:09:00,399.65,1177275,1,400.66,606702,747811,-0.07500937617202434,0
2023-07-28 11:09:00,399.65,1177275,20,400.66,606702,747811,-0.07500937617202434,0
2023-07-28 11:09:00,399.65,1177275,40,400.66,606702,747811,-0.07500937617202434,0
2023-07-28 11:09:06,399.65,1177339,40,400.66,606983,748847,-0.07500937617202434,0
2023-07-28 11:09:06,399.65,1177339,180,400.66,606983,748847,-0.07500937617202434,0
2023-07-28 11:09:06,399.65,1177339,1,400.66,606983,748847,-0.07500937617202434,0
2023-07-28 11:09:11,399.65,1177523,1,400.66,606710,748182,-0.07500937617202434,0
2023-07-28 11:09:11,399.65,1177523,15,400.66,606710,748182,-0.07500937617202434,0
2023-07-28 11:09:11,399.6,1177523,1,400.66,606710,748182,-0.0875109388673499,0
2023-07-28 11:09:15,399.6,1177540,1,400.66,606258,748266,-0.0875109388673499,0
2023-07-28 11:09:15,399.6,1177540,1,400.66,606258,748266,-0.0875109388673499,0
2023-07-28 11:09:15,399.65,1177540,1,400.66,606258,748266,-0.07500937617202434,0
2023-07-28 11:09:19,399.65,1177552,1,400.66,606399,748479,-0.07500937617202434,0
2023-07-28 11:09:19,399.6,1177552,22,400.66,606399,748479,-0.0875109388673499,0
2023-07-28 11:09:19,399.65,1177552,1,400.66,606399,748479,-0.07500937617202434,0
2023-07-28 11:09:23,399.65,1177576,11,400.66,607397,737521,-0.07500937617202434,0
2023-07-28 11:09:23,399.5,1177576,1,400.66,607397,737521,-0.11251406425802941,0
2023-07-28 11:09:23,399.5,1177576,8,400.66,607397,737521,-0.11251406425802941,0
2023-07-28 11:09:27,399.6,1177749,1,400.66,606074,749008,-0.0875109388673499,0
2023-07-28 11:09:27,399.6,1177749,10,400.66,606074,749008,-0.0875109388673499,0
2023-07-28 11:09:27,399.6,1177749,1,400.66,606074,749008,-0.0875109388673499,0
2023-07-28 11:09:30,399.6,1177760,1,400.66,606116,748897,-0.0875109388673499,0
2023-07-28 11:09:30,399.6,1177760,68,400.66,606116,748897,-0.0875109388673499,0
2023-07-28 11:09:33,399.6,1177939,68,400.65,605797,748364,-0.0875109388673499,0
2023-07-28 11:09:33,399.6,1177939,15,400.65,605797,748364,-0.0875109388673499,0
2023-07-28 11:09:33,399.5,1177939,1,400.65,605797,748364,-0.11251406425802941,0
2023-07-28 11:09:33,399.6,1177939,3,400.65,605797,748364,-0.0875109388673499,0
2023-07-28 11:09:40,399.5,1179494,34,400.65,604636,750657,-0.11251406425802941,0
2023-07-28 11:09:40,399.5,1179494,34,400.65,604636,750657,-0.11251406425802941,0
2023-07-28 11:09:40,399.55,1179494,100,400.65,604636,750657,-0.10001250156268965,0
2023-07-28 11:09:40,399.5,1179494,100,400.65,604636,750657,-0.11251406425802941,0
2023-07-28 11:09:40,399.5,1179494,1,400.65,604636,750657,-0.11251406425802941,0
2023-07-28 11:09:40,399.5,1179494,12,400.65,604636,750657,-0.11251406425802941,0
2023-07-28 11:09:43,399.5,1179742,12,400.65,604447,750876,-0.11251406425802941,0
2023-07-28 11:09:43,399.5,1179742,1,400.65,604447,750876,-0.11251406425802941,0
2023-07-28 11:09:43,399.5,1179742,1,400.65,604447,750876,-0.11251406425802941,0
2023-07-28 11:09:43,399.5,1179742,3,400.65,604447,750876,-0.11251406425802941,0
2023-07-28 11:09:46,399.5,1179747,3,400.65,604561,750971,-0.11251406425802941,0
2023-07-28 11:09:46,399.5,1179747,1,400.65,604561,750971,-0.11251406425802941,0
2023-07-28 11:09:46,399.45,1179747,1,400.65,604561,750971,-0.12501562695336918,0
2023-07-28 11:09:46,399.45,1179747,28,400.65,604561,750971,-0.12501562695336918,0
2023-07-28 11:09:50,399.45,1179783,100,400.65,604349,750741,-0.12501562695336918,0
2023-07-28 11:09:50,399.5,1179783,1,400.65,604349,750741,-0.11251406425802941,0
2023-07-28 11:09:50,399.5,1179783,100,400.65,604349,750741,-0.11251406425802941,0
2023-07-28 11:09:56,399.55,1179997,1,400.65,604429,747609,-0.10001250156268965,0
2023-07-28 11:09:56,399.45,1179997,100,400.65,604429,747609,-0.12501562695336918,0
2023-07-28 11:09:56,399.55,1179997,192,400.65,604429,747609,-0.10001250156268965,0
2023-07-28 11:09:56,399.6,1179997,25,400.65,604429,747609,-0.0875109388673499,0
2023-07-28 11:09:56,399.6,1179997,10,400.65,604429,747609,-0.0875109388673499,0
2023-07-28 11:10:00,399.55,1180366,2,400.65,604819,742325,-0.10001250156268965,0
2023-07-28 11:10:00,399.55,1180366,2,400.65,604819,742325,-0.10001250156268965,0
2023-07-28 11:10:00,399.5,1180366,12,400.65,604819,742325,-0.11251406425802941,0
2023-07-28 11:10:00,399.5,1180366,25,400.65,604819,742325,-0.11251406425802941,0
2023-07-28 11:10:04,399.4,1180447,1,400.65,604041,744298,-0.13751718964870893,0
2023-07-28 11:10:04,399.4,1180447,5,400.65,604041,744298,-0.13751718964870893,0
2023-07-28 11:10:04,399.5,1180447,17,400.65,604041,744298,-0.11251406425802941,0
2023-07-28 11:10:04,399.5,1180447,66,400.65,604041,744298,-0.11251406425802941,0
2023-07-28 11:10:09,399.5,1180547,1,400.65,604212,750871,-0.11251406425802941,0
2023-07-28 11:10:09,399.5,1180547,81,400.65,604212,750871,-0.11251406425802941,0
2023-07-28 11:10:09,399.4,1180547,15,400.65,604212,750871,-0.13751718964870893,0
2023-07-28 11:10:09,399.5,1180547,1,400.65,604212,750871,-0.11251406425802941,0
2023-07-28 11:10:13,399.4,1180974,1,400.65,604227,752339,-0.13751718964870893,0
2023-07-28 11:10:13,399.5,1180974,50,400.65,604227,752339,-0.11251406425802941,0
2023-07-28 11:10:13,399.5,1180974,1,400.65,604227,752339,-0.11251406425802941,0
2023-07-28 11:10:16,399.5,1181055,1,400.65,604171,752252,-0.11251406425802941,0
2023-07-28 11:10:16,399.5,1181055,392,400.65,604171,752252,-0.11251406425802941,0
2023-07-28 11:10:16,399.45,1181055,1,400.65,604171,752252,-0.12501562695336918,0
2023-07-28 11:10:16,399.5,1181055,2,400.65,604171,752252,-0.11251406425802941,0
2023-07-28 11:10:21,399.5,1181848,2,400.65,596872,746872,-0.11251406425802941,0
2023-07-28 11:10:21,399.45,1181848,1,400.65,596872,746872,-0.12501562695336918,0
2023-07-28 11:10:21,399.5,1181848,2,400.65,596872,746872,-0.11251406425802941,0
2023-07-28 11:10:21,399.55,1181848,402,400.65,596872,746872,-0.10001250156268965,0
2023-07-28 11:10:26,399.55,1182356,402,400.65,605451,749478,-0.10001250156268965,0
2023-07-28 11:10:26,399.55,1182356,1,400.65,605451,749478,-0.10001250156268965,0
2023-07-28 11:10:26,399.5,1182356,1,400.65,605451,749478,-0.11251406425802941,0
2023-07-28 11:10:31,399.5,1182359,1,400.65,605804,750242,-0.11251406425802941,0
2023-07-28 11:10:31,399.5,1182359,1,400.65,605804,750242,-0.11251406425802941,0
2023-07-28 11:10:31,399.5,1182359,5,400.65,605804,750242,-0.11251406425802941,0
2023-07-28 11:10:31,399.6,1182359,203,400.65,605804,750242,-0.0875109388673499,0
2023-07-28 11:10:34,399.6,1182768,203,400.65,605504,744358,-0.0875109388673499,0
2023-07-28 11:10:34,399.5,1182768,13,400.65,605504,744358,-0.11251406425802941,0
2023-07-28 11:10:34,399.5,1182768,57,400.65,605504,744358,-0.11251406425802941,0
2023-07-28 11:10:34,399.5,1182768,64,400.65,605504,744358,-0.11251406425802941,0
2023-07-28 11:10:34,399.4,1182768,13,400.65,605504,744358,-0.13751718964870893,0
2023-07-28 11:10:39,399.5,1183184,1,400.65,605883,744326,-0.11251406425802941,0
2023-07-28 11:10:39,399.4,1183184,1,400.65,605883,744326,-0.13751718964870893,0
2023-07-28 11:10:39,399.55,1183184,26,400.65,605883,744326,-0.10001250156268965,0
2023-07-28 11:10:39,399.5,1183184,250,400.65,605883,744326,-0.11251406425802941,0
2023-07-28 11:10:43,399.5,1183509,250,400.65,605842,749066,-0.11251406425802941,0
2023-07-28 11:10:43,399.5,1183509,30,400.65,605842,749066,-0.11251406425802941,0
2023-07-28 11:10:43,399.45,1183509,2,400.65,605842,749066,-0.12501562695336918,0
2023-07-28 11:10:43,399.5,1183509,1,400.65,605842,749066,-0.11251406425802941,0
2023-07-28 11:10:46,399.5,1183562,1,400.65,606379,749717,-0.11251406425802941,0
2023-07-28 11:10:46,399.6,1183562,37,400.65,606379,749717,-0.0875109388673499,0
2023-07-28 11:10:46,399.55,1183562,62,400.65,606379,749717,-0.10001250156268965,0
2023-07-28 11:10:46,399.5,1183562,1,400.65,606379,749717,-0.11251406425802941,0
2023-07-28 11:10:52,399.5,1185307,8,400.65,606951,738676,-0.11251406425802941,0
2023-07-28 11:10:52,399.5,1185307,1,400.65,606951,738676,-0.11251406425802941,0
2023-07-28 11:10:52,399.35,1185307,50,400.65,606951,738676,-0.15001875234403447,0
2023-07-28 11:10:56,399.4,1185434,1,400.65,608191,745301,-0.13751718964870893,0
2023-07-28 11:10:56,399.5,1185434,1,400.65,608191,745301,-0.11251406425802941,0
2023-07-28 11:10:56,399.4,1185434,2,400.65,608191,745301,-0.13751718964870893,0
2023-07-28 11:10:58,399.4,1185437,2,400.65,608494,751509,-0.13751718964870893,0
2023-07-28 11:10:58,399.5,1185437,30,400.65,608494,751509,-0.11251406425802941,0
2023-07-28 11:10:58,399.5,1185437,1,400.65,608494,751509,-0.11251406425802941,0
2023-07-28 11:10:58,399.45,1185437,1,400.65,608494,751509,-0.12501562695336918,0
2023-07-28 11:11:05,399.5,1185537,65,400.65,607348,751468,-0.11251406425802941,0
2023-07-28 11:11:05,399.5,1185537,554,400.65,607348,751468,-0.11251406425802941,0
2023-07-28 11:11:05,399.5,1185537,80,400.65,607348,751468,-0.11251406425802941,0
2023-07-28 11:11:05,399.55,1185537,10,400.65,607348,751468,-0.10001250156268965,0
2023-07-28 11:11:09,399.4,1188463,270,400.64,606626,752190,-0.13751718964870893,0
2023-07-28 11:11:09,399.4,1188463,7,400.64,606626,752190,-0.13751718964870893,0
2023-07-28 11:11:09,399.35,1188463,15,400.64,606626,752190,-0.15001875234403447,0
2023-07-28 11:11:09,399.35,1188463,20,400.64,606626,752190,-0.15001875234403447,0
2023-07-28 11:11:13,399.5,1188720,1,400.64,607820,750313,-0.11251406425802941,0
2023-07-28 11:11:13,399.5,1188720,1,400.64,607820,750313,-0.11251406425802941,0
2023-07-28 11:11:13,399.4,1188720,19,400.64,607820,750313,-0.13751718964870893,0
2023-07-28 11:11:13,399.5,1188720,3,400.64,607820,750313,-0.11251406425802941,0
2023-07-28 11:11:13,399.4,1188720,10,400.64,607820,750313,-0.13751718964870893,0
2023-07-28 11:11:16,399.4,1188770,10,400.64,607697,750884,-0.13751718964870893,0
2023-07-28 11:11:16,399.5,1188770,2,400.64,607697,750884,-0.11251406425802941,0
2023-07-28 11:11:16,399.4,1188770,1,400.64,607697,750884,-0.13751718964870893,0
2023-07-28 11:11:22,399.35,1188786,13,400.64,608248,749691,-0.15001875234403447,0
2023-07-28 11:11:22,399.5,1188786,28,400.64,608248,749691,-0.11251406425802941,0
2023-07-28 11:11:22,399.5,1188786,10,400.64,608248,749691,-0.11251406425802941,0
2023-07-28 11:11:22,399.45,1188786,11,400.64,608248,749691,-0.12501562695336918,0
2023-07-28 11:11:22,399.45,1188786,11,400.64,608248,749691,-0.12501562695336918,0
2023-07-28 11:11:22,399.5,1188786,3,400.64,608248,749691,-0.11251406425802941,0
2023-07-28 11:11:22,399.5,1188786,3,400.64,608248,749691,-0.11251406425802941,0
2023-07-28 11:11:26,399.5,1188870,3,400.64,608886,748229,-0.11251406425802941,0
2023-07-28 11:11:26,399.5,1188870,3,400.64,608886,748229,-0.11251406425802941,0
2023-07-28 11:11:26,399.55,1188870,25,400.64,608886,748229,-0.10001250156268965,0
2023-07-28 11:11:26,399.55,1188870,308,400.64,608886,748229,-0.10001250156268965,0
2023-07-28 11:11:26,399.5,1188870,40,400.64,608886,748229,-0.11251406425802941,0
2023-07-28 11:11:26,399.35,1188870,126,400.64,608886,748229,-0.15001875234403447,0
2023-07-28 11:11:31,399.35,1190314,126,400.64,609452,748883,-0.15001875234403447,0
2023-07-28 11:11:31,399.5,1190314,2,400.64,609452,748883,-0.11251406425802941,0
2023-07-28 11:11:31,399.5,1190314,25,400.64,609452,748883,-0.11251406425802941,0
2023-07-28 11:11:31,399.5,1190314,10,400.64,609452,748883,-0.11251406425802941,0
2023-07-28 11:11:35,399.5,1190351,10,400.64,609510,751592,-0.11251406425802941,0
2023-07-28 11:11:35,399.35,1190351,301,400.64,609510,751592,-0.15001875234403447,0
2023-07-28 11:11:35,399.5,1190351,10,400.64,609510,751592,-0.11251406425802941,0
2023-07-28 11:11:35,399.5,1190351,25,400.64,609510,751592,-0.11251406425802941,0
2023-07-28 11:11:38,399.4,1190862,5,400.64,609495,753061,-0.13751718964870893,0
2023-07-28 11:11:38,399.5,1190862,80,400.64,609495,753061,-0.11251406425802941,0
2023-07-28 11:11:39,399.5,1190942,80,400.64,609536,752981,-0.11251406425802941,0
2023-07-28 11:11:39,399.4,1190942,1,400.64,609536,752981,-0.13751718964870893,0
2023-07-28 11:11:39,399.5,1190942,1,400.64,609536,752981,-0.11251406425802941,0
2023-07-28 11:11:39,399.5,1190942,1,400.64,609536,752981,-0.11251406425802941,0
2023-07-28 11:11:39,399.5,1190942,10,400.64,609536,752981,-0.11251406425802941,0
2023-07-28 11:11:39,399.5,1190942,50,400.64,609536,752981,-0.11251406425802941,0
2023-07-28 11:11:47,399.5,1191015,50,400.64,609870,754246,-0.11251406425802941,0
2023-07-28 11:11:47,399.5,1191015,50,400.64,609870,754246,-0.11251406425802941,0
2023-07-28 11:11:47,399.5,1191015,2,400.64,609870,754246,-0.11251406425802941,0
2023-07-28 11:11:47,399.6,1191015,126,400.64,609870,754246,-0.0875109388673499,0
2023-07-28 11:11:50,399.6,1192887,126,400.64,608070,751366,-0.0875109388673499,0
2023-07-28 11:11:50,399.6,1192887,1,400.64,608070,751366,-0.0875109388673499,0
2023-07-28 11:11:50,399.5,1192887,1,400.64,608070,751366,-0.11251406425802941,0
2023-07-28 11:11:50,399.6,1192887,85,400.64,608070,751366,-0.0875109388673499,0
2023-07-28 11:11:54,399.5,1192975,47,400.64,608576,749555,-0.11251406425802941,0
2023-07-28 11:11:54,399.6,1192975,2,400.64,608576,749555,-0.0875109388673499,0
2023-07-28 11:11:54,399.6,1192975,1,400.64,608576,749555,-0.0875109388673499,0
2023-07-28 11:11:54,399.6,1192975,2,400.64,608576,749555,-0.0875109388673499,0
2023-07-28 11:11:59,399.6,1193098,1,400.64,608579,750658,-0.0875109388673499,0
2023-07-28 11:11:59,399.5,1193098,24,400.64,608579,750658,-0.11251406425802941,0
2023-07-28 11:11:59,399.6,1193098,5,400.64,608579,750658,-0.0875109388673499,0
2023-07-28 11:11:59,399.6,1193098,1,400.64,608579,750658,-0.0875109388673499,0
2023-07-28 11:11:59,399.6,1193098,1,400.64,608579,750658,-0.0875109388673499,0
2023-07-28 11:11:59,399.6,1193098,4,400.64,608579,750658,-0.0875109388673499,0
2023-07-28 11:11:59,399.6,1193098,1,400.64,608579,750658,-0.0875109388673499,0
2023-07-28 11:12:07,399.5,1193689,10,400.64,609225,739745,-0.11251406425802941,0
2023-07-28 11:12:07,399.6,1193689,4,400.64,609225,739745,-0.0875109388673499,0
2023-07-28 11:12:07,399.6,1193689,5,400.64,609225,739745,-0.0875109388673499,0
2023-07-28 11:12:07,399.6,1193689,1,400.64,609225,739745,-0.0875109388673499,0
2023-07-28 11:12:11,399.6,1193716,1,400.64,609217,739728,-0.0875109388673499,0
2023-07-28 11:12:11,399.6,1193716,1,400.64,609217,739728,-0.0875109388673499,0
2023-07-28 11:12:11,399.6,1193716,50,400.64,609217,739728,-0.0875109388673499,0
2023-07-28 11:12:11,399.6,1193716,24,400.64,609217,739728,-0.0875109388673499,0
2023-07-28 11:12:11,399.65,1193716,49,400.64,609217,739728,-0.07500937617202434,0
2023-07-28 11:12:14,399.65,1194166,49,400.64,609392,751149,-0.07500937617202434,0
2023-07-28 11:12:14,399.6,1194166,3,400.64,609392,751149,-0.0875109388673499,0
2023-07-28 11:12:14,399.65,1194166,2,400.64,609392,751149,-0.07500937617202434,0
2023-07-28 11:12:14,399.65,1194166,1,400.64,609392,751149,-0.07500937617202434,0
2023-07-28 11:12:19,399.65,1194176,3,400.64,609715,751093,-0.07500937617202434,0
2023-07-28 11:12:19,399.6,1194176,3,400.64,609715,751093,-0.0875109388673499,0
2023-07-28 11:12:19,399.6,1194176,1,400.64,609715,751093,-0.0875109388673499,0
2023-07-28 11:12:19,399.65,1194176,10,400.64,609715,751093,-0.07500937617202434,0
2023-07-28 11:12:24,399.65,1194202,10,400.64,609626,751121,-0.07500937617202434,0
2023-07-28 11:12:24,399.65,1194202,25,400.64,609626,751121,-0.07500937617202434,0
2023-07-28 11:12:24,399.65,1194202,1,400.64,609626,751121,-0.07500937617202434,0
2023-07-28 11:12:27,399.65,1194228,1,400.64,610099,750605,-0.07500937617202434,0
2023-07-28 11:12:27,399.6,1194228,1,400.64,610099,750605,-0.0875109388673499,0
2023-07-28 11:12:27,399.65,1194228,1,400.64,610099,750605,-0.07500937617202434,0
2023-07-28 11:12:27,399.6,1194228,56,400.64,610099,750605,-0.0875109388673499,0
2023-07-28 11:12:27,399.65,1194228,1,400.64,610099,750605,-0.07500937617202434,0
2023-07-28 11:12:33,399.6,1194343,50,400.64,610126,754535,-0.0875109388673499,0
2023-07-28 11:12:33,399.6,1194343,50,400.64,610126,754535,-0.0875109388673499,0
2023-07-28 11:12:33,399.65,1194343,1,400.64,610126,754535,-0.07500937617202434,0
2023-07-28 11:12:33,399.65,1194343,2,400.64,610126,754535,-0.07500937617202434,0
2023-07-28 11:12:37,399.65,1194447,2,400.64,611306,754409,-0.07500937617202434,0
