2023-07-28 10:49:28,85.4,20484109,1690,84.85,2921656,6914897,0.5297233666862894,0
2023-07-28 10:49:28,85.35,20484109,33,84.85,2921656,6914897,0.4708652148322442,0
2023-07-28 10:49:28,85.35,20484109,500,84.85,2921656,6914897,0.4708652148322442,0
2023-07-28 10:49:28,85.35,20484109,393,84.85,2921656,6914897,0.4708652148322442,0
2023-07-28 10:49:33,85.35,20487419,100,84.85,2928034,6906188,0.4708652148322442,0
2023-07-28 10:49:33,85.35,20487419,169,84.85,2928034,6906188,0.4708652148322442,0
2023-07-28 10:49:33,85.4,20487419,10,84.85,2928034,6906188,0.5297233666862894,0
2023-07-28 10:49:33,85.35,20487419,5,84.85,2928034,6906188,0.4708652148322442,0
2023-07-28 10:49:33,85.4,20487419,300,84.85,2928034,6906188,0.5297233666862894,0
2023-07-28 10:49:37,85.35,20489116,4,84.85,2921906,6914586,0.4708652148322442,0
2023-07-28 10:49:37,85.4,20489116,5,84.85,2921906,6914586,0.5297233666862894,0
2023-07-28 10:49:37,85.35,20489116,20,84.85,2921906,6914586,0.4708652148322442,0
2023-07-28 10:49:37,85.35,20489116,5,84.85,2921906,6914586,0.4708652148322442,0
2023-07-28 10:49:37,85.35,20489116,5,84.85,2921906,6914586,0.4708652148322442,0
2023-07-28 10:49:41,85.4,20493241,100,84.85,2933335,6901896,0.5297233666862894,0
2023-07-28 10:49:41,85.4,20493241,100,84.85,2933335,6901896,0.5297233666862894,0
2023-07-28 10:49:41,85.35,20493241,50,84.85,2933335,6901896,0.4708652148322442,0
2023-07-28 10:49:41,85.35,20493241,168,84.85,2933335,6901896,0.4708652148322442,0
2023-07-28 10:49:41,85.4,20493241,45,84.85,2933335,6901896,0.5297233666862894,0
2023-07-28 10:49:45,85.35,20495048,75,84.85,2928408,6901036,0.4708652148322442,0
2023-07-28 10:49:45,85.35,20495048,4,84.85,2928408,6901036,0.4708652148322442,0
2023-07-28 10:49:45,85.4,20495048,55,84.85,2928408,6901036,0.5297233666862894,0
2023-07-28 10:49:45,85.4,20495048,84,84.85,2928408,6901036,0.5297233666862894,0
2023-07-28 10:49:45,85.35,20495048,169,84.85,2928408,6901036,0.4708652148322442,0
2023-07-28 10:49:49,85.4,20495541,1,84.85,2928245,6905028,0.5297233666862894,0
2023-07-28 10:49:49,85.4,20495541,30,84.85,2928245,6905028,0.5297233666862894,0
2023-07-28 10:49:49,85.4,20495541,10,84.85,2928245,6905028,0.5297233666862894,0
2023-07-28 10:49:49,85.4,20495541,1,84.85,2928245,6905028,0.5297233666862894,0
2023-07-28 10:49:53,85.35,20499827,3765,84.85,2927446,6905486,0.4708652148322442,0
2023-07-28 10:49:53,85.4,20499827,3,84.85,2927446,6905486,0.5297233666862894,0
2023-07-28 10:49:53,85.35,20499827,46,84.85,2927446,6905486,0.4708652148322442,0
2023-07-28 10:49:53,85.35,20499827,80,84.85,2927446,6905486,0.4708652148322442,0
2023-07-28 10:49:57,85.35,20505431,501,84.85,2927709,6918801,0.4708652148322442,0
2023-07-28 10:49:57,85.35,20505431,169,84.85,2927709,6918801,0.4708652148322442,0
2023-07-28 10:49:57,85.35,20505431,1,84.85,2927709,6918801,0.4708652148322442,0
2023-07-28 10:49:57,85.35,20505431,50,84.85,2927709,6918801,0.4708652148322442,0
2023-07-28 10:49:57,85.35,20505431,170,84.85,2927709,6918801,0.4708652148322442,0
2023-07-28 10:50:01,85.35,20507317,392,84.85,2914199,6977204,0.4708652148322442,0
2023-07-28 10:50:01,85.35,20507317,392,84.85,2914199,6977204,0.4708652148322442,0
2023-07-28 10:50:01,85.35,20507317,50,84.85,2914199,6977204,0.4708652148322442,0
2023-07-28 10:50:01,85.3,20507317,5,84.85,2914199,6977204,0.41200706297821577,0
2023-07-28 10:50:05,85.3,20529188,5,84.85,2890329,6986089,0.41200706297821577,0
2023-07-28 10:50:05,85.35,20529188,500,84.85,2890329,6986089,0.4708652148322442,0
2023-07-28 10:50:05,85.3,20529188,1404,84.85,2890329,6986089,0.41200706297821577,0
2023-07-28 10:50:05,85.3,20529188,156,84.85,2890329,6986089,0.41200706297821577,0
2023-07-28 10:50:05,85.3,20529188,3,84.85,2890329,6986089,0.41200706297821577,0
2023-07-28 10:50:05,85.3,20529188,5,84.85,2890329,6986089,0.41200706297821577,0
2023-07-28 10:50:10,85.3,20539466,5,84.85,2888921,6988981,0.41200706297821577,0
2023-07-28 10:50:10,85.35,20539466,107,84.85,2888921,6988981,0.4708652148322442,0
2023-07-28 10:50:10,85.35,20539466,100,84.85,2888921,6988981,0.4708652148322442,0
2023-07-28 10:50:10,85.3,20539466,168,84.85,2888921,6988981,0.41200706297821577,0
2023-07-28 10:50:10,85.35,20539466,2245,84.85,2888921,6988981,0.4708652148322442,0
2023-07-28 10:50:15,85.35,20546356,276,84.85,2898172,6978343,0.4708652148322442,0
2023-07-28 10:50:15,85.35,20546356,92,84.85,2898172,6978343,0.4708652148322442,0
2023-07-28 10:50:15,85.3,20546356,200,84.85,2898172,6978343,0.41200706297821577,0
2023-07-28 10:50:15,85.3,20546356,169,84.85,2898172,6978343,0.41200706297821577,0
2023-07-28 10:50:19,85.35,20552131,1,84.85,2904894,6978287,0.4708652148322442,0
2023-07-28 10:50:19,85.3,20552131,600,84.85,2904894,6978287,0.41200706297821577,0
2023-07-28 10:50:19,85.3,20552131,47,84.85,2904894,6978287,0.41200706297821577,0
2023-07-28 10:50:19,85.3,20552131,392,84.85,2904894,6978287,0.41200706297821577,0
2023-07-28 10:50:24,85.3,20555815,100,84.85,2893578,6968749,0.41200706297821577,0
2023-07-28 10:50:24,85.35,20555815,10,84.85,2893578,6968749,0.4708652148322442,0
2023-07-28 10:50:24,85.35,20555815,8,84.85,2893578,6968749,0.4708652148322442,0
2023-07-28 10:50:24,85.3,20555815,50,84.85,2893578,6968749,0.41200706297821577,0
2023-07-28 10:50:24,85.3,20555815,200,84.85,2893578,6968749,0.41200706297821577,0
2023-07-28 10:50:28,85.3,20556714,2704,84.85,2928804,6970488,0.41200706297821577,0
2023-07-28 10:50:28,85.35,20556714,5,84.85,2928804,6970488,0.4708652148322442,0
2023-07-28 10:50:28,85.3,20556714,80,84.85,2928804,6970488,0.41200706297821577,0
2023-07-28 10:50:28,85.3,20556714,134,84.85,2928804,6970488,0.41200706297821577,0
2023-07-28 10:50:28,85.3,20556714,50,84.85,2928804,6970488,0.41200706297821577,0
2023-07-28 10:50:32,85.3,20691138,50,84.85,2914612,6957209,0.41200706297821577,0
2023-07-28 10:50:32,85.3,20691138,168,84.85,2914612,6957209,0.41200706297821577,0
2023-07-28 10:50:32,85.3,20691138,400,84.85,2914612,6957209,0.41200706297821577,0
2023-07-28 10:50:32,85.3,20691138,29,84.85,2914612,6957209,0.41200706297821577,0
2023-07-28 10:50:32,85.3,20691138,50,84.85,2914612,6957209,0.41200706297821577,0
2023-07-28 10:50:32,85.3,20691138,108,84.85,2914612,6957209,0.41200706297821577,0
2023-07-28 10:50:38,85.3,20724618,3,84.85,2931538,6933388,0.41200706297821577,0
2023-07-28 10:50:38,85.3,20724618,170,84.85,2931538,6933388,0.41200706297821577,0
2023-07-28 10:50:38,85.35,20724618,7,84.85,2931538,6933388,0.4708652148322442,0
2023-07-28 10:50:38,85.3,20724618,50,84.85,2931538,6933388,0.41200706297821577,0
2023-07-28 10:50:38,85.35,20724618,25,84.85,2931538,6933388,0.4708652148322442,0
2023-07-28 10:50:42,85.3,20731724,367,84.85,2932152,6923190,0.41200706297821577,0
2023-07-28 10:50:42,85.3,20731724,168,84.85,2932152,6923190,0.41200706297821577,0
2023-07-28 10:50:42,85.4,20731724,43,84.85,2932152,6923190,0.5297233666862894,0
2023-07-28 10:50:42,85.35,20731724,1,84.85,2932152,6923190,0.4708652148322442,0
2023-07-28 10:50:42,85.3,20731724,1,84.85,2932152,6923190,0.41200706297821577,0
2023-07-28 10:50:47,85.35,20732986,11,84.85,2927325,6935764,0.4708652148322442,0
2023-07-28 10:50:47,85.3,20732986,169,84.85,2927325,6935764,0.41200706297821577,0
2023-07-28 10:50:47,85.3,20732986,160,84.85,2927325,6935764,0.41200706297821577,0
2023-07-28 10:50:47,85.35,20732986,2,84.85,2927325,6935764,0.4708652148322442,0
2023-07-28 10:50:47,85.35,20732986,1,84.85,2927325,6935764,0.4708652148322442,0
2023-07-28 10:50:52,85.3,20734072,935,84.85,2937728,6936630,0.41200706297821577,0
2023-07-28 10:50:52,85.3,20734072,169,84.85,2937728,6936630,0.41200706297821577,0
2023-07-28 10:50:52,85.3,20734072,1,84.85,2937728,6936630,0.41200706297821577,0
2023-07-28 10:50:52,85.3,20734072,5,84.85,2937728,6936630,0.41200706297821577,0
2023-07-28 10:50:56,85.35,20735998,6,84.85,2942598,6938821,0.4708652148322442,0
2023-07-28 10:50:56,85.3,20735998,1000,84.85,2942598,6938821,0.41200706297821577,0
2023-07-28 10:50:56,85.3,20735998,169,84.85,2942598,6938821,0.41200706297821577,0
2023-07-28 10:50:56,85.35,20735998,50,84.85,2942598,6938821,0.4708652148322442,0
2023-07-28 10:50:56,85.3,20735998,4,84.85,2942598,6938821,0.41200706297821577,0
2023-07-28 10:51:01,85.3,20738002,100,84.85,2935166,6947511,0.41200706297821577,0
2023-07-28 10:51:01,85.3,20738002,168,84.85,2935166,6947511,0.41200706297821577,0
2023-07-28 10:51:05,85.3,20740204,10,84.85,2933614,6954449,0.41200706297821577,0
2023-07-28 10:51:05,85.3,20740204,10,84.85,2933614,6954449,0.41200706297821577,0
2023-07-28 10:51:05,85.3,20740204,300,84.85,2933614,6954449,0.41200706297821577,0
2023-07-28 10:51:05,85.3,20740204,170,84.85,2933614,6954449,0.41200706297821577,0
2023-07-28 10:51:05,85.35,20740204,500,84.85,2933614,6954449,0.4708652148322442,0
2023-07-28 10:51:10,85.3,20742769,4,84.85,2929782,6955593,0.41200706297821577,0
2023-07-28 10:51:10,85.35,20742769,1579,84.85,2929782,6955593,0.4708652148322442,0
2023-07-28 10:51:10,85.35,20742769,50,84.85,2929782,6955593,0.4708652148322442,0
2023-07-28 10:51:10,85.3,20742769,168,84.85,2929782,6955593,0.41200706297821577,0
2023-07-28 10:51:15,85.35,20747024,10,84.85,2935143,6956147,0.4708652148322442,0
2023-07-28 10:51:15,85.3,20747024,5,84.85,2935143,6956147,0.41200706297821577,0
2023-07-28 10:51:15,85.3,20747024,5,84.85,2935143,6956147,0.41200706297821577,0
2023-07-28 10:51:15,85.35,20747024,10,84.85,2935143,6956147,0.4708652148322442,0
2023-07-28 10:51:15,85.3,20747024,169,84.85,2935143,6956147,0.41200706297821577,0
2023-07-28 10:51:20,85.3,20758214,4,84.85,2922436,6957502,0.41200706297821577,0
2023-07-28 10:51:20,85.35,20758214,30,84.85,2922436,6957502,0.4708652148322442,0
2023-07-28 10:51:20,85.3,20758214,392,84.85,2922436,6957502,0.41200706297821577,0
2023-07-28 10:51:20,85.35,20758214,2,84.85,2922436,6957502,0.4708652148322442,0
2023-07-28 10:51:20,85.3,20758214,169,84.85,2922436,6957502,0.41200706297821577,0
2023-07-28 10:51:23,85.3,20760428,188,84.85,2923504,6958688,0.41200706297821577,0
2023-07-28 10:51:23,85.3,20760428,5,84.85,2923504,6958688,0.41200706297821577,0
2023-07-28 10:51:23,85.3,20760428,9,84.85,2923504,6958688,0.41200706297821577,0
2023-07-28 10:51:23,85.3,20760428,250,84.85,2923504,6958688,0.41200706297821577,0
2023-07-28 10:51:23,85.3,20760428,169,84.85,2923504,6958688,0.41200706297821577,0
2023-07-28 10:51:28,85.3,20761242,169,84.85,2923333,6958644,0.41200706297821577,0
2023-07-28 10:51:28,85.3,20761242,8,84.85,2923333,6958644,0.41200706297821577,0
2023-07-28 10:51:28,85.3,20761242,171,84.85,2923333,6958644,0.41200706297821577,0
2023-07-28 10:51:28,85.35,20761242,2,84.85,2923333,6958644,0.4708652148322442,0
2023-07-28 10:51:33,85.3,20762297,168,84.85,2975691,6952161,0.41200706297821577,0
2023-07-28 10:51:33,85.35,20762297,1,84.85,2975691,6952161,0.4708652148322442,0
2023-07-28 10:51:33,85.35,20762297,16,84.85,2975691,6952161,0.4708652148322442,0
2023-07-28 10:51:33,85.3,20762297,350,84.85,2975691,6952161,0.41200706297821577,0
2023-07-28 10:51:33,85.3,20762297,3,84.85,2975691,6952161,0.41200706297821577,0
2023-07-28 10:51:38,85.35,20764683,2,84.85,2969257,6956687,0.4708652148322442,0
2023-07-28 10:51:38,85.3,20764683,170,84.85,2969257,6956687,0.41200706297821577,0
2023-07-28 10:51:38,85.35,20764683,36,84.85,2969257,6956687,0.4708652148322442,0
2023-07-28 10:51:38,85.3,20764683,4,84.85,2969257,6956687,0.41200706297821577,0
2023-07-28 10:51:38,85.3,20764683,11,84.85,2969257,6956687,0.41200706297821577,0
2023-07-28 10:51:42,85.3,20766061,1,84.85,2951247,6957308,0.41200706297821577,0
2023-07-28 10:51:42,85.35,20766061,20,84.85,2951247,6957308,0.4708652148322442,0
2023-07-28 10:51:42,85.35,20766061,2,84.85,2951247,6957308,0.4708652148322442,0
2023-07-28 10:51:42,85.3,20766061,5,84.85,2951247,6957308,0.41200706297821577,0
2023-07-28 10:51:47,85.3,20784155,1000,84.85,2922208,7001036,0.41200706297821577,0
2023-07-28 10:51:47,85.3,20784155,394,84.85,2922208,7001036,0.41200706297821577,0
2023-07-28 10:51:47,85.35,20784155,100,84.85,2922208,7001036,0.4708652148322442,0
2023-07-28 10:51:50,85.35,20827563,100,84.86,2965959,6945679,0.4708652148322442,0
2023-07-28 10:51:50,85.45,20827563,3,84.86,2965959,6945679,0.5885815185403178,0
2023-07-28 10:51:50,85.45,20827563,170,84.86,2965959,6945679,0.5885815185403178,0
2023-07-28 10:51:50,85.45,20827563,1,84.86,2965959,6945679,0.5885815185403178,0
2023-07-28 10:51:50,85.45,20827563,1,84.86,2965959,6945679,0.5885815185403178,0
2023-07-28 10:51:56,85.5,20957407,93,84.86,3002340,6851495,0.6474396703943462,0
2023-07-28 10:51:56,85.5,20957407,504,84.86,3002340,6851495,0.6474396703943462,0
2023-07-28 10:51:56,85.5,20957407,1,84.86,3002340,6851495,0.6474396703943462,0
2023-07-28 10:51:56,85.5,20957407,169,84.86,3002340,6851495,0.6474396703943462,0
2023-07-28 10:51:56,85.5,20957407,1,84.86,3002340,6851495,0.6474396703943462,0
2023-07-28 10:52:00,85.5,20981061,1233,84.86,2991995,6834314,0.6474396703943462,0
2023-07-28 10:52:00,85.5,20981061,745,84.86,2991995,6834314,0.6474396703943462,0
2023-07-28 10:52:00,85.5,20981061,170,84.86,2991995,6834314,0.6474396703943462,0
2023-07-28 10:52:00,85.5,20981061,1,84.86,2991995,6834314,0.6474396703943462,0
2023-07-28 10:52:00,85.6,20981061,168,84.86,2991995,6834314,0.7651559741024031,0
2023-07-28 10:52:03,85.65,21067337,2049,84.86,3052275,6715187,0.8240141259564483,0
2023-07-28 10:52:03,85.65,21067337,1,84.86,3052275,6715187,0.8240141259564483,0
2023-07-28 10:52:03,85.65,21067337,250,84.86,3052275,6715187,0.8240141259564483,0
2023-07-28 10:52:08,85.65,21136668,170,84.87,3062680,6687596,0.8240141259564483,0
2023-07-28 10:52:08,85.7,21136668,150,84.87,3062680,6687596,0.8828722778104767,0
2023-07-28 10:52:08,85.7,21136668,4,84.87,3062680,6687596,0.8828722778104767,0
2023-07-28 10:52:08,85.7,21136668,76,84.87,3062680,6687596,0.8828722778104767,0
2023-07-28 10:52:08,85.75,21136668,1000,84.87,3062680,6687596,0.9417304296645052,0
2023-07-28 10:52:12,85.7,21193351,168,84.87,3094328,6628657,0.8828722778104767,0
2023-07-28 10:52:12,85.75,21193351,23,84.87,3094328,6628657,0.9417304296645052,0
2023-07-28 10:52:12,85.75,21193351,1176,84.87,3094328,6628657,0.9417304296645052,0
2023-07-28 10:52:12,85.75,21193351,10,84.87,3094328,6628657,0.9417304296645052,0
2023-07-28 10:52:17,85.8,21287938,1000,84.87,3082347,6592865,1.0005885815185336,0
2023-07-28 10:52:17,85.8,21287938,169,84.87,3082347,6592865,1.0005885815185336,0
2023-07-28 10:52:17,85.8,21287938,1000,84.87,3082347,6592865,1.0005885815185336,0
2023-07-28 10:52:17,85.8,21287938,25,84.87,3082347,6592865,1.0005885815185336,0
2023-07-28 10:52:21,85.85,21338348,120,84.87,3125418,6546421,1.0594467333725621,0
2023-07-28 10:52:21,85.8,21338348,306,84.87,3125418,6546421,1.0005885815185336,0
2023-07-28 10:52:21,85.85,21338348,3000,84.87,3125418,6546421,1.0594467333725621,0
2023-07-28 10:52:21,85.85,21338348,169,84.87,3125418,6546421,1.0594467333725621,0
2023-07-28 10:52:25,85.9,21362079,100,84.88,3119217,6518735,1.118304885226607,0
2023-07-28 10:52:25,85.85,21362079,1500,84.88,3119217,6518735,1.0594467333725621,0
2023-07-28 10:52:25,85.85,21362079,28,84.88,3119217,6518735,1.0594467333725621,0
2023-07-28 10:52:25,85.9,21362079,25,84.88,3119217,6518735,1.118304885226607,0
2023-07-28 10:52:25,85.85,21362079,504,84.88,3119217,6518735,1.0594467333725621,0
2023-07-28 10:52:25,85.85,21362079,50,84.88,3119217,6518735,1.0594467333725621,0
2023-07-28 10:52:25,85.85,21362079,395,84.88,3119217,6518735,1.0594467333725621,0
2023-07-28 10:52:25,85.8,21362079,1,84.88,3119217,6518735,1.0005885815185336,0
2023-07-28 10:52:33,85.85,21425357,1,84.88,3097600,6600118,1.0594467333725621,0
2023-07-28 10:52:33,85.8,21425357,168,84.88,3097600,6600118,1.0005885815185336,0
2023-07-28 10:52:33,85.8,21425357,2000,84.88,3097600,6600118,1.0005885815185336,0
2023-07-28 10:52:33,85.85,21425357,1400,84.88,3097600,6600118,1.0594467333725621,0
2023-07-28 10:52:33,85.85,21425357,1,84.88,3097600,6600118,1.0594467333725621,0
2023-07-28 10:52:33,85.8,21425357,100,84.88,3097600,6600118,1.0005885815185336,0
2023-07-28 10:52:38,85.8,21443055,1479,84.88,3082151,6601265,1.0005885815185336,0
2023-07-28 10:52:38,85.8,21443055,170,84.88,3082151,6601265,1.0005885815185336,0
2023-07-28 10:52:38,85.85,21443055,200,84.88,3082151,6601265,1.0594467333725621,0
2023-07-28 10:52:38,85.85,21443055,500,84.88,3082151,6601265,1.0594467333725621,0
2023-07-28 10:52:38,85.8,21443055,490,84.88,3082151,6601265,1.0005885815185336,0
2023-07-28 10:52:42,85.8,21464764,200,84.88,3067015,6624491,1.0005885815185336,0
2023-07-28 10:52:42,85.8,21464764,38,84.88,3067015,6624491,1.0005885815185336,0
2023-07-28 10:52:42,85.85,21464764,75,84.88,3067015,6624491,1.0594467333725621,0
2023-07-28 10:52:42,85.75,21464764,4,84.88,3067015,6624491,0.9417304296645052,0
2023-07-28 10:52:42,85.8,21464764,5,84.88,3067015,6624491,1.0005885815185336,0
2023-07-28 10:52:47,85.75,21496118,100,84.88,3054885,6625297,0.9417304296645052,0
2023-07-28 10:52:47,85.8,21496118,3,84.88,3054885,6625297,1.0005885815185336,0
2023-07-28 10:52:47,85.8,21496118,169,84.88,3054885,6625297,1.0005885815185336,0
2023-07-28 10:52:47,85.85,21496118,12,84.88,3054885,6625297,1.0594467333725621,0
2023-07-28 10:52:47,85.75,21496118,1,84.88,3054885,6625297,0.9417304296645052,0
2023-07-28 10:52:51,85.75,21506896,393,84.88,3044558,6610450,0.9417304296645052,0
2023-07-28 10:52:51,85.8,21506896,100,84.88,3044558,6610450,1.0005885815185336,0
2023-07-28 10:52:51,85.75,21506896,169,84.88,3044558,6610450,0.9417304296645052,0
2023-07-28 10:52:51,85.8,21506896,147,84.88,3044558,6610450,1.0005885815185336,0
2023-07-28 10:52:55,85.8,21515595,225,84.88,3037149,6632614,1.0005885815185336,0
2023-07-28 10:52:55,85.75,21515595,3000,84.88,3037149,6632614,0.9417304296645052,0
2023-07-28 10:52:55,85.85,21515595,5,84.88,3037149,6632614,1.0594467333725621,0
2023-07-28 10:52:55,85.8,21515595,200,84.88,3037149,6632614,1.0005885815185336,0
2023-07-28 10:53:00,85.8,21574037,300,84.88,2924404,6630394,1.0005885815185336,0
2023-07-28 10:53:00,85.8,21574037,5,84.88,2924404,6630394,1.0005885815185336,0
2023-07-28 10:53:00,85.75,21574037,170,84.88,2924404,6630394,0.9417304296645052,0
2023-07-28 10:53:00,85.75,21574037,4045,84.88,2924404,6630394,0.9417304296645052,0
2023-07-28 10:53:00,85.8,21574037,8,84.88,2924404,6630394,1.0005885815185336,0
2023-07-28 10:53:04,85.8,21599243,433,84.89,2907942,6653942,1.0005885815185336,0
2023-07-28 10:53:04,85.7,21599243,118,84.89,2907942,6653942,0.8828722778104767,0
2023-07-28 10:53:06,85.8,21621480,144,84.89,2914871,6632998,1.0005885815185336,0
2023-07-28 10:53:06,85.75,21621480,23,84.89,2914871,6632998,0.9417304296645052,0
2023-07-28 10:53:07,85.7,21623968,2000,84.89,2900895,6673718,0.8828722778104767,0
2023-07-28 10:53:08,85.65,21667637,1,84.89,2900025,6715504,0.8240141259564483,0
2023-07-28 10:53:09,85.65,21680252,2448,84.89,2912195,6726807,0.8240141259564483,0
2023-07-28 10:53:10,85.7,21680681,80,84.89,2911899,6715162,0.8828722778104767,0
2023-07-28 10:53:11,85.75,21690784,100,84.89,2912862,6762854,0.9417304296645052,0
2023-07-28 10:53:13,85.7,21691204,10,84.89,2912125,6763799,0.8828722778104767,0
2023-07-28 10:53:14,85.65,21691561,35,84.89,2911556,6790716,0.8240141259564483,0
2023-07-28 10:53:14,85.7,21691566,5,84.89,2911311,6793083,0.8828722778104767,0
2023-07-28 10:53:16,85.6,21704667,1734,84.89,2885233,6802810,0.7651559741024031,0
2023-07-28 10:53:16,85.6,21704667,1734,84.89,2885233,6802810,0.7651559741024031,0
2023-07-28 10:53:16,85.6,21704667,1734,84.89,2886907,6805011,0.7651559741024031,0
2023-07-28 10:53:18,85.65,21704738,1,84.89,2885391,6777857,0.8240141259564483,0
2023-07-28 10:53:18,85.6,21704917,9,84.89,2888158,6824627,0.7651559741024031,0
2023-07-28 10:53:18,85.7,21704917,21,84.89,2888158,6824627,0.8828722778104767,0
2023-07-28 10:53:20,85.7,21716462,3,84.89,2940962,6755029,0.8828722778104767,0
2023-07-28 10:53:21,85.7,21739524,3,84.89,2968094,6985392,0.8828722778104767,0
2023-07-28 10:53:21,85.75,21739524,1,84.89,2968094,6985392,0.9417304296645052,0
2023-07-28 10:53:22,85.7,21740027,2,84.89,2967423,6993956,0.8828722778104767,0
2023-07-28 10:53:22,85.7,21740027,500,84.89,2969388,6996986,0.8828722778104767,0
2023-07-28 10:53:24,85.7,21740896,200,84.89,2979011,6996432,0.8828722778104767,0
2023-07-28 10:53:25,85.75,21741024,2,84.89,2978616,6991494,0.9417304296645052,0
2023-07-28 10:53:26,85.75,21743036,1,84.89,2976640,6996308,0.9417304296645052,0
2023-07-28 10:53:26,85.7,21743286,250,84.89,2968792,6776617,0.8828722778104767,0
2023-07-28 10:53:28,85.7,21744405,169,84.89,2975955,6778617,0.8828722778104767,0
2023-07-28 10:53:29,85.7,21744422,10,84.89,2989439,6780077,0.8828722778104767,0
2023-07-28 10:53:31,85.75,21766652,500,84.89,2996363,6757901,0.9417304296645052,0
2023-07-28 10:53:31,85.75,21766652,171,84.89,2996363,6757901,0.9417304296645052,0
2023-07-28 10:53:32,85.8,21767231,50,84.89,3009544,6771663,1.0005885815185336,0
2023-07-28 10:53:32,85.75,21767231,2,84.89,3009544,6771663,0.9417304296645052,0
2023-07-28 10:53:32,85.75,21767239,2,84.89,3012401,6774392,0.9417304296645052,0
2023-07-28 10:53:34,85.8,21769657,25,84.89,3034771,6772641,1.0005885815185336,0
2023-07-28 10:53:34,85.85,21769657,250,84.89,3034771,6772641,1.0594467333725621,0
2023-07-28 10:53:35,85.8,21789855,23,84.89,3013204,6775774,1.0005885815185336,0
2023-07-28 10:53:35,85.75,21789855,240,84.89,3013204,6775774,0.9417304296645052,0
2023-07-28 10:53:36,85.85,21792406,10,84.89,3019684,6771488,1.0594467333725621,0
2023-07-28 10:53:36,85.75,21792406,49,84.89,3019684,6771488,0.9417304296645052,0
2023-07-28 10:53:37,85.8,21792466,5,84.89,3015870,6772715,1.0005885815185336,0
2023-07-28 10:53:37,85.8,21793521,5,84.89,3014660,6774105,1.0005885815185336,0
2023-07-28 10:53:39,85.8,21798114,20,84.89,3017423,6769857,1.0005885815185336,0
2023-07-28 10:53:40,85.75,21798115,1,84.89,3017424,6770703,0.9417304296645052,0
2023-07-28 10:53:40,85.85,21798115,1,84.89,3017424,6770703,1.0594467333725621,0
2023-07-28 10:53:41,85.85,21818783,2000,84.89,3008253,6739986,1.0594467333725621,0
2023-07-28 10:53:41,85.85,21818793,10,84.89,3012090,6741653,1.0594467333725621,0
2023-07-28 10:53:43,85.85,21827302,1,84.89,3036085,6733073,1.0594467333725621,0
2023-07-28 10:53:43,85.8,21827302,5,84.89,3036085,6733073,1.0005885815185336,0
2023-07-28 10:53:44,85.8,21827477,2,84.89,3034389,6737289,1.0005885815185336,0
2023-07-28 10:53:45,85.8,21828325,1,84.89,3025045,6745529,1.0005885815185336,0
2023-07-28 10:53:45,85.8,21828648,79,84.89,3020137,6746740,1.0005885815185336,0
2023-07-28 10:53:45,85.85,21828648,20,84.89,3020137,6746740,1.0594467333725621,0
2023-07-28 10:53:47,85.85,21832450,7,84.89,3012724,6748308,1.0594467333725621,0
2023-07-28 10:53:47,85.8,21832450,20,84.89,3012724,6748308,1.0005885815185336,0
2023-07-28 10:53:48,85.85,21833496,12,84.89,3009918,6752956,1.0594467333725621,0
2023-07-28 10:53:48,85.8,21833496,500,84.89,3009918,6752956,1.0005885815185336,0
2023-07-28 10:53:49,85.8,21834315,100,84.89,3016371,6754712,1.0005885815185336,0
2023-07-28 10:53:50,85.8,21835149,5,84.89,3021839,6754639,1.0005885815185336,0
2023-07-28 10:53:50,85.8,21839412,25,84.89,3026129,6748217,1.0005885815185336,0
2023-07-28 10:53:51,85.8,21840137,300,84.89,3022433,6749260,1.0005885815185336,0
2023-07-28 10:53:53,85.8,21842422,20,84.89,3017201,6753847,1.0005885815185336,0
2023-07-28 10:53:54,85.85,21853927,6,84.9,3026071,6760102,1.0594467333725621,0
2023-07-28 10:53:54,85.85,21904554,50,84.9,3042105,6686386,1.0594467333725621,0
2023-07-28 10:53:54,85.85,21904554,1,84.9,3042105,6686386,1.0594467333725621,0
2023-07-28 10:53:55,85.85,21905755,1,84.9,3043010,6714776,1.0594467333725621,0
2023-07-28 10:53:56,85.85,21912965,3828,84.9,3060985,6729738,1.0594467333725621,0
2023-07-28 10:53:57,85.85,21914732,1,84.9,3060970,6750482,1.0594467333725621,0
2023-07-28 10:53:57,85.85,21914732,169,84.9,3060970,6750482,1.0594467333725621,0
2023-07-28 10:53:58,85.85,21917039,20,84.9,3060673,6748905,1.0594467333725621,0
2023-07-28 10:54:00,85.9,21919320,6,84.9,3053181,6748461,1.118304885226607,0
2023-07-28 10:54:01,85.85,22009134,25,84.9,3017749,6683684,1.0594467333725621,0
2023-07-28 10:54:01,85.85,22011064,155,84.9,3039435,6684819,1.0594467333725621,0
2023-07-28 10:54:03,85.85,22033738,35,84.9,3035400,6661149,1.0594467333725621,0
2023-07-28 10:54:03,85.85,22033738,168,84.9,3035400,6661149,1.0594467333725621,0
2023-07-28 10:54:04,85.9,22039247,2000,84.9,3035577,6620368,1.118304885226607,0
2023-07-28 10:54:05,85.95,22097891,80,84.91,3018997,6618847,1.1771630370806356,0
2023-07-28 10:54:05,85.9,22097891,100,84.91,3018997,6618847,1.118304885226607,0
2023-07-28 10:54:07,85.95,22223855,25,84.91,3024266,6484926,1.1771630370806356,0
2023-07-28 10:54:07,86.05,22223855,1898,84.91,3024266,6484926,1.2948793407886925,0
2023-07-28 10:54:08,86.15,22705697,170,84.94,3111413,6069405,1.412595644496766,0
2023-07-28 10:54:08,86.2,22705697,1,84.94,3111413,6069405,1.4714537963507945,0
2023-07-28 10:54:10,86.25,22940235,70,84.95,3163580,5905076,1.530311948204823,0
2023-07-28 10:54:11,86.25,23023243,100,84.95,3223918,5837014,1.530311948204823,0
2023-07-28 10:54:12,86.3,23078719,200,84.96,3088919,5853407,1.5891701000588514,0
2023-07-28 10:54:13,86.25,23116506,1000,84.96,3029295,5865330,1.530311948204823,0
2023-07-28 10:54:13,86.3,23116506,1387,84.96,3029295,5865330,1.5891701000588514,0
2023-07-28 10:54:15,86.2,23142608,440,84.96,3032604,5887014,1.4714537963507945,0
2023-07-28 10:54:15,86.25,23142608,200,84.96,3032604,5887014,1.530311948204823,0
2023-07-28 10:54:16,86.25,23144804,500,84.96,3034023,5891037,1.530311948204823,0
2023-07-28 10:54:17,86.25,23174650,10217,84.96,3043883,5866133,1.530311948204823,0
2023-07-28 10:54:18,86.15,23187114,350,84.96,2999437,5908332,1.412595644496766,0
2023-07-28 10:54:18,86.2,23187114,2,84.96,2999437,5908332,1.4714537963507945,0
2023-07-28 10:54:19,86.1,23188112,300,84.96,2993416,5941279,1.353737492642721,0
2023-07-28 10:54:20,86.15,23203182,28,84.96,2964509,5967258,1.412595644496766,0
2023-07-28 10:54:20,86.05,23203182,125,84.96,2964509,5967258,1.2948793407886925,0
2023-07-28 10:54:21,86.15,23245283,753,84.97,2997512,5954517,1.412595644496766,0
2023-07-28 10:54:22,86.1,23266853,50,84.97,2946752,5982865,1.353737492642721,0
2023-07-28 10:54:22,86.05,23266853,2049,84.97,2946752,5982865,1.2948793407886925,0
2023-07-28 10:54:23,86.0,23271930,50,84.97,2952911,5975086,1.2360211889346642,0
2023-07-28 10:54:24,86.1,23282243,1723,84.97,3002583,5969508,1.353737492642721,0
2023-07-28 10:54:24,86.1,23282602,150,84.97,2999768,6004484,1.353737492642721,0
2023-07-28 10:54:24,86.1,23282602,200,84.97,2999768,6004484,1.353737492642721,0
2023-07-28 10:54:26,86.1,23288913,1112,84.97,3000767,6026233,1.353737492642721,0
2023-07-28 10:54:27,86.1,23326889,400,84.97,3009863,6030961,1.353737492642721,0
2023-07-28 10:54:28,86.05,23329739,200,84.97,2988754,6045640,1.2948793407886925,0
2023-07-28 10:54:29,86.1,23333003,15,84.97,2994791,6052470,1.353737492642721,0
2023-07-28 10:54:30,86.1,23336795,2,84.97,3002859,6052436,1.353737492642721,0
2023-07-28 10:54:30,86.1,23336795,505,84.97,3002859,6052436,1.353737492642721,0
2023-07-28 10:54:31,86.05,23338269,172,84.97,3004319,6069283,1.2948793407886925,0
2023-07-28 10:54:32,86.05,23340392,10,84.97,2997601,6067525,1.2948793407886925,0
2023-07-28 10:54:33,86.1,23348898,9,84.97,3002147,6064251,1.353737492642721,0
2023-07-28 10:54:33,86.05,23348898,168,84.97,3002147,6064251,1.2948793407886925,0
2023-07-28 10:54:34,86.1,23354686,25,84.97,3004979,6081159,1.353737492642721,0
2023-07-28 10:54:35,86.05,23355008,100,84.97,3001117,6086049,1.2948793407886925,0
2023-07-28 10:54:35,86.05,23355008,14,84.97,3001117,6086049,1.2948793407886925,0
2023-07-28 10:54:37,86.05,23381894,29,84.97,3014925,6122487,1.2948793407886925,0
2023-07-28 10:54:38,86.05,23384676,170,84.97,2999672,6155406,1.2948793407886925,0
2023-07-28 10:54:39,86.1,23392146,1,84.97,3016180,6156675,1.353737492642721,0
2023-07-28 10:54:40,86.05,23424888,199,84.97,2970518,6174714,1.2948793407886925,0
2023-07-28 10:54:41,86.0,23427930,392,84.97,2984759,6194292,1.2360211889346642,0
2023-07-28 10:54:43,86.05,23436501,1000,84.97,3000071,6159832,1.2948793407886925,0
2023-07-28 10:54:43,86.0,23436501,168,84.97,3000071,6159832,1.2360211889346642,0
2023-07-28 10:54:45,86.0,23449909,1000,84.97,2988316,6195154,1.2360211889346642,0
2023-07-28 10:54:45,86.05,23450076,1,84.97,2990663,6217307,1.2948793407886925,0
2023-07-28 10:54:45,86.0,23450076,125,84.97,2990663,6217307,1.2360211889346642,0
2023-07-28 10:54:47,86.05,23451938,510,84.97,2993761,6223582,1.2948793407886925,0
2023-07-28 10:54:47,86.05,23451938,420,84.97,2993761,6223582,1.2948793407886925,0
2023-07-28 10:54:47,86.05,23452358,420,84.97,3017838,6231912,1.2948793407886925,0
2023-07-28 10:54:48,86.0,23452527,4,84.97,3015043,6236134,1.2360211889346642,0
2023-07-28 10:54:48,86.05,23452527,800,84.97,3015043,6236134,1.2948793407886925,0
2023-07-28 10:54:50,86.05,23497658,1,84.98,2981311,6245908,1.2948793407886925,0
2023-07-28 10:54:50,86.0,23497658,393,84.98,2981311,6245908,1.2360211889346642,0
2023-07-28 10:54:52,86.0,23499698,1092,84.98,2984996,6254723,1.2360211889346642,0
2023-07-28 10:54:53,86.0,23502157,1000,84.98,3021832,6264095,1.2360211889346642,0
2023-07-28 10:54:53,85.95,23502157,169,84.98,3021832,6264095,1.1771630370806356,0
2023-07-28 10:54:54,85.95,23505235,1400,84.98,3018824,6239593,1.1771630370806356,0
2023-07-28 10:54:54,85.95,23505235,1400,84.98,3018824,6239593,1.1771630370806356,0
2023-07-28 10:54:55,85.95,23505336,448,84.98,3020353,6271552,1.1771630370806356,0
2023-07-28 10:54:56,85.9,23509650,661,84.98,3015054,6277689,1.118304885226607,0
2023-07-28 10:54:56,86.0,23509650,15,84.98,3015054,6277689,1.2360211889346642,0
2023-07-28 10:54:57,85.9,23510756,60,84.98,3026686,6277363,1.118304885226607,0
2023-07-28 10:54:57,85.9,23510756,60,84.98,3026686,6277363,1.118304885226607,0
2023-07-28 10:54:58,85.9,23510774,169,84.98,3023669,6279511,1.118304885226607,0
2023-07-28 10:54:59,86.05,23548091,4474,84.98,3038137,6247669,1.2948793407886925,0
2023-07-28 10:54:59,86.0,23548091,2000,84.98,3038137,6247669,1.2360211889346642,0
2023-07-28 10:55:00,86.0,23551139,4,84.98,3049511,6266257,1.2360211889346642,0
2023-07-28 10:55:00,86.05,23551187,48,84.98,3052543,6267849,1.2948793407886925,0
2023-07-28 10:55:00,86.0,23551187,1,84.98,3052543,6267849,1.2360211889346642,0
2023-07-28 10:55:00,86.0,23551187,1000,84.98,3052543,6267849,1.2360211889346642,0
2023-07-28 10:55:03,86.05,23557888,343,84.98,3045430,6255717,1.2948793407886925,0
2023-07-28 10:55:03,86.0,23557888,3,84.98,3045430,6255717,1.2360211889346642,0
2023-07-28 10:55:03,86.0,23558197,3,84.98,3044259,6260935,1.2360211889346642,0
2023-07-28 10:55:05,86.0,23558372,10,84.98,3049084,6262439,1.2360211889346642,0
2023-07-28 10:55:06,86.0,23569618,40,84.98,3059092,6256721,1.2360211889346642,0
2023-07-28 10:55:06,86.05,23569618,150,84.98,3059092,6256721,1.2948793407886925,0
2023-07-28 10:55:07,86.0,23579897,20,84.98,3070273,6245287,1.2360211889346642,0
2023-07-28 10:55:08,86.0,23580170,200,84.98,3070273,6246827,1.2360211889346642,0
2023-07-28 10:55:08,86.0,23580403,50,84.98,3034204,6253646,1.2360211889346642,0
2023-07-28 10:55:08,86.0,23580403,213,84.98,3034204,6253646,1.2360211889346642,0
2023-07-28 10:55:10,86.0,23580961,40,84.98,3009178,6256938,1.2360211889346642,0
2023-07-28 10:55:11,86.05,23581004,2,84.98,3030911,6261561,1.2948793407886925,0
2023-07-28 10:55:11,86.0,23581004,394,84.98,3030911,6261561,1.2360211889346642,0
2023-07-28 10:55:12,86.0,23582813,353,84.98,3028717,6274398,1.2360211889346642,0
2023-07-28 10:55:13,86.0,23583169,200,84.98,2977862,6275880,1.2360211889346642,0
2023-07-28 10:55:14,86.0,23584388,300,84.98,2979086,6281335,1.2360211889346642,0
2023-07-28 10:55:15,86.05,23587346,200,84.98,2979300,6280907,1.2948793407886925,0
2023-07-28 10:55:15,86.05,23587656,15,84.98,2979542,6282647,1.2948793407886925,0
2023-07-28 10:55:15,86.05,23587656,1472,84.98,2979542,6282647,1.2948793407886925,0
2023-07-28 10:55:17,86.0,23595326,200,84.98,2983218,6283181,1.2360211889346642,0
2023-07-28 10:55:17,86.05,23595326,21,84.98,2983218,6283181,1.2948793407886925,0
2023-07-28 10:55:18,86.0,23600850,5,84.98,2983405,6285571,1.2360211889346642,0
2023-07-28 10:55:18,86.0,23600850,169,84.98,2983405,6285571,1.2360211889346642,0
2023-07-28 10:55:19,86.0,23603219,196,84.98,2978262,6289368,1.2360211889346642,0
2023-07-28 10:55:20,86.0,23606275,2500,84.98,2962908,6278502,1.2360211889346642,0
2023-07-28 10:55:21,86.0,23606392,13,84.98,2962447,6278811,1.2360211889346642,0
2023-07-28 10:55:22,86.0,23633955,44,84.98,2912405,6303654,1.2360211889346642,0
2023-07-28 10:55:23,85.95,23635316,200,84.98,2910736,6306163,1.1771630370806356,0
2023-07-28 10:55:25,86.0,23636408,1,84.98,2909949,6305418,1.2360211889346642,0
2023-07-28 10:55:25,85.9,23644897,120,84.98,2907717,6307061,1.118304885226607,0
2023-07-28 10:55:25,85.95,23644897,300,84.98,2907717,6307061,1.1771630370806356,0
2023-07-28 10:55:26,86.0,23645423,22,84.98,2935584,6284637,1.2360211889346642,0
2023-07-28 10:55:29,86.0,23645844,200,84.98,2934312,6288375,1.2360211889346642,0
2023-07-28 10:55:29,85.9,23645845,1,84.98,2935884,6289440,1.118304885226607,0
2023-07-28 10:55:30,85.95,23648025,10,84.98,2934897,6293858,1.1771630370806356,0
2023-07-28 10:55:31,85.9,23648645,10,84.98,2930939,6306668,1.118304885226607,0
2023-07-28 10:55:32,85.95,23649117,22,84.98,2927860,6309582,1.1771630370806356,0
2023-07-28 10:55:33,85.95,23649401,20,84.98,2938116,6295907,1.1771630370806356,0
2023-07-28 10:55:34,85.9,23649845,1,84.98,2939231,6300336,1.118304885226607,0
2023-07-28 10:55:35,85.95,23651775,14,84.98,2930886,6318829,1.1771630370806356,0
2023-07-28 10:55:36,85.9,23651811,10,84.98,2932237,6315685,1.118304885226607,0
2023-07-28 10:55:37,85.9,23653380,50,84.98,2933502,6318874,1.118304885226607,0
2023-07-28 10:55:38,85.95,23653722,115,84.98,2933334,6323616,1.1771630370806356,0
2023-07-28 10:55:39,85.9,23654843,1,84.98,2932188,6325661,1.118304885226607,0
2023-07-28 10:55:39,85.9,23654843,318,84.98,2932188,6325661,1.118304885226607,0
2023-07-28 10:55:40,85.9,23664984,318,84.98,2923147,6331053,1.118304885226607,0
2023-07-28 10:55:41,85.9,23671781,392,84.98,2924213,6336988,1.118304885226607,0
2023-07-28 10:55:43,85.9,23671810,20,84.98,2924186,6337006,1.118304885226607,0
2023-07-28 10:55:43,85.9,23671810,168,84.98,2924186,6337006,1.118304885226607,0
2023-07-28 10:55:43,85.9,23673934,168,84.98,2956483,6342638,1.118304885226607,0
2023-07-28 10:55:45,85.9,23674024,2,84.98,2958263,6340209,1.118304885226607,0
2023-07-28 10:55:45,85.9,23674024,432,84.98,2958263,6340209,1.118304885226607,0
2023-07-28 10:55:45,85.9,23675115,432,84.98,2955591,6344020,1.118304885226607,0
2023-07-28 10:55:46,85.95,23675368,5,84.98,2957883,6341506,1.1771630370806356,0
2023-07-28 10:55:46,85.9,23675368,300,84.98,2957883,6341506,1.118304885226607,0
2023-07-28 10:55:48,85.9,23676196,500,84.98,2955873,6342931,1.118304885226607,0
2023-07-28 10:55:48,85.95,23676565,1,84.98,2956994,6343764,1.1771630370806356,0
2023-07-28 10:55:48,85.9,23676565,69,84.98,2956994,6343764,1.118304885226607,0
2023-07-28 10:55:49,85.9,23681565,69,84.98,2947589,6349936,1.118304885226607,0
2023-07-28 10:55:49,85.9,23681565,357,84.98,2947589,6349936,1.118304885226607,0
2023-07-28 10:55:51,85.9,23692001,2390,84.99,2948910,6354303,1.118304885226607,0
2023-07-28 10:55:52,85.85,23695701,200,84.99,2951086,6333731,1.0594467333725621,0
2023-07-28 10:55:53,85.85,23696070,200,84.99,2951899,6359977,1.0594467333725621,0
2023-07-28 10:55:55,85.9,23696647,237,84.99,2953122,6364531,1.118304885226607,0
2023-07-28 10:55:55,85.9,23697368,425,84.99,2953655,6364652,1.118304885226607,0
2023-07-28 10:55:55,85.85,23697368,1,84.99,2953655,6364652,1.0594467333725621,0
2023-07-28 10:55:56,85.85,23697369,1,84.99,2949910,6367396,1.0594467333725621,0
2023-07-28 10:55:56,85.85,23697369,200,84.99,2949910,6367396,1.0594467333725621,0
2023-07-28 10:55:58,85.85,23698688,169,84.99,2961069,6368110,1.0594467333725621,0
2023-07-28 10:55:59,85.85,23710970,200,84.99,2963900,6337368,1.0594467333725621,0
2023-07-28 10:56:00,85.85,23711103,4,84.99,2963915,6338269,1.0594467333725621,0
2023-07-28 10:56:01,85.9,23711130,1,84.99,2962727,6337970,1.118304885226607,0
2023-07-28 10:56:01,85.85,23711130,170,84.99,2962727,6337970,1.0594467333725621,0
2023-07-28 10:56:02,85.85,23711943,19,84.99,2962680,6340645,1.0594467333725621,0
2023-07-28 10:56:02,85.85,23712278,25,84.99,2967201,6344746,1.0594467333725621,0
2023-07-28 10:56:03,85.85,23712575,3,84.99,2968904,6346724,1.0594467333725621,0
2023-07-28 10:56:03,85.85,23712575,25,84.99,2968904,6346724,1.0594467333725621,0
2023-07-28 10:56:05,85.9,23714910,500,84.99,2969820,6346102,1.118304885226607,0
2023-07-28 10:56:05,85.9,23717636,2,84.99,2967990,6344950,1.118304885226607,0
2023-07-28 10:56:05,85.9,23717636,2,84.99,2967990,6344950,1.118304885226607,0
2023-07-28 10:56:05,85.85,23717636,93,84.99,2967990,6344950,1.0594467333725621,0
2023-07-28 10:56:07,85.85,23718930,1,84.99,2974914,6374053,1.0594467333725621,0
2023-07-28 10:56:08,85.9,23719407,25,84.99,2979572,6374868,1.118304885226607,0
2023-07-28 10:56:08,85.9,23719407,100,84.99,2979572,6374868,1.118304885226607,0
2023-07-28 10:56:09,85.9,23719892,25,84.99,2982712,6374853,1.118304885226607,0
2023-07-28 10:56:09,85.85,23719892,3,84.99,2982712,6374853,1.0594467333725621,0
2023-07-28 10:56:10,85.85,23730090,4,84.99,2971109,6382262,1.0594467333725621,0
2023-07-28 10:56:11,85.85,23730100,10,84.99,2975117,6383828,1.0594467333725621,0
2023-07-28 10:56:11,85.9,23730100,20,84.99,2975117,6383828,1.118304885226607,0
2023-07-28 10:56:12,85.9,23730836,70,84.99,2971541,6384373,1.118304885226607,0
2023-07-28 10:56:12,85.9,23730836,70,84.99,2971541,6384373,1.118304885226607,0
2023-07-28 10:56:13,85.9,23731561,25,84.99,2971997,6384198,1.118304885226607,0
2023-07-28 10:56:13,85.9,23731561,10,84.99,2971997,6384198,1.118304885226607,0
2023-07-28 10:56:13,85.9,23731561,100,84.99,2971997,6384198,1.118304885226607,0
2023-07-28 10:56:15,85.85,23731946,5,84.99,2969742,6392297,1.0594467333725621,0
2023-07-28 10:56:15,85.9,23731946,3,84.99,2969742,6392297,1.118304885226607,0
2023-07-28 10:56:16,85.9,23732446,33,84.99,2968058,6394467,1.118304885226607,0
2023-07-28 10:56:17,85.9,23732456,4,84.99,2969396,6394234,1.118304885226607,0
2023-07-28 10:56:17,85.9,23734456,2000,84.99,2978014,6387403,1.118304885226607,0
2023-07-28 10:56:17,85.9,23734456,2000,84.99,2978014,6387403,1.118304885226607,0
2023-07-28 10:56:18,85.85,23734925,169,84.99,2973084,6392023,1.0594467333725621,0
2023-07-28 10:56:18,85.9,23734925,1,84.99,2973084,6392023,1.118304885226607,0
2023-07-28 10:56:20,85.85,23735109,4,84.99,2974194,6391866,1.0594467333725621,0
2023-07-28 10:56:20,85.9,23735210,1,84.99,2975878,6395483,1.118304885226607,0
2023-07-28 10:56:22,85.85,23738138,1427,84.99,2983819,6390693,1.0594467333725621,0
2023-07-28 10:56:22,85.85,23738138,5,84.99,2983819,6390693,1.0594467333725621,0
2023-07-28 10:56:23,85.85,23740512,169,84.99,2976193,6401015,1.0594467333725621,0
2023-07-28 10:56:24,85.9,23740567,55,84.99,2976602,6401237,1.118304885226607,0
2023-07-28 10:56:26,85.85,23753252,10000,84.99,2954718,6403256,1.0594467333725621,0
2023-07-28 10:56:26,85.85,23753252,500,84.99,2954718,6403256,1.0594467333725621,0
2023-07-28 10:56:27,85.9,23754753,1000,84.99,2957576,6402931,1.118304885226607,0
2023-07-28 10:56:28,85.85,23757169,500,84.99,2956319,6406241,1.0594467333725621,0
2023-07-28 10:56:29,85.9,23759162,25,84.99,2952827,6418556,1.118304885226607,0
2023-07-28 10:56:30,85.9,23760345,1000,84.99,2952969,6409277,1.118304885226607,0
2023-07-28 10:56:31,85.85,23760975,394,84.99,2955269,6410131,1.0594467333725621,0
2023-07-28 10:56:33,85.85,23775880,3000,84.99,2949212,6422515,1.0594467333725621,0
2023-07-28 10:56:33,85.8,23776072,1,84.99,2949792,6415789,1.0005885815185336,0
2023-07-28 10:56:34,85.8,23776075,1,84.99,2949789,6428821,1.0005885815185336,0
2023-07-28 10:56:35,85.8,23776183,1,84.99,2949735,6438642,1.0005885815185336,0
2023-07-28 10:56:35,85.8,23776183,1089,84.99,2947252,6444913,1.0005885815185336,0
2023-07-28 10:56:38,85.8,23778272,500,84.99,2947962,6439004,1.0005885815185336,0
2023-07-28 10:56:38,85.8,23779943,170,84.99,2942830,6442123,1.0005885815185336,0
2023-07-28 10:56:38,85.8,23779943,180,84.99,2942830,6442123,1.0005885815185336,0
2023-07-28 10:56:40,85.85,23780427,220,84.99,2942965,6444452,1.0594467333725621,0
2023-07-28 10:56:41,85.85,23789077,800,84.99,2951871,6425080,1.0594467333725621,0
2023-07-28 10:56:41,85.8,23789077,392,84.99,2951871,6425080,1.0005885815185336,0
2023-07-28 10:56:41,85.8,23789583,392,84.99,2952388,6427827,1.0005885815185336,0
2023-07-28 10:56:41,85.8,23789583,1168,84.99,2952388,6427827,1.0005885815185336,0
2023-07-28 10:56:42,85.8,23790751,1168,84.99,2949310,6427647,1.0005885815185336,0
2023-07-28 10:56:44,85.8,23791922,500,84.99,2948639,6428157,1.0005885815185336,0
2023-07-28 10:56:45,85.8,23792506,4,84.99,2949614,6434775,1.0005885815185336,0
2023-07-28 10:56:45,85.8,23793029,16,84.99,2947690,6436691,1.0005885815185336,0
2023-07-28 10:56:47,85.85,23794665,118,84.99,2947430,6436439,1.0594467333725621,0
2023-07-28 10:56:47,85.8,23794665,169,84.99,2947430,6436439,1.0005885815185336,0
2023-07-28 10:56:49,85.85,23797581,118,84.99,2944603,6446947,1.0594467333725621,0
2023-07-28 10:56:50,85.85,23798081,500,84.99,2945599,6440664,1.0594467333725621,0
2023-07-28 10:56:50,85.8,23798081,147,84.99,2945599,6440664,1.0005885815185336,0
2023-07-28 10:56:51,85.85,23798545,6,84.99,2947997,6444294,1.0594467333725621,0
2023-07-28 10:56:52,85.8,23810501,22,84.99,2930143,6448991,1.0005885815185336,0
2023-07-28 10:56:52,85.8,23810501,1,84.99,2930143,6448991,1.0005885815185336,0
2023-07-28 10:56:53,85.8,23810957,169,84.99,2926110,6480028,1.0005885815185336,0
2023-07-28 10:56:54,85.85,23812008,9,84.99,2926282,6484080,1.0594467333725621,0
2023-07-28 10:56:55,85.8,23812702,16,84.99,2929667,6488677,1.0005885815185336,0
2023-07-28 10:56:55,85.8,23812702,1,84.99,2929667,6488677,1.0005885815185336,0
2023-07-28 10:56:56,85.8,23812803,1,84.99,2948656,6480664,1.0005885815185336,0
2023-07-28 10:56:57,85.8,23812833,1,84.99,2948658,6480634,1.0005885815185336,0
2023-07-28 10:56:58,85.8,23813427,169,84.99,2947244,6481295,1.0005885815185336,0
2023-07-28 10:56:59,85.8,23814417,500,84.99,2950272,6480804,1.0005885815185336,0
2023-07-28 10:56:59,85.8,23814417,500,84.99,2950272,6480804,1.0005885815185336,0
2023-07-28 10:57:02,85.8,23815904,392,84.99,2939599,6484668,1.0005885815185336,0
2023-07-28 10:57:02,85.8,23815904,200,84.99,2939599,6484668,1.0005885815185336,0
2023-07-28 10:57:02,85.8,23816127,200,84.99,2960792,6482958,1.0005885815185336,0
2023-07-28 10:57:03,85.8,23816295,168,84.99,2960624,6484208,1.0005885815185336,0
2023-07-28 10:57:03,85.8,23816295,4,84.99,2958824,6484171,1.0005885815185336,0
2023-07-28 10:57:03,85.85,23816295,80,84.99,2958824,6484171,1.0594467333725621,0
2023-07-28 10:57:03,85.8,23816295,1,84.99,2958824,6484171,1.0005885815185336,0
2023-07-28 10:57:03,85.85,23816295,62,84.99,2958824,6484171,1.0594467333725621,0
2023-07-28 10:57:08,85.85,23819188,200,84.99,2959950,6488605,1.0594467333725621,0
2023-07-28 10:57:08,85.8,23819188,25,84.99,2959950,6488605,1.0005885815185336,0
2023-07-28 10:57:08,85.85,23819188,15,84.99,2959950,6488605,1.0594467333725621,0
2023-07-28 10:57:08,85.85,23819188,100,84.99,2959950,6488605,1.0594467333725621,0
2023-07-28 10:57:08,85.8,23819188,394,84.99,2959950,6488605,1.0005885815185336,0
2023-07-28 10:57:12,85.85,23820463,11,84.99,2962279,6505881,1.0594467333725621,0
2023-07-28 10:57:12,85.85,23820463,11,84.99,2962279,6505881,1.0594467333725621,0
2023-07-28 10:57:12,85.8,23820463,168,84.99,2962279,6505881,1.0005885815185336,0
2023-07-28 10:57:12,85.85,23820463,281,84.99,2962279,6505881,1.0594467333725621,0
2023-07-28 10:57:12,85.8,23820463,100,84.99,2962279,6505881,1.0005885815185336,0
2023-07-28 10:57:12,85.8,23820463,3,84.99,2962279,6505881,1.0005885815185336,0
2023-07-28 10:57:12,85.8,23820463,1000,84.99,2962279,6505881,1.0005885815185336,0
2023-07-28 10:57:12,85.8,23820463,169,84.99,2962279,6505881,1.0005885815185336,0
2023-07-28 10:57:12,85.85,23820463,1,84.99,2962279,6505881,1.0594467333725621,0
2023-07-28 10:57:20,85.8,23830812,1,84.99,2977499,6500854,1.0005885815185336,0
2023-07-28 10:57:20,85.8,23830812,500,84.99,2977499,6500854,1.0005885815185336,0
2023-07-28 10:57:20,85.8,23830812,169,84.99,2977499,6500854,1.0005885815185336,0
2023-07-28 10:57:25,85.85,23834343,10,84.99,2976952,6506300,1.0594467333725621,0
2023-07-28 10:57:25,85.85,23834343,100,84.99,2976952,6506300,1.0594467333725621,0
2023-07-28 10:57:25,85.8,23834343,279,84.99,2976952,6506300,1.0005885815185336,0
2023-07-28 10:57:25,85.8,23834343,50,84.99,2976952,6506300,1.0005885815185336,0
2023-07-28 10:57:25,85.8,23834343,169,84.99,2976952,6506300,1.0005885815185336,0
2023-07-28 10:57:28,85.8,23835412,169,84.99,2966765,6517109,1.0005885815185336,0
2023-07-28 10:57:28,85.8,23835412,1,84.99,2966765,6517109,1.0005885815185336,0
2023-07-28 10:57:28,85.8,23835412,63,84.99,2966765,6517109,1.0005885815185336,0
2023-07-28 10:57:28,85.8,23835412,393,84.99,2966765,6517109,1.0005885815185336,0
2023-07-28 10:57:28,85.8,23835412,3,84.99,2966765,6517109,1.0005885815185336,0
2023-07-28 10:57:33,85.8,23842781,126,84.99,2986183,6514168,1.0005885815185336,0
2023-07-28 10:57:33,85.8,23842781,50,84.99,2986183,6514168,1.0005885815185336,0
2023-07-28 10:57:33,85.8,23842781,16,84.99,2986183,6514168,1.0005885815185336,0
2023-07-28 10:57:33,85.8,23842781,133,84.99,2986183,6514168,1.0005885815185336,0
2023-07-28 10:57:38,85.8,23861214,125,84.99,2981758,6566551,1.0005885815185336,0
2023-07-28 10:57:38,85.75,23861214,170,84.99,2981758,6566551,0.9417304296645052,0
2023-07-28 10:57:38,85.75,23861214,1200,84.99,2981758,6566551,0.9417304296645052,0
2023-07-28 10:57:38,85.75,23861214,1000,84.99,2981758,6566551,0.9417304296645052,0
2023-07-28 10:57:42,85.8,23864739,4,84.99,2981627,6551603,1.0005885815185336,0
2023-07-28 10:57:42,85.8,23864739,4,84.99,2981627,6551603,1.0005885815185336,0
2023-07-28 10:57:42,85.75,23864739,168,84.99,2981627,6551603,0.9417304296645052,0
2023-07-28 10:57:42,85.8,23864739,1000,84.99,2981627,6551603,1.0005885815185336,0
2023-07-28 10:57:42,85.8,23864739,11,84.99,2981627,6551603,1.0005885815185336,0
2023-07-28 10:57:46,85.75,23877226,30,84.99,2986419,6544099,0.9417304296645052,0
2023-07-28 10:57:46,85.75,23877226,30,84.99,2986419,6544099,0.9417304296645052,0
2023-07-28 10:57:46,85.7,23877226,887,84.99,2986419,6544099,0.8828722778104767,0
2023-07-28 10:57:46,85.8,23877226,331,84.99,2986419,6544099,1.0005885815185336,0
2023-07-28 10:57:46,85.8,23877226,200,84.99,2986419,6544099,1.0005885815185336,0
2023-07-28 10:57:50,85.75,23902177,1488,84.99,2978796,6539864,0.9417304296645052,0
2023-07-28 10:57:50,85.7,23902177,19,84.99,2978796,6539864,0.8828722778104767,0
2023-07-28 10:57:50,85.75,23902177,108,84.99,2978796,6539864,0.9417304296645052,0
2023-07-28 10:57:55,85.75,23909358,40,84.99,2946006,6543977,0.9417304296645052,0
2023-07-28 10:57:55,85.7,23909358,16,84.99,2946006,6543977,0.8828722778104767,0
2023-07-28 10:57:55,85.7,23909358,4,84.99,2946006,6543977,0.8828722778104767,0
2023-07-28 10:57:55,85.7,23909358,23,84.99,2946006,6543977,0.8828722778104767,0
2023-07-28 10:57:55,85.75,23909358,1200,84.99,2946006,6543977,0.9417304296645052,0
2023-07-28 10:57:58,85.75,23912688,1200,84.99,2966090,6546069,0.9417304296645052,0
2023-07-28 10:57:58,85.7,23912688,4,84.99,2966090,6546069,0.8828722778104767,0
2023-07-28 10:57:58,85.75,23912688,5,84.99,2966090,6546069,0.9417304296645052,0
2023-07-28 10:57:58,85.7,23912688,170,84.99,2966090,6546069,0.8828722778104767,0
2023-07-28 10:57:58,85.7,23912688,6,84.99,2966090,6546069,0.8828722778104767,0
2023-07-28 10:58:03,85.75,23919494,467,84.99,2983230,6508336,0.9417304296645052,0
2023-07-28 10:58:03,85.75,23919494,533,84.99,2983230,6508336,0.9417304296645052,0
2023-07-28 10:58:03,85.7,23919494,200,84.99,2983230,6508336,0.8828722778104767,0
2023-07-28 10:58:03,85.7,23919494,300,84.99,2983230,6508336,0.8828722778104767,0
2023-07-28 10:58:08,85.75,23924699,150,84.99,2990564,6511756,0.9417304296645052,0
2023-07-28 10:58:08,85.7,23924699,6,84.99,2990564,6511756,0.8828722778104767,0
2023-07-28 10:58:08,85.7,23924699,25,84.99,2990564,6511756,0.8828722778104767,0
2023-07-28 10:58:08,85.7,23924699,15,84.99,2990564,6511756,0.8828722778104767,0
2023-07-28 10:58:12,85.7,23931180,400,84.99,3006427,6509564,0.8828722778104767,0
2023-07-28 10:58:12,85.7,23931180,17,84.99,3006427,6509564,0.8828722778104767,0
2023-07-28 10:58:12,85.75,23931180,1,84.99,3006427,6509564,0.9417304296645052,0
2023-07-28 10:58:12,85.7,23931180,500,84.99,3006427,6509564,0.8828722778104767,0
2023-07-28 10:58:12,85.7,23931180,10,84.99,3006427,6509564,0.8828722778104767,0
2023-07-28 10:58:15,85.7,23934842,10,84.99,3004344,6514731,0.8828722778104767,0
2023-07-28 10:58:15,85.7,23934842,1,84.99,3004344,6514731,0.8828722778104767,0
2023-07-28 10:58:20,85.7,23935228,4,84.99,3002336,6527334,0.8828722778104767,0
2023-07-28 10:58:20,85.7,23935228,15,84.99,3002336,6527334,0.8828722778104767,0
2023-07-28 10:58:20,85.75,23935228,4,84.99,3002336,6527334,0.9417304296645052,0
2023-07-28 10:58:20,85.7,23935228,1336,84.99,3002336,6527334,0.8828722778104767,0
2023-07-28 10:58:20,85.7,23935228,169,84.99,3002336,6527334,0.8828722778104767,0
2023-07-28 10:58:20,85.75,23935228,10,84.99,3002336,6527334,0.9417304296645052,0
2023-07-28 10:58:20,85.75,23935228,59,84.99,3002336,6527334,0.9417304296645052,0
2023-07-28 10:58:20,85.7,23935228,1,84.99,3002336,6527334,0.8828722778104767,0
2023-07-28 10:58:20,85.7,23935228,81,84.99,3002336,6527334,0.8828722778104767,0
2023-07-28 10:58:28,85.7,23941706,169,84.99,2992067,6536813,0.8828722778104767,0
2023-07-28 10:58:28,85.75,23941706,10,84.99,2992067,6536813,0.9417304296645052,0
2023-07-28 10:58:28,85.75,23941706,20,84.99,2992067,6536813,0.9417304296645052,0
2023-07-28 10:58:28,85.7,23941706,500,84.99,2992067,6536813,0.8828722778104767,0
2023-07-28 10:58:28,85.75,23941706,25,84.99,2992067,6536813,0.9417304296645052,0
2023-07-28 10:58:33,85.7,23976435,120,84.99,2959020,6541087,0.8828722778104767,0
2023-07-28 10:58:33,85.65,23976435,374,84.99,2959020,6541087,0.8240141259564483,0
2023-07-28 10:58:33,85.7,23976435,1,84.99,2959020,6541087,0.8828722778104767,0
2023-07-28 10:58:33,85.65,23976435,16,84.99,2959020,6541087,0.8240141259564483,0
2023-07-28 10:58:33,85.65,23976435,20,84.99,2959020,6541087,0.8240141259564483,0
2023-07-28 10:58:33,85.65,23976435,10,84.99,2959020,6541087,0.8240141259564483,0
2023-07-28 10:58:33,85.65,23976435,170,84.99,2959020,6541087,0.8240141259564483,0
2023-07-28 10:58:33,85.65,23976435,4,84.99,2959020,6541087,0.8240141259564483,0
2023-07-28 10:58:33,85.65,23976435,15,84.99,2959020,6541087,0.8240141259564483,0
2023-07-28 10:58:33,85.65,23976435,10000,84.99,2959020,6541087,0.8240141259564483,0
2023-07-28 10:58:42,85.7,23991731,7,84.99,2943856,6560485,0.8828722778104767,0
2023-07-28 10:58:42,85.65,23991731,505,84.99,2943856,6560485,0.8240141259564483,0
2023-07-28 10:58:42,85.7,23991731,2,84.99,2943856,6560485,0.8828722778104767,0
2023-07-28 10:58:42,85.7,23991731,40,84.99,2943856,6560485,0.8828722778104767,0
2023-07-28 10:58:42,85.65,23991731,16,84.99,2943856,6560485,0.8240141259564483,0
2023-07-28 10:58:42,85.65,23991731,10,84.99,2943856,6560485,0.8240141259564483,0
2023-07-28 10:58:42,85.65,23991731,35,84.99,2943856,6560485,0.8240141259564483,0
2023-07-28 10:58:42,85.7,23991731,1,84.99,2943856,6560485,0.8828722778104767,0
2023-07-28 10:58:42,85.7,23991731,2,84.99,2943856,6560485,0.8828722778104767,0
2023-07-28 10:58:50,85.7,24019243,260,85.0,2929246,6549412,0.8828722778104767,0
2023-07-28 10:58:50,85.65,24019243,26,85.0,2929246,6549412,0.8240141259564483,0
2023-07-28 10:58:50,85.65,24019243,10,85.0,2929246,6549412,0.8240141259564483,0
2023-07-28 10:58:50,85.7,24019243,4,85.0,2929246,6549412,0.8828722778104767,0
2023-07-28 10:58:54,85.7,24022677,28,85.0,2933562,6560664,0.8828722778104767,0
2023-07-28 10:58:54,85.65,24022677,100,85.0,2933562,6560664,0.8240141259564483,0
2023-07-28 10:58:54,85.65,24022677,10,85.0,2933562,6560664,0.8240141259564483,0
2023-07-28 10:58:54,85.7,24022677,2,85.0,2933562,6560664,0.8828722778104767,0
2023-07-28 10:58:58,85.7,24023422,25,85.0,2978357,6547924,0.8828722778104767,0
2023-07-28 10:58:58,85.7,24023422,1,85.0,2978357,6547924,0.8828722778104767,0
2023-07-28 10:58:58,85.65,24023422,15,85.0,2978357,6547924,0.8240141259564483,0
2023-07-28 10:58:58,85.65,24023422,392,85.0,2978357,6547924,0.8240141259564483,0
2023-07-28 10:58:58,85.7,24023422,410,85.0,2978357,6547924,0.8828722778104767,0
2023-07-28 10:59:03,85.65,24028221,1,85.0,2984775,6642818,0.8240141259564483,0
2023-07-28 10:59:03,85.7,24028221,2,85.0,2984775,6642818,0.8828722778104767,0
2023-07-28 10:59:03,85.65,24028221,3,85.0,2984775,6642818,0.8240141259564483,0
2023-07-28 10:59:03,85.65,24028221,16,85.0,2984775,6642818,0.8240141259564483,0
2023-07-28 10:59:03,85.7,24028221,23,85.0,2984775,6642818,0.8828722778104767,0
2023-07-28 10:59:07,85.7,24029830,4,85.0,2992731,6645264,0.8828722778104767,0
2023-07-28 10:59:07,85.65,24029830,170,85.0,2992731,6645264,0.8240141259564483,0
2023-07-28 10:59:07,85.7,24029830,31,85.0,2992731,6645264,0.8828722778104767,0
2023-07-28 10:59:07,85.65,24029830,6,85.0,2992731,6645264,0.8240141259564483,0
2023-07-28 10:59:07,85.65,24029830,230,85.0,2992731,6645264,0.8240141259564483,0
2023-07-28 10:59:11,85.65,24053452,230,85.0,2977985,6669388,0.8240141259564483,0
2023-07-28 10:59:11,85.65,24053452,50,85.0,2977985,6669388,0.8240141259564483,0
2023-07-28 10:59:11,85.65,24053452,168,85.0,2977985,6669388,0.8240141259564483,0
2023-07-28 10:59:11,85.7,24053452,200,85.0,2977985,6669388,0.8828722778104767,0
2023-07-28 10:59:11,85.7,24053452,1,85.0,2977985,6669388,0.8828722778104767,0
2023-07-28 10:59:16,85.7,24054286,20,85.0,2994332,6675996,0.8828722778104767,0
2023-07-28 10:59:16,85.65,24054286,169,85.0,2994332,6675996,0.8240141259564483,0
2023-07-28 10:59:16,85.7,24054286,5,85.0,2994332,6675996,0.8828722778104767,0
2023-07-28 10:59:16,85.65,24054286,15,85.0,2994332,6675996,0.8240141259564483,0
2023-07-28 10:59:21,85.7,24056641,1,85.0,3001376,6679570,0.8828722778104767,0
2023-07-28 10:59:21,85.65,24056641,392,85.0,3001376,6679570,0.8240141259564483,0
2023-07-28 10:59:21,85.7,24056641,7,85.0,3001376,6679570,0.8828722778104767,0
2023-07-28 10:59:21,85.65,24056641,5,85.0,3001376,6679570,0.8240141259564483,0
2023-07-28 10:59:25,85.65,24076909,16,85.0,2982697,6681269,0.8240141259564483,0
2023-07-28 10:59:25,85.65,24076909,10,85.0,2982697,6681269,0.8240141259564483,0
2023-07-28 10:59:25,85.7,24076909,1,85.0,2982697,6681269,0.8828722778104767,0
2023-07-28 10:59:25,85.7,24076909,5,85.0,2982697,6681269,0.8828722778104767,0
2023-07-28 10:59:29,85.7,24077700,5,85.0,2982390,6701117,0.8828722778104767,0
2023-07-28 10:59:29,85.65,24077700,15,85.0,2982390,6701117,0.8240141259564483,0
2023-07-28 10:59:29,85.65,24077700,393,85.0,2982390,6701117,0.8240141259564483,0
2023-07-28 10:59:29,85.65,24077700,399,85.0,2982390,6701117,0.8240141259564483,0
2023-07-28 10:59:29,85.65,24077700,77,85.0,2982390,6701117,0.8240141259564483,0
2023-07-28 10:59:34,85.7,24081116,2,85.0,2983425,6703367,0.8828722778104767,0
2023-07-28 10:59:34,85.7,24081116,400,85.0,2983425,6703367,0.8828722778104767,0
2023-07-28 10:59:34,85.6,24081116,250,85.0,2983425,6703367,0.7651559741024031,0
2023-07-28 10:59:34,85.65,24081116,1,85.0,2983425,6703367,0.8240141259564483,0
2023-07-28 10:59:34,85.65,24081116,1,85.0,2983425,6703367,0.8240141259564483,0
2023-07-28 10:59:38,85.65,24089189,500,85.0,2975852,6719417,0.8240141259564483,0
2023-07-28 10:59:38,85.65,24089189,10,85.0,2975852,6719417,0.8240141259564483,0
2023-07-28 10:59:38,85.6,24089189,1,85.0,2975852,6719417,0.7651559741024031,0
2023-07-28 10:59:38,85.55,24089189,392,85.0,2975852,6719417,0.7062978222483747,0
2023-07-28 10:59:38,85.6,24089189,1,85.0,2975852,6719417,0.7651559741024031,0
2023-07-28 10:59:42,85.55,24165029,1,85.0,2925989,6726725,0.7062978222483747,0
2023-07-28 10:59:42,85.55,24165029,14,85.0,2925989,6726725,0.7062978222483747,0
2023-07-28 10:59:42,85.6,24165029,1,85.0,2925989,6726725,0.7651559741024031,0
2023-07-28 10:59:42,85.6,24165029,50,85.0,2925989,6726725,0.7651559741024031,0
2023-07-28 10:59:42,85.55,24165029,2,85.0,2925989,6726725,0.7062978222483747,0
2023-07-28 10:59:48,85.6,24218698,1,85.0,2897792,6740290,0.7651559741024031,0
2023-07-28 10:59:48,85.6,24218698,1,85.0,2897792,6740290,0.7651559741024031,0
2023-07-28 10:59:48,85.55,24218698,10,85.0,2897792,6740290,0.7062978222483747,0
2023-07-28 10:59:48,85.6,24218698,4,85.0,2897792,6740290,0.7651559741024031,0
2023-07-28 10:59:52,85.55,24220322,145,85.0,2905351,6741428,0.7062978222483747,0
2023-07-28 10:59:52,85.5,24220322,5,85.0,2905351,6741428,0.6474396703943462,0
2023-07-28 10:59:52,85.5,24220322,16,85.0,2905351,6741428,0.6474396703943462,0
2023-07-28 10:59:52,85.55,24220322,1,85.0,2905351,6741428,0.7062978222483747,0
2023-07-28 10:59:57,85.6,24223951,10,85.0,2944161,6723348,0.7651559741024031,0
2023-07-28 10:59:57,85.6,24223951,10,85.0,2944161,6723348,0.7651559741024031,0
2023-07-28 10:59:57,85.55,24223951,20,85.0,2944161,6723348,0.7062978222483747,0
2023-07-28 10:59:57,85.55,24223951,4,85.0,2944161,6723348,0.7062978222483747,0
2023-07-28 10:59:57,85.6,24223951,20,85.0,2944161,6723348,0.7651559741024031,0
2023-07-28 11:00:01,85.55,24225640,2,85.0,2956361,6723891,0.7062978222483747,0
2023-07-28 11:00:01,85.6,24225640,1,85.0,2956361,6723891,0.7651559741024031,0
2023-07-28 11:00:01,85.55,24225640,168,85.0,2956361,6723891,0.7062978222483747,0
2023-07-28 11:00:01,85.6,24225640,1,85.0,2956361,6723891,0.7651559741024031,0
2023-07-28 11:00:01,85.6,24225640,5,85.0,2956361,6723891,0.7651559741024031,0
2023-07-28 11:00:06,85.6,24227061,1,85.0,2962439,6725859,0.7651559741024031,0
2023-07-28 11:00:06,85.65,24227061,57,85.0,2962439,6725859,0.8240141259564483,0
2023-07-28 11:00:06,85.6,24227061,170,85.0,2962439,6725859,0.7651559741024031,0
2023-07-28 11:00:10,85.6,24255077,350,85.0,2979446,6715972,0.7651559741024031,0
2023-07-28 11:00:10,85.6,24255077,393,85.0,2979446,6715972,0.7651559741024031,0
2023-07-28 11:00:10,85.65,24255077,5,85.0,2979446,6715972,0.8240141259564483,0
2023-07-28 11:00:10,85.65,24255077,300,85.0,2979446,6715972,0.8240141259564483,0
2023-07-28 11:00:10,85.6,24255077,35,85.0,2979446,6715972,0.7651559741024031,0
2023-07-28 11:00:15,85.6,24263607,16,85.0,2978665,6723356,0.7651559741024031,0
2023-07-28 11:00:15,85.65,24263607,3,85.0,2978665,6723356,0.8240141259564483,0
2023-07-28 11:00:15,85.7,24263607,82,85.0,2978665,6723356,0.8828722778104767,0
2023-07-28 11:00:15,85.65,24263607,22,85.0,2978665,6723356,0.8240141259564483,0
2023-07-28 11:00:19,85.7,24266880,12,85.0,2998798,6714230,0.8828722778104767,0
2023-07-28 11:00:19,85.65,24266880,904,85.0,2998798,6714230,0.8240141259564483,0
2023-07-28 11:00:19,85.65,24266880,392,85.0,2998798,6714230,0.8240141259564483,0
2023-07-28 11:00:19,85.65,24266880,12,85.0,2998798,6714230,0.8240141259564483,0
2023-07-28 11:00:19,85.65,24266880,169,85.0,2998798,6714230,0.8240141259564483,0
2023-07-28 11:00:23,85.65,24271288,169,85.0,2997729,6715877,0.8240141259564483,0
2023-07-28 11:00:23,85.7,24271288,221,85.0,2997729,6715877,0.8828722778104767,0
2023-07-28 11:00:23,85.65,24271288,16,85.0,2997729,6715877,0.8240141259564483,0
2023-07-28 11:00:23,85.65,24271288,165,85.0,2997729,6715877,0.8240141259564483,0
2023-07-28 11:00:23,85.65,24271288,50,85.0,2997729,6715877,0.8240141259564483,0
2023-07-28 11:00:27,85.65,24274431,50,85.0,3002524,6714659,0.8240141259564483,0
2023-07-28 11:00:27,85.65,24274431,169,85.0,3002524,6714659,0.8240141259564483,0
2023-07-28 11:00:27,85.7,24274431,2,85.0,3002524,6714659,0.8828722778104767,0
2023-07-28 11:00:27,85.7,24274431,700,85.0,3002524,6714659,0.8828722778104767,0
2023-07-28 11:00:27,85.65,24274431,394,85.0,3002524,6714659,0.8240141259564483,0
2023-07-28 11:00:32,85.65,24276557,100,85.0,3007741,6714166,0.8240141259564483,0
2023-07-28 11:00:32,85.7,24276557,1,85.0,3007741,6714166,0.8828722778104767,0
2023-07-28 11:00:32,85.65,24276557,5,85.0,3007741,6714166,0.8240141259564483,0
2023-07-28 11:00:32,85.7,24276557,1,85.0,3007741,6714166,0.8828722778104767,0
2023-07-28 11:00:37,85.65,24280539,1074,85.0,3021457,6717811,0.8240141259564483,0
2023-07-28 11:00:37,85.65,24280539,2,85.0,3021457,6717811,0.8240141259564483,0
2023-07-28 11:00:37,85.65,24280539,171,85.0,3021457,6717811,0.8240141259564483,0
2023-07-28 11:00:37,85.65,24280539,1,85.0,3021457,6717811,0.8240141259564483,0
2023-07-28 11:00:37,85.7,24280539,5,85.0,3021457,6717811,0.8828722778104767,0
2023-07-28 11:00:41,85.7,24284481,67,85.0,3023582,6714648,0.8828722778104767,0
2023-07-28 11:00:41,85.65,24284481,392,85.0,3023582,6714648,0.8240141259564483,0
2023-07-28 11:00:41,85.7,24284481,200,85.0,3023582,6714648,0.8828722778104767,0
2023-07-28 11:00:41,85.65,24284481,168,85.0,3023582,6714648,0.8240141259564483,0
2023-07-28 11:00:41,85.7,24284481,1,85.0,3023582,6714648,0.8828722778104767,0
2023-07-28 11:00:45,85.65,24289868,16,85.0,3023491,6716732,0.8240141259564483,0
2023-07-28 11:00:45,85.65,24289868,180,85.0,3023491,6716732,0.8240141259564483,0
2023-07-28 11:00:45,85.7,24289868,10,85.0,3023491,6716732,0.8828722778104767,0
2023-07-28 11:00:45,85.65,24289868,169,85.0,3023491,6716732,0.8240141259564483,0
2023-07-28 11:00:49,85.65,24292916,781,85.0,3011587,6729692,0.8240141259564483,0
2023-07-28 11:00:49,85.65,24292916,15,85.0,3011587,6729692,0.8240141259564483,0
2023-07-28 11:00:49,85.65,24292916,393,85.0,3011587,6729692,0.8240141259564483,0
2023-07-28 11:00:49,85.7,24292916,1,85.0,3011587,6729692,0.8828722778104767,0
2023-07-28 11:00:49,85.65,24292916,169,85.0,3011587,6729692,0.8240141259564483,0
2023-07-28 11:00:54,85.7,24297886,1000,85.0,3011130,6729606,0.8828722778104767,0
2023-07-28 11:00:54,85.7,24297886,34,85.0,3011130,6729606,0.8828722778104767,0
2023-07-28 11:00:54,85.7,24297886,1,85.0,3011130,6729606,0.8828722778104767,0
2023-07-28 11:00:54,85.65,24297886,13,85.0,3011130,6729606,0.8240141259564483,0
2023-07-28 11:00:54,85.7,24297886,250,85.0,3011130,6729606,0.8828722778104767,0
2023-07-28 11:00:58,85.65,24307252,400,85.0,3019967,6717661,0.8240141259564483,0
2023-07-28 11:00:58,85.7,24307252,593,85.0,3019967,6717661,0.8828722778104767,0
2023-07-28 11:00:58,85.65,24307252,15,85.0,3019967,6717661,0.8240141259564483,0
2023-07-28 11:00:58,85.75,24307252,58,85.0,3019967,6717661,0.9417304296645052,0
2023-07-28 11:01:03,85.75,24328887,4,85.0,3029469,6722942,0.9417304296645052,0
2023-07-28 11:01:03,85.7,24328887,168,85.0,3029469,6722942,0.8828722778104767,0
2023-07-28 11:01:03,85.75,24328887,1,85.0,3029469,6722942,0.9417304296645052,0
2023-07-28 11:01:03,85.7,24328887,1,85.0,3029469,6722942,0.8828722778104767,0
2023-07-28 11:01:07,85.75,24331105,300,85.0,3059540,6723232,0.9417304296645052,0
2023-07-28 11:01:07,85.75,24331105,3,85.0,3059540,6723232,0.9417304296645052,0
2023-07-28 11:01:07,85.75,24331105,2,85.0,3059540,6723232,0.9417304296645052,0
2023-07-28 11:01:07,85.7,24331105,100,85.0,3059540,6723232,0.8828722778104767,0
2023-07-28 11:01:07,85.75,24331105,125,85.0,3059540,6723232,0.9417304296645052,0
2023-07-28 11:01:11,85.7,24333573,394,85.0,3107993,6718020,0.8828722778104767,0
2023-07-28 11:01:11,85.7,24333573,100,85.0,3107993,6718020,0.8828722778104767,0
2023-07-28 11:01:11,85.75,24333573,33,85.0,3107993,6718020,0.9417304296645052,0
2023-07-28 11:01:11,85.75,24333573,400,85.0,3107993,6718020,0.9417304296645052,0
2023-07-28 11:01:11,85.75,24333573,2,85.0,3107993,6718020,0.9417304296645052,0
2023-07-28 11:01:16,85.75,24346043,2,85.0,3116767,6716845,0.9417304296645052,0
2023-07-28 11:01:16,85.75,24346043,8,85.0,3116767,6716845,0.9417304296645052,0
2023-07-28 11:01:16,85.75,24346043,10,85.0,3116767,6716845,0.9417304296645052,0
2023-07-28 11:01:16,85.7,24346043,169,85.0,3116767,6716845,0.8828722778104767,0
2023-07-28 11:01:16,85.75,24346043,8,85.0,3116767,6716845,0.9417304296645052,0
2023-07-28 11:01:20,85.75,24348231,100,85.0,3123140,6716854,0.9417304296645052,0
2023-07-28 11:01:20,85.75,24348231,112,85.0,3123140,6716854,0.9417304296645052,0
2023-07-28 11:01:20,85.75,24348231,58,85.0,3123140,6716854,0.9417304296645052,0
2023-07-28 11:01:20,85.7,24348231,12,85.0,3123140,6716854,0.8828722778104767,0
2023-07-28 11:01:24,85.7,24354528,10,85.0,3111920,6731093,0.8828722778104767,0
2023-07-28 11:01:24,85.75,24354528,168,85.0,3111920,6731093,0.9417304296645052,0
2023-07-28 11:01:24,85.7,24354528,16,85.0,3111920,6731093,0.8828722778104767,0
2023-07-28 11:01:24,85.7,24354528,22,85.0,3111920,6731093,0.8828722778104767,0
2023-07-28 11:01:24,85.7,24354528,50,85.0,3111920,6731093,0.8828722778104767,0
2023-07-28 11:01:28,85.7,24355734,150,85.0,3123519,6741150,0.8828722778104767,0
2023-07-28 11:01:28,85.7,24355734,150,85.0,3123519,6741150,0.8828722778104767,0
2023-07-28 11:01:28,85.75,24355734,2,85.0,3123519,6741150,0.9417304296645052,0
2023-07-28 11:01:28,85.7,24355734,400,85.0,3123519,6741150,0.8828722778104767,0
2023-07-28 11:01:28,85.7,24355734,393,85.0,3123519,6741150,0.8828722778104767,0
2023-07-28 11:01:33,85.75,24358051,4,85.0,3132065,6786792,0.9417304296645052,0
2023-07-28 11:01:33,85.7,24358051,168,85.0,3132065,6786792,0.8828722778104767,0
2023-07-28 11:01:33,85.7,24358051,1,85.0,3132065,6786792,0.8828722778104767,0
2023-07-28 11:01:33,85.7,24358051,16,85.0,3132065,6786792,0.8828722778104767,0
2023-07-28 11:01:37,85.7,24361729,922,85.0,3128175,6815067,0.8828722778104767,0
2023-07-28 11:01:37,85.75,24361729,100,85.0,3128175,6815067,0.9417304296645052,0
2023-07-28 11:01:37,85.7,24361729,80,85.0,3128175,6815067,0.8828722778104767,0
2023-07-28 11:01:41,85.7,24366187,8,85.0,3129562,6814025,0.8828722778104767,0
2023-07-28 11:01:41,85.7,24366187,392,85.0,3129562,6814025,0.8828722778104767,0
2023-07-28 11:01:41,85.7,24366187,3,85.0,3129562,6814025,0.8828722778104767,0
2023-07-28 11:01:41,85.7,24366187,168,85.0,3129562,6814025,0.8828722778104767,0
2023-07-28 11:01:41,85.75,24366187,2,85.0,3129562,6814025,0.9417304296645052,0
2023-07-28 11:01:45,85.7,24367872,5,85.0,3128237,6815749,0.8828722778104767,0
2023-07-28 11:01:45,85.7,24367872,1000,85.0,3128237,6815749,0.8828722778104767,0
2023-07-28 11:01:45,85.75,24367872,880,85.0,3128237,6815749,0.9417304296645052,0
2023-07-28 11:01:45,85.75,24367872,2,85.0,3128237,6815749,0.9417304296645052,0
2023-07-28 11:01:49,85.7,24370385,250,85.0,3126726,6831121,0.8828722778104767,0
2023-07-28 11:01:49,85.7,24370385,250,85.0,3126726,6831121,0.8828722778104767,0
2023-07-28 11:01:49,85.7,24370385,500,85.0,3126726,6831121,0.8828722778104767,0
2023-07-28 11:01:49,85.7,24370385,394,85.0,3126726,6831121,0.8828722778104767,0
2023-07-28 11:01:49,85.7,24370385,1126,85.0,3126726,6831121,0.8828722778104767,0
2023-07-28 11:01:53,85.7,24374756,169,85.01,3118824,6831840,0.8828722778104767,0
2023-07-28 11:01:53,85.7,24374756,100,85.01,3118824,6831840,0.8828722778104767,0
2023-07-28 11:01:53,85.7,24374756,2,85.01,3118824,6831840,0.8828722778104767,0
2023-07-28 11:01:53,85.75,24374756,1,85.01,3118824,6831840,0.9417304296645052,0
2023-07-28 11:01:57,85.75,24375991,344,85.01,3119401,6842145,0.9417304296645052,0
2023-07-28 11:01:57,85.75,24375991,2,85.01,3119401,6842145,0.9417304296645052,0
2023-07-28 11:01:57,85.75,24375991,1000,85.01,3119401,6842145,0.9417304296645052,0
2023-07-28 11:01:57,85.75,24375991,5,85.01,3119401,6842145,0.9417304296645052,0
2023-07-28 11:02:01,85.7,24378977,392,85.01,3124752,6849378,0.8828722778104767,0
2023-07-28 11:02:01,85.75,24378977,2,85.01,3124752,6849378,0.9417304296645052,0
2023-07-28 11:02:01,85.7,24378977,168,85.01,3124752,6849378,0.8828722778104767,0
2023-07-28 11:02:01,85.75,24378977,1,85.01,3124752,6849378,0.9417304296645052,0
2023-07-28 11:02:01,85.75,24378977,2,85.01,3124752,6849378,0.9417304296645052,0
2023-07-28 11:02:06,85.7,24403200,1,85.01,3138357,6816935,0.8828722778104767,0
2023-07-28 11:02:06,85.75,24403200,14,85.01,3138357,6816935,0.9417304296645052,0
2023-07-28 11:02:06,85.75,24403200,50,85.01,3138357,6816935,0.9417304296645052,0
2023-07-28 11:02:06,85.7,24403200,170,85.01,3138357,6816935,0.8828722778104767,0
2023-07-28 11:02:06,85.7,24403200,1,85.01,3138357,6816935,0.8828722778104767,0
2023-07-28 11:02:10,85.7,24404956,15,85.01,3147555,6827313,0.8828722778104767,0
2023-07-28 11:02:10,85.7,24404956,15,85.01,3147555,6827313,0.8828722778104767,0
2023-07-28 11:02:10,85.7,24404956,393,85.01,3147555,6827313,0.8828722778104767,0
2023-07-28 11:02:10,85.75,24404956,1,85.01,3147555,6827313,0.9417304296645052,0
2023-07-28 11:02:10,85.7,24404956,168,85.01,3147555,6827313,0.8828722778104767,0
2023-07-28 11:02:15,85.7,24408803,5,85.01,3142920,6827726,0.8828722778104767,0
2023-07-28 11:02:15,85.75,24408803,600,85.01,3142920,6827726,0.9417304296645052,0
2023-07-28 11:02:15,85.75,24408803,50,85.01,3142920,6827726,0.9417304296645052,0
2023-07-28 11:02:15,85.7,24408803,2,85.01,3142920,6827726,0.8828722778104767,0
2023-07-28 11:02:20,85.7,24409741,4,85.01,3138872,6859006,0.8828722778104767,0
2023-07-28 11:02:20,85.75,24409741,62,85.01,3138872,6859006,0.9417304296645052,0
2023-07-28 11:02:20,85.7,24409741,392,85.01,3138872,6859006,0.8828722778104767,0
2023-07-28 11:02:20,85.7,24409741,200,85.01,3138872,6859006,0.8828722778104767,0
2023-07-28 11:02:20,85.7,24409741,10,85.01,3138872,6859006,0.8828722778104767,0
2023-07-28 11:02:24,85.75,24413264,1,85.01,3144298,6859251,0.9417304296645052,0
2023-07-28 11:02:24,85.75,24413264,5,85.01,3144298,6859251,0.9417304296645052,0
2023-07-28 11:02:24,85.75,24413264,70,85.01,3144298,6859251,0.9417304296645052,0
2023-07-28 11:02:24,85.75,24413264,6,85.01,3144298,6859251,0.9417304296645052,0
2023-07-28 11:02:24,85.7,24413264,1,85.01,3144298,6859251,0.8828722778104767,0
2023-07-28 11:02:29,85.7,24413705,17,85.01,3167938,6858027,0.8828722778104767,0
2023-07-28 11:02:29,85.75,24413705,5,85.01,3167938,6858027,0.9417304296645052,0
2023-07-28 11:02:29,85.75,24413705,375,85.01,3167938,6858027,0.9417304296645052,0
2023-07-28 11:02:29,85.7,24413705,394,85.01,3167938,6858027,0.8828722778104767,0
2023-07-28 11:02:29,85.7,24413705,282,85.01,3167938,6858027,0.8828722778104767,0
2023-07-28 11:02:33,85.7,24416759,168,85.01,3167488,6859293,0.8828722778104767,0
2023-07-28 11:02:33,85.75,24416759,100,85.01,3167488,6859293,0.9417304296645052,0
2023-07-28 11:02:33,85.75,24416759,2,85.01,3167488,6859293,0.9417304296645052,0
2023-07-28 11:02:37,85.7,24418796,170,85.01,3172557,6858651,0.8828722778104767,0
2023-07-28 11:02:37,85.75,24418796,392,85.01,3172557,6858651,0.9417304296645052,0
2023-07-28 11:02:37,85.75,24418796,5,85.01,3172557,6858651,0.9417304296645052,0
2023-07-28 11:02:42,85.8,24479030,22,85.01,3235189,6773123,1.0005885815185336,0
2023-07-28 11:02:42,85.85,24479030,168,85.01,3235189,6773123,1.0594467333725621,0
2023-07-28 11:02:42,85.85,24479030,1,85.01,3235189,6773123,1.0594467333725621,0
2023-07-28 11:02:42,85.85,24479030,16,85.01,3235189,6773123,1.0594467333725621,0
2023-07-28 11:02:42,85.85,24479030,5996,85.01,3235189,6773123,1.0594467333725621,0
2023-07-28 11:02:47,85.9,24525426,674,85.01,3212959,6834671,1.118304885226607,0
2023-07-28 11:02:47,85.8,24525426,169,85.01,3212959,6834671,1.0005885815185336,0
2023-07-28 11:02:47,85.8,24525426,2,85.01,3212959,6834671,1.0005885815185336,0
2023-07-28 11:02:47,85.9,24525426,8,85.01,3212959,6834671,1.118304885226607,0
2023-07-28 11:02:51,85.8,24533524,196,85.01,3215970,6826650,1.0005885815185336,0
2023-07-28 11:02:51,85.8,24533524,30,85.01,3215970,6826650,1.0005885815185336,0
2023-07-28 11:02:51,85.85,24533524,4,85.01,3215970,6826650,1.0594467333725621,0
2023-07-28 11:02:51,85.9,24533524,165,85.01,3215970,6826650,1.118304885226607,0
2023-07-28 11:02:55,85.8,24535395,16,85.01,3213416,6837965,1.0005885815185336,0
2023-07-28 11:02:55,85.8,24535395,20,85.01,3213416,6837965,1.0005885815185336,0
2023-07-28 11:02:55,85.9,24535395,9,85.01,3213416,6837965,1.118304885226607,0
2023-07-28 11:02:55,85.8,24535395,169,85.01,3213416,6837965,1.0005885815185336,0
2023-07-28 11:02:55,85.85,24535395,10,85.01,3213416,6837965,1.0594467333725621,0
2023-07-28 11:03:00,85.8,24536070,15,85.01,3215621,6850205,1.0005885815185336,0
2023-07-28 11:03:00,85.85,24536070,55,85.01,3215621,6850205,1.0594467333725621,0
2023-07-28 11:03:00,85.8,24536070,10,85.01,3215621,6850205,1.0005885815185336,0
2023-07-28 11:03:00,85.85,24536070,1000,85.01,3215621,6850205,1.0594467333725621,0
2023-07-28 11:03:00,85.8,24536070,168,85.01,3215621,6850205,1.0005885815185336,0
2023-07-28 11:03:04,85.8,24538256,250,85.01,3214650,6856332,1.0005885815185336,0
2023-07-28 11:03:04,85.85,24538256,284,85.01,3214650,6856332,1.0594467333725621,0
2023-07-28 11:03:04,85.8,24538256,16,85.01,3214650,6856332,1.0005885815185336,0
2023-07-28 11:03:04,85.9,24538256,1000,85.01,3214650,6856332,1.118304885226607,0
2023-07-28 11:03:04,85.85,24538256,500,85.01,3214650,6856332,1.0594467333725621,0
2023-07-28 11:03:04,85.85,24538256,170,85.01,3214650,6856332,1.0594467333725621,0
2023-07-28 11:03:08,85.85,24544132,170,85.01,3208655,6842282,1.0594467333725621,0
2023-07-28 11:03:08,85.85,24544132,1670,85.01,3208655,6842282,1.0594467333725621,0
2023-07-28 11:03:08,85.85,24544132,1,85.01,3208655,6842282,1.0594467333725621,0
2023-07-28 11:03:08,85.9,24544132,450,85.01,3208655,6842282,1.118304885226607,0
2023-07-28 11:03:08,85.9,24544132,2,85.01,3208655,6842282,1.118304885226607,0
2023-07-28 11:03:13,85.85,24556627,2,85.01,3194873,6835234,1.0594467333725621,0
2023-07-28 11:03:13,85.9,24556627,1624,85.01,3194873,6835234,1.118304885226607,0
2023-07-28 11:03:13,85.85,24556627,3,85.01,3194873,6835234,1.0594467333725621,0
2023-07-28 11:03:13,85.8,24556627,5,85.01,3194873,6835234,1.0005885815185336,0
2023-07-28 11:03:13,85.85,24556627,100,85.01,3194873,6835234,1.0594467333725621,0
2023-07-28 11:03:17,85.85,24560142,457,85.01,3182093,6842641,1.0594467333725621,0
2023-07-28 11:03:17,85.8,24560142,16,85.01,3182093,6842641,1.0005885815185336,0
2023-07-28 11:03:17,85.85,24560142,1,85.01,3182093,6842641,1.0594467333725621,0
2023-07-28 11:03:17,85.8,24560142,1,85.01,3182093,6842641,1.0005885815185336,0
2023-07-28 11:03:22,85.85,24563009,150,85.01,3187075,6849842,1.0594467333725621,0
2023-07-28 11:03:22,85.85,24563009,15,85.01,3187075,6849842,1.0594467333725621,0
2023-07-28 11:03:22,85.8,24563009,169,85.01,3187075,6849842,1.0005885815185336,0
2023-07-28 11:03:22,85.85,24563009,26,85.01,3187075,6849842,1.0594467333725621,0
2023-07-28 11:03:22,85.8,24563009,20,85.01,3187075,6849842,1.0005885815185336,0
2023-07-28 11:03:26,85.85,24564256,162,85.01,3196321,6855466,1.0594467333725621,0
2023-07-28 11:03:26,85.8,24564256,450,85.01,3196321,6855466,1.0005885815185336,0
2023-07-28 11:03:26,85.8,24564256,169,85.01,3196321,6855466,1.0005885815185336,0
2023-07-28 11:03:26,85.95,24564256,1708,85.01,3196321,6855466,1.1771630370806356,0
2023-07-28 11:03:30,85.95,24613597,23,85.01,3209655,6832724,1.1771630370806356,0
2023-07-28 11:03:30,86.0,24613597,171,85.01,3209655,6832724,1.2360211889346642,0
2023-07-28 11:03:30,86.0,24613597,5,85.01,3209655,6832724,1.2360211889346642,0
2023-07-28 11:03:30,86.05,24613597,624,85.01,3209655,6832724,1.2948793407886925,0
2023-07-28 11:03:35,85.95,24754638,1000,85.02,3223608,6729282,1.1771630370806356,0
2023-07-28 11:03:35,86.05,24754638,880,85.02,3223608,6729282,1.2948793407886925,0
2023-07-28 11:03:35,86.05,24754638,309,85.02,3223608,6729282,1.2948793407886925,0
2023-07-28 11:03:35,86.05,24754638,2,85.02,3223608,6729282,1.2948793407886925,0
2023-07-28 11:03:39,86.05,24839568,50,85.02,3246688,6691244,1.2948793407886925,0
2023-07-28 11:03:39,86.05,24839568,5,85.02,3246688,6691244,1.2948793407886925,0
2023-07-28 11:03:39,86.05,24839568,1236,85.02,3246688,6691244,1.2948793407886925,0
2023-07-28 11:03:39,86.1,24839568,500,85.02,3246688,6691244,1.353737492642721,0
2023-07-28 11:03:43,86.1,24867290,1,85.02,3224836,6683519,1.353737492642721,0
2023-07-28 11:03:43,86.1,24867290,1,85.02,3224836,6683519,1.353737492642721,0
2023-07-28 11:03:43,86.05,24867290,16,85.02,3224836,6683519,1.2948793407886925,0
2023-07-28 11:03:43,86.0,24867290,20,85.02,3224836,6683519,1.2360211889346642,0
2023-07-28 11:03:47,86.05,24900963,200,85.02,3265185,6697295,1.2948793407886925,0
2023-07-28 11:03:47,86.0,24900963,2,85.02,3265185,6697295,1.2360211889346642,0
2023-07-28 11:03:47,86.1,24900963,3149,85.02,3265185,6697295,1.353737492642721,0
2023-07-28 11:03:52,86.1,24957003,1,85.03,3239246,6690493,1.353737492642721,0
2023-07-28 11:03:52,86.05,24957003,1,85.03,3239246,6690493,1.2948793407886925,0
2023-07-28 11:03:52,86.05,24957003,169,85.03,3239246,6690493,1.2948793407886925,0
2023-07-28 11:03:52,86.05,24957003,2,85.03,3239246,6690493,1.2948793407886925,0
2023-07-28 11:03:55,86.05,24961761,20,85.03,3253916,6709533,1.2948793407886925,0
2023-07-28 11:03:55,86.1,24961761,2,85.03,3253916,6709533,1.353737492642721,0
2023-07-28 11:03:55,86.05,24961761,397,85.03,3253916,6709533,1.2948793407886925,0
2023-07-28 11:03:55,86.1,24961761,1001,85.03,3253916,6709533,1.353737492642721,0
2023-07-28 11:03:55,86.25,24961761,200,85.03,3253916,6709533,1.530311948204823,0
2023-07-28 11:04:00,86.2,25217745,4,85.04,3324543,6461855,1.4714537963507945,0
2023-07-28 11:04:00,86.2,25217745,250,85.04,3324543,6461855,1.4714537963507945,0
2023-07-28 11:04:00,86.3,25217745,3790,85.04,3324543,6461855,1.5891701000588514,0
2023-07-28 11:04:00,86.3,25217745,2049,85.04,3324543,6461855,1.5891701000588514,0
2023-07-28 11:04:04,86.3,25351388,5500,85.05,3327597,6455780,1.5891701000588514,0
2023-07-28 11:04:04,86.25,25351388,5,85.05,3327597,6455780,1.530311948204823,0
2023-07-28 11:04:04,86.3,25351388,5000,85.05,3327597,6455780,1.5891701000588514,0
2023-07-28 11:04:06,86.3,25409851,10,85.05,3305363,6468463,1.5891701000588514,0
2023-07-28 11:04:06,86.2,25409851,5,85.05,3305363,6468463,1.4714537963507945,0
2023-07-28 11:04:07,86.2,25418533,1700,85.05,3279150,6495105,1.4714537963507945,0
2023-07-28 11:04:08,86.25,25418545,3,85.05,3273744,6495436,1.530311948204823,0
2023-07-28 11:04:09,86.15,25429081,100,85.05,3237269,6500359,1.412595644496766,0
2023-07-28 11:04:09,86.15,25429430,237,85.05,3244912,6502703,1.412595644496766,0
2023-07-28 11:04:11,86.2,25431635,3,85.05,3239155,6520512,1.4714537963507945,0
2023-07-28 11:04:12,86.15,25441975,393,85.05,3240362,6512248,1.412595644496766,0
2023-07-28 11:04:12,86.25,25441975,115,85.05,3240362,6512248,1.530311948204823,0
2023-07-28 11:04:13,86.25,25460377,2,85.05,3248138,6512680,1.530311948204823,0
2023-07-28 11:04:14,86.15,25483448,50,85.05,3215687,6528706,1.412595644496766,0
2023-07-28 11:04:14,86.2,25483448,19,85.05,3215687,6528706,1.4714537963507945,0
2023-07-28 11:04:15,86.15,25484169,50,85.05,3215625,6527195,1.412595644496766,0
2023-07-28 11:04:15,86.15,25504405,16,85.05,3226333,6524214,1.412595644496766,0
2023-07-28 11:04:16,86.2,25504712,1,85.05,3222836,6532448,1.4714537963507945,0
2023-07-28 11:04:17,86.15,25504856,1,85.05,3220895,6560951,1.412595644496766,0
2023-07-28 11:04:18,86.15,25505098,169,85.05,3215566,6563117,1.412595644496766,0
2023-07-28 11:04:20,86.15,25505209,2,85.05,3214392,6565391,1.412595644496766,0
2023-07-28 11:04:21,86.15,25555916,500,85.05,3168507,6598772,1.412595644496766,0
2023-07-28 11:04:21,86.1,25555916,2500,85.05,3168507,6598772,1.353737492642721,0
2023-07-28 11:04:23,86.05,25608990,50,85.06,3110355,6614439,1.2948793407886925,0
2023-07-28 11:04:23,86.05,25608990,169,85.06,3110355,6614439,1.2948793407886925,0
2023-07-28 11:04:23,86.05,25609174,169,85.06,3117031,6593398,1.2948793407886925,0
2023-07-28 11:04:24,86.1,25613174,1005,85.06,3122776,6610080,1.353737492642721,0
2023-07-28 11:04:25,86.05,25613275,16,85.06,3122677,6613127,1.2948793407886925,0
2023-07-28 11:04:26,86.1,25614298,1000,85.06,3123301,6613485,1.353737492642721,0
2023-07-28 11:04:28,86.05,25616088,43,85.06,3123375,6607740,1.2948793407886925,0
2023-07-28 11:04:28,86.05,25616877,169,85.06,3124715,6627507,1.2948793407886925,0
2023-07-28 11:04:30,86.05,25625949,22,85.06,3126783,6629030,1.2948793407886925,0
2023-07-28 11:04:31,86.1,25632379,1130,85.06,3133757,6625570,1.353737492642721,0
2023-07-28 11:04:31,86.05,25632864,314,85.06,3123499,6666015,1.2948793407886925,0
2023-07-28 11:04:32,86.1,25660101,15,85.06,3132061,6662026,1.353737492642721,0
2023-07-28 11:04:33,86.05,25660290,168,85.06,3138830,6663646,1.2948793407886925,0
2023-07-28 11:04:34,86.1,25660604,3,85.06,3136834,6694135,1.353737492642721,0
2023-07-28 11:04:35,86.1,25661580,640,85.06,3129435,6698458,1.353737492642721,0
2023-07-28 11:04:37,86.05,25662903,87,85.06,3129644,6693887,1.2948793407886925,0
2023-07-28 11:04:37,86.05,25662903,87,85.06,3128273,6692328,1.2948793407886925,0
2023-07-28 11:04:38,86.1,25664110,324,85.06,3128095,6692762,1.353737492642721,0
2023-07-28 11:04:40,86.1,25664265,7,85.06,3129270,6691880,1.353737492642721,0
2023-07-28 11:04:40,86.05,25664408,14,85.06,3126412,6685537,1.2948793407886925,0
2023-07-28 11:04:42,86.05,25665261,50,85.06,3126410,6686682,1.2948793407886925,0
2023-07-28 11:04:42,86.1,25665261,226,85.06,3126410,6686682,1.353737492642721,0
2023-07-28 11:04:43,86.1,25684444,3456,85.06,3140665,6698217,1.353737492642721,0
2023-07-28 11:04:43,86.05,25684444,4,85.06,3140735,6699543,1.2948793407886925,0
2023-07-28 11:04:45,86.05,25684749,16,85.06,3131679,6708087,1.2948793407886925,0
2023-07-28 11:04:46,86.1,25684779,5,85.06,3137593,6710016,1.353737492642721,0
2023-07-28 11:04:47,86.1,25685979,868,85.06,3148005,6699135,1.353737492642721,0
2023-07-28 11:04:49,86.05,25701438,500,85.06,3122394,6718500,1.2948793407886925,0
2023-07-28 11:04:49,86.1,25705226,4,85.06,3123080,6719069,1.353737492642721,0
2023-07-28 11:04:49,86.05,25705226,25,85.06,3123080,6719069,1.2948793407886925,0
2023-07-28 11:04:51,86.05,25705569,25,85.06,3124322,6723044,1.2948793407886925,0
2023-07-28 11:04:52,86.1,25706788,1,85.06,3130685,6716721,1.353737492642721,0
2023-07-28 11:04:52,86.1,25708004,529,85.06,3128522,6717290,1.353737492642721,0
2023-07-28 11:04:53,86.05,25712675,169,85.06,3134660,6714598,1.2948793407886925,0
2023-07-28 11:04:55,86.05,25712832,200,85.06,3131959,6722036,1.2948793407886925,0
2023-07-28 11:04:55,86.05,25713734,500,85.06,3130912,6722027,1.2948793407886925,0
2023-07-28 11:04:56,86.1,25715436,1000,85.06,3137671,6716834,1.353737492642721,0
2023-07-28 11:04:57,86.1,25724737,1000,85.06,3133494,6717448,1.353737492642721,0
2023-07-28 11:04:58,86.0,25845419,1589,85.07,3074368,6789596,1.2360211889346642,0
2023-07-28 11:04:58,86.05,25845419,120,85.07,3074368,6789596,1.2948793407886925,0
2023-07-28 11:05:00,86.0,25894039,4,85.07,3105208,6802949,1.2360211889346642,0
2023-07-28 11:05:01,86.1,25907800,50,85.07,3127110,6775301,1.353737492642721,0
2023-07-28 11:05:01,86.05,25907800,620,85.07,3127110,6775301,1.2948793407886925,0
2023-07-28 11:05:02,86.1,25908598,1,85.07,3128910,6783190,1.353737492642721,0
2023-07-28 11:05:03,86.05,25908799,100,85.07,3142714,6764528,1.2948793407886925,0
2023-07-28 11:05:03,86.05,25908799,168,85.07,3142714,6764528,1.2948793407886925,0
2023-07-28 11:05:04,86.05,25911018,429,85.07,3145569,6769415,1.2948793407886925,0
2023-07-28 11:05:04,86.05,25911018,1,85.07,3145569,6769415,1.2948793407886925,0
2023-07-28 11:05:05,86.05,25911458,16,85.07,3144257,6776511,1.2948793407886925,0
2023-07-28 11:05:06,86.1,25911681,20,85.07,3124270,6778987,1.353737492642721,0
2023-07-28 11:05:06,86.05,25911681,50,85.07,3124270,6778987,1.2948793407886925,0
2023-07-28 11:05:06,86.05,25911936,50,85.07,3125025,6770738,1.2948793407886925,0
2023-07-28 11:05:08,86.05,25913936,5,85.07,3118693,6781701,1.2948793407886925,0
2023-07-28 11:05:09,86.1,25934417,9,85.07,3132978,6746868,1.353737492642721,0
2023-07-28 11:05:10,86.05,25934571,15,85.07,3132822,6756356,1.2948793407886925,0
2023-07-28 11:05:10,86.05,25934571,15,85.07,3132826,6766356,1.2948793407886925,0
2023-07-28 11:05:12,86.05,25935161,50,85.07,3133441,6766729,1.2948793407886925,0
2023-07-28 11:05:12,86.05,25936378,37,85.07,3134335,6768098,1.2948793407886925,0
2023-07-28 11:05:13,86.05,25937546,168,85.07,3128646,6780508,1.2948793407886925,0
2023-07-28 11:05:13,86.05,25937546,168,85.07,3099495,6782272,1.2948793407886925,0
2023-07-28 11:05:13,86.05,25937546,5,85.07,3099495,6782272,1.2948793407886925,0
2023-07-28 11:05:16,86.05,25937764,100,85.07,3131529,6783950,1.2948793407886925,0
2023-07-28 11:05:16,86.05,25937764,3,85.07,3131529,6783950,1.2948793407886925,0
2023-07-28 11:05:17,86.05,25938179,1,85.07,3130988,6790772,1.2948793407886925,0
2023-07-28 11:05:18,86.1,25938454,70,85.07,3129781,6792009,1.353737492642721,0
2023-07-28 11:05:19,86.05,25938916,10,85.07,3130386,6791594,1.2948793407886925,0
2023-07-28 11:05:20,86.05,25939419,15,85.07,3116702,6780540,1.2948793407886925,0
2023-07-28 11:05:22,86.05,25942982,1,85.07,3124246,6770541,1.2948793407886925,0
2023-07-28 11:05:23,86.05,25944390,11,85.07,3123146,6772646,1.2948793407886925,0
2023-07-28 11:05:23,86.05,25944390,28,85.07,3123146,6772646,1.2948793407886925,0
2023-07-28 11:05:24,86.05,25947137,28,85.07,3125261,6777597,1.2948793407886925,0
2023-07-28 11:05:24,86.05,25952436,1741,85.07,3107344,6786467,1.2948793407886925,0
2023-07-28 11:05:26,86.1,25952609,1,85.07,3105887,6789072,1.353737492642721,0
2023-07-28 11:05:26,86.1,25952609,5,85.07,3105887,6789072,1.353737492642721,0
2023-07-28 11:05:27,86.05,25952645,15,85.07,3105820,6789513,1.2948793407886925,0
2023-07-28 11:05:28,86.05,25962631,7787,85.07,3132376,6787651,1.2948793407886925,0
2023-07-28 11:05:28,86.05,25962631,304,85.07,3132376,6787651,1.2948793407886925,0
2023-07-28 11:05:29,86.1,25963500,200,85.07,3134351,6788627,1.353737492642721,0
2023-07-28 11:05:29,86.1,25963500,200,85.07,3134351,6788867,1.353737492642721,0
2023-07-28 11:05:29,86.05,25963500,150,85.07,3134351,6788867,1.2948793407886925,0
2023-07-28 11:05:31,86.05,25965596,298,85.07,3137145,6798756,1.2948793407886925,0
2023-07-28 11:05:33,86.05,25966020,100,85.07,3136998,6800979,1.2948793407886925,0
2023-07-28 11:05:33,86.05,25966020,168,85.07,3136998,6800979,1.2948793407886925,0
2023-07-28 11:05:35,86.05,25966399,50,85.07,3133510,6802171,1.2948793407886925,0
2023-07-28 11:05:35,86.05,25966399,260,85.07,3133510,6802171,1.2948793407886925,0
2023-07-28 11:05:36,86.05,25966680,260,85.07,3131318,6815098,1.2948793407886925,0
2023-07-28 11:05:37,86.1,25968236,23,85.07,3126767,6819160,1.353737492642721,0
2023-07-28 11:05:38,86.1,25968238,10,85.07,3132234,6822231,1.353737492642721,0
2023-07-28 11:05:39,86.1,25968422,10,85.07,3132602,6823732,1.353737492642721,0
2023-07-28 11:05:40,86.05,25968611,15,85.07,3133034,6821831,1.2948793407886925,0
2023-07-28 11:05:40,86.05,25968611,254,85.07,3133034,6821831,1.2948793407886925,0
2023-07-28 11:05:41,86.05,25970986,80,85.07,3143113,6816304,1.2948793407886925,0
2023-07-28 11:05:42,86.05,25971468,10,85.07,3133722,6823556,1.2948793407886925,0
2023-07-28 11:05:43,86.1,25973493,3,85.07,3134489,6826227,1.353737492642721,0
2023-07-28 11:05:43,86.05,25973493,16,85.07,3134489,6826227,1.2948793407886925,0
2023-07-28 11:05:44,86.1,25973671,8,85.07,3134886,6827582,1.353737492642721,0
2023-07-28 11:05:45,86.1,25974409,12,85.07,3134790,6827089,1.353737492642721,0
2023-07-28 11:05:45,86.05,25974409,5,85.07,3134790,6827089,1.2948793407886925,0
2023-07-28 11:05:45,86.05,25974430,5,85.07,3134673,6833605,1.2948793407886925,0
2023-07-28 11:05:45,86.05,25974430,5,85.07,3134674,6833855,1.2948793407886925,0
2023-07-28 11:05:45,86.05,25974430,87,85.07,3134674,6833855,1.2948793407886925,0
2023-07-28 11:05:47,86.05,25974660,87,85.07,3134654,6835257,1.2948793407886925,0
2023-07-28 11:05:48,86.05,25994161,169,85.07,3152033,6814715,1.2948793407886925,0
2023-07-28 11:05:49,86.1,26006768,10,85.07,3154478,6810614,1.353737492642721,0
2023-07-28 11:05:51,86.2,26058473,5,85.07,3159209,6746871,1.4714537963507945,0
2023-07-28 11:05:51,86.15,26058473,1,85.07,3159209,6746871,1.412595644496766,0
2023-07-28 11:05:53,86.25,26068913,6,85.07,3148035,6770192,1.530311948204823,0
2023-07-28 11:05:54,86.15,26071133,461,85.07,3134605,6779631,1.412595644496766,0
2023-07-28 11:05:55,86.15,26072223,5,85.07,3132555,6782397,1.412595644496766,0
2023-07-28 11:05:56,86.15,26083008,200,85.07,3141368,6775065,1.412595644496766,0
2023-07-28 11:05:56,86.15,26083008,70,85.07,3141368,6775065,1.412595644496766,0
2023-07-28 11:05:57,86.15,26084078,70,85.07,3137841,6775902,1.412595644496766,0
2023-07-28 11:05:57,86.15,26094835,250,85.08,3137969,6764574,1.412595644496766,0
2023-07-28 11:05:59,86.15,26095210,50,85.08,3136277,6765373,1.412595644496766,0
2023-07-28 11:05:59,86.15,26095210,50,85.08,3136277,6765373,1.412595644496766,0
2023-07-28 11:06:00,86.15,26096781,4,85.08,3123714,6769647,1.412595644496766,0
2023-07-28 11:06:00,86.15,26099047,251,85.08,3122998,6773669,1.412595644496766,0
2023-07-28 11:06:01,86.2,26099749,1,85.08,3135054,6780081,1.4714537963507945,0
2023-07-28 11:06:01,86.1,26099749,99,85.08,3135054,6780081,1.353737492642721,0
2023-07-28 11:06:03,86.1,26101747,5,85.08,3130444,6795151,1.353737492642721,0
2023-07-28 11:06:03,86.15,26101747,694,85.08,3130444,6795151,1.412595644496766,0
2023-07-28 11:06:04,86.15,26118637,10,85.08,3154805,6783537,1.412595644496766,0
2023-07-28 11:06:04,86.15,26118637,10,85.08,3154805,6783537,1.412595644496766,0
2023-07-28 11:06:05,86.15,26118742,16,85.08,3155586,6786127,1.412595644496766,0
2023-07-28 11:06:06,86.15,26118755,3,85.08,3159001,6783612,1.412595644496766,0
2023-07-28 11:06:06,86.15,26118955,200,85.08,3163574,6783200,1.412595644496766,0
2023-07-28 11:06:07,86.2,26120327,22,85.08,3167406,6784706,1.4714537963507945,0
2023-07-28 11:06:07,86.15,26120327,22,85.08,3167406,6784706,1.412595644496766,0
2023-07-28 11:06:09,86.15,26125405,19,85.08,3146218,6746354,1.412595644496766,0
2023-07-28 11:06:10,86.1,26129201,4,85.08,3127547,6770519,1.353737492642721,0
2023-07-28 11:06:11,86.15,26129719,500,85.08,3122498,6774602,1.412595644496766,0
2023-07-28 11:06:11,86.1,26129719,393,85.08,3122498,6774602,1.353737492642721,0
2023-07-28 11:06:12,86.1,26130866,2,85.08,3125276,6775118,1.353737492642721,0
2023-07-28 11:06:12,86.15,26130866,75,85.08,3125276,6775118,1.412595644496766,0
2023-07-28 11:06:13,86.15,26131129,33,85.08,3127324,6775689,1.412595644496766,0
2023-07-28 11:06:13,86.1,26131129,168,85.08,3127324,6775689,1.353737492642721,0
2023-07-28 11:06:13,86.1,26131129,334,85.08,3127324,6775689,1.353737492642721,0
2023-07-28 11:06:15,86.1,26133803,15,85.08,3125785,6782026,1.353737492642721,0
2023-07-28 11:06:16,86.15,26134106,64,85.08,3126143,6788894,1.412595644496766,0
2023-07-28 11:06:18,86.1,26145316,765,85.08,3123552,6805132,1.353737492642721,0
2023-07-28 11:06:18,86.1,26145316,38,85.08,3123552,6805132,1.353737492642721,0
2023-07-28 11:06:18,86.1,26145316,400,85.08,3123552,6805132,1.353737492642721,0
2023-07-28 11:06:20,86.05,26151302,15,85.08,3121290,6818373,1.2948793407886925,0
2023-07-28 11:06:21,86.1,26151337,10,85.08,3121368,6821563,1.353737492642721,0
2023-07-28 11:06:21,86.05,26151337,967,85.08,3121368,6821563,1.2948793407886925,0
2023-07-28 11:06:22,86.05,26154216,967,85.08,3117060,6823682,1.2948793407886925,0
2023-07-28 11:06:22,86.1,26154216,895,85.08,3117060,6823682,1.353737492642721,0
2023-07-28 11:06:22,86.05,26154216,169,85.08,3117060,6823682,1.2948793407886925,0
2023-07-28 11:06:23,86.05,26155884,169,85.08,3116178,6823669,1.2948793407886925,0
2023-07-28 11:06:25,86.05,26156090,16,85.08,3116036,6824007,1.2948793407886925,0
2023-07-28 11:06:26,86.05,26156294,3,85.08,3116546,6824557,1.2948793407886925,0
2023-07-28 11:06:26,86.1,26156294,12,85.08,3116546,6824557,1.353737492642721,0
2023-07-28 11:06:27,86.05,26159384,23,85.08,3133365,6818191,1.2948793407886925,0
2023-07-28 11:06:27,86.1,26159384,300,85.08,3133365,6818191,1.353737492642721,0
2023-07-28 11:06:28,86.05,26160819,250,85.08,3122101,6822069,1.2948793407886925,0
2023-07-28 11:06:28,86.1,26160819,47,85.08,3122101,6822069,1.353737492642721,0
2023-07-28 11:06:29,86.1,26161399,7,85.08,3138336,6818381,1.353737492642721,0
2023-07-28 11:06:30,86.05,26161515,4,85.08,3129747,6825872,1.2948793407886925,0
2023-07-28 11:06:30,86.1,26161515,75,85.08,3129747,6825872,1.353737492642721,0
2023-07-28 11:06:31,86.1,26161605,75,85.08,3131974,6824470,1.353737492642721,0
2023-07-28 11:06:32,86.05,26162313,140,85.08,3135243,6827806,1.2948793407886925,0
2023-07-28 11:06:33,86.05,26164313,1060,85.08,3132936,6837009,1.2948793407886925,0
2023-07-28 11:06:33,86.1,26164313,34,85.08,3132936,6837009,1.353737492642721,0
2023-07-28 11:06:34,86.1,26167820,11,85.08,3137340,6837505,1.353737492642721,0
2023-07-28 11:06:34,86.1,26167820,23,85.08,3137340,6837505,1.353737492642721,0
2023-07-28 11:06:35,86.05,26167962,40,85.08,3137214,6836334,1.2948793407886925,0
2023-07-28 11:06:36,86.1,26168125,1,85.08,3136451,6837301,1.353737492642721,0
2023-07-28 11:06:37,86.05,26170379,17,85.08,3126128,6847525,1.2948793407886925,0
2023-07-28 11:06:37,86.05,26170379,387,85.08,3126128,6847525,1.2948793407886925,0
2023-07-28 11:06:38,86.05,26171749,170,85.08,3140356,6843364,1.2948793407886925,0
2023-07-28 11:06:39,86.05,26171755,1,85.08,3152808,6841377,1.2948793407886925,0
2023-07-28 11:06:40,86.05,26171851,2,85.08,3143815,6852976,1.2948793407886925,0
2023-07-28 11:06:40,86.05,26171851,2,85.08,3143815,6852976,1.2948793407886925,0
2023-07-28 11:06:40,86.05,26171851,2044,85.08,3143815,6852976,1.2948793407886925,0
2023-07-28 11:06:42,86.1,26204454,2,85.08,3148089,6852054,1.353737492642721,0
2023-07-28 11:06:42,86.1,26204454,1814,85.08,3148089,6852054,1.353737492642721,0
2023-07-28 11:06:42,86.1,26209466,1814,85.08,3152820,6850613,1.353737492642721,0
2023-07-28 11:06:43,86.1,26210335,13,85.08,3151680,6863146,1.353737492642721,0
2023-07-28 11:06:43,86.1,26210335,200,85.08,3151680,6863146,1.353737492642721,0
2023-07-28 11:06:45,86.05,26213121,4,85.08,3150975,6864052,1.2948793407886925,0
2023-07-28 11:06:45,86.05,26213121,4,85.08,3150975,6864052,1.2948793407886925,0
2023-07-28 11:06:46,86.1,26213749,100,85.08,3147799,6867116,1.353737492642721,0
2023-07-28 11:06:46,86.05,26213764,15,85.08,3149184,6867751,1.2948793407886925,0
2023-07-28 11:06:48,86.1,26218998,3,85.08,3145010,6868511,1.353737492642721,0
2023-07-28 11:06:48,86.05,26218998,169,85.08,3145010,6868511,1.2948793407886925,0
2023-07-28 11:06:48,86.05,26219167,169,85.08,3144888,6870611,1.2948793407886925,0
2023-07-28 11:06:48,86.1,26219167,20,85.08,3144888,6870611,1.353737492642721,0
2023-07-28 11:06:50,86.05,26219384,300,85.08,3144745,6870713,1.2948793407886925,0
2023-07-28 11:06:51,86.1,26219962,1,85.08,3139403,6902767,1.353737492642721,0
2023-07-28 11:06:51,86.1,26219962,1000,85.08,3139403,6902767,1.353737492642721,0
2023-07-28 11:06:52,86.1,26222482,1,85.08,3142369,6903568,1.353737492642721,0
2023-07-28 11:06:52,86.05,26222482,320,85.08,3142369,6903568,1.2948793407886925,0
2023-07-28 11:06:53,86.1,26222803,150,85.08,3142067,6905768,1.353737492642721,0
2023-07-28 11:06:54,86.1,26223756,5,85.08,3142666,6906295,1.353737492642721,0
2023-07-28 11:06:55,86.1,26224841,600,85.08,3141820,6903077,1.353737492642721,0
2023-07-28 11:06:55,86.05,26224878,20,85.08,3142561,6904091,1.2948793407886925,0
2023-07-28 11:06:55,86.1,26224878,2,85.08,3142804,6901725,1.353737492642721,0
2023-07-28 11:06:55,86.1,26224878,118,85.08,3142804,6901725,1.353737492642721,0
2023-07-28 11:06:58,86.05,26236071,169,85.08,3156184,6890877,1.2948793407886925,0
2023-07-28 11:06:59,86.1,26236644,7,85.08,3156214,6892225,1.353737492642721,0
2023-07-28 11:07:00,86.05,26236788,15,85.08,3156072,6891905,1.2948793407886925,0
2023-07-28 11:07:00,86.05,26236788,63,85.08,3156072,6891905,1.2948793407886925,0
2023-07-28 11:07:02,86.05,26250950,1000,85.08,3153871,6897770,1.2948793407886925,0
2023-07-28 11:07:03,86.1,26250990,2,85.08,3153994,6899729,1.353737492642721,0
2023-07-28 11:07:03,86.1,26250990,100,85.08,3153994,6899729,1.353737492642721,0
2023-07-28 11:07:04,86.1,26251559,20,85.08,3152822,6910101,1.353737492642721,0
2023-07-28 11:07:05,86.05,26251858,1,85.08,3152722,6911616,1.2948793407886925,0
2023-07-28 11:07:06,86.1,26253960,1000,85.08,3133122,6911115,1.353737492642721,0
2023-07-28 11:07:07,86.05,26255078,1100,85.08,3155166,6911036,1.2948793407886925,0
2023-07-28 11:07:08,86.1,26255528,400,85.08,3153130,6911967,1.353737492642721,0
2023-07-28 11:07:09,86.1,26256523,100,85.08,3147973,6919851,1.353737492642721,0
2023-07-28 11:07:09,86.1,26256523,20,85.08,3147973,6919851,1.353737492642721,0
2023-07-28 11:07:10,86.05,26256897,89,85.08,3149753,6920023,1.2948793407886925,0
2023-07-28 11:07:11,86.1,26258228,25,85.08,3148663,6923292,1.353737492642721,0
2023-07-28 11:07:12,86.1,26260280,3,85.08,3148912,6926749,1.353737492642721,0
2023-07-28 11:07:12,86.05,26260280,250,85.08,3148912,6926749,1.2948793407886925,0
2023-07-28 11:07:13,86.05,26281271,578,85.08,3143366,6931327,1.2948793407886925,0
2023-07-28 11:07:13,86.1,26281271,500,85.08,3143366,6931327,1.353737492642721,0
2023-07-28 11:07:14,86.05,26283458,10,85.08,3144745,6933274,1.2948793407886925,0
2023-07-28 11:07:15,86.05,26283563,16,85.08,3144725,6935638,1.2948793407886925,0
2023-07-28 11:07:15,86.1,26283563,5000,85.08,3144725,6935638,1.353737492642721,0
2023-07-28 11:07:16,86.05,26289624,1,85.08,3146710,6932702,1.2948793407886925,0
2023-07-28 11:07:16,86.05,26289624,1,85.08,3148353,6933162,1.2948793407886925,0
2023-07-28 11:07:17,86.1,26289626,1,85.08,3150215,6933763,1.353737492642721,0
2023-07-28 11:07:18,86.05,26290100,169,85.08,3177398,6931439,1.2948793407886925,0
2023-07-28 11:07:20,86.1,26290111,1,85.08,3178068,6934945,1.353737492642721,0
2023-07-28 11:07:20,86.05,26290111,15,85.08,3178068,6934945,1.2948793407886925,0
2023-07-28 11:07:21,86.05,26290429,15,85.08,3177176,6939388,1.2948793407886925,0
2023-07-28 11:07:22,86.05,26292188,604,85.08,3178200,6939130,1.2948793407886925,0
2023-07-28 11:07:23,86.1,26299534,4,85.08,3176991,6942416,1.353737492642721,0
2023-07-28 11:07:23,86.1,26299534,385,85.08,3176991,6942416,1.353737492642721,0
2023-07-28 11:07:24,86.1,26300268,20,85.08,3176682,6944696,1.353737492642721,0
2023-07-28 11:07:25,86.05,26303862,4,85.08,3177303,6940925,1.2948793407886925,0
2023-07-28 11:07:26,86.1,26306280,2,85.08,3177447,6940659,1.353737492642721,0
2023-07-28 11:07:26,86.1,26306280,16,85.08,3177447,6940659,1.353737492642721,0
2023-07-28 11:07:26,86.1,26310796,16,85.08,3177202,6931109,1.353737492642721,0
2023-07-28 11:07:26,86.05,26310796,50,85.08,3177202,6931109,1.2948793407886925,0
2023-07-28 11:07:28,86.1,26310868,2,85.08,3177085,6931154,1.353737492642721,0
2023-07-28 11:07:28,86.1,26310868,300,85.08,3177085,6931154,1.353737492642721,0
2023-07-28 11:07:28,86.1,26317337,300,85.08,3173644,6933609,1.353737492642721,0
2023-07-28 11:07:28,86.05,26317337,100,85.08,3173644,6933609,1.2948793407886925,0
2023-07-28 11:07:30,86.1,26322916,3000,85.08,3151543,6935231,1.353737492642721,0
2023-07-28 11:07:31,86.05,26330966,50,85.08,3119640,6983498,1.2948793407886925,0
2023-07-28 11:07:32,86.0,26334657,43,85.08,3127780,6983719,1.2360211889346642,0
